3988 6406
2161 330 2199 358 κ

187 390 330 482 -ἱττ
512 395 517 403 ’
787 451 792 454 -
936 417 1306 477 exrosnm
1340 417 1406 475 IN
1444 417 1828 475 EPISTOLAS

1944 420 2094 478 .uu.
2133 453 2204 463 —
2240 421 2310 478 IN
2349 422 2568 479 EPIST.
2610 424 2701 479 AD
2742 424 2876 481 'rrr.
3402 427 3506 484 trs

211 554 339 594 ⁸⁸³⁸
389 537 501 591 ⁸ίηε
543 534 784 601 crimine,
809 543 864 589 θι
905 543 1052 601 πω,
1093 545 1148 590 ει
1169 535 1502 604 suspicione,
1533 535 1669 588 sicut
1711 534 1829 587 dis-
1857 543 1904 598 Α
1933 536 2076 591 bula:
2105 546 2254 605 sunt,
2318 553 2421 593 nec
2455 540 2532 594 rei
2569 541 2852 596 veritatem
2894 541 3113 596 habent.
3144 540 3265 597 Non
3309 543 3508 601 debent

217 638 560 702 pensatorem
605 625 726 691 Dei,
759 624 816 680 id
844 633 948 692 εει,
973 625 1114 680 sicut
1141 641 1269 680 eum
1291 625 1386 695 qui
1427 624 1606 688 Doum
1638 625 1821 694 ipsum

185 785 198 794 ο
221 721 516 791 dispensat
537 717 624 774 his
645 717 850 788 quibus
869 716 1148 786 praedicat.
1166 713 1394 788 Oportet
1419 715 1586 771 etiam
1609 715 1825 785 episco-

221 805 365 886 pum
393 829 497 866 non
520 825 644 866 esse
663 808 964 880 superbum,
987 809 1042 863 id
1066 817 1170 875 est,
1196 823 1306 862 non
1328 807 1634 877 cupientem
1651 821 1711 862 se
1732 821 1826 861 su-

230 921 542 978 perponere
595 903 740 960 aliis.
793 901 919 957 Non
960 902 1302 968 iracundum,
1347 900 1443 956 sed
1486 899 1626 964 bene
1674 891 1827 969 regat

227 1001 506 1055 animum.
553 995 680 1051 Non
716 994 1070 1062 vinolentum,
1113 994 1168 1049 id
1205 1001 1293 1050 est
1323 1008 1436 1048 non
1479 991 1655 1046 multo
1694 991 1826 1045 vino

227 1084 503 1150 deditum.
543 1089 667 1146 Non
690 1104 1070 1160 percussorem,
1103 1087 1158 1143 id
1182 1097 1269 1142 est
1310 1084 1407 1156 qui
1445 1083 1827 1155 corporalibus

230 1186 409 1244 armis
432 1199 544 1240 non
572 1182 869 1254 percutiat;
902 1180 1064 1236 habet
1084 1179 1233 1235 enim
1258 1193 1413 1235 arma
1443 1176 1622 1233 sancti
1648 1173 1825 1246 Spiri-

233 1287 330 1335 tus
355 1297 368 1333 :
395 1276 482 1332 vel
502 1291 612 1331 non
643 1273 1038 1346 percutientem
1061 1270 1429 1327 conscientias
1462 1268 1778 1324 auditorum
1809 1283 1824 1333 ;

203 1386 309 1430 ,ne
339 1369 448 1425 tale
471 1367 604 1438 quid
647 1365 907 1438 praedicet
949 1365 1093 1420 unde
1133 1349 1309 1436 prava
1349 1361 1537 1433 opinio
1593 1360 1824 1416 oriatur.

237 1461 370 1517 Non
406 1460 658 1531 cupidum
693 1459 862 1528 turpis
894 1457 1052 1524 lucri,
1096 1456 1149 1510 id
1186 1463 1409 1512 estnon
1449 1452 1682 1524 negotiis
1721 1466 1828 1507 sat.-

207 1554 528 1611 -cularibus
561 1551 886 1622 implicitum
921 1549 1049 1605 :sed
1077 1547 1413 1619 hospitalem,
1445 1546 1540 1617 qui
1561 1557 1829 1616 pauperes

237 1647 485 1718 hospitio
507 1645 774 1714 receperit
806 1662 818 1697 :
846 1642 1190 1712 receptisque
1221 1639 1576 1711 pauperibus,
1602 1645 1659 1692 et
1703 1635 1831 1707 qui-

239 1738 567 1807 buscunque
585 1737 883 1806 benignum,
899 1734 955 1789 id
978 1741 1080 1799 est,
1107 1732 1254 1803 large
1277 1745 1378 1787 sua
1401 1730 1826 1785 ministrantem.

1870 707 1872 710 ν
1926 629 2224 696 intendere
2255 630 2362 696 his,
2393 632 2521 701 quia
2552 631 2778 701 fabulae;
2827 643 2879 689 et
2911 636 3038 707 quia
3083 645 3210 705 sunt
3251 637 3508 694 mandata

1925 721 2242 788 hominum,
2292 731 2348 778 et
2390 737 2502 778 non
2543 722 2636 779 Dei
2671 726 2837 796 :olim
2872 726 3017 781 enim
3058 728 3161 781 sub
3195 728 3364 783 veteri
3394 729 3509 800 lege

1902 812 2074 890 .Deus
2093 813 2316 883 quidem
2363 816 2643 872 mandavit
2675 817 3149 882 circumcisionem
3185 827 3239 874 et
3272 828 3508 887 caetera;

1903 903 2022 970 sed
2059 911 2353 975 postquam
2381 907 2534 961 venit
2578 915 2796 978 tempus
2825 908 3034 979 gratiae,
3073 907 3220 964 Deus
3256 909 3508 980 prmpit

1901 995 2168 1055 hocinon
2190 995 2328 1051 fieri.
2355 995 2422 1052 Et
2447 998 2570 1054 ideo
2600 999 2677 1054 ait
2702 1018 2714 1054 :
2744 997 2864 1054 Non
2889 1001 3173 1056 intendant
3193 1001 3463 1055 mandatis
3494 1041 3507 1054 .

1903 1102 2037 1149 non
2081 1085 2199 1154 Dei,
2235 1088 2332 1143 sed
2373 1088 2645 1143 hominum
2689 1093 3049 1145 aversantium
3093 1107 3147 1145 se
3186 1109 3219 1145 a
3245 1072 3466 1146 veritate
3495 1131 3508 1144 .

1927 1177 2059 1248 quia
2087 1177 2370 1233 veritatem
2394 1178 2552 1250 legis,
2583 1180 2882 1249 spiritalem
2913 1181 3120 1236 scilicet
3152 1181 3513 1248 intellectum,

1903 1329 1906 1334 _
1928 1271 2125 1326 nolunt
2151 1271 2418 1351 accipere.
2449 1269 2530 1324 Ex
2553 1272 2753 1341 quibus
2775 1274 3130 1343 sequentibus
3151 1273 3352 1339 innuit,
3369 1273 3514 1344 quod

1907 1360 1989 1424 .hi
2017 1361 2156 1416 tales
2182 1376 2213 1416 a
2233 1361 2568 1431 quibusdam
2596 1363 2736 1417 cibis
2757 1363 3139 1418 abstinendum
3167 1378 3290 1419 esse
3310 1363 3513 1433 pradi-

1931 1461 2142 1521 carent,
2190 1453 2381 1509 dicens
2417 1450 2574 1508 :Non
2613 1463 2698 1509 est
2746 1453 3135 1510 intendendum
3183 1453 3385 1509 fabulis
3421 1452 3510 1508 Ju-

1929 1542 2198 1608 dteorum,
2243 1541 2338 1613 qui
2384 1542 2636 1612 judicant
2667 1543 2933 1613 quosdam
2983 1544 3138 1599 cibos
3184 1543 3519 1610 immundos,

1907 1650 2059 1690 -cum
2087 1634 2267 1688 omnia
2293 1634 2496 1705 quibus
2547 1634 2624 1696 uti
2667 1633 3010 1689 consuetudo
3037 1641 3142 1700 est,
3177 1634 3287 1688 sint
3318 1632 3520 1686 munda

1905 1729 2176 1796 .mundis,
2215 1729 2271 1783 id
2321 1736 2405 1785 est
2437 1727 2527 1783 his
2575 1726 2673 1798 qui
2721 1727 2777 1782 in
2823 1726 3093 1782 munditia
3138 1734 3194 1781 et
3235 1725 3522 1781 sanctitate

241 1827 495 1884 Subrium
537 1827 703 1882 etiam
738 1825 883 1892 cibo,
913 1831 1045 1895 potu
1090 1830 1146 1878 et
1179 1822 1397 1878 vestitu.
1421 1819 1637 1874 Justum
1664 1818 1827 1874 etiam
1859 1881 1903 1895 _
1931 1822 2244 1895 percipiunt
2265 1836 2350 1876 ea.

241 1921 416 1993 358
442 1928 497 1975 et
528 1920 599 1976 ad
619 1918 901 1990 proximos
923 1916 1048 1973 sibi.
1069 1913 1326 1974 Sanctum
1352 1913 1517 1969 etiam
1541 1911 1608 1966 ad
1629 1909 1824 1966 Deum.
1859 1881 1906 1945 Β
1933 1881 1952 1895 ⁸
2007 1881 2122 1970 Hos
2145 1912 2294 1969 enim
2327 1911 2482 1968 cibos
2509 1909 2654 1987 Deus
2681 1909 2926 1965 condidit
2971 1908 3040 1964 ad
3069 1906 3524 1964 sustentationem

150 2082 156 2088 _
244 2015 617 2072 Continentem
667 2011 856 2076 etiam,
903 2017 965 2064 ut
1031 2007 1341 2078 exemplum
1388 2003 1706 2060 continendi
1763 2001 1836 2058 sit

244 2107 393 2163 aliis.
427 2105 494 2159 Et
514 2112 710 2175 praeter
739 2103 858 2158 hate
889 2109 1103 2172 oportet
1117 2115 1243 2155 eum
1263 2113 1387 2154 esse
1410 2095 1831 2166 amplectentem,

245 2201 302 2256 id
329 2208 420 2263 est
438 2197 726 2268 diligenter
751 2202 806 2250 et
836 2193 1056 2248 assidue
1079 2197 1429 2256 tractantem,
1447 2201 1740 2241 sermonem
1768 2184 1836 2254 [i-

216 2291 439 2358 .delem,
468 2288 523 2344 id
544 2296 631 2344 est
661 2301 910 2342 veracem
939 2303 954 2340 :
978 2299 1082 2340 nec
1107 2297 1325 2339 omnem
1355 2294 1569 2345 verum,
1595 2276 1689 2332 sed
1708 2291 1836 2332 eum

244 2385 443 2456 quiest
469 2376 1100 2441 secundumdoctrinam,
1125 2373 1182 2429 id
1212 2380 1300 2440 est
1338 2371 1435 2442 qui
1477 2369 1710 2425 idoneus
1753 2375 1839 2424 est

217 2476 318 2532 .ad
343 2472 811 2545 praedicationem.
841 2469 981 2525 Sunt
1005 2468 1155 2524 enim
1180 2467 1354 2522 multa
1374 2481 1502 2521 vera
1523 2464 1727 2535 quibus
1753 2461 1840 2517 in—

212 2616 216 2622 .
248 2568 477 2626 tendere
495 2565 814 2636 episcopum
844 2561 1003 2633 culpa
1031 2569 1198 2617 esset.

221 2717 231 2725 ,
321 2660 394 2716 Et
421 2659 544 2715 ideo
565 2656 931 2727 amplectatur
959 2654 1110 2709 hunc
1157 2664 1492 2716 sermonem,
1535 2655 1596 2702 ut
1645 2654 1702 2702 et
1743 2659 1842 2716 per

224 2767 419 2817 usum
444 2760 499 2808 et
515 2766 614 2822 per
647 2748 935 2806 scientiam
958 2753 1139 2816 potem
1173 2744 1244 2798 sit
1273 2741 1547 2798 exhortari
1578 2739 1762 2794 ﬁdeles
1785 2738 1842 2791 in

246 2848 502 2902 doctrina
526 2860 681 2900 sana.
710 2840 892 2896 Possit
919 2839 1085 2894 etiam
1118 2851 1216 2907 per
1238 2850 1401 2890 usum
1434 2841 1484 2887 et
1528 2847 1626 2902 per
1661 2830 1840 2886 scien-

246 2940 387 2996 tiam
417 2951 636 3007 arguere
657 2950 744 2988 cos
771 2932 862 3003 qui
894 2929 1265 2985 contradicunt
1300 2941 1450 2982 sanae
1475 2922 1758 2987 doctrinae,
1787 2919 1844 2975 id

222 3037 338 3083 .est
359 3025 687 3083 convincere
714 3019 960 3076 inﬁdeles
981 3017 1075 3089 qui
1098 3017 1259 3072 ﬁdem
1282 3016 1623 3085 impugnant.
1657 3009 1724 3065 Et
1745 3025 1842 3064 ne-

224 3131 412 3184 cesse
433 3123 519 3171 est
547 3123 608 3170 ut
630 3113 710 3169 sic
742 3120 926 3184 potens
964 3111 1033 3164 sit
1071 3124 1291 3179 arguere
1323 3122 1340 3159 :
1370 3105 1498 3176 quia
1531 3110 1655 3158 sunt
1690 3098 1846 3155 multi

1915 2006 2293 2064 servientium
2323 2003 2428 2060 sibi
2460 2022 2472 2057 :
2500 2018 2671 2073 quare
2713 2001 2914 2056 munda
2954 2009 3008 2056 et
3051 2000 3215 2070 digna
3255 2006 3386 2054 sunt
3431 1997 3525 2051 his

1936 2100 2032 2170 qui
2070 2097 2277 2153 mundo
2335 2095 2500 2152 corde
2545 2103 2602 2150 et
2655 2109 2819 2165 opere
2862 2093 2973 2148 Deo
3019 2091 3285 2148 serviunt.
3331 2087 3526 2144 Omnis

1907 2253 1910 2256 ,
1937 2193 2104 2250 etiam
2137 2200 2389 2247 creatura
2414 2189 2467 2244 in
2504 2204 2571 2244 eo
2601 2187 2748 2260 quod
2777 2203 2808 2242 a
2849 2185 2963 2242 Deo
2988 2193 3172 2240 creata
3194 2191 3298 2249 est,
3322 2179 3528 2236 munda

1937 2294 2044 2342 est.
2069 2283 2170 2338 Hic
2196 2291 2379 2338 tamen
2407 2296 2520 2336 non
2550 2289 2636 2336 est
2670 2293 2897 2335 necesse
2931 2277 3000 2332 de
3047 2275 3305 2330 omnibus
3345 2288 3526 2342 agere.

1917 2377 2160 2446 ,Mundis
2190 2373 2525 2431 conscientia
2560 2380 2616 2427 et
2645 2372 2749 2426 lide
2781 2370 2960 2424 omnia
3001 2377 3130 2424 sunt
3170 2369 3388 2428 munda,
3437 2361 3529 2417 sed

1940 2469 2300 2541 coinquinatis
2363 2464 2698 2521 conscientia
2733 2473 2782 2518 et
2805 2460 3131 2532 inﬁdelibus,
3172 2457 3339 2514 etiam
3382 2453 3531 2525 quod

1940 2564 2208 2621 mundum
2237 2568 2511 2631 reputant,
2534 2573 2645 2614 non
2670 2565 2748 2612 est
2777 2555 2886 2612 illis
2910 2553 3186 2609 mundum.
3223 2550 3365 2606 Cum
3385 2547 3532 2603 enim

1943 2658 1999 2715 in
2026 2658 2343 2713 Creatorem
2374 2669 2483 2708 non
2519 2651 2764 2718 credant,
2807 2658 2862 2705 et
2908 2646 3247 2719 inquinatam
3298 2641 3536 2697 habeant

1944 2749 2361 2814 conscientiam,
2386 2747 2652 2816 iniustum
2688 2752 2772 2798 est
2813 2758 2908 2798 eos
2950 2740 3030 2795 uti
3061 2738 3244 2809 aliqua
3285 2742 3535 2791 creatura

1945 2842 2064 2897 Dei.
2091 2839 2239 2896 Nihil
2264 2839 2373 2894 illis
2407 2845 2493 2894 est
2520 2837 2787 2892 mundum
2814 2833 2941 2889 :sed
2968 2847 3134 2897 mens,
3162 2830 3216 2884 id
3247 2834 3334 2883 est
3375 2822 3538 2880 intel-

1944 2933 2149 2998 lectus,
2180 2931 2315 2987 ﬁdes
2345 2929 2581 2994 scilicet,
2617 2943 2798 2982 eorum
2841 2932 2894 2979 et
2933 2920 3256 2977 conscientia
3288 2923 3410 2970 sunt
3449 2914 3536 2970 in-

1930 3023 2220 3094 quinatas:
2247 3035 2421 3089 quare
2444 3016 2583 3072 nihil
2611 3017 2694 3071 eis
2730 3005 2816 3070 est
2846 3012 3134 3067 mundum.
3158 3005 3434 3063 Fortassis
3453 3003 3538 3060 di—

1948 3121 2098 3170 ceret
2124 3111 2325 3181 aliquis
2359 3127 2372 3164 :
2403 3108 2585 3175 Quare
2613 3106 2706 3163 isti
2749 3113 2878 3161 sunt
2910 3100 3206 3173 inquinati,
3244 3112 3372 3154 cum
3401 3111 3537 3152 eon-

248 3208 612 3264 inobedientes
634 3202 928 3276 episcopis.
962 3199 1103 3256 Sunt
1121 3200 1287 3255 etiam
1311 3195 1602 3267 vaniloqui,
1625 3195 1849 3264 loquen-
1873 3223 1916 3282 ε
1948 3205 2206 3261 manu“.
2230 3202 2437 3258 Deum?
2469 3199 2596 3255 scio
2621 3199 2845 3270 quidem
2863 3196 2962 3267 (ait
2984 3192 3210 3262 paulus)
3247 3189 3395 3261 quod
3419 3205 3540 3242 εοκ-

226 3312 341 3366 ,ιεε
376 3300 595 3357 inutilia
620 3317 634 3353 :
663 3307 711 3353 et
733 3298 790 3352 in
821 3297 926 3351 hac
954 3310 1098 3350 vana
1121 3293 1399 3349 locutione
1429 3297 1560 3346 sunt
1599 3287 1846 3342 seducto-

253 3412 364 3461 res,
395 3394 449 3449 id
493 3401 579 3448 est
615 3391 821 3446 habent
862 3395 1036 3443 artem
1073 3394 1130 3442 et
1168 3384 1518 3442 calliditatem
1555 3378 1850 3450 seducendi

229 3485 543 3549 _-auditores
563 3498 660 3554 per
693 3479 1032 3550 vaniloquia.
1073 3478 1308 3535 Possent
1339 3475 1488 3533 enim
1522 3487 1666 3538 vana
1702 3469 1850 3541 loqui

255 3580 385 3637 sine
408 3575 706 3632 calliditate
734 3572 1172 3630 seductioniszet
1194 3569 1426 3624 maxime
1454 3581 1569 3638 pra:
1595 3564 1854 3621 omnibus

233 3673 536 3731 seducunt
558 3670 634 3725 illi
669 3669 761 3740 qui
787 3677 908 3722 sunt
935 3667 999 3721 de
1025 3665 1424 3720 circumcisione
1459 3659 1630 3716 Judaei
1672 3678 1686 3715 :
1724 3674 1854 3730 quos

259 3764 390 3820 ideo
407 3770 610 3832 oportet
636 3758 917 3830 redargui:
937 3755 1066 3827 quia
1087 3752 1346 3826 pratcipui
1369 3751 1682 3809 seductores
1703 3756 1852 3804 sunt.

246 3855 332 3912 -lli
362 3855 512 3911 enim
540 3853 632 3925 qui
661 3852 728 3908 de
747 3847 1170 3908 circumcisione
1198 3852 1468 3900 venerunt
1485 3885 1500 3910 ,
1550 3841 1858 3896 subvertant

241 3963 383 4005 .non
416 3947 600 4002 solum
623 3941 1078 4016 patremfamilias
1128 3938 1330 3994 domus
1363 3955 1376 3991 :
1407 3935 1503 3992 sed
1530 3934 1700 3990 etiam
1735 3931 1859 3987 uni-

241 4059 446 4102 ;versas
472 4042 675 4108 domos,
706 4038 761 4094 id
779 4046 868 4093 est
892 4051 1112 4092 omnem
1139 4032 1430 4098 familiam,
1454 4030 1700 4088 docentes
1735 4041 1862 4097 gra-

267 4137 374 4203 tia,
400 4135 457 4190 id
483 4141 799 4198 estamore,
840 4129 1008 4199 turpis
1034 4127 1174 4181 lucri
1219 4140 1283 4181 ea
1322 4138 1440 4196 qua:
1473 4137 1579 4176 non
1615 4117 1861 4188 credere,

247 4241 375 4287 .nec
400 4227 600 4282 docere
622 4231 846 4294 oportet.
898 4219 1039 4275 Vere
1076 4219 1132 4273 in
1179 4215 1538 4273 Cretensibus
1563 4220 1692 4270 sunt
1730 4209 1864 4266 mali

267 4319 590 4379 neductores
614 4333 630 4371 :
654 4315 802 4387 quod
821 4312 1089 4385 approbat
1109 4309 1328 4382 quidam
1363 4323 1429 4362 ea:
1451 4305 1561 4360 illis
1588 4302 1864 4362 Cretensi-

222 4451 226 4454 .
271 4411 380 4466 bus
409 4408 680 4480 proprius,
704 4406 760 4462 id
787 4414 872 4462 est
895 4402 1165 4460 naturalis
1187 4403 1421 4472 ipsorum
1444 4416 1465 4466 ,°
1497 4412 1669 4469 quare
1689 4395 1866 4467 magis

243 4557 248 4562 .
271 4503 609 4559 credendum
630 4509 715 4557 est
740 4499 791 4557 ei
813 4518 827 4555 :
859 4499 952 4554 hic
973 4505 1153 4553 autem
1175 4493 1450 4567 propheta,
1472 4492 1528 4549 id
1541 4499 1628 4548 est
1649 4489 1863 4558 videns,

1952 3297 2170 3367 ﬁtentur
2196 3310 2284 3349 ore
2314 3310 2370 3348 se
2407 3308 2558 3346 nosse
2588 3290 2779 3356 Deum,
2828 3288 2924 3344 sed
2953 3287 3084 3358 quid
3125 3285 3234 3339 hoc
3271 3281 3542 3353 prodest?

1953 3386 2167 3458 Negant
2194 3385 2343 3442 enim
2375 3383 2549 3440 Deum
2571 3383 2628 3438 in
2660 3382 2820 3452 factis
2847 3381 2984 3436 suis.
3009 3377 3220 3449 Negant
3249 3390 3349 3446 pro
3369 3378 3541 3439 certo,

1953 3499 2074 3538 cum
2105 3481 2214 3536 sint
2238 3479 2556 3545 abominati,
2587 3477 2640 3532 id
2665 3485 2750 3533 est
2770 3475 2913 3532 male
2944 3471 3174 3529 ominati
3210 3489 3225 3525 :
3261 3469 3346 3523 vel
3379 3482 3412 3521 a
3447 3479 3545 3520 nu-

1953 3588 2107 3629 mero
2138 3570 2427 3628 hominum
2456 3568 2721 3639 redempti
2743 3583 2838 3638 per
2866 3565 3060 3620 Deum.
3084 3561 3222 3618 Cum
3244 3561 3412 3616 etiam
3434 3557 3546 3612 sint

1954 3662 2381 3730 incredibiles,id
2409 3669 2494 3717 est
2529 3676 2638 3716 non
2671 3657 2884 3714 habiles
2912 3655 3248 3728 crederepro
3263 3649 3546 3704 nimietate

1937 3755 2253 3826 impietatis
2280 3753 2448 3826 349
2473 3767 2607 3808 suae.
2638 3750 2776 3806 Cum
2803 3749 2970 3803 etiam
3019 3745 3131 3801 sint
3173 3740 3440 3812 reprobati
3475 3737 3546 3824 ad

1936 3864 2109 3914 .omne
2135 3848 2326 3901 bonum
2351 3862 2480 3916 opus
2513 3859 2531 3900 :
2562 3842 2690 3914 quia
2727 3840 2865 3896 nihil
2899 3837 3047 3909 quod
3074 3833 3206 3890 boni
3235 3827 3550 3894 similitudi-

1958 3954 2085 3994 nem
2108 3939 2308 3994 habeat
2333 3945 2655 4008 operantur.
2679 3933 3011 4002 Plerumque
3031 3928 3180 3984 enim
3205 3923 3432 3996 quidam
3459 3922 3550 3976 in—

1934 4031 2150 4098 ;tideles
2179 4031 2391 4086 faciunt
2416 4029 2570 4093 talia,
2599 4043 2724 4100 quae
2750 4027 2881 4082 licet
2912 4038 3040 4080 vere
3068 4021 3215 4076 bona
3263 4032 3375 4072 non
3417 4014 3551 4081 sint,

1937 4125 2107 4182 bona
2131 4132 2316 4180 tamen
2343 4138 2466 4180 esse
2486 4121 2763 4177 videntur.

2524 4209 2755 4268 CAPUT
2793 4208 2860 4266 Il.
3023 4256 3050 4268 .,
3291 4254 3294 4256 ,

2043 4331 2062 4365 ι
2108 4309 2193 4366 Tu
2227 4316 2414 4366 autem
2463 4307 2689 4378 loquere
2719 4317 2843 4374 quae
2897 4300 3096 4361 decent
3129 4311 3322 4353 sanam
3348 4291 3557 4350 doctri-

1942 4423 1992 4460 -‹
2035 4419 2184 4471 nam,
2216 4417 2377 4460 senes
2406 4409 2468 4454 ut
2492 4397 2665 4455 sobrii
2701 4396 2833 4463 sint,
2851 4392 3059 4465 pudici,
3089 4388 3408 4460 prudentes,
3437 4383 3558 4441 sani

1974 4514 1993 4550 ι
2035 4495 2091 4552 in
2124 4495 2247 4561 tide,
2293 4494 2350 4550 in
2379 4490 2690 4556 dilectione,
2721 4488 2777 4562 in
2824 4483 3105 4557 patientia,
3142 4494 3284 4536 anus
3311 4475 3562 4533 similiter

274 4595 584 4654 secundum
611 4593 759 4666 quod
783 4591 1057 4649 subtiliter
1091 4586 1463 4647 consideravit
1483 4584 1866 4658 vitiaCreten-
1896 4584 1943 4641 D
1974 4607 1995 4644 ι
2040 4589 2098 4644 in
2123 4588 2317 4644 habitu
2359 4593 2574 4650 sancto,
2622 4597 2734 4637 non
2764 4575 3186 4640 criminatrices,
3236 4585 3346 4626 non
3389 4567 3563 4622 multo

274 4690 421 4746 simu
461 4707 475 4742 :
509 4687 602 4742 hic
630 4694 814 4742 autem
851 4685 1033 4741 dictus
1069 4691 1157 4739 est
1188 4678 1565 4751 Epimenides,
1603 4677 1699 4749 qui
1729 4675 1870 4732 dixit

241 4823 247 4827 .
277 4781 385 4836 hoc
408 4780 478 4834 de
504 4778 612 4836 illis
640 4797 654 4834 :
681 4777 954 4834 Cretenses
982 4790 1185 4846 semper
1205 4781 1337 4829 sunt
1360 4771 1636 4826 mendaces
1663 4777 1719 4824 et
1739 4756 1871 4825 sunt

278 4871 487 4938 bestia,
508 4870 806 4927 bestialiter
832 4868 1160 4925 meditantes
1185 4885 1200 4934 ;
1229 4873 1284 4922 et
1319 4864 1499 4930 mala’,
1523 4862 1578 4918 id
1610 4869 1696 4918 est
1726 4877 1869 4932 quo-

279 4965 448 5020 modo
490 4964 844 5028 meditantur,
877 4961 959 5018 sic
1006 4958 1300 5016 crudeliter
1361 4964 1674 5027 operantes.
1732 4953 1874 5010 Sunt

279 5057 452 5114 etiam
486 5056 626 5127 pigri
652 5064 874 5121 ventres,
900 5053 954 5109 id
977 5060 1064 5108 est
1109 5050 1536 5108 luxuriantespet
1582 5055 1875 5102 onerantes

283 5166 345 5208 se
372 5149 536 5205 cibis.
565 5147 804 5218 ideoque
827 5146 897 5202 ad
919 5161 1082 5202 omne
1115 5144 1319 5200 bonum
1359 5140 1518 5198 tardi.
1560 5138 1640 5195 Ne
1691 5146 1874 5193 autem

284 5243 352 5299 de
378 5240 608 5298 veritate
629 5239 829 5295 horum
855 5237 1216 5304 dubitaretur,
1243 5233 1373 5306 quia
1407 5231 1626 5306 gentilis
1661 5229 1766 5286 fuit
1789 5228 1878 5283 ille

285 5335 383 5406 qui
407 5334 518 5389 hoc
556 5332 720 5397 dixit,
748 5329 947 5386 asserit
966 5329 1073 5385 hoc
1110 5328 1317 5384 Paulus
1351 5326 1580 5382 dicens:
1621 5323 1881 5378 Testimo-

245 5462 254 5467 -
287 5428 438 5480 nium
458 5425 577 5492 hoc,
591 5423 738 5495 quod
761 5421 1114 5494 Epimenides
1137 5428 1371 5478 testatus
1393 5427 1479 5475 est
1501 5418 1567 5472 de
1597 5413 1878 5472 Cretensi-

249 5555 252 5558 -
287 5511 415 5584 bus,
431 5525 698 5571 verumest
716 5531 734 5570 :
753 5514 816 5568 ob
835 5530 997 5585 quam
1012 5511 1394 5582 causam,quia
1416 5509 1707 5566 mendaces
1726 5515 1876 5572 sunt,

289 5621 422 5678 etc.,
468 5611 686 5680 increpa
727 5625 836 5676 eos,
891 5606 1101 5663 scilicet
1153 5603 1446 5660 Cretenses
1485 5601 1637 5666 dure,
1695 5598 1750 5652 id
1798 5607 1884 5654 est

292 5703 650 5760 scilicetcum
675 5700 993 5756 austeritate
1021 5706 1077 5753 et
1099 5694 1398 5768 pontiﬁcali
1430 5691 1882 5764 impcrio,utsani

248 5835 252 5840 -
293 5805 618 5866 perseverent
642 5795 698 5848 in
724 5794 849 5864 ﬁde,
875 5810 975 5847 non
999 5790 1324 5845 intendentes
1349 5786 1598 5841 Judaicis
1643 5783 1839 5854 {rabulis
1868 5800 1886 5837 :

252 5909 258 5914 ·
297 5889 429 5960 quia
456 5887 606 5960 quod
637 5887 706 5944 de
731 5884 1156 5956 circumcisione
1197 5878 1505 5947 reducenda
1552 5877 1774 5941 docent,
1807 5876 1888 5931 fa-

1975 4701 1998 4736 ι
2037 4681 2167 4738 vino
2220 4680 2542 4742 servientes,
2594 4675 2733 4730 bene
2785 4672 3043 4728 docentes
3066 4708 3082 4734 ,
3124 4675 3187 4721 ut
3217 4659 3563 4734 prudentiam

1977 4794 1997 4830 ι
2043 4773 2278 4830 doceant
2322 4766 2760 4827 adolescentulas
2815 4771 2877 4818 ut
2921 4761 3072 4816 viros
3105 4771 3238 4814 suos
3267 4759 3470 4818 ament,
3496 4750 3564 4806 ti-

1983 4885 2001 4920 ι
2041 4865 2148 4922 lios
2186 4876 2322 4918 suos
2380 4859 2641 4931 diligant,
2691 4852 3018 4926 prudentes,
3067 4855 3270 4911 castas,
3317 4839 3564 4908 sobrias,

1948 5002 1950 5004 τ
1983 4975 2002 5014 t
2044 4957 2242 5014 domus
2265 4967 2458 5011 curam
2507 4948 2794 5012 habentes,
2824 4943 3110 5012 benignas,
3149 4935 3396 4994 subditas
3431 4933 3568 4988 viris

1943 5091 1950 5095 .
1985 5070 2004 5103 ι
2051 5048 2190 5114 suis,
2223 5056 2283 5102 ut
2329 5060 2439 5099 non
2465 5040 2876 5115 blasphemetur
2901 5033 3130 5090 verbum
3181 5028 3296 5083 Dei.
3331 5026 3568 5080 iuvenes

1987 5163 2006 5194 ι
2053 5139 2305 5198 similiter
2334 5139 2578 5200 hortare,
2608 5141 2670 5188 ut
2699 5128 2868 5187 sobrii
2920 5126 3048 5182 sint.
3084 5123 3145 5178 in
3184 5120 3445 5178 omnibus
3491 5126 3571 5172 te-

1991 5254 2010 5286 ι
2055 5233 2236 5303 ipsum
2267 5228 2446 5302 praebe
2470 5223 2783 5294 exemplum
2808 5220 3083 5286 bonorum,
3107 5228 3358 5286 operum,
3386 5211 3442 5266 in
3471 5208 3572 5262 de-

1991 5347 2010 5381 c
2052 5325 2250 5390 ctrina,
2291 5323 2347 5377 in
2374 5317 2708 5390 integritate,
2755 5313 2810 5369 in
2860 5309 3147 5384 gravitate.
3183 5305 3425 5361 Verbum
3480 5315 3572 5355 sa-

1991 5438 2011 5473 ι
2057 5433 2214 5483 num,
2246 5408 2727 5483 irreprehensibile
2771 5424 2785 5461 :
2820 5413 2880 5460 ut
2908 5403 2956 5458 is
2983 5400 3079 5473 qui
3113 5413 3180 5454 ex
3228 5396 3460 5451 adverso
3489 5397 3576 5445 est

1949 5559 1952 5561 .
1992 5530 2010 5565 ι
2057 5481 2312 5566 vereatur
2340 5481 2465 5578 [al.,
2489 5498 2768 5570 vincatur]
2797 5516 2811 5552 ε
2847 5494 2986 5552 nihil
3015 5491 3223 5547 habens
3250 5485 3456 5578 malum
3485 5481 3574 5535 di—

1947 5647 1952 5653 .
1991 5620 2011 5654 ‹
2053 5615 2176 5656 cere
2197 5599 2265 5653 de
2286 5575 2464 5652 nobis.
2500 5591 2702 5648 Servos
2728 5585 2969 5645 dominis
2995 5582 3113 5638 suis
3143 5575 3394 5636 subditos
3415 5587 3536 5628 esse
3560 5589 3576 5625 :

1994 5715 2013 5746 ι
2058 5693 2110 5747 in
2149 5690 2407 5746 omnibus
2449 5685 2748 5756 placentes,
2799 5694 2910 5734 non
2959 5669 3416 5732 contradicentes,
3464 5676 3577 5719 non

1997 5805 2018 5839 ‹
2063 5783 2400 5844 fraudantes,
2435 5776 2527 5832 sed
2569 5774 2624 5829 in
2675 5768 2934 5828 omnibus
2960 5764 3118 5820 [idem
3148 5760 3350 5816 bonam
3391 5762 3579 5810 osten-

2001 5897 2024 5929 ς.
2064 5878 2288 5934 dentes:
2326 5879 2383 5925 ut
2413 5863 2719 5922 doctrinam
2741 5853 3042 5941 Salvatoris
3067 5848 3242 5910 nostri
3270 5848 3367 5923 Dei
3387 5852 3585 5903 ornent
