3988 6434
467 448 475 458 '
487 435 605 495 "79

1029 434 1088 490 S.
1119 431 1478 496 BRUNONIS
1513 425 2162 500 CMTHUSIANORUM
2202 427 2694 491 INS'HTUTONS
2731 431 2884 492 OPP.
2925 433 3113 493 PARS
3147 435 3213 494 η.

2146 355 2270 389 δίη-ρ

3659 443 3772 500 ‘80
3799 519 3805 523 .

501 567 523 602 ο
563 548 618 604 in
649 547 929 604 omnibus.
965 547 1230 626 Apparuit
1272 549 1416 603 enim
1453 546 1626 618 gratia
1667 545 1768 625 Dei
1786 544 2087 603 Salvatoris
2115 541 2162 600 Λ
2186 545 2276 598 sed
2323 546 2652 602 ostendentes
2707 548 2762 600 in
2813 548 3056 602 omnibus
3105 531 3417 609 actionibus
3455 553 3570 607 suis
3612 555 3772 622 ﬁdem

499 657 524 695 s
565 639 740 697 nostri
770 641 1028 696 omnibus
1067 640 1401 706 hominibus,
1426 640 1682 696 erudiens
1727 654 1851 705 nos,
1881 649 1944 694 ut
1981 639 2078 694 ab-

501 751 524 787 ς
567 742 830 804 negantes
883 733 1216 803 impietatem
1243 741 1297 787 et
1334 733 1618 789 saecularia
1652 733 1944 799 desideria,
1985 747 2078 794 sc-

501 841 522 876 s
565 824 612 877 b.
630 823 702 889 ie,
754 831 809 878 et
851 823 1024 892 juste,
1080 831 1135 877 et
1183 821 1269 892 pie
1311 823 1566 878 vivamus
1601 821 1660 876 in
1685 822 1794 876 hoc
1832 822 2076 882 seculo:

503 936 520 968 ι
563 925 940 986 exspectantes
991 920 1200 969 beatam
1235 931 1411 984 spem,
1460 923 1516 970 et
1548 914 1840 970 adventum
1892 914 2081 986 gloriae

471 1023 523 1064 .s
563 1008 745 1078 magni
780 1007 894 1072 Dei,
918 1017 972 1061 et
1003 1005 1302 1064 Salvator-is
1330 1006 1506 1061 nostri
1548 1005 1680 1062 Jesu
1705 1005 1934 1064 Christi.
1973 1004 2079 1072 Qui

473 1116 522 1155 .c
566 1098 716 1152 dedit
760 1087 1114 1166 semetipsum
1156 1113 1257 1167 pro
1292 1097 1474 1164 nobis,
1532 1105 1594 1151 ut
1640 1111 1744 1152 nos
1785 1097 2080 1154 redimeret

469 1206 522 1250 ,ι
566 1190 634 1244 ab
680 1189 828 1244 omni
865 1189 1155 1261 iniquitate
1199 1208 1212 1243 :
1250 1197 1306 1245 et
1353 1189 1645 1245 mundaret
1676 1189 1781 1245 sibi
1815 1190 2079 1260 populum

498 1300 518 1330 ι
561 1280 971 1350 acceptabilem,
1012 1290 1336 1337 sectatorem
1369 1283 1639 1337 bonorum
1674 1297 1925 1353 operum.
1954 1282 2081 1340 Haec

498 1392 516 1423 ε
561 1373 782 1442 loquere
805 1381 860 1426 et
883 1374 1198 1439 exhortare,
1229 1382 1283 1428 et
1303 1390 1473 1446 argue
1498 1391 1624 1430 cum
1649 1376 1800 1431 omni
1822 1376 2074 1446 imperio.

493 1483 514 1519 ς
556 1463 726 1521 Nemo
761 1472 813 1520 te
834 1474 1167 1521 contemnat.
1216 1484 1236 1518 ι

1127 1574 1432 1614 EXPOSITIO.

563 1647 800 1718 Reprcbi
832 1648 912 1704 sic
939 1665 1195 1719 perverse
1231 1659 1438 1722 agunt:
1479 1660 1535 1706 tu
1559 1668 1678 1707 vero
1712 1668 1824 1708 non
1859 1653 1957 1719 sic,
1983 1649 2080 1710 sed

485 1738 700 1808 loquere
724 1757 788 1793 ea
817 1757 935 1811 qua:
960 1741 1105 1796 decet
1135 1743 1320 1813 loqui,
1369 1760 1557 1800 sanam
1598 1745 1922 1799 doctrinam.
1963 1743 2080 1802 Hoc

2179 627 2550 692 Christianam
2606 654 2731 694 esse
2788 641 3008 705 bonam,
3046 641 3097 695 id
3153 650 3241 701 est
3292 643 3478 697 utilem
3527 664 3539 698 :
3597 657 3654 700 at
3695 648 3776 704 sic

2179 725 2428 784 faciendo
2453 740 2637 788 ornent
2670 732 2726 784 in
2747 732 2988 789 omnibus
3027 733 3324 796 doctrinam
3346 733 3450 797 Dei
3483 733 3780 800 Salvataris

2181 819 2373 873 nostri.

2249 909 2389 965 Cum
2418 912 2567 966 enim
2589 913 2750 968 servi
2782 913 2910 970 facti
2946 915 3135 970 ﬁdeles
3160 932 3270 970 non
3303 918 3610 974 subducant
3633 939 3654 973 :-
3679 922 3780 975 sed

2179 1000 2431 1058 devotius
2475 1005 2716 1060 dominis
2749 995 2940 1077 utique
2985 1009 3246 1073 serviant,
3282 1019 3514 1064 ornatur
3539 1026 3634 1080 per
3672 1013 3784 1066 hoc

2179 1093 2429 1151 doctrina
2456 1095 2637 1150 Deiet
2664 1097 2950 1165 laudatur,
2963 1115 3087 1170 qua:
3118 1115 3308 1155 servos
3328 1102 3409 1156 sic
3430 1102 3689 1157 instruxit
3714 1104 3774 1157 ﬂ-

2180 1185 2329 1241 deles
2359 1195 2414 1241 et
2441 1188 2695 1244 subditos
2717 1205 2840 1245 esse
2864 1191 3134 1253 dominis.
3163 1191 3288 1247 Ideo
3323 1208 3522 1248 moneo
3546 1204 3599 1248 te
3621 1194 3774 1250 labo-

2181 1293 2306 1332 rare
2343 1278 2398 1332 in
2428 1279 2690 1336 omnibus
2721 1299 2739 1336 :—
2785 1297 2883 1336 seu
2915 1282 3057 1336 servi
3089 1283 3220 1350 sint,
3258 1299 3355 1339 seu
3406 1285 3636 1351 domini,
3675 1302 3771 1340 seu

2181 1383 2372 1436 senes,
2411 1386 2508 1426 seu
2535 1370 2828 1441 iuniores:
2877 1373 3137 1443 quoniam
3196 1373 3343 1430 Deus
3382 1392 3484 1446 pro
3518 1378 3782 1432 omnibus

2182 1461 2464 1517 salvandis
2512 1465 2786 1534 apparuit.
2834 1463 3103 1535 Apparuit
3131 1466 3324 1537 utique
3357 1484 3482 1522 cum
3540 1467 3772 1524 Verbum

2183 1551 2364 1609 Patris
2393 1552 2600 1611 factum
2632 1571 2762 1612 caro
2779 1555 2842 1610 in
2866 1567 3023 1612 utero
3053 1555 3301 1630 Virginis
3337 1560 3568 1629 prmbuit
3597 1577 3657 1616 se
3692 1562 3773 1615 vi-

2181 1645 2341 1701 sibile
2371 1645 2710 1703 hominibus.
2742 1646 3035 1717 Apparuit,
3069 1648 3324 1719 inquam,
3358 1651 3536 1721 gratia
3567 1650 3690 1717 Dei,
3723 1652 3782 1713 id

2178 1742 2282 1801 est,
2316 1733 2461 1790 Deus
2495 1751 2594 1807 per
2621 1736 2850 1807 gratiam
2877 1754 2892 1792 :
2930 1751 3044 1798 non
3077 1753 3147 1793 ex
3177 1733 3392 1795 meritis
3439 1739 3767 1796 hominum:

488 1831 701 1888 scilicet
734 1831 957 1901 loquere
1005 1834 1248 1900 senibus,
1284 1843 1345 1889 ut
1374 1852 1521 1889 senes
1575 1837 1740 1892 sobrii
1787 1837 1919 1903 sint,
1967 1853 2076 1895 non
2109 1884 2152 1903 ,,
2181 1829 2278 1885 88d
2304 1845 2404 1900 per
2431 1832 2604 1887 SOlam
2629 1830 3079 1891 misericordiam.
3109 1831 3204 1888 Dei
3229 1833 3354 1889 dico
3380 1836 3554 1888 nostri
3583 1832 3772 1892 Salva-

486 1919 654 1977 dediti
699 1923 985 1992 potationi.
1043 1923 1164 1980 Sint
1208 1926 1374 1981 etiam
1426 1928 1632 1997 pudici,
1669 1929 1724 1984 id
1785 1939 1871 1986 est
1913 1933 2073 1986 casti.

490 2010 611 2066 Sint
653 2015 954 2082 prudentes,
993 2027 1053 2072 ut
1103 2019 1356 2074 noverint
1397 2005 1592 2076 docere
1623 2021 1874 2091 juniores
1915 2042 1928 2077 :
1967 2024 2079 2080 sint

483 2105 603 2156 sani
631 2105 685 2158 in
707 2107 813 2176 ﬁde
845 2157 851 2164 .
882 2110 992 2165 sint
1015 2112 1135 2166 sani
1172 2114 1228 2166 in
1259 2113 1582 2171 dilectione:
1613 2125 1676 2172 ut
1703 2118 1846 2174 sicut
1887 2119 2078 2176 dome-

482 2196 671 2264 sticos,
713 2198 793 2253 sic
832 2212 1026 2282 omnes
1059 2204 1202 2260 alios
1242 2207 1491 2277 diligant.
1529 2208 1650 2263 Sint
1680 2211 1845 2265 etiam
1872 2213 1990 2268 sani
2019 2213 2076 2265 in

480 2286 742 2353 patientia
765 2305 783 2342 :
805 2292 950 2360 quod
978 2307 1085 2346 non
1119 2295 1199 2349 sic
1231 2297 1511 2365 patiantur
1529 2300 1798 2365 convicia,
1831 2302 1977 2370 quod
2008 2303 2075 2358 ad

481 2377 774 2444 opprobria
804 2380 1149 2449 impatientes
1181 2385 1312 2440 sint.
1365 2387 1506 2441 Anus
1537 2390 1787 2444 similiter
1819 2392 2072 2460 admone,

481 2473 546 2520 ut
572 2467 682 2522 sint
713 2470 770 2522 in
798 2471 984 2525 habitu
1015 2485 1200 2528 sancto
1223 2518 1236 2542 ,
1270 2478 1321 2532 id
1349 2487 1433 2533 cst
1472 2480 1567 2549 qui
1602 2484 1945 2539 sanctitatem
1981 2501 2076 2541 ea-

481 2573 606 2613 rum
628 2559 870 2618 indicet:
903 2575 957 2620 et
985 2575 1046 2620 ut
1068 2583 1170 2621 non
1198 2570 1312 2624 sint
1341 2573 1751 2641 criminatrices,
1781 2575 1836 2629 id
1857 2585 1942 2632 est
1964 2593 2073 2632 non

480 2648 770 2719 imponant
803 2655 1035 2712 crimina
1070 2659 1426 2730 quibuslibet,
1451 2664 1547 2734 qui
1576 2667 1802 2722 morbus
1833 2669 2072 2725 maxime

479 2743 789 2800 vetularum
809 2755 912 2802 est.
948 2747 1073 2803 Non
1099 2751 1210 2806 sint
1233 2753 1397 2822 etiam
1424 2757 1704 2811 servientes
1730 2759 1897 2813 multo
1926 2762 2068 2828 vino,

481 2836 578 2890 sed
602 2836 740 2892 bene
761 2839 1004 2896 docentes
1027 2863 1039 2897 :
1069 2859 1174 2900 nec
1193 2845 1248 2899 in
1274 2847 1504 2903 ecclesia
1540 2851 1622 2904 vel
1650 2851 1797 2905 viros
1816 2853 2066 2922 doceant;

478 2926 576 2981 sed
605 2927 681 2995 ita
702 2929 825 2985 dico
843 2973 861 3000 ,
894 2944 952 2986 ut
984 2935 1406 2993 adolescentulos
1435 2941 1654 2995 doceant
1686 2945 2022 3013 prudentiam
2050 2964 2068 3001 :

458 3017 623 3074 ~hanc
645 3022 875 3090 scilicet,
900 3035 958 3079 ut
994 3037 1169 3082 ament
1194 3021 1332 3084 viros
1356 3049 1502 3099 suos,
1531 3043 1585 3088 et
1611 3051 1720 3090 non
1753 3037 2028 3094 adulteros
2052 3058 2064 3094 :

475 3119 552 3166 et
578 3115 745 3170 etiam
789 3117 1020 3190 diligant
1057 3122 1201 3191 ﬁlios
1229 3140 1352 3177 suos
1372 3127 1522 3180 omni
1566 3128 1952 3196 sollicitudine,
1987 3130 2068 3184 fo—

2109 1884 2154 1940 Β

2181 1921 2314 1976 toris
2339 1937 2358 1975 :
2409 1932 2463 1978 et
2504 1923 2648 1979 sicut
2687 1938 2788 1993 pro
2817 1919 2980 1980 nobis
3011 1924 3289 1980 salvandis
3323 1926 3579 1997 apparuit
3622 1925 3770 1997 quod

2173 2013 2289 2084 jam
2329 2030 2428 2085 per
2473 2015 2633 2071 ﬁdem
2657 2016 2943 2086 iustiﬁcati
2975 2032 3210 2087 “sumus,
3256 2019 3340 2074 sic
3379 2033 3479 2089 pro
3527 2021 3774 2074 omnibus

2177 2104 2476 2161 hominibus
2519 2106 2795 2162 salvandis
2839 2107 3132 2178 apparuit:
3181 2115 3236 2162 et
3272 2107 3398 2164 ideo
3425 2109 3484 2163 in
3511 2111 3775 2166 omnibus

2175 2196 2428 2252 laborare
2453 2197 2640 2254 debes.
2666 2197 2736 2257 Et
2762 2198 2894 2268 quia
2931 2214 3195 2270 apparere
3225 2197 3324 2254 Dei
3367 2214 3480 2255 non
3519 2201 3588 2254 ad
3621 2201 3768 2256 salu-

2175 2295 2285 2343 tem
2331 2289 2622 2358 sulliceret,
2654 2291 2761 2347 nisi
2791 2291 2862 2346 ab
2884 2291 3076 2346 eodem
3106 2291 3528 2359 instrueremur,
3555 2293 3656 2360 ait,
3680 2309 3771 2363 ap-

2173 2380 2357 2449 paruit
2391 2379 2538 2436 Deus
2577 2396 2676 2450 per
2708 2381 2942 2452 gratiam
2975 2382 3224 2436 erudiens
3261 2397 3355 2436 nos
3405 2397 3635 2450 omnes;
3669 2384 3772 2440 hoc

2174 2473 2382 2529 scilicet
2411 2493 2423 2528 :
2451 2483 2510 2528 ut
2548 2489 2651 2530 nos
2697 2475 3016 2547 abnegantes
3045 2476 3395 2546 impietatem,
3431 2477 3489 2532 id
3530 2486 3620 2534 est
3652 2480 3769 2534 cul-

2174 2575 2356 2622 turam
2386 2567 2680 2636 idolorum,
2709 2577 2761 2623 et
2790 2568 3124 2640 abnegantes
3150 2569 3415 2624 desideria
3458 2571 3775 2638 saecularis,

2172 2657 2226 2713 id
2249 2666 2332 2713 est
2365 2675 2487 2728 quae
2515 2667 2569 2714 et
2595 2660 2859 2715 steculum
2894 2659 3199 2724 ministrat,
3227 2669 3283 2716 ct
3325 2676 3568 2731 quorum
3599 2679 3768 2720 causa

2169 2758 2274 2812 est,
2310 2751 2546 2804 vivamus
2571 2749 2772 2817 sobrie,
2800 2751 2856 2807 id
2888 2759 2975 2808 est
2996 2758 3290 2821 temperate
3322 2752 3377 2806 in
3407 2754 3764 2824 nobisipsis:

2169 2849 2225 2896 et
2257 2843 2404 2911 juste
2447 2844 2514 2898 ad
2556 2845 2869 2913 proximum
2896 2861 2916 2902 :
2949 2854 3004 2900 et
3049 2846 3134 2915 pie
3163 2846 3415 2902 vivamus
3450 2847 3520 2901 ad
3547 2845 3720 2902 Deum
3749 2865 3773 2901 :-

2168 2934 2333 2988 etiam
2382 2935 2440 2987 in
2475 2934 2572 2988 hoc
2615 2943 2727 2990 tam
2762 2935 2942 3008 fragili
2971 2951 3228 3006 corpore,
3261 2936 3315 2991 in
3350 2953 3464 3006 quo
3497 2938 3586 2992 vix
3621 2939 3773 3008 justo

2171 3025 2354 3079 vivere
2387 3025 2552 3080 licet:
2585 3025 2666 3082 sic
2697 3025 2902 3095 sobrie,
2927 3027 3077 3098 juste
3112 3037 3166 3083 et
3192 3027 3281 3098 pie
3312 3028 3550 3082 vivendo
3583 3045 3764 3098 ea:er-

2170 3123 2372 3169 ctantes
2399 3116 2606 3170 beatam
2631 3133 2795 3188 spem,
2829 3117 2883 3173 id
2928 3127 3014 3174 est
3043 3127 3316 3189 speratam
3349 3118 3774 3186 beatitudinem,

474 3213 664 3263 ventes
690 3223 787 3264 eos
811 3228 825 3265 :
856 3218 910 3265 et
935 3212 1169 3270 doceant
1194 3231 1290 3272 eas
1313 3233 1436 3273 esse
1456 3219 1760 3286 prudentes,
1789 3231 1842 3276 et
1863 3232 2065 3290 castas,

2172 3217 2220 3261 et
2273 3216 2649 3277 exspectantes
2698 3209 2982 3264 adventum
3017 3210 3203 3282 glorise
3247 3209 3378 3266 Iesu
3426 3211 3672 3278 Christi,
3715 3212 3767 3266 id

474 3305 532 3351 et
579 3299 806 3368 sobrias,
849 3310 905 3356 et
939 3303 993 3357 in
1035 3304 1196 3373 cibis,
1238 3316 1292 3361 et
1327 3307 1384 3361 in
1417 3311 1760 3366 ornamentis
1813 3331 1825 3365 :
1863 3320 1920 3366 et
1959 3313 2060 3366 Ita-

460 3385 654 3445 .ltentes
681 3407 867 3445 curam
897 3394 1084 3451 domus
1099 3438 1114 3464 ,
1141 3398 1196 3453 id
1215 3407 1319 3466 est,
1345 3399 1594 3455 laborent
1621 3417 1748 3458 cum
1770 3403 1904 3460 viris
1926 3404 2066 3462 bene

474 3492 781 3557 procurare
827 3487 1112 3545 familiam.
1149 3489 1390 3548 Doeeant
1419 3493 1586 3548 etiam
1621 3509 1717 3550 eas
1743 3510 1868 3550 esse
1917 3496 2065 3552 beni-

477 3587 614 3644 gnas
641 3575 699 3630 in
728 3581 1045 3651 erogatione
1074 3581 1567 3654 eleemosynarum,
1593 3593 1649 3641 et
1671 3586 1914 3642 subditas
1937 3590 2064 3644 viris

477 3669 639 3725 suis:
687 3686 800 3727 non
850 3689 1020 3745 super
1064 3676 1215 3732 viros
1260 3677 1523 3733 habentes
1573 3678 1884 3748 imperium.
1941 3680 2068 3738 Haec

475 3763 665 3819 omnia
692 3765 928 3823 admone
950 3767 1098 3824 ﬁeri:
1124 3777 1181 3823 ut
1202 3769 1432 3837 verbum,
1447 3771 1599 3827 idest
1618 3771 1952 3841 praedicatio,
1968 3773 2067 3828 Dei

473 3871 584 3911 non
633 3856 1062 3928 blasphemetur:
1112 3861 1159 3917 si
1186 3861 1335 3918 enim
1386 3863 1645 3918 mulieres
1699 3871 1888 3918 contra
1920 3864 2066 3922 viros

474 3949 845 4019 tuperbirent,
875 3953 922 4008 si
950 3963 1137 4010 essent
1167 3955 1410 4020 incestae,
1435 3964 1564 4023 etc.,
1597 3958 1954 4028 opinarentur
1981 3959 2068 4012 in—

474 4039 744 4108 sipientes
779 4043 860 4098 sic
907 4045 1178 4100 contineri
1226 4046 1282 4100 in
1335 4047 1650 4103 Christiana
1702 4049 1975 4114 doctrina,
2011 4058 2068 4104 et

472 4127 602 4192 ideo
655 4128 1100 4199 blasphemarent
1138 4135 1366 4190 verbum
1399 4136 1514 4194 Dei.
1542 4137 1768 4190 Iuvenes
1815 4138 2068 4193 similiter

472 4214 716 4284 hortare,
741 4227 800 4273 ut
823 4220 986 4276 sobrii
1005 4224 1134 4289 sint,
1160 4233 1215 4279 et
1241 4227 1546 4296 temperati.
1571 4226 1642 4283 Ut
1663 4236 1844 4282 autem
1874 4245 2067 4286 omnes

472 4308 874 4370 convenienter
895 4311 1160 4384 corrigas,
1181 4316 1356 4386 prebo
1377 4319 1602 4388 teipsum
1621 4323 1916 4392 exemplum
1942 4325 2067 4382 aliis

475 4396 737 4461 bonorum
773 4415 989 4471 operum
1013 4420 1032 4457 :
1062 4420 1164 4460 nec
1193 4407 1250 4462 in
1277 4408 1626 4479 quibusdam,
1661 4413 1756 4469 sed
1798 4415 1852 4469 in
1891 4418 2066 4470 omni-

473 4492 573 4546 bus
604 4493 882 4564 operibus.
925 4495 1139 4565 Prmbe,
1177 4499 1434 4570 inquam,
1469 4510 1521 4558 te
1551 4506 1858 4575 exemplum
1893 4507 1974 4562 eis
2009 4509 2066 4562 in

2169 3307 2282 3366 est,
2319 3299 2541 3370 quando
2574 3299 2830 3356 Christus
2881 3301 2977 3371 qui
3033 3301 3190 3371 prius
3237 3301 3293 3355 in
3357 3301 3677 3378 humilitate
3707 3313 3764 3358 ut

2164 3391 2410 3446 erudiret
2432 3405 2535 3446 nos
2562 3393 2838 3462 apparuit,
2867 3393 3119 3448 adveniet
3147 3408 3271 3448 cum
3309 3393 3485 3464 gloria
3509 3393 3760 3463 judicare

2164 3483 2664 3542 saeculum-Christi
2683 3484 2828 3551 dico,
2845 3484 3029 3556 magni
3051 3483 3149 3539 Dei
3167 3493 3218 3541 et
3233 3485 3401 3538 nostri
3425 3482 3725 3540 Saluatoris
3745 3503 3772 3548 :_-

2163 3576 2295 3647 quia
2323 3584 2476 3632 tunc
2531 3576 2585 3630 in
2628 3575 2860 3645 judicio,
2905 3577 3076 3632 velint
3127 3577 3323 3644 nolint,
3355 3576 3764 3633 confitebuntur

2164 3684 2294 3724 eum
2317 3683 2576 3740 magnum
2613 3667 2784 3723 Deum
2812 3676 2866 3724 et
2900 3666 3238 3724 Salvatorem
3269 3676 3590 3724 sanctorum
3625 3687 3642 3724 :
3670 3684 3760 3726 vc-

2164 3762 2405 3816 nientem
2437 3769 2570 3816 tunc
2615 3775 2740 3816 cum
2778 3769 3047 3831 potestate
3097 3775 3293 3832 magna
3327 3769 3383 3816 et
3425 3760 3717 3831 majestate
3741 3780 3771 3817 ει

2165 3853 2260 3924 qui
2291 3870 2469 3925 usque
2514 3856 2582 3910 ad
2638 3857 2793 3912 illum
2828 3858 2972 3914 diem
3018 3875 3301 3930 nunquam
3337 3859 3582 3916 confessi
3633 3868 3759 3917 sunt

2164 3945 2447 4002 Christum
2471 3962 2594 4002 esse
2623 3947 2817 4004 Deum.
2849 3950 2956 4016 Qui
2982 3949 3237 4006 Christus
3267 3949 3430 4007 Iesus
3469 3952 3614 4006 inter
3662 3953 3759 4006 hos

2165 4036 2308 4093 duos
2339 4039 2607 4094 adventus
2640 4040 2787 4094 dedit
2817 4043 3158 4112 semetipsum
3210 4058 3306 4113 pro
3330 4043 3484 4098 nobis
3511 4059 3531 4098 :
3558 4043 3686 4099 ideo
3703 4050 3758 4096 ut

2167 4130 2446 4185 redimeret
2475 4147 2568 4185 nos
2595 4132 2659 4185 ab
2688 4133 2832 4186 omni
2860 4133 3160 4205 iniquitate,
3195 4135 3248 4191 id
3272 4144 3357 4190 est
3381 4144 3437 4190 et
3489 4151 3520 4190 a
3553 4135 3757 4206 fragili-

2169 4230 2278 4278 tate
2321 4223 2524 4290 carnis,
2553 4232 2610 4279 et
2646 4240 2676 4279 a
2722 4225 2964 4294 potentia
3009 4235 3064 4282 et
3113 4227 3468 4298 suggestione
3529 4227 3758 4284 diaboli.

2165 4309 2498 4384 Priusquam
2545 4317 2693 4372 enim
2721 4315 2978 4374 Christus
3024 4319 3081 4373 in
3111 4334 3274 4374 cruce
3307 4334 3409 4394 nos
3440 4319 3754 4385 redimeret,

2169 4419 2279 4460 non
2309 4413 2627 4474 poteramus
2663 4407 2838 4462 obniti
2868 4409 3109 4476 diabolo,
3141 4419 3194 4466 et
3238 4411 3577 4482 suggestioni
3618 4413 3762 4481 ejus,

2171 4511 2273 4551 nec
2313 4494 2592 4567 fragilitati
2641 4507 2845 4555 nostra:
2873 4500 3058 4557 carnis
3091 4517 3104 4554 :
3146 4516 3176 4555 a
3229 4515 3344 4571 quo
3371 4500 3624 4571 periculo
3659 4501 3763 4558 nisi

471 4583 732 4638 doctrina
762 4603 776 4639 :
819 4594 882 4641 ut
908 4590 1054 4659 quod
1100 4589 1234 4646 utile
1265 4592 1609 4651 auditoribus
1635 4597 1707 4652 sit
1729 4597 1929 4654 doceas
1959 4618 1972 4653 :
2011 4610 2068 4656 et
2099 4599 2144 4655 D
2168 4603 2271 4644 n05
2319 4587 2461 4644 Deus
2515 4590 2793 4659 liberam.
2848 4594 3065 4649 θιίίιωεί
3106 4594 3389 4653 mundam
3416 4610 3521 4650 n03
3552 4597 3627 4650 ab
3649 4611 3767 4650 οωε

469 4678 527 4730 in
564 4678 872 4749 integritate
915 4683 1160 4742 omnium
1188 4686 1474 4756 virtutum,
1505 4691 1653 4760 quod
1695 4690 1969 4761 perfectus
2012 4703 2069 4749 et

469 4769 688 4842 integer
707 4772 788 4829 sis
817 4773 872 4832 in
898 4775 1088 4844 bonis;
1119 4785 1174 4833 et
1196 4779 1331 4836 doce
1352 4797 1407 4834 in
1435 4785 1713 4852 gravitate,
1742 4783 1796 4840 id
1825 4793 1911 4842 est
1939 4801 2066 4842 cum

445 4858 767 4920 severitate
794 4872 850 4921 et
880 4865 1112 4936 imperio
1137 4870 1458 4938 pontiﬁcali.
1508 4872 1576 4927 Et
1603 4875 1816 4929 verbum
1863 4877 2069 4932 doctri-

475 4963 565 5013 na!
614 4959 723 5010 tuae
757 4955 831 5010 sit
853 4973 1046 5013 sanum
1068 4975 1088 5013 :
1114 4960 1253 5018 nihil
1293 4962 1630 5022 infidelitatis
1660 4967 1858 5022 habeat
1887 4969 2066 5023 admi—

477 5045 660 5109 stum;
686 5043 760 5102 sit
784 5045 949 5102 etiam
975 5048 1620 5126 irrepreltensibilezquod
1641 5073 1743 5114 nec
1765 5059 1948 5130 aliqua
1975 5075 2070 5116 oc-

477 5130 635 5194 casio
657 5136 1252 5203 reprehensionis-inde
1277 5156 1446 5218 queat
1467 5149 1682 5221 concipi
1704 5168 1717 5210 :
1741 5160 1798 5206 et
1820 5152 1926 5208 hoc
1947 5152 2070 5208 ideo

478 5222 721 5293 expedit,
750 5233 810 5278 ut
837 5227 884 5282 is
911 5231 1099 5300 quiest
1125 5249 1190 5292 ea:
1211 5236 1450 5305 adverso,
1474 5240 1530 5295 id
1557 5249 1644 5297 est
1671 5241 1906 5299 infidelis
1936 5243 2071 5300 insi.

477 5310 676 5380 diutor,
704 5327 946 5371 vereatur
973 5320 1177 5376 malum
1200 5325 1372 5382 dicere
1391 5329 1458 5384 de
1479 5332 1628 5390 nobis
1655 5347 1673 5386 .'
1697 5333 1832 5388 nihil
1860 5333 2071 5390 habens

481 5402 630 5460 unde
655 5403 800 5460 male
845 5406 1028 5467 dicere
1063 5413 1258 5481 possit.
1301 5414 1532 5474 Hortare
1554 5421 1720 5474 etiam
1748 5438 1921 5476 servos
1959 5439 2070 5482 esse

477 5493 719 5552 subditos
767 5495 998 5554 dominis
1047 5503 1190 5570 suis,
1240 5521 1310 5561 ne
1343 5509 1664 5577 superbiant
1704 5521 1896 5567 contra
1926 5528 2064 5568 eos:

478 5586 575 5640 sed
628 5586 768 5644 bene
813 5589 928 5672 sint
974 5591 1240 5662 placentes
1271 5597 1436 5669 350
1483 5600 1560 5654 eis
1603 5602 1660 5654 in
1689 5603 1929 5657 omnibus
1966 5603 2068 5657 sibi

477 5677 766 5750 imperitis
796 5702 810 5739 :
845 5701 950 5739 non
973 5689 1393 5746 contradicentes
1428 5692 1509 5747 eis
1539 5693 1591 5748 in
1623 5694 1838 5764 aliquo,
1869 5704 1924 5750 et
1967 5711 2071 5749 non

482 5772 818 5847 frondentes,
849 5780 934 5836 vel
965 5780 1033 5838 de
1073 5783 1235 5841 rebus
1264 5785 1367 5842 sibi
1398 5787 1641 5854 creditis,
1671 5789 1755 5842 vel
1784 5788 1854 5844 de
1885 5789 2072 5848 labore

477 5863 584 5922 sibi
615 5865 884 5938 imperato
913 5891 928 5928 :
955 5883 1018 5931 ut
1043 5891 1168 5932 cum
1194 5877 1446 5936 laborare
1467 5877 1666 5936 debent
1693 5888 1889 5938 vacent
1921 5879 2065 5936 otio:

2147 4693 2150 4700 '
2171 4678 2335 4734 nibus
2357 4681 2618 4750 peccatis,
2643 4681 2780 4736 nihil
2797 4690 2988 4742 tamen,
3011 4683 3296 4754 prodesset
3324 4701 3337 4738 :
3372 4683 3481 4740 nisi
3507 4694 3564 4740 et
3590 4685 3761 4740 virtu-u

2169 4781 2280 4826 tem
2315 4772 2472 4827 daret
2512 4773 2802 4830 resistendi
2840 4775 3286 4848 suggestionibus
3326 4777 3533 4832 diaboli
3573 4787 3631 4833 et
3659 4778 3761 4832 irae

2171 4867 2363 4938 gilitati
2392 4869 2595 4923 carnis.
2617 4868 2723 4937 Qui
2743 4871 2888 4926 enim
2923 4870 3164 4942 primum
3196 4871 3475 4928 hominem
3512 4873 3571 4928 in
3616 4881 3759 4928 tanta

2169 4959 2372 5015 virtute
2418 4970 2662 5016 creatum
2716 4962 3034 5019 subvertere
3084 4964 3295 5033 potuit,
3350 4973 3561 5034 quanto
3595 4963 3764 5035 magis

2169 5066 2296 5106 eum
2327 5052 2423 5123 qui
2469 5061 2550 5109 tot
2597 5054 2838 5110 miseriis
2888 5054 3268 5126 passibilitatis
3312 5064 3367 5112 et
3416 5056 3762 5112 mortalitatis

2169 5134 2469 5215 premitur?
2492 5145 2651 5203 Dedit
2677 5147 2841 5204 etiam
2873 5149 3227 5218 semetipsum
3253 5158 3315 5204 ut
3341 5163 3446 5204 nos
3479 5149 3760 5203 mundam

2171 5235 2242 5290 ab
2265 5236 2415 5291 omni
2446 5235 2684 5293 delicto:
2735 5253 2831 5293 seu
2877 5237 3162 5310 originali,
3192 5253 3290 5293 seu
3324 5239 3551 5306 actuali,
3579 5239 3635 5293 in
3669 5238 3758 5292 bs-

2171 5328 2393 5403 ptismo.
2427 5329 2538 5386 Nos
2565 5330 2710 5397 dico,
2742 5331 2945 5387 factum
2977 5332 3231 5402 populum
3257 5335 3637 5403 acceptabilem
3660 5333 3758 5388 sibi

2172 5427 2298 5488 post
2316 5420 2760 5476 emundationem
2783 5421 3130 5491 baptismatis
3155 5440 3168 5474 :
3198 5437 3296 5491 per
3310 5422 3417 5476 hoc
3436 5419 3572 5490 quia
3599 5428 3758 5475 secta-

2171 5518 2346 5564 torem
2403 5511 2672 5566 bonorum
2714 5529 2982 5584 operum'
3030 5513 3187 5584 prius
3234 5513 3383 5569 enim
3428 5513 3499 5567 ab
3537 5509 3759 5581 imperio

2173 5601 2378 5656 diaboli
2420 5611 2475 5658 et
2521 5603 2814 5674 fragilitate
2843 5603 3031 5660 carnis
3073 5604 3238 5670 eruit,
3271 5603 3472 5659 dehinc
3499 5603 3580 5656 ab
3616 5595 3756 5655 cunni

2170 5693 2368 5748 delicto
2382 5695 2628 5762 mundat,
2651 5705 2706 5750 et
2729 5697 2834 5752 hoc
2856 5705 3152 5774 utrumque
3173 5695 3230 5752 in
3261 5694 3538 5765 baptismo
3567 5711 3581 5748 :
3613 5696 3754 5762 posi-

2131 5803 2134 5807 ‘
2171 5801 2234 5856 ea
2289 5801 2386 5855 per
2423 5788 2750 5857 positionem
2809 5789 3080 5844 bonorum
3108 5787 3238 5844 facit
3264 5803 3364 5843 nos
3408 5784 3754 5856 acceptabiles

2173 5874 2286 5934 Deo
2363 5875 2493 5934 Hac
2540 5880 2805 5954 predicta,
2855 5879 3026 5940 Deum
3075 5877 3280 5937 scilicet
3313 5877 3630 5938 aouaruisse
3667 5885 3752 5943 rt
