3988 6464
180 401 289 459 ιει

856 396 1224 457 ΕΧΓΟΞΙΤΙΟ
1267 395 1338 454 1N
1376 395 1758 485 EPlSTOLAS

1886 393 2023 452 ΕΠ.
2060 426 2131 436 ——
2168 392 2236 452 ΙΝ
2273 391 2496 453 EPIST.
2537 393 2628 452 AD
2669 391 2802 453 Tl'f.

3368 399 3482 459 489.

175 515 443 584 gratiam,
477 523 768 568 venturum
819 520 1003 567 autem
1037 513 1093 567 in
1139 506 1409 583 judiCium
1443 526 1568 566 cum
1601 510 1771 582 gloria
1805 517 1848 572 Α
1879 503 2336 565 mansuetudinem
2381 520 2435 567 et
2465 511 2828 571 humilitatem
2857 532 2869 571 :
2905 529 3015 572 non
3045 525 3254 574 tantum
3283 517 3348 572 ad
3379 516 3472 574 do-

172 616 313 674 ctc.,
353 606 564 677 loquere
607 614 662 659 et
687 604 820 660 doce
843 620 939 660 eos
969 606 1063 675 qui
1093 605 1346 660 nesciunt
1374 623 1388 659 :
1425 611 1474 657 et
1496 603 1775 657 cxhortare

173 716 276 755 eos
324 699 418 769 qui
461 698 643 753 sciunt
684 715 697 752 :
732 706 792 752 ut
847 705 1152 768 praeparent
1183 712 1243 752 se
1287 696 1484 768 dignos
1533 694 1775 750 secundo

173 783 648 855 adventui.-QuOd
680 787 729 841 si
761 787 1028 842 admoniti
1068 787 1290 843 obedire
1314 793 1583 853 renuunt,
1615 801 1776 856 argue

172 896 274 936 eos
311 896 432 934 eum
463 880 606 933 onmi
632 859 886 949 imperio,
918 879 971 936 id
1003 887 1089 935 est
1113 879 1413 951 episcopali
1449 879 1773 935 severitate:

171 972 250 1026 ita
277 981 340 1025 ut
363 986 512 1025 nemo
535 979 585 1024 te
613 978 934 1037 contemnat,
971 969 1026 1026 id
1053 979 1138 1026 est
1193 977 1277 1025 ut-
1295 970 1468 1025 nimia
1495 969 1778 1033 humilitas

171 1073 271 1118 t-ua
323 1079 436 1117 non
497 1071 718 1134 generet
775 1069 1150 1134 contemptum
1199 1061 1528 1134 pontiﬁcalis
1579 1070 1777 1118 aucto-

173 1157 381 1210 ritatis.
1109 1167 1118 1178 '

809 1245 1042 1303 CAPUT
1077 1245 1167 1302 111.

251 1359 274 1394 ι
317 1341 568 1396 Admone
589 1339 712 1395 illos
750 1339 1092 1410 principibus
1117 1350 1174 1395 et
1208 1339 1572 1412 potestatibus
1597 1337 1781 1394 subdi-

186 1449 205 1484 I
250 1441 344 1487 tos
391 1447 538 1500 esse,
571 1433 720 1489 dicto
772 1434 1016 1502 obedire,
1057 1435 1125 1490 ad
1166 1449 1330 1491 omne
1389 1451 1528 1506 opus
1571 1435 1778 1490 bonum

180 1541 200 1576 ι
246 1533 476 1594 paratos
524 1540 685 1581 esse:
733 1525 1025 1604 neminem
1059 1526 1475 1597 blasphemare,
1505 1543 1617 1582 non
1668 1525 1779 1581 liti-

177 1633 200 1667 ι
244 1616 439 1686 giosos
483 1631 628 1683 esse,
665 1615 823 1690 351
874 1617 969 1672 sed
1006 1617 1306 1685 modestos,
1336 1632 1554 1674 omnem
1594 1627 1780 1674 osten-

178 1719 198 1760 ι
244 1707 444 1762 dentes
487 1708 966 1764 mansuetudinem
1011 1709 1078 1764 ad
1120 1719 1314 1764 omnes
1342 1709 1614 1765 homines.
1643 1708 1776 1765 Era-

179 1814 196 1848 l
238 1813 372 1853 mus
401 1797 551 1853 enim
592 1799 890 1870 aliquando
928 1808 982 1854 et
1013 1814 1117 1855 nos
1146 1800 1467 1870 insipientes
1503 1809 1558 1856 et
1599 1801 1779 1857 incre-

1876 601 2079 667 minos,
2107 601 2204 656 sed
2240 603 2405 656 etiam
2454 603 2524 657 ad
2555 620 2732 660 omnes
2775 605 3031 664 homines.
3075 600 3365 680 Propterea
3391 610 3471 667 sic

1876 693 2003 748 volo
2029 708 2221 749 omnes
2252 695 2475 752 obedire
2494 696 2660 752 etiam
2707 698 3018 757 inlidelibus
3056 701 3314 765 dominis,
3341 702 3467 772 quia

1878 783 2126 840 fortassis
2152 785 2246 857 qui
2271 787 2434 842 modo
2454 783 2697 845 infideles
2727 804 2856 846 sunt
2880 791 3008 848 ﬁent
3030 793 3138 849 cito
3161 792 3348 848 ﬁdeles
3365 793 3472 848 s'c—

1877 885 1938 932 ut
1979 886 2032 933 et
2093 891 2212 932 nos.
2262 876 2493 933 Eramus
2530 882 2672 935 enim
2719 882 3026 954 aliquando,
3077 885 3132 941 id
3179 893 3264 939 est
3307 885 3471 954 paulo

1879 977 2024 1038 ante,
2047 970 2372 1040 insipientes,
2422 972 2634 1028 etiamsi
2665 971 2944 1044 sapientes
2971 976 3160 1031 mundi
3200 992 3467 1034 essemus.

1879 1059 1947 1117 Et
1974 1063 2103 1133 quia
2141 1063 2210 1118 de
2251 1063 2564 1134 cognitione
2611 1065 2705 1121 Dei
2748 1068 2885 1122 nihil
2930 1069 3300 1139 sapicbamus,
3347 1069 3470 1124 ideo

1877 1169 2098 1212 eramus
2133 1156 2415 1223 increduli,
2451 1172 2560 1212 non
2598 1159 2862 1217 habentes
2888 1161 3050 1217 ﬁdem
3094 1161 3208 1218 Dei.
3237 1162 3474 1219 Eramus

1879 1247 2044 1302 etiam
2073 1257 2332 1314 errantes,
2358 1247 2410 1303 id
2434 1257 2518 1306 est
2544 1260 2854 1320 peccantes,
2886 1263 2940 1309 et
2969 1255 3250 1308 seruientes
3271 1255 3473 1309 desidea

1879 1340 1999 1404 riis,
2037 1339 2167 1410 quia
2202 1340 2248 1396 si
2271 1341 2720 1400 desiderabamus
2751 1347 3040 1414 pecuniam
3076 1364 3172 1402 seu
3207 1348 3470 1416 honores,

1881 1433 2053 1486 multo
2080 1433 2268 1489 labore
2291 1434 2666 1512 serviebamus
2682 1437 2748 1492 ad
2776 1438 2892 1493 haec
2915 1441 3330 1512 consequenda;
3355 1456 3470 1496 scr—

1878 1523 2089 1580 vientes
2109 1525 2271 1579 etiam
2289 1511 2658 1597 uoluptatibus
2706 1531 2890 1585 carnis
2944 1511 3129 1598 uariis,
3179 1533 3233 1588 id
3270 1542 3354 1589 est
3380 1550 3472 1591 se-

1881 1616 2120 1672 cundum
2147 1631 2342 1672 omnes
2372 1632 2591 1672 sensus.
2633 1616 2789 1684 Quod
2830 1618 2975 1674 enim
3015 1620 3208 1677 oculus
3232 1622 3470 1691 videbat,

1878 1706 1965 1761 vel
1992 1707 2143 1761 auris
2167 1707 2442 1774 audiebat,
2472 1723 2670 1763 manus
2697 1709 2802 1765 hoc
2818 1710 3278 1781 comprehendere
3313 1711 3470 1766 labo-

1880 1799 2055 1854 rabat.
2078 1797 2190 1855 Nos
2216 1800 2360 1867 dico,
2405 1809 2616 1871 agentes
2662 1802 2717 1856 in
2760 1803 2992 1868 malitia,
3024 1801 3151 1873 quia
3178 1817 3300 1872 qua:
3329 1803 3474 1858 mala

176 1907 194 1942 α
241 1891 387 1957 duli,
413 1862 702 1957 errantes;
718 1891 1018 1947 servientes
1050 1862 1337 1947 desideriis
1379 1901 1434 1948 et
1479 1893 1774 1964 voluptati-
1809 1862 1853 1922 Β
1880 1893 2008 1948 licet
2025 1900 2203 1959 erant,
2237 1862 2608 1947 inferebamus
2639 1893 2928 1964 proximis,
2953 1862 3387 1966 agentes-etiam
3417 1895 3475 1948 in

159 2003 196 2039 ς
239 1985 353 2040 bus
374 1985 566 2050 variis,
607 1985 662 2039 in
695 1984 902 2040 malitia
931 1994 986 2040 et
1017 1985 1218 2041 invidia
1256 1967 1498 2056 agentes,
1523 1986 1774 2054 odibiles,

176 2097 195 2129 ι
243 2077 954 2134 odientesinvieem.'Cum
1003 2087 1183 2134 autem
1221 2079 1533 2150 benignitas
1581 2089 1635 2134 et
1671 2079 1777 2134 hu-

175 2189 194 2221 c
239 2170 488 2224 munitas
531 2169 784 2239 apparuit
826 2167 1127 2225 Salvatoris
1168 2171 1343 2226 nostri
1384 2169 1500 2238 Dei,
1549 2185 1657 2225 non
1707 2185 1776 2224 ex

174 2279 192 2312 t
236 2261 507 2331 operibus
530 2260 756 2330 justitire
782 2276 906 2331 qua:
931 2259 1164 2316 fecimus
1203 2277 1325 2328 nos,
1350 2261 1446 2317 sed
1472 2260 1774 2316 secundum

175 2371 194 2404 ι
238 2368 407 2409 suam
439 2352 881 2408 misericordiam'
897 2353 1080 2408 salvos
1102 2370 1203 2409 nos
1222 2352 1353 2408 fecit
1378 2369 1474 2424 per
1495 2355 1774 2409 lavacrum

174 2457 193 2496 α
237 2443 682 2516 regenerationis
729 2451 784 2499 et
845 2443 1219 2500 renovationis
1273 2443 1512 2516 Spiritus
1576 2445 1772 2512 sancti,

175 2557 194 2591 ι
235 2553 412 2609 quem
437 2537 633 2593 eﬁ‘udit
648 2537 702 2592 in
736 2552 842 2592 nos
863 2537 1102 2605 abunde,
1136 2553 1233 2608 per
1269 2536 1461 2593 Jesum
1492 2537 1774 2594 Christum

175 2647 194 2681 α
240 2628 589 2684 Salvatorcm
633 2633 906 2696 nostrum,
952 2637 1014 2683 ut
1053 2628 1338 2698 justiﬁcati
1369 2629 1541 2700 gratia
1577 2629 1772 2699 ipsius,

177 2739 196 2774 ι
239 2721 495 2777 ὶιωτεόεε
534 2721 710 2777 simus
739 2719 1043 2776 secundum
1082 2734 1234 2790 spem
1267 2720 1393 2774 vitae
1419 2728 1654 2776 aeternas.
1683 2720 1778 2774 Fi-

175 2833 195 2868 ι
240 2813 386 2870 delis
414 2828 598 2869 sermo
637 2820 742 2869 est.
776 2811 844 2866 Et
870 2811 938 2867 de
965 2811 1050 2868 his
1076 2811 1201 2866 volo
1233 2819 1289 2866 te
1321 2811 1666 2878 conﬁrmare,
1715 2820 1776 2867 ut

174 2923 197 2960 ι
236 2914 443 2963 curent
486 2906 646 2962 bonis
676 2905 936 2976 operibus
966 2917 1202 2976 praeesse
1247 2903 1342 2975 qui
1374 2903 1602 2960 credunt
1637 2903 1771 2960 Deo.

175 3018 195 3051 ι
238 2999 373 3055 Haec
395 3007 529 3054 sunt
550 2999 694 3053 bona
709 3005 764 3052 et
789 2995 944 3060 utilia
978 2995 1319 3052 hominibus.
1354 2994 1564 3052 Stultus
1589 3005 1772 3052 autem

177 3109 195 3144 ι
239 3090 604 3163 quaestiones,
659 3097 714 3146 et
762 3088 1128 3160 genealogias,
1176 3097 1231 3143 et
1275 3091 1676 3158 contentiones,
1719 3097 1775 3146 et

175 3196 196 3236 ι
237 3199 462 3256 pugnas
485 3183 630 3256 legis
653 3182 856 3239 devita.
890 3181 1031 3237 Sunt
1069 3182 1216 3237 etiim
1248 3181 1470 3238 inutiles
1513 3191 1570 3238 et
1593 3199 1766 3238 vanas.
1801 3221 1844 3280 α

177 3295 196 3328 ε
238 3275 577 3332 Haereticum
619 3275 898 3330 hominem
921 3282 1047 3346 past
1091 3273 1678 3347 unam[a1.,’primam]
1720 3284 1775 3332 et

178 3389 196 3423 ι
237 3369 548 3427 secundam
583 3369 986 3440 correptionem
1023 3368 1226 3436 devita,
1279 3369 1460 3426 sciens
1488 3368 1618 3440 quia
1640 3369 1773 3426 sub-

177 3475 196 3511 t
238 3476 446 3515 versus
479 3468 562 3515 est
595 3459 692 3530 qui
715 3459 990 3530 ejusmodi
1014 3467 1120 3527 est,
1138 3456 1202 3515 et
1229 3460 1516 3531 delinquit,
1548 3476 1672 3516 cum
1703 3461 1776 3517 sit

177 3571 196 3604 ι
235 3551 472 3624 proprio
511 3552 722 3622 judicio
769 3552 1190 3608 condemnatus.
1216 3550 1356 3607 Cum
1391 3551 1599 3608 misero
1627 3552 1694 3609 ad
1721 3561 1776 3610 te

177 3661 196 3698 α
240 3647 553 3713 Artemam,
580 3653 677 3700 aut
701 3643 1022 3717 Tychicum,
1045 3643 1242 3700 festina
1266 3645 1330 3700 ad
1358 3661 1446 3701 me
1469 3638 1660 3702 venire
1681 3643 1778 3701 Ni-

179 3757 197 3790 ι
241 3737 512 3808 copoiim.
563 3737 641 3793 lbi
683 3737 831 3793 enim
869 3737 1035 3793 statui
1069 3737 1332 3793 hiemare.
1376 3738 1578 3792 Zenam
1603 3735 1775 3809 legis-

179 3849 198 3882 ‹
241 3831 489 3902 peritum
513 3838 568 3885 et
588 3830 782 3900 Apollo
810 3830 1039 3886 sollicite
1066 3831 1354 3900 prmmitte,
1386 3838 1447 3884 ut
1497 3830 1634 3885 nihil
1668 3829 1777 3886 illis

181 3942 200 3975 t
242 3923 414 3978 desit.
442 3921 670 3978 Discant
690 3931 871 3978 autem
893 3930 950 3978 et
977 3923 1144 3979 vestri
1163 3922 1326 3978 bonis
1352 3921 1612 3992 operibus
1637 3937 1778 3992 pra:-

179 4033 201 4069 ι
239 4030 373 4071 esse
399 4015 468 4069 ad
495 4027 634 4070 usus
662 4015 1025 4083 necessarios,
1061 4023 1120 4070 ut
1152 4029 1264 4070 non
1287 4014 1398 4070 sint
1427 4013 1772 4070 infructuosi.

181 4126 202 4161 ι
247 4105 516 4162 Salutant
559 4113 615 4161 te
661 4103 758 4175 qui
787 4119 1002 4161 mecum
1035 4111 1166 4160 sunt
1197 4118 1409 4160 omnes.
1457 4101 1643 4157 Saluta
1682 4119 1777 4158 eos

183 4219 201 4253 ι
242 4198 350 4270 qui
373 4212 478 4253 nos
505 4207 693 4253 amant
712 4197 772 4252 in
792 4194 1114 4268 ﬁde.:Gratia
1137 4194 1372 4269 Dei_cum
1401 4195 1658 4252 omnibus
1681 4211 1778 4251 vo—

184 4312 202 4348 ι
245 4292 362 4348 bis.
393 4289 593 4345 Amen.
639 4308 662 4343 ι
1104 4356 1117 4366 .

821 4393 1127 4436 εχροειτιθ.

192 4461 198 4468 ’
247 4474 336 4528 Ne
375 4473 542 4529 modo
577 4472 755 4541 Titus,
791 4473 926 4544 quia
960 4472 1175 4527 dixerat
1218 4470 1423 4529 Paulus
1449 4472 1592 4527 omni
1615 4473 1776 4544 impe~

1879 1983 2102 2051 invidia,
2128 1983 2256 2054 quia
2279 1972 2404 2037 cum
2428 1983 2665 2053 amplius
2689 1999 2800 2038 non
2837 1993 3174 2054 poteramus,
3203 1983 3474 2056 proximis

1878 2076 2276 2131 invidebamus.
2314 2070 2427 2130 Nos
2451 2075 2573 2130 dico
2614 2076 2835 2131 odibiles
2874 2077 3016 2144 aliis,
3048 2084 3103 2132 et
3145 2092 3174 2130 e
3206 2091 3474 2131 converso

1877 2167 2112 2222 odientes
2145 2168 2304 2233 alios,
2348 2167 2531 2222 eundo
2561 2168 2802 2235 inuicem,
2841 2168 2896 2223 id
2937 2165 3021 2224 est
3063 2168 3117 2222 in
3151 2183 3473 2238 recompen-

1877 2258 2147 2314 sationem
2184 2258 2313 2313 odii.
2360 2256 2520 2314 Tales
2565 2258 2720 2329 prius
2754 2273 2996 2326 eramus,
3029 2260 3120 2314 sed
3163 2276 3282 2313 cum
3325 2258 3474 2313 beni-

1877 2352 2054 2422 gnitas
2088 2350 2208 2418 Dei,
2243 2351 2295 2406 id
2334 2358 2417 2406 cst
2441 2349 2587 2405 Deus
2621 2366 2717 2420 per
2738 2350 3152 2421 benignitatem,
3189 2357 3240 2404 et
3277 2348 3471 2403 Imma-

1877 2443 2018 2498 nitas
2040 2439 2138 2498 Dei
2169 2443 2418 2514 apparuit
2443 2457 2462 2496 :
2492 2442 2744 2513 designat
2774 2457 2968 2513 quare,
3005 2450 3061 2496 et
3089 2457 3187 2512 per
3207 2441 3340 2511 quid
3363 2442 3473 2499 hoc

1875 2536 2084 2593 factum
2127 2535 2312 2605 fuerit,
2348 2544 2574 2608 prOpter
2609 2533 3000 2609 benignitatem
3041 2536 3250 2592 scilicet
3289 2544 3344 2591 et
3376 2551 3474 2608 per

1876 2630 2274 2687 humanitatem
2302 2649 2314 2684 :
2343 2645 2468 2685 cum
2508 2627 2698 2700 utique
2732 2627 2879 2684 Deus
2909 2644 3076 2684 causa
3118 2628 3473 2700 benignitatis

1874 2737 1975 2796 per
1995 2723 2395 2779 humanitatem
2451 2723 2734 2778 counitam
2781 2720 2963 2777 Verbo
3003 2721 3184 2777 Patris
3221 2722 3478 2793 apparuit

1876 2817 2122 2884 mundo;
2159 2815 2258 2870 Dei
2288 2816 2430 2882 dico,
2477 2817 2646 2869 nostri
2685 2813 3002 2883 Saluatoris,
3041 2816 3170 2886 quia
3211 2817 3352 2873 sicut
3373 2831 3475 2888 pro

1875 2909 2058 2976 nobis,
2084 2909 2164 2964 sic
2185 2924 2286 2979 pro
2315 2908 2397 2963 eis
2418 2909 2512 2979 qui
2552 2908 2731 2963 adhuc
2762 2909 3009 2965 inﬁdeles
3045 2919 3175 2966 sunt
3198 2911 3474 2968 salvandis

1875 2999 2168 3069 apparuit:
2200 3016 2290 3053 nec
2318 2998 2422 3054 hoc
2454 2999 2556 3054 fuit
2591 3017 2656 3055 ea;
2689 3001 2931 3071 operibus
2964 3002 3199 3072 justitite
3238 3020 3355 3076 quo:
3377 3019 3472 3060 nos

1876 3090 2165 3162 aliquando
2215 3091 2458 3161 fecimus,
2491 3092 2676 3160 idest,
2729 3093 2853 3161 hoc,
2900 3103 2957 3148 ut
2983 3093 3127 3150 Deus
3163 3107 3476 3167 appareret,

1876 3199 2158 3253 nunquam
2183 3199 2668 3254 promcrueramus
2694 3204 2708 3252 ;
2749 3187 2840 3240 sed
2862 3187 3149 3242 secundum
3174 3205 3328 3243 suam
3365 3191 3471 3244 nti-

1876 3275 2222 3350 sericordiam
2256 3276 2378 3346 fecit
2408 3293 2500 3329 nos
2531 3277 2704 3331 salvos
2735 3276 2880 3334 Deus
2907 3296 2998 3349 per
3029 3278 3305 3334 lavacrum
3326 3297 3470 3353 rege-

1877 3367 2190 3434 iterationis,
2243 3368 2296 3423 id
2321 3377 2407 3424 est
2437 3385 2534 3439 per
2571 3369 2904 3440 baptismum
2937 3371 2991 3426 in
3021 3387 3132 3442 quo
3168 3373 3347 3444 prima
3371 3389 3477 3446 ges

1876 3461 2248 3532 neratio,qu:e
2274 3461 2328 3516 in
2359 3463 2597 3534 peccatis
2626 3473 2728 3530 est,
2779 3464 3116 3534 destruitur:
3145 3474 3200 3521 et
3231 3466 3472 3523 secunda

1877 3553 2440 3624 spiritualis,-scilicct
2469 3556 2747 3626 generatio
2792 3555 3056 3612 habetur:
3090 3567 3141 3612 et
3184 3573 3280 3628 per
3318 3558 3470 3613 lava-

1877 3662 2033 3702 crum
2063 3640 2438 3701 renorationis.
2478 3646 2791 3718 Baptismus
2837 3649 2983 3704 enim
3029 3650 3158 3720 quia
3196 3650 3472 3720 praecedit,

1879 3739 2014 3795 tales
2056 3755 2158 3795 nos
2191 3739 2370 3805 edicit,
2407 3741 2500 3810 qui
2541 3741 2784 3811 quotidie
2823 3742 3122 3798 crescendo
3168 3742 3224 3796 in
3253 3743 3477 3810 melius,

1878 3832 2052 3903 magis
2101 3847 2166 3887 ac
2211 3831 2372 3904 352
2415 3833 2591 3904 magis
2645 3849 3017 3901 renovamur;
3063 3833 3218 3904 juxta
3267 3834 3468 3902 illud:

1885 3945 1903 3977 ι
1939 3923 2300 3981 Renovamini
2330 3925 2525 3995 spiritu
2541 3925 2739 3981 mentis
2763 3934 2956 3982 vestra:
2983 3925 3420 3996 (Ephes.tv,25).
3447 3945 3466 3978 ι

1883 4014 2033 4071 Unde
2053 4015 2127 4070 ait
2154 4033 2166 4069 :
2184 4015 2610 4086 regenerationis,
2624 4031 2721 4085 per
2740 4016 3148 4072 evacuationem
3166 4017 3432 4072 malorum
3453 4032 3474 4086 ;

1878 4116 1931 4162 et
1969 4107 2320 4161 renovationis
2389 4124 2488 4178 per
2547 4108 2874 4178 positionem
2928 4109 3199 4164 bonarum
3256 4129 3268 4164 :
3325 4111 3473 4181 quod

1879 4210 2174 4272 utrumque
2220 4209 2275 4256 et
2325 4201 2667 4270 rcgeneratio
2712 4209 2768 4255 et
2795 4202 3078 4256 renovatio
3104 4210 3188 4256 est
3241 4200 3476 4271 Spiritus

1878 4293 2087 4358 sancti;
2119 4308 2216 4363 per
2267 4291 2520 4362 spiritum
2556 4293 2704 4348 enim
2740 4302 2989 4349 sanctum
3025 4303 3081 4350 et
3126 4294 3482 4351 remittuntur

1879 4395 2124 4456 peccata,
2174 4393 2229 4441 et
2287 4386 2634 4456 accipiuntur
2679 4387 2933 4444 virtutes.
2997 4387 3165 4453 Quem
3209 4389 3475 4460 Spiritum

1882 4487 2130 4534 sanctum
2159 4478 2348 4548 effudit
2376 4479 2522 4534 Deus
2549 4480 2606 4533 in
2628 4495 2720 4532 nos
2755 4478 2981 4547 abunde,
3014 4481 3065 4535 id
3096 4490 3181 4537 est
3212 4481 3480 4536 sullicicn-

179 4567 280 4633 rio,
321 4566 640 4636 opinaretur
680 4565 1036 4621 commissum
1065 4564 1169 4620 sibi
1211 4564 1495 4635 populum,
1527 4563 1632 4620 sibi
1654 4574 1776 4621 tan-
1805 4565 1851 4624 D
1879 4578 1961 4625 ter
1990 4571 2059 4625 ad
2080 4569 2460 4625 remissionem
2483 4570 2729 4626 omnium
2759 4571 3120 4637 delictorum;
3149 4571 3358 4637 eﬂ‘udit,
3388 4571 3474 4624 in-

181 4668 304 4725 tum
341 4657 543 4728 subjici
568 4658 785 4725 debere,
809 4667 864 4714 et
893 4673 1005 4712 non
1031 4657 1395 4727 potestatibus
1426 4657 1636 4725 mundi,
1663 4658 1780 4714 haec

182 4750 522 4817 removendo
563 4751 677 4805 ait:
725 4751 964 4804 Admone
1003 4749 1148 4816 illos,
1177 4748 1489 4818 Cretenses,
1538 4751 1778 4806 subditos

182 4860 293 4918 esse
316 4843 652 4914 principibus
698 4843 909 4910 mundi,
947 4851 1008 4898 ut
1042 4842 1344 4920 regibusel
1371 4844 1586 4900 caeteris
1627 4852 1778 4914 pote-3

182 4936 442 5001 statibus,
489 4935 748 4989 solvendo
795 4934 1017 5000 tributa,
1081 4943 1136 4990 et
1175 4949 1374 4990 census
1398 4923 1609 4991 debitos
1649 4936 1775 4992 illis.

181 5025 440 5083 Admone
458 5025 628 5081 etiam
661 5026 785 5081 illos
818 5026 1042 5082 obedire
1067 5027 1234 5095 dicto,
1271 5026 1324 5082 id
1363 5033 1450 5082 est
1476 5029 1782 5099 przeceptis,

182 5119 528 5190 principum,
555 5133 658 5175 nec
689 5126 875 5174 tamen
924 5119 995 5174 ad
1028 5134 1167 5191 opus
1197 5119 1470 5175 nefarium
1498 5138 1512 5188 ;
1554 5120 1650 5176 sed
1684 5138 1782 5192 pa-

185 5219 336 5265 ratos
371 5226 486 5264 esse
507 5209 578 5263 ad
609 5226 758 5265 omne
777 5227 909 5281 opus
945 5212 1156 5282 bonum,
1187 5213 1335 5283 quod
1368 5213 1682 5285 praseipitur
1702 5214 1786 5271 eis

187 5319 217 5357 a
242 5302 590 5374 principibus
613 5303 748 5359 suis.
775 5301 834 5359 Si
865 5303 1010 5359 enim
1049 5305 1118 5360 ad
1139 5305 1412 5360 culturam
1439 5305 1568 5361 idoli
1592 5306 1672 5361 ire
1693 5305 1779 5377 ju-

184 5397 385 5452 berent
414 5411 512 5450 eos
533 5396 825 5468 principes,
845 5412 941 5452 seu
965 5397 1031 5452 ad
1053 5399 1330 5469 quodlibet
1353 5397 1645 5467 nefarium,
1671 5415 1782 5454 non

187 5499 338 5545 esset
364 5489 449 5545 eis
475 5491 747 5544 cundum:
780 5487 1043 5560 «Oportet
1063 5492 1209 5547 enim
1236 5492 1411 5564 magis
1427 5492 1648 5548 obedire
1673 5492 1782 5560 Deo

187 5586 358 5652 quam
392 5569 712 5638 hominibus
734 5581 877 5652 (Act.
913 5599 967 5649 ν,
997 5581 1111 5654 39).
1156 5602 1176 5635 ι
1203 5583 1451 5640 Admone
1472 5601 1568 5641 eos
1596 5585 1782 5654 etiam,

190 5666 456 5728 neruinem
473 5673 823 5729 dominorum
840 5690 1065 5730 suorum
1081 5675 1443 5745 blasphemare
1463 5693 1481 5730 :
1504 5694 1595 5731 nec
1621 5676 1784 5734 etiam

188 5761 480 5837 litigiosus,
522 5766 574 5821 id
598 5776 684 5821 est
717 5781 818 5822 nec
854 5768 1134 5823 decertare
1168 5776 1355 5824 contra
1388 5769 1660 5837 dominos,
1693 5769 1784 5824 sed

191 5861 458 5913 modestos
507 5867 561 5913 et
603 5859 740 5912 bene.
781 5865 1132 5928 temperatos,
1183 5859 1509 5916 ostendentes
1564 5851 1801 5914 omnem'

1885 4675 2073 4730 quam,
2099 4676 2190 4730 per
2214 4657 2398 4713 Iesum
2439 4657 2711 4714 Christum
2746 4658 3074 4714 Salvatorem
3117 4669 3356 4714 nostrum
3387 4675 3478 4714 se-
3499 4653 3526 4716 ,’

1886 4752 2125 4808 cundum
2160 4750 2441 4805 hominem
2471 4751 2580 4805 hoc
2627 4751 2982 4806 intellectum.
3027 4750 3172 4807 Deus
3200 4753 3346 4805 enim
3381 4752 3477 4822 qui

1886 4842 1941 4898 in
1965 4841 2189 4917 homine
2220 4841 2312 4896 illo
2339 4849 2476 4909 erat,
2501 4857 2598 4911 per
2629 4842 2908 4908 hominem
2948 4842 3100 4896 illum
3130 4842 3277 4898 dedit
3305 4841 3504 4915 Spiri.2

1885 4944 2000 4990 tum
2027 4941 2278 4989 sanctum
2305 4953 2317 4988 :
2349 4933 2415 4988 ad
2450 4935 2554 4989 hoc
2587 4944 2644 4987 ut
2679 4949 2780 4989 nos
2809 4935 3099 5004 jttsti/icati
3124 4951 3216 5005 per
3247 4935 3498 5005 gratiam

1883 5024 2054 5094 ipsius
2078 5021 2192 5091 Dei,
2219 5024 2386 5100 simus
2407 5023 2638 5078 hwredes
2669 5023 2792 5077 vita:
2817 5032 3028 5078 a’ternte
3055 5041 3068 5078 :
3095 5032 3149 5078 et
3165 5025 3267 5079 hoc
3292 5040 3479 5078 secun-

1887 5117 2015 5170 dum
2047 5132 2211 5187 spem,
2248 5116 2300 5170 id
2327 5123 2413 5171 est
2439 5116 2739 5172 secundum
2767 5116 2915 5187 quod
2946 5130 3234 5186 speramus
3258 5116 3389 5173 dum
3419 5116 3506 5172 in:

1888 5207 1995 5263 hoc
2022 5207 2228 5262 mundo
2261 5191 2532 5263 tenemur.

1962 5301 2060 5357 Hic
2085 5317 2266 5358 sermo
2290 5317 2454 5372 quem
2493 5301 2630 5369 dixi,
2663 5301 2872 5358 scilicet
2899 5317 2995 5373 per
3023 5300 3297 5356 lavacrum
3337 5318 3482 5374 rege-

1890 5395 2178 5449 nerationis
2207 5411 2308 5451 nos
2333 5394 2552 5462 salvari,
2581 5404 2636 5451 et
2672 5395 2904 5451 hwredes
2950 5395 3166 5452 futuros
3212 5411 3334 5452 esse
3359 5397 3484 5450 uitta

1890 5498 2121 5553 (sternte,
2163 5496 2266 5543 etc.
2297 5507 2310 5543 :
2337 5487 2444 5556 hic,
2478 5487 2700 5559 inquam
2735 5505 2904 5544 sermo
2935 5489 3113 5558 ﬁdelis
3141 5497 3218 5543 est
3256 5497 3311 5542 et
3341 5488 3484 5543 bene

1889 5577 2185 5634 credibilis.
2242 5576 2309 5633 Et
2355 5579 2476 5633 ideo
2523 5579 2587 5633 de
2610 5579 2692 5633 Itis
2742 5595 2865 5651 qua:
2893 5579 3140 5652 praedixi,
3178 5578 3293 5633 uolo
3342 5588 3411 5646 te,
3447 5595 3484 5634 ο

1893 5666 2376 5740 Tite,_con/irmare
2405 5669 2714 5739 Cretenses,
2751 5681 2808 5726 ut
2850 5673 2968 5728 haec
2999 5671 3229 5727 ﬁrmiter
3249 5670 3479 5734 creden-

1888 5770 1991 5830 tes,
2029 5772 2212 5818 curent
2241 5779 2460 5833 praeesse
2494 5763 2642 5820 bonis
2686 5764 2950 5835 operibus,
2983 5763 3128 5844 ut
3156 5762 3320 5819 hodie
3344 5762 3484 5822 bene

1889 5865 2205 5925 operantur,
2243 5872 2362 5910 cras
2411 5858 2631 5912 meliora
2679 5857 2958 5918 operando
3004 5871 3236 5912 nrmcssc
3277 5854 3483 5913 faciant
