3906 6294
525 313 633 370 λεδ

1069 309 1128 364 S.
1173 303 1524 372 Βιιωεοωδ
1557 289 2210 356 CAR’l‘iibStANUhUH
2245 289 2736 348 lNSTlTUTO'RlS
2775 291 2928 348 OPP.
2969 293 3152 350 PARS
3189 289 3256 348 11.

3413 236 3480 248 ..ν

3673 298 3754 358 684

523 427 804 486 hodiernis
834 427 1014 482 bonis.
1051 425 1258 482 Curent
1295 423 1460 479 etiam
1495 431 1729 489 pmesse
1757 414 1900 478 aliis,
1931 410 2114 466 dando
2145 413 2192 472 Λ
2219 407 2492 474 videmus,
2515 405 2832 478 iudicamus
2880 407 2948 466 de
2985 408 3342 466 interioribus
3371 405 3528 479 :quia
3569 409 3696 468 enim
3717 413 3770 472 in-

521 519 837 588 exemplum
881 519 1152 574 bonorum
1203 515 1260 572 hi
1309 513 1400 584 qui
1452 507 1671 563 credunt
1707 505 1840 560 Deo.
1881 501 1948 558 Et
1981 503 2114 569 lucc,

522 613 734 668 scilicet
759 625 996 682 praeesse
1023 608 1182 664 bonis
1208 603 1486 674 Operibus,
1517 607 1640 654 sunt
1667 597 1802 652 bona
1827 595 1934 652 illis
1958 594 2114 666 ipsis,

523 713 574 759 et
595 713 727 760 sunt
751 702 910 758 utilia
929 698 1226 755 hominibus
1249 711 1342 750 eos
1368 690 1728 746 imitantibus.
1768 687 1844 744 De
1867 689 1954 744 bis
1985 701 2119 742 con-

525 774 686 850 firma
719 795 1052 856 Cretenses;
1088 788 1178 842 sed
1199 783 1394 840 stultas
1435 781 1752 852 qumstiones
1799 787 1850 844 et
1874 777 2120 850 genealo—

525 885 643 955 gia-s
672 891 726 938 et
755 879 1128 938 contentiones
1167 889 1290 945 quae
1325 879 1538 928 certant
1579 870 1722 924 inter
1759 885 1819 924 se
1864 870 1932 924 de
1955 868 2118 926 intel-

525 976 670 1030 lectu
701 972 1126 1042 Scripturarum,
1149 976 1200 1020 et
1239 979 1443 1036 pugnas
1483 961 1635 1032 legis,
1666 961 1720 1015 id
1749 970 1834 1014 est
1867 975 1988 1030 quae
2013 957 2118 1014 sibi

528 1066 762 1120 invicem
811 1063 1064 1117 videntur
1111 1057 1408 1122 contraire,
1456 1070 1799 1126 quaecunque
1831 1059 1962 1108 sunt
2016 1051 2120 1106 hu-

523 1156 782 1229 iusmodi,
816 1154 1011 1206 devita.
1042 1149 1178 1205 Sunt
1213 1149 1354 1203 enim
1389 1147 1628 1215 inutiles,
1654 1147 1772 1201 sine
1794 1144 1980 1214 aliquo
1999 1141 2103 1198 fru-

525 1257 639 1314 ctu,
677 1245 952 1314 (quodque
979 1243 1136 1313 pejus
1172 1241 1276 1310 est)
1319 1244 1489 1308 vatim,
1516 1239 1571 1296 id
1599 1249 1683 1296 est
1711 1238 1829 1294 sine
1863 1237 2116 1302 veritate;

523 1337 854 1408 quaestiones
893 1336 993 1390 bas
1024 1334 1224 1389 devita.
1260 1333 1448 1388 Devita
1485 1333 1649 1388 etiam
1692 1328 2120 1385 haereticuth—

523 1428 738 1494 miuem,
771 1428 821 1483 id
849 1437 933 1483 est
962 1427 1032 1482 ab
1059 1427 1268 1481 unitate
1299 1425 1424 1480 ﬁdci
1457 1425 1716 1481 divisum.
1749 1422 1937 1478 Devita
1973 1420 2118 1487 dico,

524 1520 572 1575 si
599 1519 993 1590 incorrigibilis
1021 1517 1188 1574 fuerit
1211 1527 1328 1590 post
1353 1535 1534 1584 unam,
1571 1517 1626 1572 id
1660 1523 1746 1571 est
1779 1514 2037 1586 primam,
2069 1521 2120 1568 et

523 1611 808 1666 secundum
849 1611 1254 1681 correptionem,
1287 1609 1414 1680 quia
1461 1608 1506 1664 si
1546 1597 1632 1664 bis
1659 1605 1974 1662 admonitus
2010 1618 2122 1658 non

525 1703 862 1772 paenituerit,
891 1703 981 1758 hic
1026 1701 1122 1773 qui
1158 1711 1243 1758 est
1284 1699 1566 1770 ejusmodi,
1597 1699 1652 1753 id
1689 1705 1773 1753 est
1807 1695 2119 1760 haereticus,

527 1792 806 1848 subversas
837 1803 956 1858 est;
989 1809 1098 1848 non
1134 1809 1230 1864 per
1277 1791 1640 1862 ignorantiam
1661 1831 1676 1856 ,
1713 1789 1806 1844 sed
1857 1788 2037 1844 sciens
2067 1795 2124 1841 et

530 1873 771 1952 prudens
793 1899 1017 1937 manum
1049 1883 1217 1938 mittit
1241 1882 1295 1936 in
1330 1882 1530 1952 ignem,
1571 1889 1622 1934 et
1656 1879 1747 1934 hic
1781 1877 1908 1933 talis
1950 1875 2123 1930 delin-

527 1975 643 2044 quit
667 1975 884 2044 praprio
905 1975 1138 2045 judicio,
1170 1975 1224 2028 id
1249 1983 1334 2030 est
1368 1989 1435 2028 ex
1457 1972 1678 2043 propria
1707 1971 2119 2038 deliberatione,

527 2065 679 2120 nullo
728 2065 1054 2137 impellente
1073 2082 1224 2134 eum,
1269 2074 1325 2120 et
1367 2065 1490 2120 ideo
1532 2063 1910 2119 condemnatus
1959 2073 2044 2120 est
2090 2077 2122 2118 a

529 2155 660 2213 Deo.
1643 2199 1648 2206 .

597 2247 736 2304 Nota
765 2250 914 2320 quod
943 2265 1010 2304 ex
1034 2250 1142 2306 hoc
1165 2249 1288 2306 loco
1316 2249 1593 2322 colligitur
1613 2248 1762 2320 quod
1790 2249 1838 2304 si
1865 2249 1992 2320 quis
2020 2248 2125 2304 im-

531 2341 832 2412 prudenter
857 2353 1026 2410 errat,
1056 2353 1112 2398 et
1137 2359 1382 2400 errorem
1413 2359 1576 2400 suum
1603 2359 1717 2400 non
1742 2343 2006 2410 defendit,
2033 2344 2126 2400 hic

533 2449 643 2489 non
673 2443 758 2489 est
779 2434 1113 2504 judicandus
1137 2435 1468 2494 haereticus:
1515 2437 1611 2494 sed
1653 2437 1746 2494 ille
1790 2447 2006 2494 tantum
2028 2439 2128 2510 qui

535 2525 681 2598 quod
711 2527 855 2580 male
883 2527 950 2582 de
973 2527 1078 2583 tlde
1106 2528 1276 2584 sentit
1298 2527 1466 2600 (quod
1493 2528 1736 2586 deterius
1759 2530 1866 2600 est)
1895 2531 2128 2586 incorri-

536 2615 719 2686 gibilis
773 2627 1048 2672 asseverat
1079 2627 1136 2674 et
1176 2619 1436 2676 defendit.
1486 2619 1640 2686 Quod
1687 2621 1734 2676 si
1769 2619 1873 2676 hac
1914 2621 2128 2678 ratione

537 2703 884 2762 Simoniacos
922 2723 1188 2780 negamus
1215 2725 1340 2766 esse
1385 2710 1710 2768 beneﬁcos:
1757 2711 1939 2768 sciunt
1979 2713 2128 2770 enim

535 2807 596 2878 se
618 2798 760 2854 male
782 2813 962 2870 agere,
991 2815 1092 2856 nec
1112 2802 1436 2872 approbant,
1477 2802 1574 2858 sed
1600 2803 1891 2860 ambitiose
1917 2819 2128 2862 caecan-

536 2897 666 2944 tur:
705 2901 894 2946 contra
921 2892 1024 2948 hoc
1069 2892 1288 2958 dicitur,
1318 2894 1448 2964 quia
1493 2893 1624 2965 quid
1665 2895 1768 2966 ipsi
1797 2895 2131 2952 intenderint

533 2983 711 3053 pretio
754 2993 1136 3055 comparantes
1165 2987 1308 3042 dona
1352 2985 1591 3057 Spiritus
1627 2989 1805 3044 sancti
1845 2990 2126 3055 nescitur;

538 3075 641 3129 soli
677 3075 823 3130 enim
870 3075 982 3132 Deo
1011 3079 1222 3134 occulta
1271 3079 1522 3134 cordium
1563 3081 1804 3136 revelata
1851 3089 2004 3150 sunt,
2033 3083 2130 3138 sed

537 3163 844 3220 secundum
891 3167 1039 3237 quod
1071 3168 1128 3222 in
1171 3168 1540 3227 exterioribus
1577 3185 1770 3226 eorum
1809 3169 1968 3227 factis
1989 3172 2134 3228 dona

2217 499 2532 570 episcopatu
2557 515 2652 554 eos
2685 515 2910 556 manere
2949 501 3222 568 videmus,
3255 516 3419 572 quem
3455 516 3543 571 per
3567 504 3760 572 pretium

2219 592 2397 662 adepti
2421 599 2571 658 sunt,
2593 591 2908 662 iudicamus
2947 593 3016 648 de
3043 593 3126 650 eis
3163 601 3225 648 ut
3249 593 3317 650 de
3345 593 3671 651 credentibus
3686 613 3761 668 pe.

2217 684 2387 764 cunia.
2424 698 2589 754 posse
2637 684 2904 754 possideri
2950 683 3218 756 Spiritum
3263 692 3531 754 sanctum.
3571 685 3706 754 Quod
3727 691 3762 746 si

2219 776 2410 832 dicunt
2440 775 2702 830 beneﬁcia
2733 777 3059 847 temporalia
3089 777 3270 834 solum
3297 793 3358 832 se
3381 777 3594 845 emisse,
3613 789 3660 834 et
3679 797 3774 838 non-

2221 869 2692 926 consecrationem
2719 909 2736 936 ,
2774 869 3006 940 ideoque
3029 885 3144 926 non
3166 885 3290 926 esse
3315 869 3662 940 Simoniacos,
3679 873 3772 930 Ion--

2221 977 2286 1033 ge
2307 960 2550 1016 deterius
2572 961 2836 1016 sentiunt.
2875 959 3160 1031 Scriptum
3198 967 3284 1016 est
3305 961 3496 1042 enim}
3524 959 3772 1034 Qui-sepa-

2219 1053 2422 1108 raverit
2448 1067 2528 1120 se,
2564 1053 2782 1108 dicatur
2821 1053 2896 1108 illi
2915 1053 3226 1108 anathema.
3261 1052 3418 1108 Sicut
3443 1053 3583 1108 enim
3609 1069 3765 1126 corpus

2220 1154 2276 1200 et
2298 1147 2482 1200 anima
2527 1153 2806 1216 nequeunt
2853 1145 3096 1216 separari
3138 1153 3202 1200 ut
3247 1145 3480 1202 alterum
3517 1145 3681 1216 vivat;
3707 1149 3768 1205 sic

2221 1237 2548 1294 beneﬁcium
2574 1237 2874 1308 temporale
2905 1252 2935 1294 a
2965 1237 3202 1308 spiritali
3241 1237 3296 1292 in
3339 1238 3590 1308 episc0po
3619 1239 3768 1309 nequit

2222 1331 2484 1400 separari.
2517 1327 2630 1385 Hoc
2657 1329 3004 1386 sentiendum
3046 1329 3114 1384 de
3139 1329 3428 1386 ordinibus
3466 1339 3520 1384 et
3543 1339 3770 1402 tempora-

2222 1421 2366 1476 libus
2401 1421 2721 1476 honoribus.
3325 1463 3328 1466 -
3767 1463 3772 1472 -

2291 1512 2592 1582 Postquam
2635 1512 2821 1568 docuit
2855 1510 3039 1568 Titum
3084 1510 3154 1566 de
3195 1509 3366 1566 rebus
3408 1508 3774 1580 ecclesiasticis,-

2225 1605 2415 1660 scribit
2443 1605 2512 1660 ad
2563 1619 2690 1660 eum
2727 1604 2794 1660 de
2821 1603 3150 1675 quibusdam
3183 1601 3414 1672 privatis
3437 1603 3780 1660 dicens:Csrr

2225 1698 2416 1752 misero
2449 1679 2517 1750 ad
2544 1705 2614 1764 te,
2649 1711 2684 1750 ο
2725 1695 2866 1762 Tite,
2903 1693 3215 1748 Arthcmam
3251 1703 3348 1748 aut
3403 1693 3688 1764 Tyckicunt,
3715 1695 3780 1765 fro

2225 1789 2368 1842 stina
2398 1787 2572 1842 uenire
2598 1785 2668 1842 ad
2703 1804 2783 1841 me
2827 1785 3179 1857 Nicopolim;
3221 1787 3296 1840 ibi
3336 1787 3480 1840 enim
3505 1786 3660 1852 statui
3693 1786 3793 1859 ‘56

2227 1898 2394 1936 mare.
2420 1879 2490 1935 Et
2513 1889 2808 1950 antequam
2833 1880 3047 1948 venias,
3067 1880 3329 1952 praemitte
3351 1877 3550 1932 Zenam
3589 1877 3784 1948 peritum,

2227 1973 2378 2046 legis,
2405 1973 2490 2028 vel
2543 1972 2842 2044 Scriptura:
2886 1972 3106 2038 divinae,
3137 1970 3224 2030 vel
3267 1971 3572 2036 saecularis,
3613 1977 3774 2024 etcum

2227 2081 2294 2122 eo
2320 2065 2534 2137 Apollo.
2561 2063 2674 2122 Hos
2689 2065 2880 2135 utique
2907 2065 3178 2136 praemitte
3213 2063 3464 2128 sollicite,
3500 2061 3552 2115 id
3577 2069 3654 2116 est
3672 2059 3780 2116 bene

2231 2166 2574 2229 procura-tos,
2603 2157 2920 2214 dandovillis
2941 2171 3068 2228 quas
3093 2154 3406 2212 necessaria
3437 2164 3598 2219 sunt;
3631 2152 3698 2206 ita
3715 2151 3778 2206 di-

2229 2266 2296 2308 co
2323 2251 2576 2318 sollicite,
2606 2259 2664 2304 ut
2689 2249 2824 2304 nillil
2845 2249 2984 2306 desit
3013 2247 3148 2304 illis.
3165 2245 3338 2314 Quod
3365 2246 3416 2304 si
3457 2244 3652 2316 quan-is
3669 2243 3780 2300 unde

2231 2343 2348 2398 base
2375 2341 2636 2412 accipias,
2659 2341 2786 2398 volo
2805 2349 2860 2398 et
2873 2340 2998 2412 iam
3019 2339 3286 2396 ut-nostri'
3305 2338 3594 2394 Cretenses
3613 2336 3782 2392 discant

2231 2450 2452 2505 praess:
2471 2435 2624 2490 bonis
2645 2433 2914 2504 operibus,
2953 2434 3024 2490 de
3049 2434 3142 2492 die
3167 2432 3226 2488 in
3247 2431 3414 2490 diem
3441 2428 3780 2486 meiioraldo:

2233 2527 2314 2583 sic
2339 2526 2528 2596 utique
2567 2541 2822 2596 praeesse,
2869 2523 3308 2584 administrando
3355 2520 3666 2576 mensarios
3683 2534 3782 2574 usus

2232 2617 2704 2689 praedicatoribus,
2727 2627 2788 2672 ut
2821 2618 2878 2672 hi
2906 2616 3208 2672 Cretenses
3230 2631 3336 2670 non
3363 2615 3474 2668 sint
3509 2609 3784 2684 infructuosi

2234 2711 2551 2768 doctoribus
2581 2710 2732 2776 suis;
2769 2710 2866 2766 sed
2887 2708 3200 2765 ministrent
3222 2721 3568 2778 quaecunque
3585 2705 3694 2762 usui
3713 2717 3786 2760 eo-

2234 2817 2358 2858 rum
2386 2802 2696 2858 necessaria
2721 2809 2870 2858 sunt.
2902 2821 2920 2854 ι
2951 2799 3316 2856 Laborantem
3349 2799 3496 2855 enim
3535 2796 3784 2870 agricolam

2236 2903 2451 2966 oportet
2473 2895 2711 2965 primum
2740 2893 2806 2948 de
2833 2893 2995 2965 353
3015 2891 3286 2948 fructibus
3307 2887 3650 2963 acciperem
3675 2885 3782 2942 Tim.

2238 3003 2302 3054 ιι,
2338 2984 2415 3058 6).
2451 3005 2470 3038 ι
2501 2984 2754 3040 Salutant
2791 2995 2839 3040 te
2861 3001 3038 3040 carnes
3059 2985 3150 3056 qui
3184 3001 3390 3038 mecum
3412 2991 3558 3049 sunt,
3583 2991 3634 3036 et
3649 2989 3698 3036 tu
3715 2995 3786 3032 sa-

2238 3078 2355 3132 luta
2384 3093 2470 3132 eos
2491 3078 2582 3149 qui
2605 3093 2697 3132 nos
2723 3085 2904 3130 autaut
2933 3077 2990 3130 in
3023 3076 3152 3146 ﬁde,
3181 3075 3254 3130 id-
3273 3083 3362 3132 est
3383 3075 3594 3131 ﬁdeles.
3637 3070 3788 3128 Gratis

2243 3171 2343 3226 Dei
2377 3173 2588 3228 sitcum
2609 3169 2852 3225 omnibus
2879 3169 3044 3224 vobis.
3072 3168 3262 3224 Amen.

2163 3121 2205 3180 C

545 3309 3782 3360 Wﬂ

1324 3463 1817 3520 ARGUMENTUM
1855 3463 1924 3520 IN
1963 3465 2360 3522 EPISTOLAM
2399 3465 2492 3521 AD
2528 3464 3004 3522 PHILEMONEM.

612 3598 920 3674 Philemoni
953 3597 1256 3654 familiares
1279 3599 1490 3654 litteras
1519 3596 1647 3652 facit
1675 3611 1774 3668 pro
1804 3580 2066 3652 OneSimo
2097 3611 2256 3654 servo
2281 3599 2424 3668 ejus,
2451 3593 2699 3653 scribens
2721 3593 2770 3652 ei
2793 3595 2864 3651 ab
2891 3595 3029 3651 urbe
3067 3593 3244 3650 Roma
3278 3592 3348 3652 de
3376 3605 3598 3650 carcere
3621 3605 3707 3664 per
3723 3589 3790 3674 ip-_

541 3686 676 3766 sum
698 3669 1038 3726 Onesimum.

559 3829 2122 3866 h——-——-.——-———-—————-—————"

2709 3825 3790 3856 Ἥ

1441 3987 1862 4052 PROLOGUS
1901 3989 1972 4052 B.
2010 3989 2409 4051 BRUNONIS
2445 3989 2527 4052 IN
2563 3989 2938 4074 EAMDEM.

620 4139 824 4196 Paulus
861 4139 1158 4196 familiares
1191 4139 1406 4195 litteras
1445 4137 1636 4193 scribit
1659 4137 2147 4211 ad_Philemonem,

548 4249 712 4304 quem
743 4234 812 4288 ad
846 4234 1006 4288 ﬁdem
1045 4239 1411 4298 converterat,
1445 4229 1635 4286 Romae
1669 4231 1890 4287 vinctus
1921 4231 1978 4285 in
2013 4245 2136 4286 car-

550 4327 697 4382 cere.
725 4324 962 4394 Accepta
1011 4323 1138 4378 inde
1175 4321 1490 4390 occasione,
1517 4323 1648 4392 quia
1687 4321 1914 4394 quidam
1944 4335 2138 4378 servus

550 4413 890 4470 Philemonis
919 4411 1234 4478 Onesimus,
1259 4427 1388 4470 cum
1422 4412 1603 4469 adhuc
1636 4413 1875 4469 inﬁdelis
1903 4421 2072 4478 esset,
2105 4425 2140 4465 a

551 4504 782 4560 domino
825 4503 1018 4558 furtim
1045 4503 1288 4573 elapsus,
1317 4503 1384 4558 de
1419 4503 1652 4574 pecunia
1685 4503 1896 4559 domini
1935 4510 2144 4560 secrete

553 4601 951 4665 asportaverat.
992 4592 1242 4664 Dumque
1275 4609 1335 4650 sc
1371 4595 1684 4650 absentaret
1707 4611 1738 4650 a
1775 4595 2020 4662 domino,
2049 4609 2146 4650 ve-

529 4687 638 4742 nit
663 4685 894 4742 Romam
939 4687 1008 4742 ad
1051 4685 1278 4742 Paulum
1305 4687 1362 4743 in
1394 4703 1634 4745 carcere.
1685 4687 1874 4760 Ibique
1919 4695 2146 4758 accepto

557 4781 724 4836 verbo
749 4779 893 4845 ﬁdei,
933 4795 962 4833 a
1007 4779 1177 4834 Paulo
1215 4780 1524 4851 baptizatus
1561 4789 1646 4836 est
1701 4767 2145 4852 ministravitque

2180 4142 2226 4198 D
2251 4137 2423 4194 Paulo
2448 4137 2646 4194 exinde
2677 4149 2732 4194 et
2769 4138 3024 4196 fortassis
3050 4139 3118 4196 de
3152 4138 3332 4196 furata
3377 4139 3626 4212 pecunia.
3655 4135 3794 4206 Quem

2240 4230 2445 4288 Paulus
2490 4233 2847 4288 reconciliare
2889 4233 3136 4303 cupiens,
3177 4233 3413 4288 remittit
3459 4247 3670 4289 servum
3697 4243 3795 4284 cum

2241 4324 2346 4380 hac
2363 4323 2606 4395 Epistola
2637 4326 2706 4380 ad
2740 4325 3048 4391 dominum,
3075 4323 3129 4378 in
3148 4340 3255 4394 qua
3277 4325 3390 4396 agit
3410 4324 3478 4380 de
3499 4324 3794 4384 Philemone,

2242 4416 2541 4472 obsecrans
2567 4431 2692 4471 eum
2737 4417 2926 4472 multis
2969 4424 3024 4471 et
3068 4416 3302 4471 diversis
3332 4417 3521 4472 causis
3565 4423 3624 4470 ut
3653 4411 3796 4468 indul-

2249 4516 2370 4580 geat
2395 4523 2553 4564 servo
2575 4509 2722 4580 quod
2747 4509 3013 4579 pecca'vit.
3044 4507 3102 4562 In
3130 4523 3239 4580 qua
3263 4524 3324 4563 re
3353 4507 3586 4563 intendit
3613 4521 3704 4560 nos
3727 4503 3806 4556 in-'

2250 4609 2485 4668 struere,
2507 4607 2563 4656 et
2599 4601 2869 4655 orandum
2901 4614 3150 4671 esse-pro
3178 4598 3553 4669 delinquente,
3577 4598 3621 4653 si
3649 4593 3795 4668 pomi-

2249 4692 2436 4758 tuerit,
2467 4700 2524 4747 et
2549 4691 2882 4763 parcendum
2919 4707 3042 4748 esse
3067 4692 3158 4764 (ab
3178 4707 3244 4747 eo
3274 4689 3374 4762 qui
3404 4691 3566 4747 habet
3595 4695 3799 4770 potesta-

2251 4785 2384 4856 tem)
2407 4783 2768 4855 delinquenti,
2800 4783 2847 4841 si
2871 4784 2938 4840 ad
2960 4783 3398 4840 misericordiam
3425 4779 3734 4854 confugerit.

827 4963 830 4966 .
3329 4967 3336 4972 _
3577 4959 3580 4962 λ
3783 4955 3792 4988 Ι

1355 5261 1360 5264 _
1408 5161 2152 5267 LEPISTOLAAD
2209 5145 2936 5266 PHILEMONEM.

637 5471 656 5506 ι
703 5447 907 5512 Paulus
930 5449 1146 5512 vinctus
1174 5451 1382 5513 Christi
1423 5451 1574 5522 Iesu,
1607 5464 1662 5510 et
1697 5443 2020 5512 Timotheus
2045 5454 2150 5510 fra-

566 5561 586 5595 ι
629 5553 730 5610 ter,
769 5536 1102 5612 Philemoni,
1139 5545 1340 5602 dilecto
1367 5545 1604 5615 adjutori
1639 5555 1852 5616 nostro,
1877 5555 1931 5602 et
1958 5547 2148 5618 Appia

567 5654 586 5686 ι
630 5636 807 5712 sorori
843 5627 1186 5710 charissimae
1239 5646 1293 5692 et
1327 5637 1604 5707 Archippo
1651 5639 2010 5716 commilitoni
2049 5623 2146 5696 no-

568 5743 590 5776 s
630 5735 765 5793 stro,
801 5722 1146 5802 etEcclesiae
1175 5743 1297 5804 qua:
1320 5729 1372 5804 in
1396 5729 1560 5782 domo
1591 5737 1683 5783 tua
1707 5740 1808 5783 est.
1835 5715 2019 5788 Gratia
2055 5749 2144 5786 vo-

2262 5385 2280 5416 ι
2325 5365 2412 5421 bis
2458 5375 2511 5422 et
2553 5381 2660 5438 pa;
2694 5381 2723 5420 a
2761 5365 2874 5424 Deo
2908 5363 3070 5422 Patre
3117 5373 3326 5435 nostro,
3375 5377 3436 5442 et.
3462 5363 3686 5424 Domino
3701 5351 3808 5420 Iesu

2260 5475 2278 5508 ι
2323 5455 2562 5513 Christo.
2608 5457 2827 5514 Gratias
2872 5474 2976 5530 ago
3019 5457 3132 5514 Deo
3175 5474 3330 5532 meo,
3371 5463 3587 5532 semper
3629 5473 3808 5516 memo-

2261 5567 2278 5601 ι
2317 5538 2464 5603 riam
2515 5551 2595 5606 tui
2639 5549 2850 5608 faciens
2903 5551 2958 5606 in
3004 5551 3560 5620 orationibusmeis,
3605 5551 3808 5607 audiens

2245 5657 2278 5690 1
2301 5639 2643 5724 _eliai'itatem
2673 5651 2844 5718 tuam,
2870 5652 2925 5701 et
2951 5643 3116 5702 ﬁdem
3141 5661 3306 5716 quam
3332 5629 3508 5714 habes
3523 5645 3582 5700 in
3595 5643 3809 5714 Domino

2260 5731 2476 5810 ιιεςυ,
2503 5737 2634 5810 etin
2665 5752 2854 5794 omnes
2892 5745 3138 5810 sanctos,
3163 5747 3222 5794 ut
3243 5738 3672 5810 communicatio
3707 5731 3812 5794 Mei
