3988 6406
166 361 291 420 185

781 371 791 380 ”
831 357 1196 419 EXPOSITIO
1234 359 1302 416 IN
1333 357 1714 418 EPISTOLAS
1747 357 1973 416 PAULI.
2016 391 2083 402 ——
2122 359 2188 418 IN
2228 353 2447 428 ETIST.
2479 363 2580 421 AD
2617 365 2795 421 PHIL.

3341 363 3451 424 686

179 497 200 526 ι
256 490 370 532 ture
402 477 625 533 evidens
647 476 740 532 flat
761 479 814 532 in
855 478 1132 548 agnitione
1160 477 1340 533 omnis
1367 452 1550 546 operis
1575 475 1704 531 boni
1726 475 1782 530 in
1811 476 1857 534 Α
1882 492 2042 546 quem
2070 478 2192 534 ideo
2217 477 2272 533 in
2319 478 2421 534 hac
2445 477 2686 549 Epistola
2720 479 2940 547 salutat,
2963 489 3022 535 ut
3041 478 3300 536 benevole
3320 481 3460 536 hor--

173 587 200 618 ς
251 568 480 625 Christo
519 568 668 625 Jesu.
715 568 986 626 Gaudium
1007 570 1155 624 enim
1200 585 1458 640 magnum
1487 569 1676 635 habui,
1714 575 1772 642 et

185 681 205 712 ι
257 663 705 719 consolationem
751 662 807 716 in
853 662 1120 718 charitate
1179 670 1307 729 tua,
1371 660 1500 731 quia
1557 660 1768 716 viscera

178 771 200 804 ι
246 764 570 810 sanctorum
617 754 1004 824 requieverunt
1032 770 1131 824 per
1186 763 1259 820 te,
1301 752 1490 808 frater.
1539 751 1769 822 Propter

174 862 202 896 ε
251 846 414 916 quod
437 845 665 900 multam
687 845 944 900 ﬁduciam
965 845 1172 901 habens
1196 844 1252 899 in
1266 843 1488 899 Christo
1511 841 1640 899 Jesu
1660 843 1770 898 im-

177 953 202 988 s
250 936 485 1006 perandi
515 935 615 991 tibi
659 936 806 1006 quod
846 935 915 990 ad
942 950 1059 991 rem
1087 934 1342 1006 pertinet,
1382 943 1606 1005 propter
1637 934 1768 989 cha-

171 1042 204 1102 s
247 1026 472 1080 ritatem
509 1025 684 1095 magis
713 1026 963 1092 obsecro,
999 1039 1125 1080 cum
1148 1025 1225 1081 sis
1264 1025 1412 1092 talis,
1456 1033 1518 1080 ut
1559 1023 1766 1082 Paulus

177 1136 200 1187 ε
249 1132 448 1184 senex,
483 1132 630 1173 nunc
654 1125 839 1172 autem
871 1125 927 1173 et
947 1116 1166 1174 vinctus
1191 1114 1323 1174 Jesu
1345 1114 1572 1183 Christi,
1603 1116 1765 1172 obse-

175 1225 197 1258 ι
247 1222 351 1264 cro
380 1216 435 1263 te
453 1223 552 1278 pro
567 1223 690 1265 meo
711 1209 843 1275 lilio,
868 1223 1034 1280 quem
1065 1207 1230 1281 genui
1252 1209 1306 1263 in
1328 1208 1586 1276 vinculis,
1622 1207 1766 1264 One-

173 1319 197 1348 ι
249 1300 418 1364 simo,
449 1298 545 1370 qui
568 1299 667 1355 tibi
691 1298 986 1371 aliquando
1013 1299 1225 1355 inutilis
1255 1300 1377 1368 fuit,
1403 1317 1553 1356 nunc
1579 1311 1765 1356 autem

175 1408 196 1452 ι
244 1398 302 1443 ct
325 1390 463 1444 mihi
490 1399 545 1445 et
563 1390 661 1446 tibi
689 1391 860 1458 utilis,
893 1405 1058 1461 quem
1089 1391 1279 1446 remisi
1313 1391 1431 1446 tibi.
1460 1390 1542 1446 Tu
1579 1401 1762 1448 autem

171 1499 195 1528 ς
246 1480 405 1534 illum
434 1489 494 1534 ut
519 1496 642 1541 mea
676 1481 886 1536 viscera
919 1480 1140 1551 suscipe
1183 1480 1380 1554 [filium
1420 1497 1604 1538 meum
1637 1483 1765 1538 cha-

169 1589 192 1618 ς
241 1569 573 1641 rissimum].
607 1568 780 1636 Quem
804 1584 906 1641 ego
935 1571 1222 1624 volueram
1254 1585 1471 1626 mecum
1493 1571 1760 1639 detinere,

171 1679 193 1711 ι
245 1668 306 1714 ut
329 1675 431 1730 pro
459 1670 512 1716 te
549 1660 686 1714 mihi
727 1660 1066 1716 ministraret
1109 1660 1166 1715 in
1192 1660 1428 1716 vinculis
1461 1659 1757 1732 Evangelii.

172 1771 192 1802 ι
243 1751 382 1806 Sine
413 1753 650 1808 consilio
679 1761 862 1808 autem
893 1762 986 1808 tuo
1007 1753 1144 1807 nihil
1174 1752 1323 1807 volui
1343 1751 1544 1820 facere,
1580 1752 1660 1808 uti
1692 1739 1764 1808 ne

173 1863 193 1894 ε
236 1845 392 1898 velut
411 1860 480 1900 ex
503 1845 827 1900 necessitate
846 1845 1049 1901 bonum
1073 1854 1230 1901 tuum
1252 1854 1418 1913 esset,
1447 1846 1544 1901 sed
1561 1846 1759 1902 volun-

171 1951 192 1983 ε
241 1934 471 1988 tarium.
497 1933 749 1990 Forsitan
775 1935 922 1990 enim
957 1934 1079 1989 ideo
1118 1933 1374 1990 discessit
1398 1935 1466 1990 ad
1507 1934 1700 1989 horam
1728 1949 1761 1990 a

172 2039 193 2072 s
238 2030 317 2088 te,
343 2029 406 2076 ut
438 2022 494 2077 in
523 2031 789 2078 aeternum
811 2021 965 2076 illum
980 2021 1273 2092 reciperes,
1295 2022 1410 2092 jam
1427 2036 1537 2077 non
1563 2031 1622 2077 ut
1643 2037 1762 2078 ser-

172 2129 192 2162 s
235 2128 395 2179 vum,
425 2113 519 2168 sed
543 2128 641 2183 pro
663 2127 820 2168 servo
843 2111 1234 2168 charissimum
1261 2110 1507 2179 fratrem,
1525 2112 1762 2169 maxime

173 2222 192 2254 ε
244 2203 404 2256 mihi.
438 2201 653 2270 Quanto
693 2212 872 2259 autem
910 2203 1084 2276 magis
1116 2203 1212 2259 tibi
1242 2212 1296 2259 et
1321 2203 1376 2258 in
1405 2219 1570 2259 carne
1604 2212 1659 2260 et
1697 2204 1755 2260 in

170 2313 190 2345 ι
237 2292 509 2348 Domino?
533 2293 591 2348 Si
615 2309 747 2366 ergo
773 2295 943 2350 habes
968 2310 1057 2351 me
1081 2295 1316 2361 socium,
1358 2295 1576 2366 suscipe
1604 2295 1758 2351 illum

171 2403 190 2436 s
238 2385 392 2440 sicut
413 2401 522 2441 me.
550 2384 607 2441 Si
633 2396 816 2442 autem
847 2386 1054 2457 aliquid
1085 2388 1277 2444 nocuit
1312 2388 1411 2443 tibi
1443 2396 1538 2443 aut
1578 2386 1757 2457 debet,

171 2496 189 2526 α
238 2477 351 2531 hoc
376 2478 511 2532 mihi
538 2478 764 2550 imputa.
789 2478 902 2551 Ego
933 2478 1140 2535 Paulus
1163 2479 1361 2550 scripsi
1400 2495 1522 2535 mea
1563 2495 1754 2536 manu.

174 2586 192 2617 ι
247 2566 368 2637 Ego
396 2568 641 2642 reddam,
685 2576 746 2624 ut
765 2584 877 2624 non
913 2569 1093 2625 dicam
1130 2569 1229 2624 tibi
1251 2569 1400 2640 quod
1431 2577 1487 2626 et
1519 2570 1757 2640 teipsum

168 2676 185 2706 s
232 2657 376 2709 mihi
402 2657 584 2713 debes.
611 2657 708 2726 ita,
733 2656 924 2727 frater,
947 2675 1048 2732 ego
1062 2668 1113 2716 te
1138 2659 1292 2716 fruar
1315 2659 1646 2730 inDomino,
1670 2677 1759 2717 re-

168 2767 187 2798 (
241 2747 350 2803 tice
382 2747 594 2803 viscera
629 2765 750 2806 mea
784 2751 842 2805 in
873 2749 1094 2807 Christo
1121 2750 1424 2825 [Domino].
1466 2753 1758 2810 Conﬁdens

167 2857 187 2890 ι
236 2839 297 2892 in
333 2839 644 2895 obedientia
685 2850 776 2897 tua
799 2843 998 2914 scripsi
1024 2843 1144 2912 tibi,
1188 2843 1368 2900 sciens
1407 2845 1666 2915 quoniam
1705 2853 1761 2900 et

167 2950 187 2982 ε
233 2946 408 3000 super
428 2930 479 2985 id
507 2932 650 3002 quod
667 2933 790 2988 dico
805 2933 992 2990 facies.
1013 2933 1383 2990 Simulautem
1404 2944 1458 2991 et
1477 2952 1607 3006 para
1622 2933 1759 2992 mihi

169 3040 186 3074 ι
231 3021 558 3091 hospitium.
585 3023 750 3096 354
776 3023 910 3079 Nam
935 3040 1095 3095 spero
1128 3042 1225 3097 per
1253 3027 1528 3084 orationes
1548 3035 1758 3084 vestras

169 3131 187 3163 ι
236 3111 440 3167 donari
456 3128 542 3168 me
559 3114 736 3169 vobis.
770 3112 981 3212 Salutat
1001 3124 1054 3170 te
1079 3114 1363 3186 Epaphras
1400 3117 1756 3188 concaptivus
1781 3148 1827 3212 Ο

169 3222 188 3254 ι
233 3219 402 3259 meus
437 3205 492 3258 in
527 3203 748 3260 Christo
772 3203 923 3273 Jesu,
960 3205 1196 3273 Marcus,
1235 3207 1609 3275 Aristarchus,
1649 3207 1753 3263 De-

167 3313 188 3345 s
232 3310 359 3350 mas
382 3304 438 3349 et
454 3294 655 3364 Lucas,
681 3297 958 3368 adjutores
978 3299 1106 3354 mei.
1131 3298 1318 3354 Gratia
1341 3298 1558 3354 Domini
1575 3300 1751 3356 nostri

167 3405 185 3438 s
229 3385 368 3443 Jesu
395 3386 602 3444 Christi
624 3404 750 3445 cum
782 3391 978 3462 spiritu
1015 3400 1220 3447 vestro.
1250 3391 1446 3448 Amen.
1478 3411 1497 3445 ι

799 3519 1104 3562 EXPOSITIO.

233 3591 448 3648 Paulus
489 3594 714 3663 vinctus,
753 3604 858 3652 etc.
893 3595 964 3652 Ut
989 3597 1154 3654 citius
1193 3596 1262 3653 ad
1316 3597 1750 3654 misericordiam

159 3694 387 3742 moveat
415 3685 792 3744 Philemonem
823 3689 1103 3744 reticendo
1139 3688 1231 3745 hic
1277 3688 1604 3760 dignitatum
1646 3705 1749 3745 no-

159 3771 338 3846 mina,
388 3787 469 3845 ut,
527 3779 797 3850 apostolus
832 3779 1056 3850 Christi,
1092 3789 1222 3849 etc.,
1266 3782 1475 3838 inducit
1527 3783 1749 3838 nomina

159 3866 516 3928 miseriarum
542 3889 682 3944 quas
708 3874 1041 3950 patiebatur,
1064 3875 1283 3932 dicens:
1305 3875 1511 3930 Paulus
1543 3877 1748 3930 vinctus

161 3963 375 4019 Christi
407 3962 558 4031 Iesu,
579 3980 744 4035 quem
774 3966 897 4021 ideo
928 3953 1148 4036 gravius
1175 3974 1262 4022 est
1297 3966 1590 4034 offendere,
1619 3967 1748 4037 quia

157 4057 212 4110 in
244 4055 484 4111 vinculis
533 4047 822 4127 premitur.
874 4055 1164 4114 Videretur
1191 4058 1336 4114 enim
1376 4057 1582 4114 Paulus
1616 4072 1748 4114 con-

156 4147 398 4218 temptui
424 4163 547 4204 esse
574 4147 880 4204 Philemoni
907 4149 992 4205 vel
1022 4149 1080 4204 in
1108 4150 1260 4206 nullo
1287 4150 1548 4222 compati,
1580 4149 1627 4206 si
1655 4165 1750 4205 au-

154 4239 318 4294 diens
350 4254 480 4294 eum
503 4241 746 4296 vinctum
780 4257 922 4309 esse,
963 4241 1242 4298 clauderet
1272 4257 1454 4310 servo,
1499 4257 1598 4313 pro
1635 4231 1746 4313 quo

155 4332 514 4400 precabatur,
550 4333 761 4389 viscera
798 4335 1189 4392 misericordiae
1217 4353 1232 4392 :
1261 4351 1389 4393 cum
1416 4351 1518 4392 nec
1543 4335 1750 4393 Paulus

153 4422 383 4478 vinctus
405 4432 554 4480 esset
583 4439 686 4495 pro
715 4427 875 4497 culpa
914 4443 1036 4494 sua,
1076 4427 1173 4483 sed
1202 4443 1304 4498 pro
1338 4427 1560 4483 Christo
1585 4426 1738 4484 Jesu.

157 4509 344 4585 thue
373 4525 580 4586 quanto
606 4518 793 4588 plures
821 4520 1018 4574 viderit
1055 4519 1434 4591 deprecantes,
1473 4529 1627 4576 tanto
1657 4521 1741 4590 cie-

156 4605 271 4660 tius
296 4604 576 4676 indulgeat
603 4607 933 4677 Philemoni,
967 4610 1043 4664 ait
1074 4625 1088 4662 :
1120 4609 1326 4664 Paulus
1355 4618 1404 4665 et
1441 4608 1741 4666 Timotheus

156 4697 360 4766 fratres
397 4699 647 4753 scribunt
681 4699 1015 4768 Philemoni,
1051 4701 1288 4772 quadam
1323 4700 1738 4772 spiritualitate;

155 4804 263 4845 nec
306 4789 419 4845 hoc
467 4791 643 4848 solum
659 4792 901 4865 adilecto,
941 4793 1037 4848 sed
1070 4793 1235 4848 etiam
1262 4793 1500 4862 adjutori
1538 4788 1739 4860 nostra,

154 4879 252 4950 qui
285 4895 398 4934 non
427 4891 607 4937 cessat
633 4883 894 4954 adjuvare
927 4891 984 4939 et
1011 4893 1320 4940 sustentare
1343 4884 1412 4938 de
1437 4884 1600 4939 rebus
1624 4884 1741 4940 suis

152 4971 346 5028 ﬁdeles
382 4982 622 5031 nostros.
659 4975 918 5031 Scribunt
937 4976 1100 5032 etiam
1122 4975 1326 5032 Paulus
1346 4985 1401 5033 et
1422 4976 1742 5033 Timotheus

149 5064 345 5133 Appiae
367 5065 526 5120 uxori
550 5060 908 5135 Philemonis,
930 5070 1103 5123 sorori
1131 5081 1332 5126 nostra:
1350 5070 1650 5126 secundum
1679 5069 1743 5124 fi-

150 5151 300 5219 dem,
328 5163 387 5209 et
410 5156 648 5226 quadam
668 5158 1045 5230 singularitate
1063 5160 1372 5218 dilectionis
1391 5162 1737 5216 charissima.

150 5240 281 5298 Ideo
312 5244 612 5314 Apostolus
639 5250 830 5305 scribit
853 5252 1095 5318 mulieri,
1121 5260 1182 5306 ut
1211 5253 1298 5306 illa
1329 5253 1517 5308 videns
1545 5253 1646 5308 sibi
1670 5251 1740 5307 ab

149 5333 421 5403 Apostolo
433 5336 551 5392 ﬁeri
567 5341 714 5409 quod
732 5341 788 5395 in
802 5355 937 5398 sexu
961 5343 1214 5397 muliebri
1225 5358 1336 5400 non
1349 5352 1730 5412 consueverat,

149 5427 532 5484 conveniendo
568 5432 851 5488 dominum
892 5449 1075 5500 suum,
1121 5433 1296 5491 ﬂectet
1332 5449 1459 5492 eum
1498 5435 1566 5491 ad
1603 5450 1732 5506 par—

149 5517 392 5572 cendum
416 5535 593 5577 servo.
626 5523 884 5582 Scribunt
914 5527 1078 5581 etiam
1101 5525 1304 5583 Paulus
1333 5536 1388 5584 et
1412 5527 1735 5586 Timotheus

149 5606 420 5689 Archippo
452 5611 564 5669 lilio
588 5614 775 5686 Appiae
809 5626 864 5672 et
884 5617 1236 5686 Philemonis,
1275 5630 1450 5674 nostro
1473 5620 1737 5673 eommili«

151 5699 286 5766 Ioni,
339 5703 539 5760 militat
577 5709 726 5762 enim
768 5707 888 5764 Deo
907 5710 1193 5767 nobiscum
1225 5712 1279 5766 in
1325 5711 1728 5782 praedicatione.

151 5784 250 5844 llic
270 5801 357 5847 est
384 5796 694 5868 Archippus
714 5801 808 5872 qui
838 5800 1193 5859 Colossenses
1225 5803 1478 5882 fundavit
1502 5805 1558 5859 in
1586 5806 1728 5879 μὰρ,

1868 575 2014 624 tetur
2043 576 2299 638 parentes
2334 568 2617 640 indulgere
2655 567 2938 627 Onesimo.
2987 569 3251 627 Scribunt
3282 572 3448 628 etiam

1870 657 2144 725 Ecclesiaz,
2169 658 2225 713 id
2255 666 2344 714 est
2365 657 2585 715 familiae
2604 661 2672 715 ad
2697 659 2858 716 ﬁdem
2880 661 3090 716 Christi
3113 673 3447 730 convocatae,

1867 767 1985 822 qua:
2011 751 2252 807 Ecclesia
2279 760 2356 805 est
2387 753 2443 806 in
2463 753 2620 806 domo
2645 761 2738 807 tua
2768 771 2786 808 :
2817 755 2942 810 ideo
2982 763 3160 824 totam
3184 753 3449 812 familiam

1868 842 2085 909 salutat,
2119 857 2286 912 quam
2321 853 2432 898 tam
2468 843 2634 915 digno
2674 844 2919 911 nomine,
2957 844 3012 900 id
3037 853 3124 901 est
3154 847 3466 906 ecclesiam.

1867 932 2120 1002 appellat,
2146 939 2203 987 ut
2234 932 2415 988 omnis
2434 931 2641 988 familia
2668 949 2855 989 secum
2880 947 2980 1004 pro
3008 931 3267 991 Onesimo
3303 936 3448 1006 apud

1865 1021 2240 1078 Philemonem
2289 1023 2668 1093 intercederet,
2713 1024 2904 1080 dicens
2946 1041 2960 1078 :
3008 1023 3161 1078 Vobis
3192 1027 3448 1082 omnibus

1864 1113 2264 1184 patrifamilias,
2290 1115 2473 1182 matri,
2499 1115 2630 1180 lilio,
2649 1123 2704 1171 et
2724 1115 2944 1171 familia:
2973 1115 3045 1171 sit
3066 1117 3262 1188 gratia,
3287 1117 3338 1170 id
3364 1127 3466 1172 este
3553 1120 3567 1133 '

1867 1205 2120 1260 remissio
2167 1213 2540 1275 peccatorum,
2577 1215 2628 1260 et
2666 1223 2794 1277 pax,
2847 1207 2902 1262 id
2950 1215 3036 1262 est
3075 1207 3448 1277 tranquillitas

1865 1297 2054 1352 animi.
2084 1294 2225 1363 Sint,
2263 1297 2510 1368 inquam,
2541 1297 2697 1353 vobis
2719 1299 2837 1354 haec
2863 1316 2895 1351 a
2917 1298 3025 1353 Deo
3053 1307 3204 1370 patre
3231 1308 3443 1354 nostra:

1865 1387 1958 1457 qui
1985 1395 2165 1456 potest
2192 1395 2247 1442 et
2271 1387 2406 1454 vult,
2436 1397 2487 1441 et
2516 1403 2548 1442 a
2576 1387 2805 1442 Domino
2825 1387 2959 1442 Jesu
2987 1387 3222 1457 Christo,
3246 1390 3340 1459 qui
3367 1388 3444 1444 si-

1863 1479 2064 1533 militer
2089 1478 2206 1533 vult
2233 1485 2288 1533 et
2327 1475 2528 1549 potest.

1935 1565 2006 1622 Ut
2030 1567 2325 1637 Apostolus
2361 1568 2693 1625 exorabilem
2718 1568 2910 1638 faciat,
2945 1570 3056 1625 ait:
3086 1569 3199 1642 Ego
3223 1571 3445 1626 audiens

1861 1655 2175 1711 charitatem
2212 1667 2380 1726 tuam,
2413 1658 2468 1714 id
2497 1667 2583 1714 est
2616 1659 2961 1716 dilectionem
2983 1661 3075 1716 Dei
3105 1670 3158 1716 et
3183 1662 3440 1732 proximi,

1864 1749 2093 1805 audiens
2150 1750 2317 1805 etiam
2373 1751 2552 1821 ﬁdem,
2578 1751 2632 1807 id
2667 1761 2751 1808 est
2787 1764 2838 1808 te
2868 1754 2922 1807 in
2952 1753 3057 1810 fide
3087 1753 3294 1810 Christi
3323 1770 3445 1824 per-

1864 1856 2145 1909 severare;
2195 1842 2320 1898 ideo
2366 1843 2686 1898 charitatem
2728 1845 3046 1914 praeposuit,
3079 1846 3209 1916 quia
3263 1845 3444 1900 inten-

1862 1933 2022 1990 debat
2092 1949 2221 1989 eum
2273 1949 2494 1990 movere
2558 1936 2626 1991 ad
2683 1936 3070 2008 indulgendum
3125 1938 3375 2008 proximo
3421 1953 3436 1989 :

1861 2042 2022 2098 quam
2063 2025 2388 2082 charitatem
2431 2025 2587 2080 habes
2638 2028 2695 2080 in
2747 2027 2976 2082 Domino
3013 2027 3164 2095 Jesu,
3197 2036 3258 2082 ut
3283 2028 3337 2082 in
3375 2042 3443 2082 eo

1861 2119 1956 2186 qui
1988 2115 2404 2173 fundamentum
2432 2127 2517 2174 est
2536 2106 2867 2187 dileCtionis,
2891 2134 3055 2190 quam
3081 2118 3244 2174 etiam
3270 2118 3442 2175 habes

1861 2207 1918 2260 in
1939 2224 2112 2261 omnes
2149 2216 2385 2275 sanctos,
2423 2207 2477 2262 id
2497 2208 2663 2264 estin
2704 2222 2898 2263 omnes
2938 2209 3304 2266 sanctilicatos
3345 2223 3442 2279 per

1860 2288 2219 2370 baptismum;
2254 2295 2426 2370 quare
2453 2307 2507 2354 et
2528 2298 2582 2353 in
2607 2296 2927 2355 Onesimum
2960 2300 3358 2355 sanctiﬁcatum
3383 2301 3440 2355 in

1859 2381 1985 2459 fide,
2008 2390 2256 2447 habenda
2282 2398 2367 2447 est
2395 2391 2658 2459 Charitas,
2683 2399 2740 2446 et
2768 2391 2986 2446 bonitas
3007 2410 3022 2446 :
3043 2392 3168 2459 hoc,
3193 2392 3448 2471 inquam,
3527 2450 3531 2454 _

1859 2483 2106 2549 audiens,
2163 2499 2261 2555 ago
2301 2484 2507 2554 gratias
2545 2481 2655 2538 Deo
2695 2499 2831 2549 meo,
2891 2483 3093 2554 faciens
3134 2484 3442 2538 memoriam

1858 2591 2060 2646 semper
2083 2575 2141 2629 in
2177 2575 2507 2630 orationibus
2543 2575 2694 2630 meis.
2732 2573 2848 2646 Ego
2874 2576 3022 2631 enim
3065 2575 3132 2631 de
3165 2575 3442 2630 concessis

1858 2667 2018 2723 bonis
2059 2662 2262 2739 gratias
2299 2683 2426 2740 ago,
2466 2676 2522 2724 et
2545 2677 2607 2724 ut
2644 2684 2861 2740 semper
2897 2668 3296 2724 incrementum
3337 2668 3440 2724 ha-

1859 2759 2041 2827 beant,
2078 2775 2178 2816 oro
2207 2768 2265 2813 ut
2295 2760 2704 2815 communicatio
2724 2761 2856 2832 ﬁdei
2879 2769 3006 2826 tuae,
3037 2759 3093 2814 id
3112 2767 3196 2816 est
3223 2770 3284 2815 ut
3309 2760 3441 2815 fides

1862 2838 1976 2918 tua,
1996 2867 2119 2922 quae
2147 2851 2290 2908 bona
2319 2861 2416 2908 tua
2445 2853 2652 2908 sanctis
2675 2859 3062 2919 communicat,
3091 2853 3188 2922 ﬁat
3209 2852 3438 2918 evidens,

1860 2942 1913 2998 id
1933 2952 2016 2998 est
2026 2943 2281 2999 omnibus
2298 2951 2557 3013 appareat
2574 2959 2716 3011 esse,
2738 2943 2929 3014 in'agni
2935 2945 3073 2998 tione
3097 2945 3265 2998 omnis
3294 2943 3437 3011 bo'm‘,

1860 3033 1914 3088 id
1947 3043 2030 3090 est
2057 3051 2157 3106 per
2195 3033 2356 3090 fidem
2385 3034 2762 3105 promovearis
2801 3036 2870 3090 ad
2917 3051 3080 3091 omne
3116 3035 3353 3103 bonum,
3384 3044 3440 3090 et

1860 3125 1990 3180 illud
2013 3127 2085 3181 sit
2106 3125 2362 3181 omnibus
2383 3127 2651 3198 agnitum,
2673 3127 2795 3182 ideo
2817 3143 2917 3198 pro
2947 3128 3284 3182 incremento
3306 3127 3439 3182 cha-

1853 3217 2035 3274 ritatis
2071 3226 2178 3273 tua:
2224 3218 2304 3274 sic
2341 3233 2458 3274 oro.
2494 3216 2608 3289 Ego
2643 3220 2783 3273 enim
2823 3219 2984 3273 habui
3020 3219 3275 3290 gaudium
3317 3236 3454 3294 ητα-ί

1852 3327 2030 3382 gnum,
2054 3319 2103 3363 et
2138 3325 2263 3366 cum
2288 3309 2488 3381 gaudio
2522 3311 2932 3366 consolationem
2955 3312 3011 3365 iu
3035 3321 3128 3365 tua
3152 3311 3436 3378 charitate,

1853 3401 1905 3457 id
1929 3411 2013 3457 est
2041 3401 2093 3456 in
2130 3402 2609 3458 administratione
2641 3412 2748 3458 tua:
2785 3403 3089 3472 charitatis,
3125 3411 3181 3458 et
3215 3404 3436 3475 gavisus

1851 3503 1905 3552 et
1929 3493 2249 3548 consolatus
2281 3509 2428 3561 sum,
2476 3494 2608 3564 quia
2640 3495 2842 3550 viscera
2886 3503 3211 3562 sanctorum,
3256 3495 3309 3550 id
3355 3503 3434 3549 cst

1851 3586 2100 3642 conversi
2120 3601 2218 3656 per
2244 3587 2687 3656 praedicationem
2712 3595 3053 3656 sanctorum,
3078 3587 3459 3660 requieverunt_

1850 3696 1943 3750 per
1971 3689 2020 3734 te
2048 3678 2523 3735 administrantem
2553 3680 2653 3736 eis.
2683 3677 2727 3736 Ο
2749 3681 2918 3751 frater
2943 3679 3248 3746 Philemon,
3288 3681 3434 3736 mul-

1850 3755 1960 3828 tam
2000 3773 2148 3828 enim
2197 3772 2436 3844 quietem
2482 3771 2797 3827 habuerunt
2844 3787 2942 3842 per
2978 3780 3033 3826 te
3077 3771 3432 3841 depellentem

1849 3863 2052 3936 frigus,
2079 3873 2134 3920 et
2153 3864 2392 3919 esuriem
2427 3878 2641 3918 eorum.
2679 3861 2914 3933 Propter
2935 3861 3094 3932 quod,
3122 3863 3175 3916 id
3196 3870 3280 3917 est
3302 3861 3431 3932 quia

1849 3964 2055 4012 tantam
2089 3955 2414 4010 charitatem
2439 3954 2581 4010 circa
2608 3961 2830 4010 sanctos
2854 3953 3056 4009 habere
3077 3953 3431 4019 consuevisti,‘

1848 4063 1913 4102 cx
1941 4062 2006 4102 eo
2039 4046 2234 4101 habens
2273 4046 2498 4101 multam
2520 4045 2777 4117 ﬁduciam
2801 4059 2912 4101 non
2945 4053 3157 4100 tantum
3193 4045 3321 4116 quia
3352 4045 3438 4101 sic

1848 4140 2166 4208 meruerim,
2195 4141 2290 4198 sed
2319 4141 2376 4194 in
2400 4138 2612 4196 Christo
2648 4136 2776 4193 Iesu
2815 4138 3117 4210 imperandi
3143 4140 3259 4193 tibi.
3295 4136 3433 4193 Pos-

1848 4248 1972 4288 sum
1992 4234 2159 4300 enim,
2185 4232 2231 4288 si
2254 4231 2398 4297 volo,
2423 4231 2745 4287 auctoritate
2759 4227 3118 4301 apostolatus,
3158 4238 3376 4301 accepta
3399 4245 3431 4286 a

1847 4323 2239 4392 Christo'Jesu,
2275 4323 2546 4395 imperare
2580 4323 2680 4378 tibi
2705 4323 2846 4395 quod
2877 4324 2946 4401 ad
2979 4340 3086 4380 rem
3105 4323 3352 4395 pertinet,
3376 4321 3430 4376 id

1846 4429 1931 4478 est
1953 4421 2023 4476 ad
2045 4421 2339 4476 utilitatem
2379 4427 2552 4475 tuam.
2593 4418 2671 4475 De
2699 4434 2766 4482 eo
2808 4419 2956 4474 enim
3006 4418 3152 4490 quod
3187 4417 3432 4480 utileest

1768 4486 1818 4547 D
1843 4529 2035 4585 cogere
2057 4521 2110 4568 te
2125 4529 2371 4584 possum,
2396 4512 2444 4568 si
2455 4512 2650 4582 placet,
2675 4510 2769 4567 sed
2793 4486 3081 4581 imperium
3104 4509 3429 4581 prirtcrmit-

1842 4606 2024 4672 tendo,
2050 4605 2212 4677 355
2236 4604 2446 4659 obsecro
2461 4611 2512 4658 te
2527 4611 2740 4674 propter
2753 4603 3067 4656 charitatem
3081 4603 3248 4672 magis
3261 4617 3427 4671 quam

1843 4698 2104 4769 imperem
2132 4707 2354 4769 prOpter
2408 4696 2812 4752 auctoritatem.
2850 4695 2918 4751 Et
2957 4695 3327 4750 obsecrandus
3361 4709 3435 4774 es.

1841 4807 1874 4846 a
1900 4806 2024 4846 me:
2054 4807 2176 4846 cum
2225 4791 2300 4862 tu!
2323 4789 2400 4844 sis
2432 4788 2559 4844 talis
2598 4797 2664 4866 ut
2707 4787 2936 4855 Paulus,
2970 4781 3201 4852 sciliCet,
3242 4781 3421 4841 senex;

1841 4884 2001 4940 [Etas
2024 4883 2173 4941 enim
2211 4881 2520 4938 consimilis
2548 4882 2802 4936 hortatur
2841 4887 2903 4935 ut
2935 4894 3100 4934 senex
3141 4879 3260 4933 seni
3291 4893 3440 4932 con-~

1841 4977 2060 5044 sentiat,
2090 4991 2192 5032 nec
2219 4974 2326 5030 hoc
2360 4974 2560 5042 solum,
2604 4972 2698 5028 sed
2726 4971 2892 5028 etiam
2933 4970 3110 5041 magis
3153 4969 3221 5026 ad
3254 4972 3447 5026 exau'—'

1838 5069 2096 5126 diendum
2127 5069 2321 5124 invitat
2367 5068 2475 5122 hoc
2520 5066 2667 5138 quod
2715 5063 2919 5120 Paulus
2943 5079 3100 5130 nunc,
3131 5063 3186 5119 id
3216 5074 3332 5130 est,
3363 5062 3422 5119 in
3459 5117 3462 5121 ,

1835 5173 2081 5234 tempore
2107 5177 2219 5234 quo
2249 5163 2504 5228 obsecro,
2534 5168 2618 5216 est
2655 5159 2858 5213 vinctus
2888 5156 3020 5214 Iesu
3052 5156 3277 5215 Christi.
3315 5155 3423 5224 Qui

1839 5258 1988 5313 enim
2019 5273 2147 5313 eum
2184 5258 2238 5311 in
2266 5256 2504 5312 vinculis
2527 5271 2638 5311 non
2660 5254 2904 5324 exaudit,
2943 5253 3188 5326 profecto
3230 5250 3421 5309 Jesnm

1838 5347 2138 5413 Christum,
2163 5362 2264 5417 pro
2293 5361 2404 5418 quo
2426 5346 2644 5402 vinctus
2657 5353 2761 5413 est,
2785 5344 3030 5400 offendit.
3061 5343 3307 5411 Obsecro,
3331 5345 3420 5397 in-

1839 5453 2026 5511 quam,
2053 5448 2104 5494 te
2125 5443 2222 5509 per
2243 5439 2360 5510 haec
2379 5439 2683 5509 praemissa,
2706 5453 2802 5508 pro
2823 5455 2939 5492 meo
2959 5437 3075 5508 ﬁlio
3095 5453 3248 5508 quem
3265 5437 3418 5507 genui

1839 5535 1894 5588 in
1916 5531 2161 5597 uinculis.
2188 5531 2342 5588 Sicut
2373 5531 2520 5588 enim
2542 5531 2589 5587 si
2618 5540 2874 5602 parentes
2897 5531 3070 5585 tilium
3093 5536 3419 5600 generarent

1841 5626 1894 5680 in
1923 5640 2162 5690 carcere,
2187 5625 2462 5695 acceptior
2487 5634 2632 5681 esset
2659 5624 2787 5691 illis,
2815 5623 2946 5694 quia
2983 5622 3038 5676 in
3069 5621 3418 5677 adversitati-

1838 5717 1943 5773 bus
1965 5717 2080 5772 suis
2104 5725 2266 5772 natus
2291 5725 2454 5782 esset,
2490 5717 2572 5772 sic
2609 5715 2812 5771 Paulus
2840 5713 3185 5770 commendat
3217 5709 3425 5768 Onesi-'

1840 5823 2012 5875 mum,
2061 5823 2222 5878 quem
2292 5807 2664 5862 incarceratus
2719 5797 3046 5876 baptizavit,
3111 5804 3205 5877 qu'i
3255 5802 3438 5885 tidem,
