3988 6402
511 361 622 424 ιε’]

1047 358 1107 417 s.
1147 347 1499 416 anuxoms
1533 345 2183 414 cauruusunonuu
2221 342 2714 412 msrrrb'i‘oms
2749 340 2902 411 or'P.
2943 340 3128 412 ms
3165 341 3230 411 it.

3391 292 3508 311 “-

3707 357 3814 413 388

509 473 720 533 Christi
744 487 853 528 non
882 471 1344 544 erubuit.propter
1369 470 1585 527 vincula
1616 468 1790 524 Pauli.
1815 466 2106 522 Praemissa
2138 465 2184 522 Α
2210 465 2444 522 socium.
2487 467 2545 523 Si
2571 469 2718 524 enim
2747 470 2914 526 odisti
2957 485 3109 535 eum,
3137 471 3231 541 qui
3258 469 3358 526 tibi
3386 473 3680 541 proximus
3719 484 3803 527 est
3892 516 3895 518 .

513 558 686 623 multa
737 564 1298 632 recommendatione,
1340 563 1461 634 ejus
1499 577 1701 616 nomen
1740 561 1807 616 ad
1847 560 2109 616 ultimnm'

513 657 719 717 subdit.

587 749 835 816 Obsecro,
883 748 1129 820 inquam,
1172 763 1269 818 pro
1296 745 1414 818 ﬁlio
1445 761 1599 818 quem
1626 759 1728 816 ego
1749 744 2106 815 spiritualiter

512 843 688 913 genui,
719 841 926 898 scilicet
957 839 1225 905 Onesimo,
1273 837 1364 909 qui
1395 837 1497 908 fuit
1528 837 1624 890 tibi
1652 837 1886 903 inutilis,
1912 834 2110 891 furtim-

512 935 777 995 elabendo
803 950 833 989 a
868 943 938 999 te,
972 931 1281 1003 aliquando,
1331 931 1386 986 id
1413 939 1499 986 est
1523 945 1648 986 cum
1679 929 1911 985 inﬁdelis
1935 935 2101 996 esset,

514 1041 650 1081 nunc
674 1022 846 1080 autem
873 1023 1048 1079 factus
1068 1022 1262 1088 ﬁdelis,
1284 1021 1434 1076 utilis
1460 1020 1566 1077 fuit
1585 1021 1714 1074 mihi
1741 1020 2106 1076 ministrando

512 1119 567 1173 in
596 1118 846 1184 vinculis,
871 1125 918 1170 et
949 1131 1044 1186 per
1067 1115 1171 1170 hoc
1195 1115 1343 1170 utilis
1371 1114 1487 1168 tibi.
1519 1111 1794 1184 Quidquid
1818 1113 1964 1168 enim
1988 1114 2108 1184 ipse

512 1210 638 1266 boni
671 1209 816 1275 fecit,
862 1209 984 1264 inde
1008 1208 1106 1263 tibi
1129 1207 1380 1274 debetur,
1406 1205 1568 1276 cujus
1595 1215 1650 1261 et
1677 1221 1870 1262 servus
1892 1214 1999 1272 est,
2048 1214 2105 1260 et

508 1299 758 1355 fortassis
799 1300 1031 1370 pecunia
1073 1298 1194 1354 fuit.
1247 1299 1415 1364 Quem
1453 1297 1773 1354 Onesimum
1798 1298 1978 1352 remisi
2007 1298 2104 1351 tibi

507 1406 632 1448 cum
664 1393 768 1448 hac
795 1393 1057 1464 Epistola.
1093 1391 1171 1445 Tu
1198 1400 1375 1446 autem
1413 1391 1620 1460 suscipe
1658 1407 1778 1444 eum
1818 1391 1956 1443 sicut
1989 1405 2106 1443 mea

507 1485 732 1549 uiscera,
766 1485 820 1538 id
850 1493 935 1539 est
981 1483 1120 1540 scito
1166 1483 1315 1538 hunc
1341 1498 1464 1539 esse
1497 1482 1552 1536 in
1597 1481 1900 1538 visceribus
1944 1482 2102 1538 meis.

508 1575 690 1642 Quare
721 1576 769 1630 si
815 1575 964 1630 hunc
1001 1591 1110 1630 non
1162 1574 1417 1645 suscipis,
1470 1589 1593 1630 mea
1637 1575 1847 1630 viscera
1889 1574 2102 1645 abjicis.

513 1667 683 1733 Quem
735 1665 1059 1723 Onesimum
1105 1667 1372 1722 volueram
1411 1668 1644 1722 detinere
1691 1667 1861 1733 mihi;
1902 1668 2105 1724 etenim

511 1767 659 1814 esset
692 1759 827 1814 mihi
860 1760 1203 1816 necessarius
1228 1769 1286 1814 ut
1317 1759 1407 1816 hic
1430 1760 1566 1814 mihi
1595 1761 1942 1828 ministraret,
1969 1760 2105 1818 mihi

2209 555 2453 626 profecto
2496 574 2596 614 nec
2626 559 2798 616 Deum
2824 561 3047 633 diligis:
3099 570 3156 617 et
3199 577 3309 618 non
3356 562 3608 634 diligenti
3641 564 3813 622 Dcqu

2209 663 2318 704 non
2371 661 2453 706 est
2501 651 2751 708 habenda
2803 653 2914 708 ulla
2961 653 3301 709 communio.
3350 651 3517 708 Medo
3563 653 3814 711 fortassis

2207 741 2412 804 diceret
2437 743 2566 800 ille:
2614 743 2825 802 Reddat
2873 761 2998 818 qua:
3050 746 3300 814 abstulit,
3361 754 3421 803 et
3474 762 3582 819 ego
3636 749 3816 804 indui-

2207 847 2361 904 geam
2404 834 2528 904 ipsi.
2578 834 2724 892 Bene
2774 837 2922 894 enim
2971 837 3187 907 justum
3229 846 3317 893 est
3363 837 3667 904 dimittere,
3723 840 3812 895 sed

2205 927 2494 994 pecuniam
2533 933 2777 997 repetere
2819 929 3015 1000 religio
3038 928 3356 984 Christiana
3393 929 3811 1000 non'prohibet.

2205 1014 2540 1074 Contrahoc
2563 1017 2804 1075 Paulus:
2844 1018 3066 1091 Suscipe
3091 1021 3268 1075 illum.
3310 1019 3373 1077 Si
3412 1031 3598 1076 autem
3636 1023 3811 1076 nocuit

2207 1110 2302 1164 tibi
2329 1111 2554 1182 aliquid,
2582 1112 2938 1168 subducenda
2963 1128 3024 1168 se
3052 1113 3171 1180 tibi,
3203 1123 3300 1167 aut
3321 1113 3369 1169 si
3401 1113 3556 1167 debet
3581 1113 3807 1184 aliquid,

2205 1203 2375 1274 quod,
2397 1211 2452 1258 te
2475 1204 2683 1272 nescio,
2706 1206 3028 1275 asporta‘vit,
3054 1205 3176 1262 ideo
3194 1219 3306 1260 non
3330 1205 3518 1260 minus
3546 1205 3808 1260 miserea-

2205 1295 2284 1349 ris
2313 1295 2362 1350 ei
2392 1311 2406 1325 ο
2437 1295 2533 1351 sed
2561 1296 2656 1350 hoc
2683 1306 2858 1351 totum
2889 1298 3094 1362 imputa
3114 1298 3266 1364 mihi,
3291 1297 3451 1368 quasi
3480 1313 3589 1369 ego
3614 1297 3807 1352 horum

2205 1385 2418 1442 debitor
2446 1387 2572 1443 sim.
2600 1386 2667 1443 Et
2697 1389 2832 1443 mihi
2855 1403 2990 1446 sane
3036 1389 3308 1460 imputare
3347 1388 3516 1445 debes
3545 1401 3603 1444 et
3633 1397 3804 1459 potes.

2207 1470 2322 1550 Ego
2355 1478 2500 1534 enim
2550 1479 2759 1536 Paulus
2799 1483 2990 1552 scripsi
3039 1495 3157 1537 mea
3192 1498 3354 1536 manu
3376 1497 3395 1535 :
3439 1480 3557 1552 Ego
3590 1482 3808 1534 reddam

2209 1571 2305 1626 tibi
2353 1573 2500 1642 quod
2552 1572 2713 1628 debet
2765 1571 3084 1630 Onesimus.
3123 1573 3265 1630 'ldeo
3311 1573 3392 1628 ait
3436 1589 3558 1626 mea
3605 1587 3806 1636 mm;

2206 1664 2445 1735 ponebat
2490 1664 2636 1722 enim
2683 1665 2932 1736 quaedam
2977 1665 3135 1738 signa
3175 1665 3232 1720 in
3278 1664 3541 1736 Epistolis
3577 1664 3719 1728 suis,
3753 1671 3811 1718 ut

2207 1771 2338 1812 suas
2363 1771 2486 1814 esse
2515 1773 2675 1814 neruo
2701 1758 2978 1814 dubitaret
3026 1759 3124 1830 qui
3162 1757 3321 1830 signa
3366 1757 3601 1814 videret.
3655 1755 3810 1824 Quod

513 1851 730 1907 detento
771 1844 828 1905 in
869 1852 1091 1906 vinculis
1136 1851 1433 1932 Evangelii,
1483 1852 1540 1908 id
1583 1862 1667 1909 est
1711 1869 1834 1923 qua:
1886 1827 2102 1912 vincula
2138 1827 2181 1884 Β
2207 1847 2296 1903 ille
2321 1848 2481 1905 debet
2526 1865 2597 1906 ne
2629 1865 2831 1908 renuas
2864 1827 3135 1922 imputare
3161 1827 3340 1906 mihi:
3386 1860 3446 1905 ut
3474 1857 3583 1904 non
3634 1850 3810 1903 dica-

511 1943 710 2014 patior,
758 1953 981 2013 propter
1033 1934 1386 2014 Evangelium
1445 1943 1591 2015 quod
1651 1944 1928 2014 praedico;
1981 1960 2106 2016 qua:

510 2035 841 2091 ministratio
878 2045 1025 2092 esset
1056 2052 1152 2107 pro
1182 2045 1251 2103 te,
1283 2035 1337 2091 id
1365 2045 1450 2092 cst
1475 2051 1575 2107 pro
1621 2045 1713 2091 tua
1763 2027 2011 2093 utilitate.
2046 2037 2104 2094 Si

505 2129 653 2184 enim
695 2130 785 2185 hic
835 2145 1027 2185 servus
1072 2138 1202 2185 tuus
1251 2129 1504 2200 demptus
1557 2130 1691 2184 mihi
1745 2131 2102 2201 ministraret,

510 2221 606 2276 tibi
657 2221 749 2291 qui
802 2219 1060 2276 dominus
1102 2236 1226 2276 cras
1271 2221 1577 2277 mercedem
1621 2222 1945 2293 acquireret.
1999 2221 2106 2278 Sed

509 2311 636 2368 licet
670 2313 802 2368 mihi
835 2315 1180 2370 necessarius
1205 2324 1370 2380 esset,
1417 2315 1512 2370 tibi
1537 2325 1742 2383 autem,
1785 2316 1828 2371 si
1853 2317 2106 2386 demptus

513 2403 646 2458 mihi
686 2404 1043 2470 ministraret,
1079 2405 1249 2471 utilis,
1308 2415 1494 2462 tamen
1548 2395 1683 2461 nihil
1717 2407 1905 2461 horum
1932 2409 2106 2478 facere

511 2493 652 2548 uolui
700 2495 814 2550 sine
866 2505 956 2550 tuo
1006 2498 1249 2564 consitio,
1285 2497 1406 2552 ideo
1441 2507 1612 2567 utne,
1659 2499 1714 2556 id
1753 2511 1836 2556 est
1890 2511 1945 2556 ut
1997 2517 2103 2556 non

509 2593 660 2642 esset
701 2587 903 2642 bonum
939 2588 1047 2643 hoc
1073 2597 1226 2644 tuum
1271 2590 1409 2643 velut
1452 2608 1518 2646 ea:
1564 2594 1890 2660 necessitate,
1932 2595 1984 2650 id
2021 2603 2106 2651 est

509 2675 676 2732 velles
710 2676 904 2746 nolles,
934 2678 1026 2732 sed
1059 2689 1118 2733 ut
1168 2688 1315 2734 esset
1344 2679 1720 2736 voluntarium.
1771 2682 1945 2739 Debes
1977 2701 2101 2740 eum

510 2768 812 2840 suscipere,
840 2769 960 2826 ideo
990 2771 1121 2841 quia
1149 2772 1394 2835 discessit
1417 2774 1486 2827 ad
1510 2773 1698 2828 horam
1720 2783 1752 2829 a
1780 2785 1850 2843 te,
1875 2777 2106 2847 forsitan

509 2871 733 2934 propter
772 2863 878 2919 hoc
919 2872 976 2917 ut
1006 2864 1169 2920 modo
1192 2865 1444 2935 reciperes
1470 2882 1590 2921 eum
1617 2878 1891 2934 (sternunt,
1939 2869 1991 2924 id
2022 2879 2107 2927 est

509 2963 773 3025 perpetuo
801 2966 1111 3012 manentem
1155 2964 1354 3014 tecum.
1403 2957 1462 3014 Si
1504 2961 1650 3015 enim
1700 2960 1754 3016 in
1790 2961 2108 3020 inﬁdelitate

510 3048 814 3118 perdurans
859 3051 1179 3121 conspectui
1227 3060 1321 3108 tuo
1370 3069 1588 3125 semper
1643 3062 1869 3124 astaret,
1900 3055 1954 3110 in
2003 3057 2108 3113 hoc

509 3141 712 3196 saeculo
748 3142 916 3214 (quod
943 3157 1138 3213 parum
1165 3143 1268 3216 est)
1299 3153 1477 3200 tecum
1507 3154 1675 3214 esset,
1699 3147 1826 3217 quia
1852 3154 2103 3204 mortuus

511 3245 640 3285 cum
692 3231 875 3302 impiis
907 3232 1281 3303 deputaretur,
1334 3243 1392 3290 tu
1439 3250 1571 3291 vero
1619 3252 1746 3291 cum
1780 3237 1978 3309 justis:
2009 3239 2103 3295 sed

513 3322 676 3377 modo
704 3323 831 3393 quia
862 3322 1038 3380 ﬁdelis
1063 3333 1169 3392 est,
1193 3333 1244 3380 et
1270 3341 1416 3382 nunc
1443 3335 1497 3382 et
1521 3327 1576 3381 in
1601 3325 1786 3383 futuro
1813 3337 1992 3384 tecum
2023 3337 2110 3387 est

508 3429 926 3486 permansurus,
958 3416 1080 3472 ideo
1105 3416 1184 3471 ait
1204 3417 1457 3488 forsitan,
1503 3417 1634 3489 quia
1678 3419 1967 3490 dispositio
2009 3418 2105 3476 Dei

509 3505 718 3580 incerta
749 3515 834 3562 est
858 3508 1198 3564 hominibus.
1250 3507 1317 3564 Et
1329 3509 1448 3580 jam
1476 3509 1712 3580 amplius
1751 3526 1855 3565 non
1899 3512 2105 3568 habeas

507 3613 636 3653 eum
668 3607 728 3653 ut
756 3615 964 3653 servum
993 3601 1360 3668 solummodo,
1389 3601 1480 3656 sed
1501 3602 1705 3659 habeas
1745 3617 1872 3658 eum
1900 3603 2106 3660 charis-

507 3687 702 3743 simam
730 3691 951 3760 fratrem
982 3693 1037 3747 in
1063 3691 1292 3748 Domino
1323 3711 1420 3766 pro
1455 3711 1624 3762 servo,
1669 3695 1724 3751 id
1757 3704 1842 3751 est
1887 3695 1944 3752 in
1984 3696 2106 3754 loco

508 3781 672 3838 servi.
729 3781 821 3838 Vol
872 3785 1017 3856 quod
1052 3785 1256 3842 habere
1309 3787 1519 3844 scilicet
1568 3798 1629 3844 ut
1674 3787 1929 3858 fratrem,
1980 3790 2104 3863 plus

509 3879 689 3943 ser‘vo,
732 3876 784 3932 id
813 3885 897 3933 est
943 3895 1110 3950 quam
1159 3880 1385 3936 haberet
1433 3897 1649 3938 servum
1691 3883 2102 3954 charissimam,

509 3968 643 4022 mihi
691 3985 789 4039 pro
844 3982 993 4028 certo
1041 3973 1451 4030 charissimum.
1503 3975 1641 4044 Quia
1685 3979 1733 4033 si
1781 3980 1918 4035 mihi
1967 3980 2104 4036 adeo

507 4062 712 4118 c'harus
735 4072 838 4132 est,
875 4066 964 4120 cui
998 4076 1210 4124 tantum
1256 4069 1308 4124 in
1360 4068 1471 4125 Deo
1523 4069 1692 4127 frater
1741 4083 1844 4141 est,
1895 4084 2104 4146 quanto

505 4153 686 4224 magis
715 4161 918 4210 "autem
973 4156 1072 4212 tibi
1128 4158 1331 4215 charus
1359 4176 1481 4216 esse
1515 4160 1693 4230 debet,
1747 4173 1802 4218 et
1835 4163 1889 4219 in
1939 4182 2103 4222 carne

504 4245 812 4302 secundum
841 4263 1008 4319 quam
1034 4266 1228 4308 servus
1256 4261 1359 4319 est,
1395 4263 1451 4309 et
1492 4254 1545 4309 in
1587 4255 1840 4324 Domino,
1890 4259 1945 4314 in
1993 4276 2103 4332 quo

502 4337 604 4392 tibi
635 4336 804 4395 frater
825 4351 929 4397 est.
957 4341 1410 4417 Quandoquidem
1440 4347 1578 4403 adeo
1609 4349 1810 4407 charus
1837 4361 1922 4408 est
1949 4354 2101 4422 mihi,

499 4445 640 4502 ergo
685 4433 904 4506 suscipe
942 4435 1096 4491 illum
1148 4437 1294 4494 sicut
1350 4455 1458 4508 me,
1517 4439 1564 4498 si
1617 4442 1704 4498 vis
1760 4444 1960 4501 habere
2016 4462 2105 4503 me

2192 1937 2304 2026 tibi
2327 1943 2581 1998 indurato
2607 1953 2663 2000 et
2684 1943 2966 2015 indulgere
2987 1942 3216 2010 nolenti,
3246 1942 3388 2014 quod
3417 1950 3479 1997 tu
3499 1942 3656 1998 debes
3679 1942 3810 1995 mihi

2204 2051 2317 2091 non
2348 2037 2452 2092 hoc
2473 2036 2674 2098 solum.
2699 2035 2793 2092 sed
2819 2036 2985 2091 etiam
3011 2037 3256 2106 teipsum.
3287 2033 3496 2090 Paulus
3519 2033 3616 2108 jus
3644 2035 3810 2089 habe.

2203 2129 2297 2184 bat
2348 2144 2512 2198 super
2559 2137 2757 2192 eos,ct
2805 2128 2860 2183 in
2893 2128 3060 2184 rebus
3105 2142 3297 2183 eorum
3340 2142 3485 2198 quos
3528 2126 3600 2181 ad
3646 2124 3805 2181 ﬁdem

2204 2229 2565 2280 converterat.
2626 2219 2696 2276 Ut
2740 2221 3085 2294 negationem
3132 2220 3427 2275 obtendere
3481 2219 3649 2291 356
3699 2234 3806 2274 non

2206 2317 2424 2382 audeat,
2479 2314 2760 2386 subjungit
2807 2314 3256 2385 adjurationem,
3313 2313 3549 2369 dicens:
3619 2311 3809 2366 Frater

2204 2401 2485 2464 Philemon
2508 2409 2587 2461 ita
2615 2424 2707 2476 ego
2755 2409 2907 2472 fruar
2953 2415 3000 2460 te
3046 2408 3098 2460 in
3128 2405 3378 2471 Domino,
3417 2405 3466 2460 si
3515 2405 3806 2460 indulseris

2205 2499 2488 2566 Onesimo,
2514 2511 2574 2554 ut
2595 2499 2822 2556 cstillud
2842 2498 3048 2554 Horatii
3071 2499 3150 2567 (3,
3176 2499 3256 2567 l):
3284 2496 3377 2552 Sic
3393 2507 3442 2552 te
3456 2497 3581 2552 dira
3601 2507 3805 2567 potens,

2203 2602 2308 2649 etc.
2356 2591 2424 2646 Et
2449 2591 2572 2648 ideo
2599 2592 2749 2662 reﬁce
2775 2593 2975 2646 uiscera
3008 2607 3141 2657 mea,
3191 2590 3245 2646 id
3279 2599 3366 2646 est
3388 2589 3711 2645 Onesimum
3753 2589 3807 2641 is

2206 2684 2418 2741 Christo
2441 2682 2590 2751 .Iesu,
2622 2683 2672 2738 id
2698 2695 2781 2738 est
2811 2691 3033 2754 propter
3056 2680 3362 2737 Christum.
3392 2680 3510 2738 Hoc
3539 2691 3623 2746 ut,
3655 2679 3803 2735 scili-

2205 2786 2312 2846 cet,
2342 2775 2556 2832 reﬁcias
2578 2792 2724 2832 eum.
2757 2774 2824 2830 Et
2841 2775 3116 2846 praemissa
3151 2775 3344 2844 scripsi
3387 2773 3506 2841 tibi,
3537 2773 3803 2842 conﬁdens

2206 2869 2268 2926 de
2294 2868 2591 2924 obedientia
2619 2877 2712 2922 tua
2734 2884 2753 2923 :
2801 2867 3016 2925 conﬁdo
3043 2867 3189 2923 enim
3222 2875 3274 2922 te
3300 2866 3654 2921 obediturum
3672 2863 3800 2919 mihi

2206 2977 2372 3033 super
2392 2961 2499 3018 his.
2525 2959 2708 3016 Sciens
2733 2961 2896 3016 etiam
2923 2960 3072 3032 quod
3093 2969 3150 3016 tu
3179 2957 3349 3016 facies
3375 2957 3640 3014 Onesimo
3660 2953 3802 3029 quod

2207 3053 2351 3120 dico,
2398 3061 2446 3107 et
2480 3054 2644 3109 etiam
2686 3069 2843 3124 super
2891 3053 2971 3106 his
3017 3051 3255 3124 postulo,
3302 3052 3431 3123 quia
3479 3065 3591 3106 non
3627 3050 3800 3105 solum

2210 3143 2556 3217 indulgebis:
2609 3145 2705 3202 sed
2750 3145 2962 3200 reddita
3012 3143 3116 3215 ipsi
3165 3142 3337 3217 gratia
3384 3151 3478 3198 tua
3511 3142 3802 3215 (siquibus

2209 3241 2468 3313 indigeat)
2500 3240 2861 3297 ministrabis.
2895 3238 2987 3295 Sic
3015 3239 3208 3296 facias.
3253 3237 3428 3293 Simul
3470 3237 3640 3291 etiam
3677 3251 3799 3291 cum

2206 3334 2328 3390 istis
2357 3333 2653 3400 mandatis,
2690 3351 2826 3404 para
2857 3333 2986 3387 mihi
3008 3331 3318 3402 hospitium.
3365 3329 3512 3384 Nam
3541 3345 3694 3400 spero
3724 3341 3802 3382 me

2204 3425 2394 3480 donari
2443 3409 2588 3480 vobis
2632 3441 2724 3494 per
2766 3425 3032 3478 orationes
3061 3431 3282 3477 uestras.
3333 3420 3437 3477 Per
3482 3419 3593 3477 hoc
3639 3419 3799 3475 etiam

2204 3518 2350 3591 quod
2385 3533 2444 3574 se
2469 3518 2831 3574 adventorum
2856 3517 3008 3582 dicit,
3032 3515 3408 3571 Philemonem
3433 3515 3503 3569 ad
3532 3513 3800 3569 miseran-

2204 3610 2336 3667 dum
2366 3624 2523 3666 servo
2551 3609 2780 3665 inducit.
2809 3608 2867 3663 Si
2900 3607 3047 3663 enim
3077 3606 3372 3678 Apostolus
3393 3605 3623 3660 veniens
3649 3605 3799 3661 inve-

2204 3701 2348 3758 niret
2375 3701 2660 3757 dominum
2696 3699 3207 3766 immisericordem,
3233 3697 3480 3754 severius
3506 3697 3801 3768 corriperet

2203 3809 2350 3850 eum.
2383 3791 2598 3848 Salutat
2620 3800 2669 3846 te
2691 3790 2971 3862 Epaphras
3004 3790 3062 3843 in
3095 3787 3308 3845 Christo
3351 3786 3504 3842 Iesu.
3538 3785 3639 3842 Vel
3675 3803 3802 3840 con—

2204 3886 2440 3955 ceptis-us
2463 3901 2606 3939 meus
2633 3883 2685 3938 in
2711 3883 2934 3938 Christo
2957 3880 3085 3938 Jesu
3113 3900 3125 3936 :
3149 3881 3245 3952 qui
3271 3889 3498 3952 propter
3519 3878 3799 3935 Christum

2202 3977 2388 4035 Jesum
2447 3978 2815 4048 captivitatem
2871 3991 3086 4031 mecum
3155 3975 3381 4046 patitur.
3445 3972 3704 4029 Salutant
3752 3982 3802 4027 te

2203 4072 2366 4129 etiam
2411 4071 2646 4136 Marcus,
2670 4053 3036 4136 Aristarchus,
3060 4067 3275 4133 Demas,
3300 4065 3498 4133 Lucas,
3528 4065 3800 4136 adjutores

2205 4167 2327 4219 mei.
2354 4162 2546 4219 Gratia
2565 4163 2778 4217 Domini
2801 4162 2970 4216 nostri
2992 4159 3122 4216 Iesu
3150 4158 3352 4216 Christi
3372 4160 3444 4213 sit
3467 4175 3588 4212 cum
3611 4157 3802 4226 spiritu

2207 4267 2396 4324 vestro,
2423 4256 2475 4312 id
2502 4266 2586 4312 est
2614 4271 2740 4310 cum
2765 4253 3087 4310 Philemone
3113 4261 3173 4308 et
3194 4253 3316 4323 ejus
3341 4250 3582 4306 familia.
3613 4253 3803 4307 Atla.

2207 4348 2362 4405 Sicut
2392 4350 2446 4403 in
2471 4347 2763 4419 principio,
2811 4345 2894 4402 sic
2934 4346 2990 4401 in
3035 4344 3144 4402 ﬁne
3189 4359 3384 4399 omnes
3430 4342 3715 4409 salutavit,
3744 4347 3805 4396 ut

2206 4445 2453 4500 Omnium
2489 4442 2802 4498 all‘ectiones
2830 4441 2975 4496 circa
3005 4437 3326 4495 Onesimum
3357 4436 3659 4508 mitigaret.

545 4555 3791 4602 Μ

1359 4669 1855 4729 ARGUMENTUM
1895 4673 1964 4729 ΙΝ
1996 4675 2394 4742 ,ΕΡΙΒΤΟΒΑΜ
2431 4675 2524 4731 AD
2562 4672 2932 4730 HEBREOS.

544 4813 548 4816 -
577 4779 639 4862 in
663 4782 857 4862 primis
885 4782 1284 4862 dicendu_m_cst
1306 4803 1406 4862 cur
1425 4791 1707 4862 apostolus
1730 4791 1934 4847 Paulus
1964 4793 2016 4847 in
2051 4794 2153 4850 hac
2183 4793 2426 4862 Epistola
2457 4793 2742 4848 scribenda
2783 4808 2890 4846 non
2923 4790 3220 4862 servaverit
3253 4802 3468 4862 morem
3509 4802 3676 4844 sun
3697 4826 3718 4862 _.
3741 4792 3802 4838 It

505 4853 592 4932 vel
618 4855 948 4936 vocabulum
977 4857 1219 4936 nominis
1241 4858 1350 4925 sui,
1370 4853 1694 4936 vel-ordinis
1718 4864 2054 4920 describeret
2073 4853 2417 4936 dignitatem.
2445 4864 2574 4920 llaec
2609 4879 2777 4920 causa
2799 4872 2883 4936 est
2904 4862 3053 4932 quod
3083 4861 3156 4918 ad
3189 4875 3287 4918 eos
3318 4860 3578 4915 scribens
3615 4857 3712 4936 qui
3737 4872 3800 4912 ex

507 4928 932 5006 qircumcisione
944 4928 1322 5006 crediderant,
1342 4931 1500 5006 quasi
1532 4935 1776 5004 gentium
1804 4937 2088 5006 apostolus
2107 4928 2162 5006 et
2199 4952 2306 5006 non
2333 4935 2686 4990 Hebraeorum
2711 4952 2738 5006 A:
2773 4928 2953 5006 sciens
2975 4947 3200 5006 quoque
3209 4945 3431 5006 eorum
3462 4928 3798 5006 superbiam.

509 4996 776 5064 suamqne
803 4996 1166 5070 humilitatem
1195 5001 1308 5070 ipse
1329 4996 1733 5069 demonstrans,
1777 4996 2033 5060 meritum
2064 5005 2231 5060 ofﬁcii
2262 5006 2344 5062 sui
2375 5006 2552 5060 noluit
2574 5003 2864 5059 anteferre.
2882 4996 3017 5057 Nam
3055 4996 3226 5058 siinili
3256 4999 3425 5055 modo
3443 4996 3615 5070 etiam
3637 4997 3798 5052 Joan-

511 5076 612 5146 nes
632 5066 910 5146 appstolus
938 5081 1158 5146 propter
1192 5066 1553 5146 humilitatem
1579 5075 1632 5128 in
1663 5066 1906 5146 Epistola
1940 5092 2040 5132 sua
2072 5091 2273 5132 nomen
2317 5092 2478 5132 suum
2519 5075 2711 5131 eadem
2760 5076 2976 5146 ratione
3018 5087 3129 5128 non
3157 5070 3418 5142 praetulit.
3469 5069 3629 5146 lianc
3670 5082 3797 5138 "8°

509 5128 808 5218 Epistme
832 5128 1006 5192 fertur
1034 5128 1328 5218 Apostolus
1355 5145 1424 5198 ad
1445 5128 2862 5218 uebms‘eéius‘éribdniHésihaaiiﬁgamisuse;
2890 5144 3052 5218 cujus
3084 5128 3310 5218 sensum
3339 5149 3400 5197 et
3435 5141 3694 5198 ordinem
3716 5128 3800 5194 ιὶ-

509 5203 694 5258 tinens
713 5203 893 5262 Lucas
921 5203 1272 5281 evang'elista,
1305 5223 1430 5283 post
1460 5231 1750 5274 excessum
1780 5203 2013 5291 apostoli
2042 5219 2197 5275 Pauli
2219 5217 2410 5276 Graaco
2433 5203 2688 5274 sermone
2715 5203 3093 5287 composuisse
3115 5213 3344 5270 dicitur.

518 5317 2004 5356 M—

1475 5433 1850 5490 PROLOGUS
1887 5435 1949 5489 Β.
1992 5433 2351 5492 BRUNONIS
2385 5432 2454 5488 IN
2493 5432 2804 5489 EAMDEM.

541 5517 554 5551 ⁵
583 5531 842 5592 anudaza
863 5548 1021 5595 erant
1039 5539 1319 5609 Ecclesiae,
1344 5541 1398 5598 in
1422 5542 1527 5600 ﬁde
1541 5543 1748 5612 Christi
1770 5545 2100 5612 constitutae,
2135 5553 2181 5608 ι)
2205 5549 2260 5602 e't
2292 5547 2358 5603 de
2399 5544 2617 5605 Christo
2664 5536 3119 5614 incarnationem,
3169 5553 3422 5610 mortem,
3455 5552 3512 5600 et
3551 5557 3797 5599 resurre—

512 5626 715 5696 quibus
755 5636 812 5684 et
850 5629 966 5701 ipse
1013 5630 1268 5690 Christus
1297 5634 1720 5707 praedicaverat:
1753 5646 1806 5692 et
1833 5652 1930 5707 per
1967 5652 2099 5708 apo-

514 5715 779 5776 stolorum
805 5722 1107 5784 doctrinam
1133 5728 1274 5800 ejus,
1318 5736 1372 5783 ct
1391 5729 1590 5800 quibus
1616 5728 1916 5784 ascendens
1941 5729 2099 5782 insti—

517 5813 746 5901 tuendus
792 5813 1064 5877 Ecclesias
1095 5823 1465 5880 commiserat.
1510 5820 1672 5876 ﬁdem
1724 5830 2097 5882 susceperant.

2205 5640 2461 5705 ctionem,
2493 5647 2546 5693 et
2575 5647 2767 5694 caetera
2799 5638 2936 5694 bene
2957 5637 3286 5704 credebant;
3321 5635 3420 5712 sed
3461 5635 3519 5692 in
3562 5650 3630 5689 eo
3678 5635 3794 5705 plu-

2206 5730 2406 5786 rimum
2443 5731 2718 5799 errabant,
2760 5731 2904 5801 quod
2936 5730 3433 5794 circumcisionem,
3466 5737 3524 5782 et
3551 5725 3799 5799 quadam

2208 5822 2399 5884 legalia
2450 5823 2810 5888 observabant
2840 5821 3171 5883 :‘credentes
3214 5823 3337 5879 sine
3386 5821 3476 5877 his
3524 5821 3801 5878 neminem
