  <div class='ocr_page' id='page_1' title='image "/cluster/home/n/w/nwhite01/storage/ocr_20150623/153/hvd.32044015473812/250.png"; bbox 0 0 3988 6394; ppageno 0'>
   <div class='ocr_carea' id='block_1_1' title="bbox 193 300 316 357">
    <p class='ocr_par' dir='ltr' id='par_1_1' title="bbox 193 300 316 357">
     <span class='ocr_line' id='line_1_1' title="bbox 193 300 316 357; baseline 0.008 -1"><span class='ocrx_word' id='word_1_1' title='bbox 193 300 316 357; x_wconf 70' lang='grc'><strong>489</strong></span> 
     </span>
    </p>
   </div>
   <div class='ocr_carea' id='block_1_2' title="bbox 197 415 1876 486">
    <p class='ocr_par' dir='ltr' id='par_1_2' title="bbox 197 415 1876 486">
     <span class='ocr_line' id='line_1_2' title="bbox 197 415 1876 486; baseline 0.003 -17"><span class='ocrx_word' id='word_1_2' title='bbox 197 431 380 486; x_wconf 85' lang='lat' dir='ltr'><strong>posse</strong></span> <span class='ocrx_word' id='word_1_3' title='bbox 415 415 639 482; x_wconf 83' lang='lat' dir='ltr'><strong>salvari,</strong></span> <span class='ocrx_word' id='word_1_4' title='bbox 671 424 724 472; x_wconf 89' lang='lat' dir='ltr'><strong>et</strong></span> <span class='ocrx_word' id='word_1_5' title='bbox 754 416 812 471; x_wconf 90' lang='lat' dir='ltr'><strong>in</strong></span> <span class='ocrx_word' id='word_1_6' title='bbox 861 417 966 473; x_wconf 90' lang='lat' dir='ltr'><strong>hoc</strong></span> <span class='ocrx_word' id='word_1_7' title='bbox 1012 417 1356 474; x_wconf 85' lang='lat' dir='ltr'><strong>detrahentes</strong></span> <span class='ocrx_word' id='word_1_8' title='bbox 1393 419 1706 476; x_wconf 70' lang='lat' dir='ltr'><strong>eminentia:</strong></span> <span class='ocrx_word' id='word_1_9' title='bbox 1748 429 1802 474; x_wconf 91' lang='lat' dir='ltr'><strong>et</strong></span> <span class='ocrx_word' id='word_1_10' title='bbox 1829 427 1876 482; x_wconf 80' lang='grc' dir='ltr'>Α</span> 
     </span>
    </p>
   </div>
   <div class='ocr_carea' id='block_1_3' title="bbox 192 505 1796 577">
    <p class='ocr_par' dir='ltr' id='par_1_3' title="bbox 192 505 1796 577">
     <span class='ocr_line' id='line_1_3' title="bbox 192 505 1796 577; baseline 0.003 -16"><span class='ocrx_word' id='word_1_11' title='bbox 192 507 332 561; x_wconf 80' lang='lat' dir='ltr'><strong>fidei</strong></span> <span class='ocrx_word' id='word_1_12' title='bbox 365 505 590 561; x_wconf 86' lang='lat' dir='ltr'><strong>Christi.</strong></span> <span class='ocrx_word' id='word_1_13' title='bbox 619 505 685 562; x_wconf 87' lang='lat' dir='ltr'><strong>Et</strong></span> <span class='ocrx_word' id='word_1_14' title='bbox 706 523 871 577; x_wconf 89' lang='lat' dir='ltr'><strong>super</strong></span> <span class='ocrx_word' id='word_1_15' title='bbox 899 508 1003 562; x_wconf 89' lang='lat' dir='ltr'><strong>hoc</strong></span> <span class='ocrx_word' id='word_1_16' title='bbox 1031 509 1233 564; x_wconf 90' lang='lat' dir='ltr'><strong>multas</strong></span> <span class='ocrx_word' id='word_1_17' title='bbox 1267 509 1593 565; x_wconf 81' lang='lat' dir='ltr'><strong>verisimiles</strong></span> <span class='ocrx_word' id='word_1_18' title='bbox 1621 511 1796 566; x_wconf 80' lang='lat' dir='ltr'><strong>addu—</strong></span> 
     </span>
    </p>
   </div>
   <div class='ocr_carea' id='block_1_4' title="bbox 188 598 1794 672">
    <p class='ocr_par' dir='ltr' id='par_1_4' title="bbox 188 598 1794 672">
     <span class='ocr_line' id='line_1_4' title="bbox 188 598 1794 672; baseline 0.003 -21"><span class='ocrx_word' id='word_1_19' title='bbox 188 598 402 652; x_wconf 83' lang='lat' dir='ltr'><strong>oebant</strong></span> <span class='ocrx_word' id='word_1_20' title='bbox 421 599 682 664; x_wconf 82' lang='lat' dir='ltr'><strong>rationes,</strong></span> <span class='ocrx_word' id='word_1_21' title='bbox 705 599 912 654; x_wconf 82' lang='lat' dir='ltr'><strong>scilicet</strong></span> <span class='ocrx_word' id='word_1_22' title='bbox 929 600 1074 669; x_wconf 90' lang='lat' dir='ltr'><strong>quod</strong></span> <span class='ocrx_word' id='word_1_23' title='bbox 1090 598 1345 656; x_wconf 86' lang='lat' dir='ltr'><strong>Christus</strong></span> <span class='ocrx_word' id='word_1_24' title='bbox 1365 601 1467 656; x_wconf 90' lang='lat' dir='ltr'><strong>sub</strong></span> <span class='ocrx_word' id='word_1_25' title='bbox 1480 601 1599 672; x_wconf 90' lang='lat' dir='ltr'><strong>lege</strong></span> <span class='ocrx_word' id='word_1_26' title='bbox 1611 610 1794 669; x_wconf 92' lang='lat' dir='ltr'><strong>natus,</strong></span> 
     </span>
    </p>
   </div>
   <div class='ocr_carea' id='block_1_5' title="bbox 191 687 1797 761">
    <p class='ocr_par' dir='ltr' id='par_1_5' title="bbox 191 687 1797 761">
     <span class='ocr_line' id='line_1_5' title="bbox 191 687 1797 761; baseline 0.003 -20"><span class='ocrx_word' id='word_1_27' title='bbox 191 687 380 757; x_wconf 88' lang='lat' dir='ltr'><strong>legem</strong></span> <span class='ocrx_word' id='word_1_28' title='bbox 431 703 525 758; x_wconf 91' lang='lat' dir='ltr'><strong>per</strong></span> <span class='ocrx_word' id='word_1_29' title='bbox 579 689 764 744; x_wconf 83' lang='lat' dir='ltr'><strong>omnia</strong></span> <span class='ocrx_word' id='word_1_30' title='bbox 807 690 1178 758; x_wconf 84' lang='lat' dir='ltr'><strong>observasset,</strong></span> <span class='ocrx_word' id='word_1_31' title='bbox 1236 699 1290 745; x_wconf 87' lang='lat' dir='ltr'><strong>et</strong></span> <span class='ocrx_word' id='word_1_32' title='bbox 1345 691 1392 746; x_wconf 89' lang='lat' dir='ltr'><strong>si</strong></span> <span class='ocrx_word' id='word_1_33' title='bbox 1449 692 1668 761; x_wconf 84' lang='lat' dir='ltr'><strong>quando</strong></span> <span class='ocrx_word' id='word_1_34' title='bbox 1729 691 1797 746; x_wconf 87' lang='lat' dir='ltr'><strong>de</strong></span> 
     </span>
    </p>
   </div>
   <div class='ocr_carea' id='block_1_6' title="bbox 193 779 1796 852">
    <p class='ocr_par' dir='ltr' id='par_1_6' title="bbox 193 779 1796 852">
     <span class='ocr_line' id='line_1_6' title="bbox 193 779 1796 852; baseline 0.002 -19"><span class='ocrx_word' id='word_1_35' title='bbox 193 781 477 835; x_wconf 85' lang='lat' dir='ltr'><strong>solutione</strong></span> <span class='ocrx_word' id='word_1_36' title='bbox 550 779 686 852; x_wconf 81' lang='lat' dir='ltr'><strong>legis</strong></span> <span class='ocrx_word' id='word_1_37' title='bbox 766 781 1150 850; x_wconf 83' lang='lat' dir='ltr'><strong>incusaretur,</strong></span> <span class='ocrx_word' id='word_1_38' title='bbox 1229 782 1489 838; x_wconf 84' lang='lat' dir='ltr'><strong>reddebat</strong></span> <span class='ocrx_word' id='word_1_39' title='bbox 1551 783 1796 837; x_wconf 84' lang='lat' dir='ltr'><strong>rationes</strong></span> 
     </span>
    </p>
   </div>
   <div class='ocr_carea' id='block_1_7' title="bbox 192 870 1796 945">
    <p class='ocr_par' dir='ltr' id='par_1_7' title="bbox 192 870 1796 945">
     <span class='ocr_line' id='line_1_7' title="bbox 192 870 1796 945; baseline 0.003 -22"><span class='ocrx_word' id='word_1_40' title='bbox 192 870 350 939; x_wconf 89' lang='lat' dir='ltr'><strong>quod</strong></span> <span class='ocrx_word' id='word_1_41' title='bbox 403 871 575 941; x_wconf 87' lang='lat' dir='ltr'><strong>legem</strong></span> <span class='ocrx_word' id='word_1_42' title='bbox 638 873 692 925; x_wconf 91' lang='lat' dir='ltr'><strong>in</strong></span> <span class='ocrx_word' id='word_1_43' title='bbox 759 873 908 928; x_wconf 87' lang='lat' dir='ltr'><strong>nullo</strong></span> <span class='ocrx_word' id='word_1_44' title='bbox 972 875 1225 942; x_wconf 86' lang='lat' dir='ltr'><strong>solveret,</strong></span> <span class='ocrx_word' id='word_1_45' title='bbox 1294 883 1356 929; x_wconf 91' lang='lat' dir='ltr'><strong>ut</strong></span> <span class='ocrx_word' id='word_1_46' title='bbox 1414 874 1510 941; x_wconf 85' lang='lat' dir='ltr'><strong>ibi,</strong></span> <span class='ocrx_word' id='word_1_47' title='bbox 1577 874 1796 945; x_wconf 89' lang='lat' dir='ltr'><strong>quando</strong></span> 
     </span>
    </p>
   </div>
   <div class='ocr_carea' id='block_1_8' title="bbox 193 964 1794 1034">
    <p class='ocr_par' dir='ltr' id='par_1_8' title="bbox 193 964 1794 1034">
     <span class='ocr_line' id='line_1_8' title="bbox 193 964 1794 1034; baseline 0.004 -20"><span class='ocrx_word' id='word_1_48' title='bbox 193 973 578 1032; x_wconf 85' lang='lat' dir='ltr'><strong>opposuerunt</strong></span> <span class='ocrx_word' id='word_1_49' title='bbox 603 964 652 1018; x_wconf 91' lang='lat' dir='ltr'><strong>ei</strong></span> <span class='ocrx_word' id='word_1_50' title='bbox 674 965 803 1034; x_wconf 83' lang='lat' dir='ltr'><strong>quia</strong></span> <span class='ocrx_word' id='word_1_51' title='bbox 846 965 901 1018; x_wconf 89' lang='lat' dir='ltr'><strong>in</strong></span> <span class='ocrx_word' id='word_1_52' title='bbox 929 965 1178 1020; x_wconf 88' lang='lat' dir='ltr'><strong>Sabbato</strong></span> <span class='ocrx_word' id='word_1_53' title='bbox 1201 975 1419 1022; x_wconf 88' lang='lat' dir='ltr'><strong>curaret</strong></span> <span class='ocrx_word' id='word_1_54' title='bbox 1461 982 1571 1021; x_wconf 91' lang='lat' dir='ltr'><strong>non</strong></span> <span class='ocrx_word' id='word_1_55' title='bbox 1600 967 1794 1022; x_wconf 90' lang='lat' dir='ltr'><strong>obser-</strong></span> 
     </span>
    </p>
   </div>
   <div class='ocr_carea' id='block_1_9' title="bbox 195 1054 1794 1122">
    <p class='ocr_par' dir='ltr' id='par_1_9' title="bbox 195 1054 1794 1122">
     <span class='ocr_line' id='line_1_9' title="bbox 195 1054 1794 1122; baseline 0.002 -15"><span class='ocrx_word' id='word_1_56' title='bbox 195 1069 333 1108; x_wconf 83' lang='lat' dir='ltr'><strong>vare</strong></span> <span class='ocrx_word' id='word_1_57' title='bbox 380 1054 701 1122; x_wconf 87' lang='lat' dir='ltr'><strong>Sabbatum,</strong></span> <span class='ocrx_word' id='word_1_58' title='bbox 762 1056 996 1112; x_wconf 85' lang='lat' dir='ltr'><strong>reddidit</strong></span> <span class='ocrx_word' id='word_1_59' title='bbox 1035 1058 1301 1112; x_wconf 79' lang='lat' dir='ltr'><strong>rationem</strong></span> <span class='ocrx_word' id='word_1_60' title='bbox 1358 1067 1412 1112; x_wconf 90' lang='lat' dir='ltr'><strong>et</strong></span> <span class='ocrx_word' id='word_1_61' title='bbox 1450 1057 1561 1112; x_wconf 82' lang='lat' dir='ltr'><strong>ait°</strong></span> <span class='ocrx_word' id='word_1_62' title='bbox 1602 1054 1662 1112; x_wconf 89' lang='lat' dir='ltr'><strong>Si</strong></span> <span class='ocrx_word' id='word_1_63' title='bbox 1706 1073 1794 1111; x_wconf 81' lang='lat' dir='ltr'><strong>vos</strong></span> 
     </span>
    </p>
   </div>
   <div class='ocr_carea' id='block_1_10' title="bbox 195 1145 1794 1220">
    <p class='ocr_par' dir='ltr' id='par_1_10' title="bbox 195 1145 1794 1220">
     <span class='ocr_line' id='line_1_10' title="bbox 195 1145 1794 1220; baseline 0.003 -22"><span class='ocrx_word' id='word_1_64' title='bbox 195 1147 254 1199; x_wconf 85' lang='lat' dir='ltr'><strong>in</strong></span> <span class='ocrx_word' id='word_1_65' title='bbox 283 1147 373 1200; x_wconf 77' lang='lat' dir='ltr'><strong>die</strong></span> <span class='ocrx_word' id='word_1_66' title='bbox 397 1145 617 1201; x_wconf 78' lang='lat' dir='ltr'><strong>Sabbati</strong></span> <span class='ocrx_word' id='word_1_67' title='bbox 645 1147 821 1201; x_wconf 81' lang='lat' dir='ltr'><strong>bovem</strong></span> <span class='ocrx_word' id='word_1_68' title='bbox 845 1148 922 1202; x_wconf 81' lang='lat' dir='ltr'><strong>vel</strong></span> <span class='ocrx_word' id='word_1_69' title='bbox 956 1151 1165 1202; x_wconf 76' lang='lat' dir='ltr'><strong>asinum</strong></span> <span class='ocrx_word' id='word_1_70' title='bbox 1187 1149 1438 1204; x_wconf 75' lang='lat' dir='ltr'><strong>solventes</strong></span> <span class='ocrx_word' id='word_1_71' title='bbox 1469 1149 1794 1220; x_wconf 75' lang='lat' dir='ltr'><strong>ndaquatu&#39;m</strong></span> 
     </span>
    </p>
   </div>
   <div class='ocr_carea' id='block_1_11' title="bbox 191 1238 1793 1310">
    <p class='ocr_par' dir='ltr' id='par_1_11' title="bbox 191 1238 1793 1310">
     <span class='ocr_line' id='line_1_11' title="bbox 191 1238 1793 1310; baseline 0.003 -21"><span class='ocrx_word' id='word_1_72' title='bbox 191 1238 399 1291; x_wconf 79' lang='lat' dir='ltr'><strong>ducitis</strong></span> <span class='ocrx_word' id='word_1_73' title='bbox 421 1239 533 1291; x_wconf 81' lang='lat' dir='ltr'><strong>sine</strong></span> <span class='ocrx_word' id='word_1_74' title='bbox 556 1241 968 1309; x_wconf 75' lang='lat' dir='ltr'><strong>transgressione</strong></span> <span class='ocrx_word' id='word_1_75' title='bbox 984 1239 1138 1310; x_wconf 80' lang='lat' dir='ltr'><strong>legis,</strong></span> <span class='ocrx_word' id='word_1_76' title='bbox 1167 1242 1428 1310; x_wconf 78' lang='lat' dir='ltr'><strong>quomodo</strong></span> <span class='ocrx_word' id='word_1_77' title='bbox 1439 1257 1530 1310; x_wconf 86' lang='lat' dir='ltr'><strong>ego</strong></span> <span class='ocrx_word' id='word_1_78' title='bbox 1548 1239 1793 1295; x_wconf 79' lang='lat' dir='ltr'><strong>solvendo</strong></span> 
     </span>
    </p>
   </div>
   <div class='ocr_carea' id='block_1_12' title="bbox 195 1328 1789 1403">
    <p class='ocr_par' dir='ltr' id='par_1_12' title="bbox 195 1328 1789 1403">
     <span class='ocr_line' id='line_1_12' title="bbox 195 1328 1789 1403; baseline 0.004 -23"><span class='ocrx_word' id='word_1_79' title='bbox 195 1328 467 1383; x_wconf 79' lang='lat' dir='ltr'><strong>hominem</strong></span> <span class='ocrx_word' id='word_1_80' title='bbox 491 1346 524 1382; x_wconf 90' lang='lat' dir='ltr'><strong>a</strong></span> <span class='ocrx_word' id='word_1_81' title='bbox 547 1329 812 1384; x_wconf 72' lang='lat' dir='ltr'><strong>daemonio</strong></span> <span class='ocrx_word' id='word_1_82' title='bbox 843 1329 1006 1400; x_wconf 90' lang='lat' dir='ltr'><strong>legem</strong></span> <span class='ocrx_word' id='word_1_83' title='bbox 1031 1332 1432 1402; x_wconf 78' lang='lat' dir='ltr'><strong>transgredior?</strong></span> <span class='ocrx_word' id='word_1_84' title='bbox 1466 1331 1618 1403; x_wconf 82' lang='lat' dir='ltr'><strong>(Luc.</strong></span> <span class='ocrx_word' id='word_1_85' title='bbox 1671 1348 1789 1399; x_wconf 87' lang='lat' dir='ltr'><strong>xm,</strong></span> 
     </span>
    </p>
   </div>
   <div class='ocr_carea' id='block_1_13' title="bbox 204 1418 1792 1492">
    <p class='ocr_par' dir='ltr' id='par_1_13' title="bbox 204 1418 1792 1492">
     <span class='ocr_line' id='line_1_13' title="bbox 204 1418 1792 1492; baseline 0.003 -19"><span class='ocrx_word' id='word_1_86' title='bbox 204 1420 346 1489; x_wconf 78' lang='lat' dir='ltr'><strong>I5.)</strong></span> <span class='ocrx_word' id='word_1_87' title='bbox 427 1418 547 1476; x_wconf 76' lang='lat' dir='ltr'><strong>Non</strong></span> <span class='ocrx_word' id='word_1_88' title='bbox 609 1421 958 1476; x_wconf 82' lang='lat' dir='ltr'><strong>recordantes</strong></span> <span class='ocrx_word' id='word_1_89' title='bbox 1025 1422 1175 1492; x_wconf 90' lang='lat' dir='ltr'><strong>quod</strong></span> <span class='ocrx_word' id='word_1_90' title='bbox 1217 1423 1467 1478; x_wconf 81' lang='lat' dir='ltr'><strong>Christus</strong></span> <span class='ocrx_word' id='word_1_91' title='bbox 1505 1423 1666 1478; x_wconf 85' lang='lat' dir='ltr'><strong>finem</strong></span> <span class='ocrx_word' id='word_1_92' title='bbox 1713 1425 1792 1480; x_wconf 91' lang='lat' dir='ltr'><strong>illi</strong></span> 
     </span>
    </p>
   </div>
   <div class='ocr_carea' id='block_1_14' title="bbox 192 1513 1791 1585">
    <p class='ocr_par' dir='ltr' id='par_1_14' title="bbox 192 1513 1791 1585">
     <span class='ocr_line' id='line_1_14' title="bbox 192 1513 1791 1585; baseline 0.004 -20"><span class='ocrx_word' id='word_1_93' title='bbox 192 1513 302 1585; x_wconf 85' lang='lat' dir='ltr'><strong>legi</strong></span> <span class='ocrx_word' id='word_1_94' title='bbox 338 1513 630 1582; x_wconf 83' lang='lat' dir='ltr'><strong>posuisset,</strong></span> <span class='ocrx_word' id='word_1_95' title='bbox 658 1513 788 1567; x_wconf 91' lang='lat' dir='ltr'><strong>dum</strong></span> <span class='ocrx_word' id='word_1_96' title='bbox 815 1521 973 1569; x_wconf 85' lang='lat' dir='ltr'><strong>vetus</strong></span> <span class='ocrx_word' id='word_1_97' title='bbox 1015 1513 1228 1570; x_wconf 85' lang='lat' dir='ltr'><strong>Pascha</strong></span> <span class='ocrx_word' id='word_1_98' title='bbox 1257 1515 1569 1582; x_wconf 86' lang='lat' dir='ltr'><strong>celebravit,</strong></span> <span class='ocrx_word' id='word_1_99' title='bbox 1612 1524 1670 1570; x_wconf 91' lang='lat' dir='ltr'><strong>et</strong></span> <span class='ocrx_word' id='word_1_100' title='bbox 1713 1515 1791 1571; x_wconf 88' lang='lat' dir='ltr'><strong>illi</strong></span> 
     </span>
    </p>
   </div>
   <div class='ocr_carea' id='block_1_15' title="bbox 194 1603 1774 1676">
    <p class='ocr_par' dir='ltr' id='par_1_15' title="bbox 194 1603 1774 1676">
     <span class='ocr_line' id='line_1_15' title="bbox 194 1603 1774 1676; baseline 0.003 -20"><span class='ocrx_word' id='word_1_101' title='bbox 194 1605 368 1659; x_wconf 69' lang='lat' dir='ltr'><strong>veteri</strong></span> <span class='ocrx_word' id='word_1_102' title='bbox 402 1619 531 1659; x_wconf 83' lang='lat' dir='ltr'><strong>mox</strong></span> <span class='ocrx_word' id='word_1_103' title='bbox 577 1619 780 1659; x_wconf 87' lang='lat' dir='ltr'><strong>novum</strong></span> <span class='ocrx_word' id='word_1_104' title='bbox 808 1603 1021 1660; x_wconf 84' lang='lat' dir='ltr'><strong>Pascha</strong></span> <span class='ocrx_word' id='word_1_105' title='bbox 1057 1607 1284 1676; x_wconf 83' lang='lat' dir='ltr'><strong>(novum</strong></span> <span class='ocrx_word' id='word_1_106' title='bbox 1333 1607 1541 1661; x_wconf 84' lang='lat' dir='ltr'><strong>scilicet</strong></span> <span class='ocrx_word' id='word_1_107' title='bbox 1582 1607 1774 1662; x_wconf 62' lang='lat' dir='ltr'><strong>sacritlo</strong></span> 
     </span>
    </p>
   </div>
   <div class='ocr_carea' id='block_1_16' title="bbox 194 1697 1784 1769">
    <p class='ocr_par' dir='ltr' id='par_1_16' title="bbox 194 1697 1784 1769">
     <span class='ocr_line' id='line_1_16' title="bbox 194 1697 1784 1769; baseline 0.003 -20"><span class='ocrx_word' id='word_1_108' title='bbox 194 1697 370 1765; x_wconf 71' lang='lat' dir='ltr'><strong>cium)</strong></span> <span class='ocrx_word' id='word_1_109' title='bbox 411 1697 792 1763; x_wconf 80' lang='lat' dir='ltr'><strong>consecravit,</strong></span> <span class='ocrx_word' id='word_1_110' title='bbox 844 1697 1065 1752; x_wconf 90' lang='lat' dir='ltr'><strong>tradens</strong></span> <span class='ocrx_word' id='word_1_111' title='bbox 1119 1702 1320 1768; x_wconf 81' lang='lat' dir='ltr'><strong>Corpus</strong></span> <span class='ocrx_word' id='word_1_112' title='bbox 1369 1706 1424 1753; x_wconf 89' lang='lat' dir='ltr'><strong>et</strong></span> <span class='ocrx_word' id='word_1_113' title='bbox 1466 1699 1784 1769; x_wconf 87' lang='lat' dir='ltr'><strong>sanguinem</strong></span> 
     </span>
    </p>
   </div>
   <div class='ocr_carea' id='block_1_17' title="bbox 850 297 2798 372">
    <p class='ocr_par' dir='ltr' id='par_1_17' title="bbox 850 297 2798 372">
     <span class='ocr_line' id='line_1_17' title="bbox 850 297 2798 372; baseline 0.008 -16"><span class='ocrx_word' id='word_1_114' title='bbox 850 297 1217 360; x_wconf 76' lang='lat' dir='ltr'><strong>EXPOSI&#39;I&#39;IO</strong></span> <span class='ocrx_word' id='word_1_115' title='bbox 1255 304 1320 358; x_wconf 62' lang='lat' dir='ltr'><strong>ILN</strong></span> <span class='ocrx_word' id='word_1_116' title='bbox 1358 304 1737 362; x_wconf 71' lang='lat' dir='ltr'><strong>EPIS&#39;I&#39;OLAS</strong></span> <span class='ocrx_word' id='word_1_117' title='bbox 1775 309 2000 363; x_wconf 76' lang='lat' dir='ltr'><strong>PAULI.</strong></span> <span class='ocrx_word' id='word_1_118' title='bbox 2043 342 2110 350; x_wconf 82' lang='lat'><strong>—-</strong></span> <span class='ocrx_word' id='word_1_119' title='bbox 2149 313 2213 364; x_wconf 77' lang='lat' dir='ltr'><strong>IN</strong></span> <span class='ocrx_word' id='word_1_120' title='bbox 2255 313 2474 368; x_wconf 77' lang='lat' dir='ltr'><strong>EI’IST.</strong></span> <span class='ocrx_word' id='word_1_121' title='bbox 2517 313 2606 367; x_wconf 65' lang='lat' dir='ltr'><strong>A’D</strong></span> <span class='ocrx_word' id='word_1_122' title='bbox 2645 313 2798 372; x_wconf 76' lang='grc' dir='ltr'><strong>ΗΕΒ.</strong></span> 
     </span>
    </p>
   </div>
   <div class='ocr_carea' id='block_1_18' title="bbox 3366 323 3474 379">
    <p class='ocr_par' dir='ltr' id='par_1_18' title="bbox 3366 323 3474 379">
     <span class='ocr_line' id='line_1_18' title="bbox 3366 323 3474 379; baseline 0.019 -1"><span class='ocrx_word' id='word_1_123' title='bbox 3366 323 3474 379; x_wconf 68' lang='grc'><strong>490</strong></span> 
     </span>
    </p>
   </div>
   <div class='ocr_carea' id='block_1_19' title="bbox 1972 421 3467 497">
    <p class='ocr_par' dir='ltr' id='par_1_19' title="bbox 1972 421 3467 497">
     <span class='ocr_line' id='line_1_19' title="bbox 1972 421 3467 497; baseline 0.007 -23"><span class='ocrx_word' id='word_1_124' title='bbox 1972 421 2096 478; x_wconf 86' lang='lat' dir='ltr'><strong>Ideo</strong></span> <span class='ocrx_word' id='word_1_125' title='bbox 2129 423 2293 478; x_wconf 90' lang='lat' dir='ltr'><strong>etiam</strong></span> <span class='ocrx_word' id='word_1_126' title='bbox 2339 423 2454 480; x_wconf 54' lang='lat' dir='ltr'><strong>hac</strong></span> <span class='ocrx_word' id='word_1_127' title='bbox 2495 425 2710 480; x_wconf 87' lang='lat' dir='ltr'><strong>reticuit</strong></span> <span class='ocrx_word' id='word_1_128' title='bbox 2753 426 2884 496; x_wconf 88' lang='lat' dir='ltr'><strong>quia</strong></span> <span class='ocrx_word' id='word_1_129' title='bbox 2922 442 3124 485; x_wconf 81' lang='lat' dir='ltr'><strong>exosus</strong></span> <span class='ocrx_word' id='word_1_130' title='bbox 3164 438 3282 487; x_wconf 85' lang='lat' dir='ltr'><strong>erat</strong></span> <span class='ocrx_word' id='word_1_131' title='bbox 3327 431 3467 497; x_wconf 82' lang='lat' dir='ltr'><strong>illis,</strong></span> 
     </span>
    </p>
   </div>
   <div class='ocr_carea' id='block_1_20' title="bbox 1895 515 3470 592">
    <p class='ocr_par' dir='ltr' id='par_1_20' title="bbox 1895 515 3470 592">
     <span class='ocr_line' id='line_1_20' title="bbox 1895 515 3470 592; baseline 0.008 -25"><span class='ocrx_word' id='word_1_132' title='bbox 1895 523 2179 584; x_wconf 71' lang='lat' dir='ltr'><strong>propterea</strong></span> <span class='ocrx_word' id='word_1_133' title='bbox 2210 515 2335 584; x_wconf 85' lang='lat' dir='ltr'><strong>quia</strong></span> <span class='ocrx_word' id='word_1_134' title='bbox 2362 515 2536 586; x_wconf 91' lang='lat' dir='ltr'><strong>legem</strong></span> <span class='ocrx_word' id='word_1_135' title='bbox 2564 518 3017 588; x_wconf 85' lang='lat' dir='ltr'><strong>persequebatur,</strong></span> <span class='ocrx_word' id='word_1_136' title='bbox 3040 528 3096 576; x_wconf 91' lang='lat' dir='ltr'><strong>et</strong></span> <span class='ocrx_word' id='word_1_137' title='bbox 3139 521 3340 592; x_wconf 87' lang='lat' dir='ltr'><strong>ubique</strong></span> <span class='ocrx_word' id='word_1_138' title='bbox 3374 523 3470 579; x_wconf 83' lang='lat' dir='ltr'><strong>de-</strong></span> 
     </span>
    </p>
   </div>
   <div class='ocr_carea' id='block_1_21' title="bbox 1895 605 3478 684">
    <p class='ocr_par' dir='ltr' id='par_1_21' title="bbox 1895 605 3478 684">
     <span class='ocr_line' id='line_1_21' title="bbox 1895 605 3478 684; baseline 0.006 -24"><span class='ocrx_word' id='word_1_139' title='bbox 1895 607 2157 661; x_wconf 89' lang='lat' dir='ltr'><strong>struebat.</strong></span> <span class='ocrx_word' id='word_1_140' title='bbox 2183 605 2336 661; x_wconf 87' lang='lat' dir='ltr'><strong>Unde</strong></span> <span class='ocrx_word' id='word_1_141' title='bbox 2358 607 2557 677; x_wconf 68' lang='lat' dir='ltr'><strong>saepius</strong></span> <span class='ocrx_word' id='word_1_142' title='bbox 2586 607 2969 666; x_wconf 88' lang='lat' dir='ltr'><strong>incusaverunt</strong></span> <span class='ocrx_word' id='word_1_143' title='bbox 2991 625 3117 668; x_wconf 89' lang='lat' dir='ltr'><strong>eum</strong></span> <span class='ocrx_word' id='word_1_144' title='bbox 3137 653 3152 680; x_wconf 88' lang='lat'><strong>,</strong></span> <span class='ocrx_word' id='word_1_145' title='bbox 3185 611 3478 684; x_wconf 55' lang='lat' dir='ltr'><strong>imponen-~</strong></span> 
     </span>
    </p>
   </div>
   <div class='ocr_carea' id='block_1_22' title="bbox 1892 697 3469 772">
    <p class='ocr_par' dir='ltr' id='par_1_22' title="bbox 1892 697 3469 772">
     <span class='ocr_line' id='line_1_22' title="bbox 1892 697 3469 772; baseline 0.005 -20"><span class='ocrx_word' id='word_1_146' title='bbox 1892 705 1977 753; x_wconf 89' lang='lat' dir='ltr'><strong>tes</strong></span> <span class='ocrx_word' id='word_1_147' title='bbox 2005 697 2054 752; x_wconf 91' lang='lat' dir='ltr'><strong>ei</strong></span> <span class='ocrx_word' id='word_1_148' title='bbox 2083 697 2228 768; x_wconf 89' lang='lat' dir='ltr'><strong>quod</strong></span> <span class='ocrx_word' id='word_1_149' title='bbox 2255 698 2430 770; x_wconf 89' lang='lat' dir='ltr'><strong>legem</strong></span> <span class='ocrx_word' id='word_1_150' title='bbox 2459 715 2490 754; x_wconf 89' lang='lat' dir='ltr'><strong>a</strong></span> <span class='ocrx_word' id='word_1_151' title='bbox 2520 697 2632 754; x_wconf 92' lang='lat' dir='ltr'><strong>Deo</strong></span> <span class='ocrx_word' id='word_1_152' title='bbox 2665 715 2774 756; x_wconf 91' lang='lat' dir='ltr'><strong>non</strong></span> <span class='ocrx_word' id='word_1_153' title='bbox 2795 717 2916 758; x_wconf 87' lang='lat' dir='ltr'><strong>esse</strong></span> <span class='ocrx_word' id='word_1_154' title='bbox 2939 703 3122 760; x_wconf 88' lang='lat' dir='ltr'><strong>datam</strong></span> <span class='ocrx_word' id='word_1_155' title='bbox 3152 704 3386 772; x_wconf 88' lang='lat' dir='ltr'><strong>diceret,</strong></span> <span class='ocrx_word' id='word_1_156' title='bbox 3414 713 3469 760; x_wconf 89' lang='lat' dir='ltr'><strong>et</strong></span> 
     </span>
    </p>
   </div>
   <div class='ocr_carea' id='block_1_23' title="bbox 1894 789 3470 868">
    <p class='ocr_par' dir='ltr' id='par_1_23' title="bbox 1894 789 3470 868">
     <span class='ocr_line' id='line_1_23' title="bbox 1894 789 3470 868; baseline 0.007 -25"><span class='ocrx_word' id='word_1_157' title='bbox 1894 789 2044 844; x_wconf 90' lang='lat' dir='ltr'><strong>omni</strong></span> <span class='ocrx_word' id='word_1_158' title='bbox 2071 796 2312 860; x_wconf 90' lang='lat' dir='ltr'><strong>tempore</strong></span> <span class='ocrx_word' id='word_1_159' title='bbox 2331 789 2790 860; x_wconf 77' lang='lat' dir='ltr'><strong>fuissejnutilem.</strong></span> <span class='ocrx_word' id='word_1_160' title='bbox 2825 792 3007 860; x_wconf 85' lang='lat' dir='ltr'><strong>Quare</strong></span> <span class='ocrx_word' id='word_1_161' title='bbox 3030 803 3091 850; x_wconf 92' lang='lat' dir='ltr'><strong>ut</strong></span> <span class='ocrx_word' id='word_1_162' title='bbox 3117 809 3177 851; x_wconf 90' lang='lat' dir='ltr'><strong>se</strong></span> <span class='ocrx_word' id='word_1_163' title='bbox 3212 807 3470 868; x_wconf 80' lang='lat' dir='ltr'><strong>purgaret</strong></span> 
     </span>
    </p>
   </div>
   <div class='ocr_carea' id='block_1_24' title="bbox 1891 879 3466 950">
    <p class='ocr_par' dir='ltr' id='par_1_24' title="bbox 1891 879 3466 950">
     <span class='ocr_line' id='line_1_24' title="bbox 1891 879 3466 950; baseline 0.006 -16"><span class='ocrx_word' id='word_1_164' title='bbox 1891 880 1964 934; x_wconf 86' lang='lat' dir='ltr'><strong>ab</strong></span> <span class='ocrx_word' id='word_1_165' title='bbox 2003 879 2159 946; x_wconf 88' lang='lat' dir='ltr'><strong>istis,</strong></span> <span class='ocrx_word' id='word_1_166' title='bbox 2211 881 2452 950; x_wconf 89' lang='lat' dir='ltr'><strong>oportuit</strong></span> <span class='ocrx_word' id='word_1_167' title='bbox 2493 896 2618 936; x_wconf 85' lang='lat' dir='ltr'><strong>eum</strong></span> <span class='ocrx_word' id='word_1_168' title='bbox 2665 883 2722 936; x_wconf 93' lang='lat' dir='ltr'><strong>in</strong></span> <span class='ocrx_word' id='word_1_169' title='bbox 2779 881 3119 940; x_wconf 83' lang='lat' dir='ltr'><strong>Hierusalem</strong></span> <span class='ocrx_word' id='word_1_170' title='bbox 3162 888 3466 944; x_wconf 89' lang='lat' dir='ltr'><strong>secundum</strong></span> 
     </span>
    </p>
   </div>
   <div class='ocr_carea' id='block_1_25' title="bbox 1892 957 3466 1047">
    <p class='ocr_par' dir='ltr' id='par_1_25' title="bbox 1892 957 3466 1047">
     <span class='ocr_line' id='line_1_25' title="bbox 1892 957 3466 1047; baseline 0.005 -22"><span class='ocrx_word' id='word_1_171' title='bbox 1892 957 2032 1025; x_wconf 85' lang='lat' dir='ltr'><strong>ritus</strong></span> <span class='ocrx_word' id='word_1_172' title='bbox 2051 968 2362 1025; x_wconf 67' lang='lat' dir='ltr'><strong>Iudaeorum</strong></span> <span class='ocrx_word' id='word_1_173' title='bbox 2385 971 2674 1042; x_wconf 84' lang='lat' dir='ltr'><strong>purificare</strong></span> <span class='ocrx_word' id='word_1_174' title='bbox 2695 974 3107 1044; x_wconf 85' lang='lat' dir='ltr'><strong>etpurificatum</strong></span> <span class='ocrx_word' id='word_1_175' title='bbox 3131 977 3187 1032; x_wconf 91' lang='lat' dir='ltr'><strong>in</strong></span> <span class='ocrx_word' id='word_1_176' title='bbox 3205 978 3466 1047; x_wconf 90' lang='lat' dir='ltr'><strong>templum</strong></span> 
     </span>
    </p>
   </div>
   <div class='ocr_carea' id='block_1_26' title="bbox 1889 1061 3465 1137">
    <p class='ocr_par' dir='ltr' id='par_1_26' title="bbox 1889 1061 3465 1137">
     <span class='ocr_line' id='line_1_26' title="bbox 1889 1061 3465 1137; baseline 0.004 -20"><span class='ocrx_word' id='word_1_177' title='bbox 1889 1061 2185 1117; x_wconf 86' lang='lat' dir='ltr'><strong>ascendere</strong></span> <span class='ocrx_word' id='word_1_178' title='bbox 2215 1061 2356 1133; x_wconf 82' lang='lat' dir='ltr'><strong>(Act.</strong></span> <span class='ocrx_word' id='word_1_179' title='bbox 2388 1079 2516 1130; x_wconf 78' lang='lat' dir='ltr'><strong>xxi,</strong></span> <span class='ocrx_word' id='word_1_180' title='bbox 2550 1063 2620 1118; x_wconf 81' lang='grc'><strong>26</strong></span> <span class='ocrx_word' id='word_1_181' title='bbox 2645 1083 2660 1132; x_wconf 90' lang='grc'><strong>;</strong></span> <span class='ocrx_word' id='word_1_182' title='bbox 2697 1081 2852 1132; x_wconf 73' lang='lat' dir='ltr'><strong>xxxv,</strong></span> <span class='ocrx_word' id='word_1_183' title='bbox 2881 1065 3003 1137; x_wconf 82' lang='lat' dir='ltr'><strong>IS).</strong></span> <span class='ocrx_word' id='word_1_184' title='bbox 3033 1075 3089 1124; x_wconf 87' lang='lat' dir='ltr'><strong>et</strong></span> <span class='ocrx_word' id='word_1_185' title='bbox 3117 1067 3465 1124; x_wconf 81' lang='lat' dir='ltr'><strong>Timotheum</strong></span> 
     </span>
    </p>
   </div>
   <div class='ocr_carea' id='block_1_27' title="bbox 1891 1152 3463 1229">
    <p class='ocr_par' dir='ltr' id='par_1_27' title="bbox 1891 1152 3463 1229">
     <span class='ocr_line' id='line_1_27' title="bbox 1891 1152 3463 1229; baseline 0.006 -22"><span class='ocrx_word' id='word_1_186' title='bbox 1891 1152 2220 1222; x_wconf 85' lang='lat' dir='ltr'><strong>discipulum</strong></span> <span class='ocrx_word' id='word_1_187' title='bbox 2263 1153 2657 1212; x_wconf 85' lang='lat' dir='ltr'><strong>circumcidere</strong></span> <span class='ocrx_word' id='word_1_188' title='bbox 2694 1157 2837 1224; x_wconf 80' lang='lat' dir='ltr'><strong>(Act.</strong></span> <span class='ocrx_word' id='word_1_189' title='bbox 2888 1174 3010 1225; x_wconf 78' lang='lat' dir='ltr'><strong>xw,</strong></span> <span class='ocrx_word' id='word_1_190' title='bbox 3039 1160 3115 1229; x_wconf 78' lang='grc'><strong>5).</strong></span> <span class='ocrx_word' id='word_1_191' title='bbox 3151 1161 3210 1214; x_wconf 81' lang='lat' dir='ltr'><strong>Si</strong></span> <span class='ocrx_word' id='word_1_192' title='bbox 3246 1171 3424 1216; x_wconf 88' lang='lat' dir='ltr'><strong>autem</strong></span> <span class='ocrx_word' id='word_1_193' title='bbox 3449 1202 3463 1224; x_wconf 92' lang='lat'><strong>,</strong></span> 
     </span>
    </p>
   </div>
   <div class='ocr_carea' id='block_1_28' title="bbox 1889 1247 3463 1318">
    <p class='ocr_par' dir='ltr' id='par_1_28' title="bbox 1889 1247 3463 1318">
     <span class='ocr_line' id='line_1_28' title="bbox 1889 1247 3463 1318; baseline 0.005 -20"><span class='ocrx_word' id='word_1_194' title='bbox 1889 1259 2017 1299; x_wconf 87' lang='lat' dir='ltr'><strong>cum</strong></span> <span class='ocrx_word' id='word_1_195' title='bbox 2039 1252 2101 1298; x_wconf 88' lang='lat' dir='ltr'><strong>ut</strong></span> <span class='ocrx_word' id='word_1_196' title='bbox 2125 1253 2527 1314; x_wconf 88' lang='lat' dir='ltr'><strong>persecutorem</strong></span> <span class='ocrx_word' id='word_1_197' title='bbox 2558 1247 2693 1318; x_wconf 86' lang='lat' dir='ltr'><strong>legis</strong></span> <span class='ocrx_word' id='word_1_198' title='bbox 2725 1263 2838 1304; x_wconf 69' lang='lat' dir='ltr'><strong>suae</strong></span> <span class='ocrx_word' id='word_1_199' title='bbox 2872 1264 2999 1304; x_wconf 90' lang='lat' dir='ltr'><strong>eum</strong></span> <span class='ocrx_word' id='word_1_200' title='bbox 3029 1251 3156 1306; x_wconf 89' lang='lat' dir='ltr'><strong>odio</strong></span> <span class='ocrx_word' id='word_1_201' title='bbox 3183 1251 3463 1318; x_wconf 84' lang='lat' dir='ltr'><strong>haberent,</strong></span> 
     </span>
    </p>
   </div>
   <div class='ocr_carea' id='block_1_29' title="bbox 1890 1333 3467 1412">
    <p class='ocr_par' dir='ltr' id='par_1_29' title="bbox 1890 1333 3467 1412">
     <span class='ocr_line' id='line_1_29' title="bbox 1890 1333 3467 1412; baseline 0.004 -23"><span class='ocrx_word' id='word_1_202' title='bbox 1890 1333 2170 1405; x_wconf 85' lang='lat' dir='ltr'><strong>dignitatis</strong></span> <span class='ocrx_word' id='word_1_203' title='bbox 2219 1350 2333 1390; x_wconf 67' lang='lat' dir='ltr'><strong>suae</strong></span> <span class='ocrx_word' id='word_1_204' title='bbox 2357 1337 2583 1392; x_wconf 90' lang='lat' dir='ltr'><strong>nomina</strong></span> <span class='ocrx_word' id='word_1_205' title='bbox 2628 1339 3042 1409; x_wconf 65' lang='lat' dir='ltr'><strong>praeposuisset,</strong></span> <span class='ocrx_word' id='word_1_206' title='bbox 3097 1341 3151 1396; x_wconf 91' lang='lat' dir='ltr'><strong>in</strong></span> <span class='ocrx_word' id='word_1_207' title='bbox 3200 1340 3467 1412; x_wconf 87' lang='lat' dir='ltr'><strong>principio</strong></span> 
     </span>
    </p>
   </div>
   <div class='ocr_carea' id='block_1_30' title="bbox 1891 1426 3464 1497">
    <p class='ocr_par' dir='ltr' id='par_1_30' title="bbox 1891 1426 3464 1497">
     <span class='ocr_line' id='line_1_30' title="bbox 1891 1426 3464 1497; baseline 0.003 -15"><span class='ocrx_word' id='word_1_208' title='bbox 1891 1426 2300 1497; x_wconf 90' lang='lat' dir='ltr'><strong>obstreperent,</strong></span> <span class='ocrx_word' id='word_1_209' title='bbox 2329 1427 2571 1484; x_wconf 89' lang='lat' dir='ltr'><strong>dicentes</strong></span> <span class='ocrx_word' id='word_1_210' title='bbox 2596 1443 2700 1484; x_wconf 87' lang='lat' dir='ltr'><strong>nec</strong></span> <span class='ocrx_word' id='word_1_211' title='bbox 2724 1430 3054 1486; x_wconf 89' lang='lat' dir='ltr'><strong>audiendum</strong></span> <span class='ocrx_word' id='word_1_212' title='bbox 3075 1433 3185 1488; x_wconf 83' lang='lat' dir='ltr'><strong>illis</strong></span> <span class='ocrx_word' id='word_1_213' title='bbox 3205 1447 3327 1488; x_wconf 90' lang='lat' dir='ltr'><strong>esse</strong></span> <span class='ocrx_word' id='word_1_214' title='bbox 3355 1433 3464 1487; x_wconf 87' lang='lat' dir='ltr'><strong>ini-</strong></span> 
     </span>
    </p>
   </div>
   <div class='ocr_carea' id='block_1_31' title="bbox 1891 1518 3462 1586">
    <p class='ocr_par' dir='ltr' id='par_1_31' title="bbox 1891 1518 3462 1586">
     <span class='ocr_line' id='line_1_31' title="bbox 1891 1518 3462 1586; baseline 0.004 -14"><span class='ocrx_word' id='word_1_215' title='bbox 1891 1518 2093 1573; x_wconf 90' lang='lat' dir='ltr'><strong>micum</strong></span> <span class='ocrx_word' id='word_1_216' title='bbox 2125 1533 2321 1586; x_wconf 90' lang='lat' dir='ltr'><strong>suum,</strong></span> <span class='ocrx_word' id='word_1_217' title='bbox 2356 1519 2520 1574; x_wconf 89' lang='lat' dir='ltr'><strong>etiam</strong></span> <span class='ocrx_word' id='word_1_218' title='bbox 2549 1520 2596 1575; x_wconf 91' lang='lat' dir='ltr'><strong>si</strong></span> <span class='ocrx_word' id='word_1_219' title='bbox 2632 1521 2933 1576; x_wconf 89' lang='lat' dir='ltr'><strong>secundum</strong></span> <span class='ocrx_word' id='word_1_220' title='bbox 2972 1523 3241 1578; x_wconf 88' lang='lat' dir='ltr'><strong>rationem</strong></span> <span class='ocrx_word' id='word_1_221' title='bbox 3263 1525 3462 1580; x_wconf 91' lang='lat' dir='ltr'><strong>suade-</strong></span> 
     </span>
    </p>
   </div>
   <div class='ocr_carea' id='block_1_32' title="bbox 1889 1607 3464 1682">
    <p class='ocr_par' dir='ltr' id='par_1_32' title="bbox 1889 1607 3464 1682">
     <span class='ocr_line' id='line_1_32' title="bbox 1889 1607 3464 1682; baseline 0.004 -21"><span class='ocrx_word' id='word_1_222' title='bbox 1889 1616 1992 1662; x_wconf 91' lang='lat' dir='ltr'><strong>ret.</strong></span> <span class='ocrx_word' id='word_1_223' title='bbox 2022 1607 2252 1679; x_wconf 90' lang='lat' dir='ltr'><strong>Propter</strong></span> <span class='ocrx_word' id='word_1_224' title='bbox 2287 1610 2406 1666; x_wconf 75' lang='lat' dir='ltr'><strong>hzec</strong></span> <span class='ocrx_word' id='word_1_225' title='bbox 2448 1609 2736 1666; x_wconf 87' lang='lat' dir='ltr'><strong>devitanda</strong></span> <span class='ocrx_word' id='word_1_226' title='bbox 2779 1611 3060 1682; x_wconf 88' lang='lat' dir='ltr'><strong>dignitatis</strong></span> <span class='ocrx_word' id='word_1_227' title='bbox 3085 1627 3198 1667; x_wconf 62' lang='lat' dir='ltr'><strong>suae</strong></span> <span class='ocrx_word' id='word_1_228' title='bbox 3229 1613 3464 1668; x_wconf 90' lang='lat' dir='ltr'><strong>mentio-</strong></span> 
     </span>
    </p>
   </div>
   <div class='ocr_carea' id='block_1_33' title="bbox 1840 1678 3459 1768">
    <p class='ocr_par' dir='ltr' id='par_1_33' title="bbox 1840 1678 3459 1768">
     <span class='ocr_line' id='line_1_33' title="bbox 1840 1678 3459 1768; baseline 0.004 -15"><span class='ocrx_word' id='word_1_229' title='bbox 1840 1678 1860 1701; x_wconf 36' lang='lat'><strong><em>,</em></strong></span> <span class='ocrx_word' id='word_1_230' title='bbox 1890 1715 2016 1754; x_wconf 90' lang='lat' dir='ltr'><strong>nem</strong></span> <span class='ocrx_word' id='word_1_231' title='bbox 2047 1678 2155 1754; x_wconf 91' lang='lat' dir='ltr'><strong>non</strong></span> <span class='ocrx_word' id='word_1_232' title='bbox 2180 1700 2327 1756; x_wconf 87' lang='lat' dir='ltr'><strong>fecit.</strong></span> <span class='ocrx_word' id='word_1_233' title='bbox 2349 1700 2521 1768; x_wconf 86' lang='lat' dir='ltr'><strong>Quasi</strong></span> <span class='ocrx_word' id='word_1_234' title='bbox 2550 1702 2755 1758; x_wconf 85' lang='lat' dir='ltr'><strong>diceret</strong></span> <span class='ocrx_word' id='word_1_235' title='bbox 2781 1721 2794 1756; x_wconf 89' lang='lat'><strong>:</strong></span> <span class='ocrx_word' id='word_1_236' title='bbox 2821 1678 2979 1758; x_wconf 64' lang='lat' dir='ltr'><strong>hiulla</strong></span> <span class='ocrx_word' id='word_1_237' title='bbox 3015 1718 3136 1758; x_wconf 90' lang='lat' dir='ltr'><strong>mea</strong></span> <span class='ocrx_word' id='word_1_238' title='bbox 3159 1705 3459 1760; x_wconf 87' lang='lat' dir='ltr'><strong>auctoritas</strong></span> 
     </span>
    </p>
   </div>
   <div class='ocr_carea' id='block_1_34' title="bbox 195 1771 3467 1865">
    <p class='ocr_par' dir='ltr' id='par_1_34' title="bbox 195 1771 3467 1865">
     <span class='ocr_line' id='line_1_34' title="bbox 195 1771 3467 1865; baseline 0.003 -26"><span class='ocrx_word' id='word_1_239' title='bbox 195 1801 359 1839; x_wconf 91' lang='lat' dir='ltr'><strong>suum</strong></span> <span class='ocrx_word' id='word_1_240' title='bbox 403 1787 667 1855; x_wconf 89' lang='lat' dir='ltr'><strong>apostolis</strong></span> <span class='ocrx_word' id='word_1_241' title='bbox 703 1787 820 1842; x_wconf 90' lang='lat' dir='ltr'><strong>suis</strong></span> <span class='ocrx_word' id='word_1_242' title='bbox 847 1805 861 1853; x_wconf 90' lang='lat'><strong>;</strong></span> <span class='ocrx_word' id='word_1_243' title='bbox 905 1788 1200 1842; x_wconf 89' lang='lat' dir='ltr'><strong>ostendens</strong></span> <span class='ocrx_word' id='word_1_244' title='bbox 1247 1789 1516 1859; x_wconf 89' lang='lat' dir='ltr'><strong>quidquid</strong></span> <span class='ocrx_word' id='word_1_245' title='bbox 1555 1805 1788 1859; x_wconf 61' lang='lat' dir='ltr'><strong>praeces-</strong></span> <span class='ocrx_word' id='word_1_246' title='bbox 1820 1771 1861 1824; x_wconf 79' lang='grc' dir='ltr'>Β</span> <span class='ocrx_word' id='word_1_247' title='bbox 1885 1803 1985 1843; x_wconf 88' lang='lat' dir='ltr'><strong>vos</strong></span> <span class='ocrx_word' id='word_1_248' title='bbox 2005 1790 2282 1858; x_wconf 90' lang='lat' dir='ltr'><strong>compellit</strong></span> <span class='ocrx_word' id='word_1_249' title='bbox 2301 1831 2315 1856; x_wconf 93' lang='lat'><strong>,</strong></span> <span class='ocrx_word' id='word_1_250' title='bbox 2342 1790 2436 1846; x_wconf 88' lang='lat' dir='ltr'><strong>sed</strong></span> <span class='ocrx_word' id='word_1_251' title='bbox 2458 1790 2720 1845; x_wconf 86' lang='lat' dir='ltr'><strong>attendite</strong></span> <span class='ocrx_word' id='word_1_252' title='bbox 2741 1791 3094 1848; x_wconf 85' lang='lat' dir='ltr'><strong>auctoritates</strong></span> <span class='ocrx_word' id='word_1_253' title='bbox 3115 1792 3251 1865; x_wconf 88' lang='lat' dir='ltr'><strong>legis</strong></span> <span class='ocrx_word' id='word_1_254' title='bbox 3270 1801 3467 1848; x_wconf 75' lang='lat' dir='ltr'><strong>vestra:</strong></span> 
     </span>
    </p>
   </div>
   <div class='ocr_carea' id='block_1_35' title="bbox 194 1876 1784 1949">
    <p class='ocr_par' dir='ltr' id='par_1_35' title="bbox 194 1876 1784 1949">
     <span class='ocr_line' id='line_1_35' title="bbox 194 1876 1784 1949; baseline 0.004 -19"><span class='ocrx_word' id='word_1_255' title='bbox 194 1886 339 1930; x_wconf 81' lang='lat' dir='ltr'><strong>serat</strong></span> <span class='ocrx_word' id='word_1_256' title='bbox 370 1877 622 1931; x_wconf 88' lang='lat' dir='ltr'><strong>umbram</strong></span> <span class='ocrx_word' id='word_1_257' title='bbox 647 1876 838 1944; x_wconf 91' lang='lat' dir='ltr'><strong>fuisse,</strong></span> <span class='ocrx_word' id='word_1_258' title='bbox 866 1894 1012 1933; x_wconf 88' lang='lat' dir='ltr'><strong>nunc</strong></span> <span class='ocrx_word' id='word_1_259' title='bbox 1041 1887 1222 1934; x_wconf 91' lang='lat' dir='ltr'><strong>autem</strong></span> <span class='ocrx_word' id='word_1_260' title='bbox 1243 1879 1479 1949; x_wconf 89' lang='lat' dir='ltr'><strong>primum</strong></span> <span class='ocrx_word' id='word_1_261' title='bbox 1505 1881 1784 1936; x_wconf 87' lang='lat' dir='ltr'><strong>veritatem</strong></span> 
     </span>
    </p>
   </div>
   <div class='ocr_carea' id='block_1_36' title="bbox 194 1966 1784 2041">
    <p class='ocr_par' dir='ltr' id='par_1_36' title="bbox 194 1966 1784 2041">
     <span class='ocr_line' id='line_1_36' title="bbox 194 1966 1784 2041; baseline 0.004 -21"><span class='ocrx_word' id='word_1_262' title='bbox 194 1982 254 2021; x_wconf 82' lang='lat' dir='ltr'><strong>se</strong></span> <span class='ocrx_word' id='word_1_263' title='bbox 284 1966 525 2021; x_wconf 86' lang='lat' dir='ltr'><strong>tradere.</strong></span> <span class='ocrx_word' id='word_1_264' title='bbox 556 1966 786 2038; x_wconf 86' lang='lat' dir='ltr'><strong>Propter</strong></span> <span class='ocrx_word' id='word_1_265' title='bbox 815 1968 920 2022; x_wconf 86' lang='lat' dir='ltr'><strong>hoc</strong></span> <span class='ocrx_word' id='word_1_266' title='bbox 948 1968 1077 2038; x_wconf 88' lang='lat' dir='ltr'><strong>quia</strong></span> <span class='ocrx_word' id='word_1_267' title='bbox 1117 1969 1400 2024; x_wconf 85' lang='lat' dir='ltr'><strong>Christum</strong></span> <span class='ocrx_word' id='word_1_268' title='bbox 1433 1970 1604 2041; x_wconf 85' lang='lat' dir='ltr'><strong>legem</strong></span> <span class='ocrx_word' id='word_1_269' title='bbox 1629 1971 1784 2026; x_wconf 85' lang='lat' dir='ltr'><strong>vide-</strong></span> 
     </span>
    </p>
   </div>
   <div class='ocr_carea' id='block_1_37' title="bbox 192 2058 1784 2134">
    <p class='ocr_par' dir='ltr' id='par_1_37' title="bbox 192 2058 1784 2134">
     <span class='ocr_line' id='line_1_37' title="bbox 192 2058 1784 2134; baseline 0.004 -22"><span class='ocrx_word' id='word_1_270' title='bbox 192 2067 319 2112; x_wconf 90' lang='lat' dir='ltr'><strong>rant</strong></span> <span class='ocrx_word' id='word_1_271' title='bbox 354 2058 703 2127; x_wconf 87' lang='lat' dir='ltr'><strong>observasse,</strong></span> <span class='ocrx_word' id='word_1_272' title='bbox 756 2061 884 2130; x_wconf 88' lang='lat' dir='ltr'><strong>quia</strong></span> <span class='ocrx_word' id='word_1_273' title='bbox 933 2061 1134 2116; x_wconf 88' lang='lat' dir='ltr'><strong>iterum</strong></span> <span class='ocrx_word' id='word_1_274' title='bbox 1181 2059 1380 2118; x_wconf 87' lang='lat' dir='ltr'><strong>Petrus</strong></span> <span class='ocrx_word' id='word_1_275' title='bbox 1429 2072 1484 2118; x_wconf 91' lang='lat' dir='ltr'><strong>et</strong></span> <span class='ocrx_word' id='word_1_276' title='bbox 1531 2063 1644 2130; x_wconf 86' lang='lat' dir='ltr'><strong>alii,</strong></span> <span class='ocrx_word' id='word_1_277' title='bbox 1689 2066 1784 2134; x_wconf 92' lang='lat' dir='ltr'><strong>qui</strong></span> 
     </span>
    </p>
   </div>
   <div class='ocr_carea' id='block_1_38' title="bbox 190 2149 1783 2226">
    <p class='ocr_par' dir='ltr' id='par_1_38' title="bbox 190 2149 1783 2226">
     <span class='ocr_line' id='line_1_38' title="bbox 190 2149 1783 2226; baseline 0.006 -24"><span class='ocrx_word' id='word_1_278' title='bbox 190 2149 627 2218; x_wconf 68' lang='lat' dir='ltr'><strong>prmdicaverant</strong></span> <span class='ocrx_word' id='word_1_279' title='bbox 675 2149 879 2206; x_wconf 72' lang='lat' dir='ltr'><strong>Iudaeis</strong></span> <span class='ocrx_word' id='word_1_280' title='bbox 929 2167 960 2206; x_wconf 88' lang='lat' dir='ltr'><strong>a</strong></span> <span class='ocrx_word' id='word_1_281' title='bbox 1007 2152 1433 2209; x_wconf 89' lang='lat' dir='ltr'><strong>circumcisione</strong></span> <span class='ocrx_word' id='word_1_282' title='bbox 1481 2163 1536 2209; x_wconf 90' lang='lat' dir='ltr'><strong>et</strong></span> <span class='ocrx_word' id='word_1_283' title='bbox 1582 2155 1783 2226; x_wconf 87' lang='lat' dir='ltr'><strong>hujus-</strong></span> 
     </span>
    </p>
   </div>
   <div class='ocr_carea' id='block_1_39' title="bbox 193 2241 1784 2315">
    <p class='ocr_par' dir='ltr' id='par_1_39' title="bbox 193 2241 1784 2315">
     <span class='ocr_line' id='line_1_39' title="bbox 193 2241 1784 2315; baseline 0.007 -22"><span class='ocrx_word' id='word_1_284' title='bbox 193 2241 340 2294; x_wconf 78' lang='lat' dir='ltr'><strong>rnodi</strong></span> <span class='ocrx_word' id='word_1_285' title='bbox 362 2241 651 2311; x_wconf 86' lang='lat' dir='ltr'><strong>legalibus,</strong></span> <span class='ocrx_word' id='word_1_286' title='bbox 675 2259 784 2299; x_wconf 91' lang='lat' dir='ltr'><strong>non</strong></span> <span class='ocrx_word' id='word_1_287' title='bbox 802 2258 898 2299; x_wconf 89' lang='lat' dir='ltr'><strong>eos</strong></span> <span class='ocrx_word' id='word_1_288' title='bbox 922 2255 1213 2315; x_wconf 87' lang='lat' dir='ltr'><strong>coegerant</strong></span> <span class='ocrx_word' id='word_1_289' title='bbox 1233 2245 1507 2313; x_wconf 81' lang='lat' dir='ltr'><strong>recedere,</strong></span> <span class='ocrx_word' id='word_1_290' title='bbox 1529 2246 1784 2305; x_wconf 88' lang='lat' dir='ltr'><strong>timentes</strong></span> 
     </span>
    </p>
   </div>
   <div class='ocr_carea' id='block_1_40' title="bbox 190 2330 1785 2405">
    <p class='ocr_par' dir='ltr' id='par_1_40' title="bbox 190 2330 1785 2405">
     <span class='ocr_line' id='line_1_40' title="bbox 190 2330 1785 2405; baseline 0.007 -21"><span class='ocrx_word' id='word_1_291' title='bbox 190 2330 594 2402; x_wconf 87' lang='lat' dir='ltr'><strong>impatientiam</strong></span> <span class='ocrx_word' id='word_1_292' title='bbox 622 2349 814 2389; x_wconf 90' lang='lat' dir='ltr'><strong>eorum</strong></span> <span class='ocrx_word' id='word_1_293' title='bbox 841 2335 970 2405; x_wconf 88' lang='lat' dir='ltr'><strong>quia</strong></span> <span class='ocrx_word' id='word_1_294' title='bbox 1001 2335 1188 2391; x_wconf 89' lang='lat' dir='ltr'><strong>mallet</strong></span> <span class='ocrx_word' id='word_1_295' title='bbox 1232 2350 1452 2392; x_wconf 90' lang='lat' dir='ltr'><strong>omnem</strong></span> <span class='ocrx_word' id='word_1_296' title='bbox 1497 2336 1659 2392; x_wconf 83' lang='lat' dir='ltr'><strong>ﬁdem</strong></span> <span class='ocrx_word' id='word_1_297' title='bbox 1689 2339 1785 2395; x_wconf 92' lang='lat' dir='ltr'><strong>de-</strong></span> 
     </span>
    </p>
   </div>
   <div class='ocr_carea' id='block_1_41' title="bbox 192 2426 1781 2498">
    <p class='ocr_par' dir='ltr' id='par_1_41' title="bbox 192 2426 1781 2498">
     <span class='ocr_line' id='line_1_41' title="bbox 192 2426 1781 2498; baseline 0.005 -20"><span class='ocrx_word' id='word_1_298' title='bbox 192 2440 396 2492; x_wconf 87' lang='lat' dir='ltr'><strong>serere,</strong></span> <span class='ocrx_word' id='word_1_299' title='bbox 414 2441 581 2496; x_wconf 87' lang='lat' dir='ltr'><strong>quam</strong></span> <span class='ocrx_word' id='word_1_300' title='bbox 593 2426 755 2498; x_wconf 79' lang='lat'><strong>357</strong></span> <span class='ocrx_word' id='word_1_301' title='bbox 772 2427 858 2482; x_wconf 91' lang='lat' dir='ltr'><strong>his</strong></span> <span class='ocrx_word' id='word_1_302' title='bbox 874 2427 930 2481; x_wconf 93' lang='lat' dir='ltr'><strong>in</strong></span> <span class='ocrx_word' id='word_1_303' title='bbox 940 2427 1140 2498; x_wconf 85' lang='lat' dir='ltr'><strong>quibus</strong></span> <span class='ocrx_word' id='word_1_304' title='bbox 1161 2438 1560 2485; x_wconf 81' lang='lat' dir='ltr'><strong>consueverant</strong></span> <span class='ocrx_word' id='word_1_305' title='bbox 1572 2444 1781 2486; x_wconf 89' lang='lat' dir='ltr'><strong>renun-</strong></span> 
     </span>
    </p>
   </div>
   <div class='ocr_carea' id='block_1_42' title="bbox 189 2517 1782 2592">
    <p class='ocr_par' dir='ltr' id='par_1_42' title="bbox 189 2517 1782 2592">
     <span class='ocr_line' id='line_1_42' title="bbox 189 2517 1782 2592; baseline 0.004 -22"><span class='ocrx_word' id='word_1_306' title='bbox 189 2517 350 2571; x_wconf 88' lang='lat' dir='ltr'><strong>tiare.</strong></span> <span class='ocrx_word' id='word_1_307' title='bbox 395 2517 658 2574; x_wconf 84' lang='lat' dir='ltr'><strong>Sciebant</strong></span> <span class='ocrx_word' id='word_1_308' title='bbox 690 2520 836 2574; x_wconf 90' lang='lat' dir='ltr'><strong>enim</strong></span> <span class='ocrx_word' id='word_1_309' title='bbox 857 2518 1057 2576; x_wconf 89' lang='lat' dir='ltr'><strong>Petrus</strong></span> <span class='ocrx_word' id='word_1_310' title='bbox 1083 2529 1140 2576; x_wconf 90' lang='lat' dir='ltr'><strong>et</strong></span> <span class='ocrx_word' id='word_1_311' title='bbox 1171 2521 1264 2575; x_wconf 89' lang='lat' dir='ltr'><strong>alii</strong></span> <span class='ocrx_word' id='word_1_312' title='bbox 1289 2522 1437 2592; x_wconf 85' lang='lat' dir='ltr'><strong>quod</strong></span> <span class='ocrx_word' id='word_1_313' title='bbox 1466 2521 1547 2577; x_wconf 90' lang='lat' dir='ltr'><strong>sic</strong></span> <span class='ocrx_word' id='word_1_314' title='bbox 1569 2523 1782 2578; x_wconf 89' lang='lat' dir='ltr'><strong>enutri-</strong></span> 
     </span>
    </p>
   </div>
   <div class='ocr_carea' id='block_1_43' title="bbox 190 2611 1781 2684">
    <p class='ocr_par' dir='ltr' id='par_1_43' title="bbox 190 2611 1781 2684">
     <span class='ocr_line' id='line_1_43' title="bbox 190 2611 1781 2684; baseline 0.004 -21"><span class='ocrx_word' id='word_1_315' title='bbox 190 2617 312 2664; x_wconf 86' lang='lat' dir='ltr'><strong>rent</strong></span> <span class='ocrx_word' id='word_1_316' title='bbox 343 2625 444 2666; x_wconf 90' lang='lat' dir='ltr'><strong>eos</strong></span> <span class='ocrx_word' id='word_1_317' title='bbox 491 2611 547 2666; x_wconf 92' lang='lat' dir='ltr'><strong>in</strong></span> <span class='ocrx_word' id='word_1_318' title='bbox 581 2612 850 2682; x_wconf 82' lang='lat' dir='ltr'><strong>.pueritia,</strong></span> <span class='ocrx_word' id='word_1_319' title='bbox 881 2627 993 2668; x_wconf 88' lang='lat' dir='ltr'><strong>non</strong></span> <span class='ocrx_word' id='word_1_320' title='bbox 1025 2628 1186 2684; x_wconf 82' lang='lat' dir='ltr'><strong>posse</strong></span> <span class='ocrx_word' id='word_1_321' title='bbox 1217 2627 1314 2670; x_wconf 92' lang='lat' dir='ltr'><strong>eos</strong></span> <span class='ocrx_word' id='word_1_322' title='bbox 1359 2613 1521 2670; x_wconf 88' lang='lat' dir='ltr'><strong>aliter</strong></span> <span class='ocrx_word' id='word_1_323' title='bbox 1557 2615 1781 2684; x_wconf 89' lang='lat' dir='ltr'><strong>perduci</strong></span> 
     </span>
    </p>
   </div>
   <div class='ocr_carea' id='block_1_44' title="bbox 191 2701 1780 2778">
    <p class='ocr_par' dir='ltr' id='par_1_44' title="bbox 191 2701 1780 2778">
     <span class='ocr_line' id='line_1_44' title="bbox 191 2701 1780 2778; baseline 0.003 -22"><span class='ocrx_word' id='word_1_324' title='bbox 191 2701 259 2757; x_wconf 86' lang='lat' dir='ltr'><strong>ad</strong></span> <span class='ocrx_word' id='word_1_325' title='bbox 301 2703 619 2759; x_wconf 88' lang='lat' dir='ltr'><strong>virilitatem</strong></span> <span class='ocrx_word' id='word_1_326' title='bbox 669 2703 1042 2774; x_wconf 82' lang='lat' dir='ltr'><strong>perfectionis.</strong></span> <span class='ocrx_word' id='word_1_327' title='bbox 1090 2704 1316 2776; x_wconf 87' lang='lat' dir='ltr'><strong>Propter</strong></span> <span class='ocrx_word' id='word_1_328' title='bbox 1359 2705 1483 2772; x_wconf 87' lang='lat' dir='ltr'><strong>hoc,</strong></span> <span class='ocrx_word' id='word_1_329' title='bbox 1534 2707 1780 2778; x_wconf 85' lang='lat' dir='ltr'><strong>inquam,</strong></span> 
     </span>
    </p>
   </div>
   <div class='ocr_carea' id='block_1_45' title="bbox 190 2795 1786 2866">
    <p class='ocr_par' dir='ltr' id='par_1_45' title="bbox 190 2795 1786 2866">
     <span class='ocr_line' id='line_1_45' title="bbox 190 2795 1786 2866; baseline 0.004 -19"><span class='ocrx_word' id='word_1_330' title='bbox 190 2795 669 2851; x_wconf 89' lang='lat' dir='ltr'><strong>circumcisionem</strong></span> <span class='ocrx_word' id='word_1_331' title='bbox 693 2812 821 2851; x_wconf 88' lang='lat' dir='ltr'><strong>cum</strong></span> <span class='ocrx_word' id='word_1_332' title='bbox 850 2795 954 2852; x_wconf 85' lang='lat' dir='ltr'><strong>llde</strong></span> <span class='ocrx_word' id='word_1_333' title='bbox 974 2795 1184 2852; x_wconf 85' lang='lat' dir='ltr'><strong>Christi</strong></span> <span class='ocrx_word' id='word_1_334' title='bbox 1210 2798 1466 2853; x_wconf 88' lang='lat' dir='ltr'><strong>tenebant</strong></span> <span class='ocrx_word' id='word_1_335' title='bbox 1491 2817 1505 2866; x_wconf 90' lang='lat'><strong>;</strong></span> <span class='ocrx_word' id='word_1_336' title='bbox 1530 2799 1624 2854; x_wconf 88' lang='lat' dir='ltr'><strong>sed</strong></span> <span class='ocrx_word' id='word_1_337' title='bbox 1647 2797 1786 2854; x_wconf 82' lang='lat' dir='ltr'><strong>Pau—</strong></span> 
     </span>
    </p>
   </div>
   <div class='ocr_carea' id='block_1_46' title="bbox 189 2885 1779 2962">
    <p class='ocr_par' dir='ltr' id='par_1_46' title="bbox 189 2885 1779 2962">
     <span class='ocr_line' id='line_1_46' title="bbox 189 2885 1779 2962; baseline 0.006 -24"><span class='ocrx_word' id='word_1_338' title='bbox 189 2885 277 2940; x_wconf 88' lang='lat' dir='ltr'><strong>lus</strong></span> <span class='ocrx_word' id='word_1_339' title='bbox 310 2885 503 2942; x_wconf 86' lang='lat' dir='ltr'><strong>videns</strong></span> <span class='ocrx_word' id='word_1_340' title='bbox 546 2885 827 2944; x_wconf 90' lang='lat' dir='ltr'><strong>Christum</strong></span> <span class='ocrx_word' id='word_1_341' title='bbox 880 2889 1126 2944; x_wconf 88' lang='lat' dir='ltr'><strong>inutilem</strong></span> <span class='ocrx_word' id='word_1_342' title='bbox 1177 2889 1285 2945; x_wconf 91' lang='lat' dir='ltr'><strong>illis</strong></span> <span class='ocrx_word' id='word_1_343' title='bbox 1330 2904 1472 2956; x_wconf 90' lang='lat' dir='ltr'><strong>esse,</strong></span> <span class='ocrx_word' id='word_1_344' title='bbox 1535 2891 1779 2962; x_wconf 89' lang='lat' dir='ltr'><strong>quandiu</strong></span> 
     </span>
    </p>
   </div>
   <div class='ocr_carea' id='block_1_47' title="bbox 189 2973 1784 3051">
    <p class='ocr_par' dir='ltr' id='par_1_47' title="bbox 189 2973 1784 3051">
     <span class='ocr_line' id='line_1_47' title="bbox 189 2973 1784 3051; baseline 0.006 -23"><span class='ocrx_word' id='word_1_345' title='bbox 189 2973 366 3044; x_wconf 83' lang='lat' dir='ltr'><strong>legem</strong></span> <span class='ocrx_word' id='word_1_346' title='bbox 383 2990 514 3030; x_wconf 81' lang='lat' dir='ltr'><strong>cum</strong></span> <span class='ocrx_word' id='word_1_347' title='bbox 546 2977 651 3031; x_wconf 82' lang='lat' dir='ltr'><strong>ﬁde</strong></span> <span class='ocrx_word' id='word_1_348' title='bbox 684 2985 950 3044; x_wconf 90' lang='lat' dir='ltr'><strong>tenerent,</strong></span> <span class='ocrx_word' id='word_1_349' title='bbox 991 2979 1148 3049; x_wconf 78' lang='lat' dir='ltr'><strong>juxta</strong></span> <span class='ocrx_word' id='word_1_350' title='bbox 1177 2980 1309 3036; x_wconf 88' lang='lat' dir='ltr'><strong>illud</strong></span> <span class='ocrx_word' id='word_1_351' title='bbox 1335 2980 1482 3051; x_wconf 87' lang='lat' dir='ltr'><strong>quod</strong></span> <span class='ocrx_word' id='word_1_352' title='bbox 1515 2982 1585 3037; x_wconf 79' lang='lat' dir='ltr'><strong>ad</strong></span> <span class='ocrx_word' id='word_1_353' title='bbox 1626 2980 1784 3037; x_wconf 77' lang='lat' dir='ltr'><strong>Gala-</strong></span> 
     </span>
    </p>
   </div>
   <div class='ocr_carea' id='block_1_48' title="bbox 1885 1880 3467 1953">
    <p class='ocr_par' dir='ltr' id='par_1_48' title="bbox 1885 1880 3467 1953">
     <span class='ocr_line' id='line_1_48' title="bbox 1885 1880 3467 1953; baseline 0.003 -22"><span class='ocrx_word' id='word_1_354' title='bbox 1885 1887 1941 1932; x_wconf 90' lang='lat' dir='ltr'><strong>et</strong></span> <span class='ocrx_word' id='word_1_355' title='bbox 1975 1880 2394 1948; x_wconf 90' lang='lat' dir='ltr'><strong>prophetarum,</strong></span> <span class='ocrx_word' id='word_1_356' title='bbox 2439 1889 2495 1934; x_wconf 90' lang='lat' dir='ltr'><strong>et</strong></span> <span class='ocrx_word' id='word_1_357' title='bbox 2523 1897 2592 1936; x_wconf 81' lang='lat' dir='ltr'><strong>ex</strong></span> <span class='ocrx_word' id='word_1_358' title='bbox 2628 1882 2747 1951; x_wconf 90' lang='lat' dir='ltr'><strong>ipsa</strong></span> <span class='ocrx_word' id='word_1_359' title='bbox 2776 1882 2892 1952; x_wconf 86' lang='lat' dir='ltr'><strong>lege</strong></span> <span class='ocrx_word' id='word_1_360' title='bbox 2924 1891 2978 1938; x_wconf 92' lang='lat' dir='ltr'><strong>et</strong></span> <span class='ocrx_word' id='word_1_361' title='bbox 3004 1883 3286 1953; x_wconf 88' lang='lat' dir='ltr'><strong>prophetis</strong></span> <span class='ocrx_word' id='word_1_362' title='bbox 3308 1883 3467 1938; x_wconf 88' lang='lat' dir='ltr'><strong>intel-</strong></span> 
     </span>
    </p>
   </div>
   <div class='ocr_carea' id='block_1_49' title="bbox 1883 1969 3466 2044">
    <p class='ocr_par' dir='ltr' id='par_1_49' title="bbox 1883 1969 3466 2044">
     <span class='ocr_line' id='line_1_49' title="bbox 1883 1969 3466 2044; baseline 0.003 -21"><span class='ocrx_word' id='word_1_363' title='bbox 1883 1969 2062 2040; x_wconf 85' lang='lat' dir='ltr'><strong>ligetis</strong></span> <span class='ocrx_word' id='word_1_364' title='bbox 2085 1971 2138 2024; x_wconf 89' lang='lat' dir='ltr'><strong>in</strong></span> <span class='ocrx_word' id='word_1_365' title='bbox 2167 1969 2390 2026; x_wconf 88' lang='lat' dir='ltr'><strong>Christo</strong></span> <span class='ocrx_word' id='word_1_366' title='bbox 2416 1970 2590 2028; x_wconf 87' lang='lat' dir='ltr'><strong>fuisse</strong></span> <span class='ocrx_word' id='word_1_367' title='bbox 2622 1973 2786 2028; x_wconf 81' lang='lat' dir='ltr'><strong>linem</strong></span> <span class='ocrx_word' id='word_1_368' title='bbox 2821 1973 2980 2043; x_wconf 89' lang='lat' dir='ltr'><strong>legis.</strong></span> <span class='ocrx_word' id='word_1_369' title='bbox 3017 1972 3085 2028; x_wconf 84' lang='lat' dir='ltr'><strong>Et</strong></span> <span class='ocrx_word' id='word_1_370' title='bbox 3116 1973 3246 2044; x_wconf 87' lang='lat' dir='ltr'><strong>quia</strong></span> <span class='ocrx_word' id='word_1_371' title='bbox 3275 1974 3332 2028; x_wconf 91' lang='lat' dir='ltr'><strong>in</strong></span> <span class='ocrx_word' id='word_1_372' title='bbox 3359 1988 3466 2028; x_wconf 70' lang='lat' dir='ltr'><strong>ca:-</strong></span> 
     </span>
    </p>
   </div>
   <div class='ocr_carea' id='block_1_50' title="bbox 1882 2059 3464 2134">
    <p class='ocr_par' dir='ltr' id='par_1_50' title="bbox 1882 2059 3464 2134">
     <span class='ocr_line' id='line_1_50' title="bbox 1882 2059 3464 2134; baseline 0.003 -20"><span class='ocrx_word' id='word_1_373' title='bbox 1882 2059 2017 2115; x_wconf 85' lang='lat' dir='ltr'><strong>teris</strong></span> <span class='ocrx_word' id='word_1_374' title='bbox 2053 2074 2254 2114; x_wconf 89' lang='lat' dir='ltr'><strong>nomen</strong></span> <span class='ocrx_word' id='word_1_375' title='bbox 2275 2076 2437 2116; x_wconf 84' lang='lat' dir='ltr'><strong>suum</strong></span> <span class='ocrx_word' id='word_1_376' title='bbox 2461 2077 2572 2118; x_wconf 90' lang='lat' dir='ltr'><strong>non</strong></span> <span class='ocrx_word' id='word_1_377' title='bbox 2595 2062 2926 2132; x_wconf 64' lang='lat' dir='ltr'><strong>praeposuit,</strong></span> <span class='ocrx_word' id='word_1_378' title='bbox 2959 2063 3218 2117; x_wconf 80' lang='lat' dir='ltr'><strong>dixerunt</strong></span> <span class='ocrx_word' id='word_1_379' title='bbox 3240 2063 3464 2134; x_wconf 90' lang='lat' dir='ltr'><strong>quidam</strong></span> 
     </span>
    </p>
   </div>
   <div class='ocr_carea' id='block_1_51' title="bbox 1883 2149 3462 2220">
    <p class='ocr_par' dir='ltr' id='par_1_51' title="bbox 1883 2149 3462 2220">
     <span class='ocr_line' id='line_1_51' title="bbox 1883 2149 3462 2220; baseline 0.002 -15"><span class='ocrx_word' id='word_1_380' title='bbox 1883 2149 2028 2206; x_wconf 89' lang='lat' dir='ltr'><strong>hanc</strong></span> <span class='ocrx_word' id='word_1_381' title='bbox 2059 2165 2169 2206; x_wconf 88' lang='lat' dir='ltr'><strong>non</strong></span> <span class='ocrx_word' id='word_1_382' title='bbox 2203 2166 2325 2207; x_wconf 87' lang='lat' dir='ltr'><strong>esse</strong></span> <span class='ocrx_word' id='word_1_383' title='bbox 2347 2150 2532 2217; x_wconf 87' lang='lat' dir='ltr'><strong>Pauli;</strong></span> <span class='ocrx_word' id='word_1_384' title='bbox 2567 2153 2661 2208; x_wconf 90' lang='lat' dir='ltr'><strong>sed</strong></span> <span class='ocrx_word' id='word_1_385' title='bbox 2693 2153 2784 2207; x_wconf 90' lang='lat' dir='ltr'><strong>alii</strong></span> <span class='ocrx_word' id='word_1_386' title='bbox 2819 2151 3081 2207; x_wconf 72' lang='lat' dir='ltr'><strong>Barnabas</strong></span> <span class='ocrx_word' id='word_1_387' title='bbox 3101 2193 3117 2220; x_wconf 88' lang='lat'><strong>,</strong></span> <span class='ocrx_word' id='word_1_388' title='bbox 3157 2152 3250 2208; x_wconf 89' lang='lat' dir='ltr'><strong>alii</strong></span> <span class='ocrx_word' id='word_1_389' title='bbox 3277 2152 3462 2219; x_wconf 69' lang='lat' dir='ltr'><strong>Lucae,</strong></span> 
     </span>
    </p>
   </div>
   <div class='ocr_carea' id='block_1_52' title="bbox 1883 2241 3464 2316">
    <p class='ocr_par' dir='ltr' id='par_1_52' title="bbox 1883 2241 3464 2316">
     <span class='ocr_line' id='line_1_52' title="bbox 1883 2241 3464 2316; baseline 0.002 -20"><span class='ocrx_word' id='word_1_390' title='bbox 1883 2241 1977 2296; x_wconf 91' lang='lat' dir='ltr'><strong>alii</strong></span> <span class='ocrx_word' id='word_1_391' title='bbox 2007 2241 2303 2298; x_wconf 89' lang='lat' dir='ltr'><strong>Clementis</strong></span> <span class='ocrx_word' id='word_1_392' title='bbox 2335 2258 2459 2300; x_wconf 86' lang='lat' dir='ltr'><strong>esse</strong></span> <span class='ocrx_word' id='word_1_393' title='bbox 2489 2243 2760 2300; x_wconf 88' lang='lat' dir='ltr'><strong>dicebant.</strong></span> <span class='ocrx_word' id='word_1_394' title='bbox 2785 2242 2989 2300; x_wconf 91' lang='lat' dir='ltr'><strong>Contra</strong></span> <span class='ocrx_word' id='word_1_395' title='bbox 3023 2261 3164 2316; x_wconf 85' lang='lat' dir='ltr'><strong>quos</strong></span> <span class='ocrx_word' id='word_1_396' title='bbox 3191 2245 3274 2300; x_wconf 89' lang='lat' dir='ltr'><strong>sic</strong></span> <span class='ocrx_word' id='word_1_397' title='bbox 3299 2260 3464 2316; x_wconf 87' lang='lat' dir='ltr'><strong>argu-</strong></span> 
     </span>
    </p>
   </div>
   <div class='ocr_carea' id='block_1_53' title="bbox 1881 2335 3465 2408">
    <p class='ocr_par' dir='ltr' id='par_1_53' title="bbox 1881 2335 3465 2408">
     <span class='ocr_line' id='line_1_53' title="bbox 1881 2335 3465 2408; baseline 0.001 -19"><span class='ocrx_word' id='word_1_398' title='bbox 1881 2342 2158 2390; x_wconf 85' lang='lat' dir='ltr'><strong>mentatur</strong></span> <span class='ocrx_word' id='word_1_399' title='bbox 2185 2335 2578 2408; x_wconf 75' lang='lat' dir='ltr'><strong>Hieronymus:</strong></span> <span class='ocrx_word' id='word_1_400' title='bbox 2599 2336 2658 2390; x_wconf 90' lang='lat' dir='ltr'><strong>Si</strong></span> <span class='ocrx_word' id='word_1_401' title='bbox 2679 2337 2804 2407; x_wconf 87' lang='lat' dir='ltr'><strong>quia</strong></span> <span class='ocrx_word' id='word_1_402' title='bbox 2827 2336 2980 2392; x_wconf 87' lang='lat' dir='ltr'><strong>Pauli</strong></span> <span class='ocrx_word' id='word_1_403' title='bbox 3011 2337 3231 2392; x_wconf 89' lang='lat' dir='ltr'><strong>nomine</strong></span> <span class='ocrx_word' id='word_1_404' title='bbox 3259 2351 3369 2391; x_wconf 88' lang='lat' dir='ltr'><strong>non</strong></span> <span class='ocrx_word' id='word_1_405' title='bbox 3393 2337 3465 2391; x_wconf 79' lang='lat' dir='ltr'><strong>ti-</strong></span> 
     </span>
    </p>
   </div>
   <div class='ocr_carea' id='block_1_54' title="bbox 1882 2425 3463 2498">
    <p class='ocr_par' dir='ltr' id='par_1_54' title="bbox 1882 2425 3463 2498">
     <span class='ocr_line' id='line_1_54' title="bbox 1882 2425 3463 2498; baseline 0.003 -19"><span class='ocrx_word' id='word_1_406' title='bbox 1882 2426 2124 2494; x_wconf 87' lang='lat' dir='ltr'><strong>tulatur,</strong></span> <span class='ocrx_word' id='word_1_407' title='bbox 2155 2425 2446 2498; x_wconf 65' lang='lat' dir='ltr'><strong>Pauli:non</strong></span> <span class='ocrx_word' id='word_1_408' title='bbox 2476 2435 2600 2493; x_wconf 86' lang='lat' dir='ltr'><strong>est,</strong></span> <span class='ocrx_word' id='word_1_409' title='bbox 2641 2441 2809 2498; x_wconf 91' lang='lat' dir='ltr'><strong>ergo,</strong></span> <span class='ocrx_word' id='word_1_410' title='bbox 2840 2427 2968 2497; x_wconf 89' lang='lat' dir='ltr'><strong>quia</strong></span> <span class='ocrx_word' id='word_1_411' title='bbox 3011 2427 3214 2483; x_wconf 91' lang='lat' dir='ltr'><strong>nullius</strong></span> <span class='ocrx_word' id='word_1_412' title='bbox 3239 2426 3463 2483; x_wconf 85' lang='lat' dir='ltr'><strong>nomine</strong></span> 
     </span>
    </p>
   </div>
   <div class='ocr_carea' id='block_1_55' title="bbox 1885 2518 3461 2591">
    <p class='ocr_par' dir='ltr' id='par_1_55' title="bbox 1885 2518 3461 2591">
     <span class='ocr_line' id='line_1_55' title="bbox 1885 2518 3461 2591; baseline 0.001 -17"><span class='ocrx_word' id='word_1_413' title='bbox 1885 2518 2167 2586; x_wconf 85' lang='lat' dir='ltr'><strong>tilulatur,</strong></span> <span class='ocrx_word' id='word_1_414' title='bbox 2203 2519 2276 2575; x_wconf 91' lang='lat' dir='ltr'><strong>sit</strong></span> <span class='ocrx_word' id='word_1_415' title='bbox 2309 2520 2534 2575; x_wconf 91' lang='lat' dir='ltr'><strong>nullius.</strong></span> <span class='ocrx_word' id='word_1_416' title='bbox 2559 2518 2738 2575; x_wconf 89' lang='lat' dir='ltr'><strong>Lucas</strong></span> <span class='ocrx_word' id='word_1_417' title='bbox 2764 2519 2954 2591; x_wconf 82' lang='lat' dir='ltr'><strong>utique</strong></span> <span class='ocrx_word' id='word_1_418' title='bbox 2980 2520 3121 2576; x_wconf 90' lang='lat' dir='ltr'><strong>hanc</strong></span> <span class='ocrx_word' id='word_1_419' title='bbox 3141 2519 3208 2575; x_wconf 88' lang='lat' dir='ltr'><strong>de</strong></span> <span class='ocrx_word' id='word_1_420' title='bbox 3232 2518 3461 2575; x_wconf 69' lang='lat' dir='ltr'><strong>Hebraeo</strong></span> 
     </span>
    </p>
   </div>
   <div class='ocr_carea' id='block_1_56' title="bbox 1880 2609 3464 2680">
    <p class='ocr_par' dir='ltr' id='par_1_56' title="bbox 1880 2609 3464 2680">
     <span class='ocr_line' id='line_1_56' title="bbox 1880 2609 3464 2680; baseline -0.001 -15"><span class='ocrx_word' id='word_1_421' title='bbox 1880 2611 2167 2667; x_wconf 87' lang='lat' dir='ltr'><strong>transtulit</strong></span> <span class='ocrx_word' id='word_1_422' title='bbox 2201 2612 2256 2667; x_wconf 90' lang='lat' dir='ltr'><strong>in</strong></span> <span class='ocrx_word' id='word_1_423' title='bbox 2281 2610 2553 2668; x_wconf 61' lang='lat' dir='ltr'><strong>Graecum.</strong></span> <span class='ocrx_word' id='word_1_424' title='bbox 2591 2609 2650 2665; x_wconf 92' lang='lat' dir='ltr'><strong>ln</strong></span> <span class='ocrx_word' id='word_1_425' title='bbox 2675 2611 2779 2667; x_wconf 90' lang='lat' dir='ltr'><strong>hac</strong></span> <span class='ocrx_word' id='word_1_426' title='bbox 2805 2620 2986 2667; x_wconf 89' lang='lat' dir='ltr'><strong>autem</strong></span> <span class='ocrx_word' id='word_1_427' title='bbox 3021 2609 3264 2680; x_wconf 88' lang='lat' dir='ltr'><strong>Epistola</strong></span> <span class='ocrx_word' id='word_1_428' title='bbox 3290 2617 3464 2665; x_wconf 89' lang='lat' dir='ltr'><strong>mate-</strong></span> 
     </span>
    </p>
   </div>
   <div class='ocr_carea' id='block_1_57' title="bbox 1880 2700 3462 2772">
    <p class='ocr_par' dir='ltr' id='par_1_57' title="bbox 1880 2700 3462 2772">
     <span class='ocr_line' id='line_1_57' title="bbox 1880 2700 3462 2772; baseline 0 -16"><span class='ocrx_word' id='word_1_429' title='bbox 1880 2702 2021 2756; x_wconf 91' lang='lat' dir='ltr'><strong>riam</strong></span> <span class='ocrx_word' id='word_1_430' title='bbox 2047 2702 2210 2758; x_wconf 89' lang='lat' dir='ltr'><strong>habet</strong></span> <span class='ocrx_word' id='word_1_431' title='bbox 2235 2703 2587 2758; x_wconf 87' lang='lat' dir='ltr'><strong>eminentiam</strong></span> <span class='ocrx_word' id='word_1_432' title='bbox 2615 2702 2823 2758; x_wconf 88' lang='lat' dir='ltr'><strong>Christi</strong></span> <span class='ocrx_word' id='word_1_433' title='bbox 2851 2710 2907 2758; x_wconf 88' lang='lat' dir='ltr'><strong>et</strong></span> <span class='ocrx_word' id='word_1_434' title='bbox 2947 2701 3300 2765; x_wconf 84' lang='lat' dir='ltr'><strong>inutilitatem</strong></span> <span class='ocrx_word' id='word_1_435' title='bbox 3326 2700 3462 2772; x_wconf 85' lang='lat' dir='ltr'><strong>legis</strong></span> 
     </span>
    </p>
   </div>
   <div class='ocr_carea' id='block_1_58' title="bbox 1875 2792 3464 2866">
    <p class='ocr_par' dir='ltr' id='par_1_58' title="bbox 1875 2792 3464 2866">
     <span class='ocr_line' id='line_1_58' title="bbox 1875 2792 3464 2866; baseline 0 -18"><span class='ocrx_word' id='word_1_436' title='bbox 1875 2794 2245 2864; x_wconf 84' lang='lat' dir='ltr'><strong>comprobans</strong></span> <span class='ocrx_word' id='word_1_437' title='bbox 2259 2809 2356 2864; x_wconf 89' lang='lat' dir='ltr'><strong>per</strong></span> <span class='ocrx_word' id='word_1_438' title='bbox 2367 2793 2620 2849; x_wconf 87' lang='lat' dir='ltr'><strong>eamdem</strong></span> <span class='ocrx_word' id='word_1_439' title='bbox 2649 2794 2822 2866; x_wconf 86' lang='lat' dir='ltr'><strong>legem</strong></span> <span class='ocrx_word' id='word_1_440' title='bbox 2849 2801 2904 2849; x_wconf 90' lang='lat' dir='ltr'><strong>et</strong></span> <span class='ocrx_word' id='word_1_441' title='bbox 2927 2792 3218 2864; x_wconf 88' lang='lat' dir='ltr'><strong>prophetas</strong></span> <span class='ocrx_word' id='word_1_442' title='bbox 3243 2807 3464 2849; x_wconf 87' lang='lat' dir='ltr'><strong>eorum-</strong></span> 
     </span>
    </p>
   </div>
   <div class='ocr_carea' id='block_1_59' title="bbox 1877 2885 3462 2958">
    <p class='ocr_par' dir='ltr' id='par_1_59' title="bbox 1877 2885 3462 2958">
     <span class='ocr_line' id='line_1_59' title="bbox 1877 2885 3462 2958; baseline -0.001 -16"><span class='ocrx_word' id='word_1_443' title='bbox 1877 2886 2004 2942; x_wconf 90' lang='lat' dir='ltr'><strong>dem</strong></span> <span class='ocrx_word' id='word_1_444' title='bbox 2033 2885 2090 2940; x_wconf 89' lang='lat' dir='ltr'><strong>in</strong></span> <span class='ocrx_word' id='word_1_445' title='bbox 2112 2885 2334 2942; x_wconf 89' lang='lat' dir='ltr'><strong>Christo</strong></span> <span class='ocrx_word' id='word_1_446' title='bbox 2363 2886 2525 2942; x_wconf 84' lang='lat' dir='ltr'><strong>finem</strong></span> <span class='ocrx_word' id='word_1_447' title='bbox 2553 2885 2842 2952; x_wconf 86' lang='lat' dir='ltr'><strong>habuisse;</strong></span> <span class='ocrx_word' id='word_1_448' title='bbox 2893 2885 3085 2958; x_wconf 80' lang='lat' dir='ltr'><strong>legalis</strong></span> <span class='ocrx_word' id='word_1_449' title='bbox 3113 2900 3236 2955; x_wconf 72' lang='lat' dir='ltr'><strong>qua:</strong></span> <span class='ocrx_word' id='word_1_450' title='bbox 3263 2899 3363 2939; x_wconf 91' lang='lat' dir='ltr'><strong>nec</strong></span> <span class='ocrx_word' id='word_1_451' title='bbox 3396 2898 3462 2940; x_wconf 90' lang='lat' dir='ltr'><strong>eo</strong></span> 
     </span>
    </p>
   </div>
   <div class='ocr_carea' id='block_1_60' title="bbox 1879 2976 3462 3049">
    <p class='ocr_par' dir='ltr' id='par_1_60' title="bbox 1879 2976 3462 3049">
     <span class='ocr_line' id='line_1_60' title="bbox 1879 2976 3462 3049; baseline -0.002 -14"><span class='ocrx_word' id='word_1_452' title='bbox 1879 2988 2123 3049; x_wconf 89' lang='lat' dir='ltr'><strong>tempore</strong></span> <span class='ocrx_word' id='word_1_453' title='bbox 2141 2993 2250 3049; x_wconf 87' lang='lat' dir='ltr'><strong>quo</strong></span> <span class='ocrx_word' id='word_1_454' title='bbox 2269 2993 2391 3034; x_wconf 86' lang='lat' dir='ltr'><strong>esse</strong></span> <span class='ocrx_word' id='word_1_455' title='bbox 2412 2977 2682 3034; x_wconf 89' lang='lat' dir='ltr'><strong>debebant</strong></span> <span class='ocrx_word' id='word_1_456' title='bbox 2701 2978 2863 3038; x_wconf 73' lang='lat' dir='ltr'><strong>alicui</strong></span> <span class='ocrx_word' id='word_1_457' title='bbox 2887 2976 3180 3048; x_wconf 89' lang='lat' dir='ltr'><strong>proderant</strong></span> <span class='ocrx_word' id='word_1_458' title='bbox 3193 3017 3210 3043; x_wconf 83' lang='lat'><strong>,</strong></span> <span class='ocrx_word' id='word_1_459' title='bbox 3236 2976 3342 3032; x_wconf 87' lang='lat' dir='ltr'><strong>nisi</strong></span> <span class='ocrx_word' id='word_1_460' title='bbox 3365 2992 3462 3047; x_wconf 85' lang='lat' dir='ltr'><strong>per</strong></span> 
     </span>
    </p>
   </div>
   <div class='ocr_carea' id='block_1_61' title="bbox 192 3066 3460 3140">
    <p class='ocr_par' dir='ltr' id='par_1_61' title="bbox 192 3066 3460 3140">
     <span class='ocr_line' id='line_1_61' title="bbox 192 3066 3460 3140; baseline 0 -20"><span class='ocrx_word' id='word_1_461' title='bbox 192 3075 276 3121; x_wconf 84' lang='lat' dir='ltr'><strong>tas</strong></span> <span class='ocrx_word' id='word_1_462' title='bbox 322 3067 444 3122; x_wconf 88' lang='lat' dir='ltr'><strong>ait:</strong></span> <span class='ocrx_word' id='word_1_463' title='bbox 482 3086 501 3120; x_wconf 82' lang='grc' dir='ltr'><strong>ι</strong></span> <span class='ocrx_word' id='word_1_464' title='bbox 539 3067 602 3123; x_wconf 86' lang='lat' dir='ltr'><strong>Si</strong></span> <span class='ocrx_word' id='word_1_465' title='bbox 643 3069 1140 3140; x_wconf 80' lang='lat' dir='ltr'><strong>circumcidamini,</strong></span> <span class='ocrx_word' id='word_1_466' title='bbox 1161 3071 1418 3129; x_wconf 88' lang='lat' dir='ltr'><strong>Christus</strong></span> <span class='ocrx_word' id='word_1_467' title='bbox 1445 3074 1601 3131; x_wconf 83' lang='lat' dir='ltr'><strong>vobis</strong></span> <span class='ocrx_word' id='word_1_468' title='bbox 1643 3075 1780 3133; x_wconf 87' lang='lat' dir='ltr'><strong>nihil</strong></span> <span class='ocrx_word' id='word_1_469' title='bbox 1809 3115 1852 3140; x_wconf 67' lang='grc' dir='ltr'>η</span> <span class='ocrx_word' id='word_1_470' title='bbox 1883 3069 2044 3125; x_wconf 82' lang='lat' dir='ltr'><strong>fidem</strong></span> <span class='ocrx_word' id='word_1_471' title='bbox 2073 3067 2286 3124; x_wconf 87' lang='lat' dir='ltr'><strong>venturi</strong></span> <span class='ocrx_word' id='word_1_472' title='bbox 2307 3109 2322 3135; x_wconf 94' lang='lat'><strong>,</strong></span> <span class='ocrx_word' id='word_1_473' title='bbox 2371 3068 2466 3124; x_wconf 87' lang='lat' dir='ltr'><strong>sed</strong></span> <span class='ocrx_word' id='word_1_474' title='bbox 2487 3067 2739 3123; x_wconf 90' lang='lat' dir='ltr'><strong>Christus</strong></span> <span class='ocrx_word' id='word_1_475' title='bbox 2790 3067 2871 3124; x_wconf 89' lang='lat' dir='ltr'><strong>sic</strong></span> <span class='ocrx_word' id='word_1_476' title='bbox 2903 3067 2970 3122; x_wconf 90' lang='lat' dir='ltr'><strong>ad</strong></span> <span class='ocrx_word' id='word_1_477' title='bbox 3012 3066 3460 3138; x_wconf 83' lang='lat' dir='ltr'><strong>justiﬁeatiouem</strong></span> 
     </span>
    </p>
   </div>
   <div class='ocr_carea' id='block_1_62' title="bbox 192 3156 1778 3232">
    <p class='ocr_par' dir='ltr' id='par_1_62' title="bbox 192 3156 1778 3232">
     <span class='ocr_line' id='line_1_62' title="bbox 192 3156 1778 3232; baseline 0.008 -22"><span class='ocrx_word' id='word_1_478' title='bbox 192 3156 438 3226; x_wconf 86' lang='lat' dir='ltr'><strong>proderit</strong></span> <span class='ocrx_word' id='word_1_479' title='bbox 480 3157 625 3228; x_wconf 77' lang='lat' dir='ltr'><strong>(Gal.</strong></span> <span class='ocrx_word' id='word_1_480' title='bbox 653 3175 707 3227; x_wconf 78' lang='grc' dir='ltr'><strong>ν,</strong></span> <span class='ocrx_word' id='word_1_481' title='bbox 734 3159 813 3232; x_wconf 77' lang='lat'><strong>2),</strong></span> <span class='ocrx_word' id='word_1_482' title='bbox 849 3179 871 3213; x_wconf 72' lang='grc' dir='ltr'><strong>ι</strong></span> <span class='ocrx_word' id='word_1_483' title='bbox 898 3175 966 3216; x_wconf 83' lang='lat' dir='ltr'><strong>ex</strong></span> <span class='ocrx_word' id='word_1_484' title='bbox 1001 3162 1462 3232; x_wconf 87' lang='lat' dir='ltr'><strong>superabundanti</strong></span> <span class='ocrx_word' id='word_1_485' title='bbox 1501 3165 1643 3220; x_wconf 88' lang='lat' dir='ltr'><strong>hanc</strong></span> <span class='ocrx_word' id='word_1_486' title='bbox 1668 3165 1778 3222; x_wconf 89' lang='lat' dir='ltr'><strong>illis</strong></span> 
     </span>
    </p>
   </div>
   <div class='ocr_carea' id='block_1_63' title="bbox 191 3247 1775 3325">
    <p class='ocr_par' dir='ltr' id='par_1_63' title="bbox 191 3247 1775 3325">
     <span class='ocr_line' id='line_1_63' title="bbox 191 3247 1775 3325; baseline 0.006 -25"><span class='ocrx_word' id='word_1_487' title='bbox 191 3247 494 3318; x_wconf 83' lang='lat' dir='ltr'><strong>Epistolam</strong></span> <span class='ocrx_word' id='word_1_488' title='bbox 561 3251 800 3322; x_wconf 86' lang='lat' dir='ltr'><strong>scripsit,</strong></span> <span class='ocrx_word' id='word_1_489' title='bbox 847 3268 974 3308; x_wconf 88' lang='lat' dir='ltr'><strong>cum</strong></span> <span class='ocrx_word' id='word_1_490' title='bbox 1034 3261 1217 3308; x_wconf 84' lang='lat' dir='ltr'><strong>tamen</strong></span> <span class='ocrx_word' id='word_1_491' title='bbox 1275 3255 1518 3325; x_wconf 88' lang='lat' dir='ltr'><strong>genti-um</strong></span> <span class='ocrx_word' id='word_1_492' title='bbox 1561 3263 1775 3311; x_wconf 88' lang='lat' dir='ltr'><strong>tantum</strong></span> 
     </span>
    </p>
   </div>
   <div class='ocr_carea' id='block_1_64' title="bbox 190 3343 1778 3417">
    <p class='ocr_par' dir='ltr' id='par_1_64' title="bbox 190 3343 1778 3417">
     <span class='ocr_line' id='line_1_64' title="bbox 190 3343 1778 3417; baseline 0.007 -24"><span class='ocrx_word' id='word_1_493' title='bbox 190 3343 491 3410; x_wconf 73' lang='lat' dir='ltr'><strong>Apostolus</strong></span> <span class='ocrx_word' id='word_1_494' title='bbox 518 3353 684 3410; x_wconf 88' lang='lat' dir='ltr'><strong>esset,</strong></span> <span class='ocrx_word' id='word_1_495' title='bbox 721 3360 889 3416; x_wconf 82' lang='lat' dir='ltr'><strong>agens</strong></span> <span class='ocrx_word' id='word_1_496' title='bbox 941 3347 1245 3402; x_wconf 86' lang='lat' dir='ltr'><strong>secundum</strong></span> <span class='ocrx_word' id='word_1_497' title='bbox 1274 3348 1422 3417; x_wconf 89' lang='lat' dir='ltr'><strong>quod</strong></span> <span class='ocrx_word' id='word_1_498' title='bbox 1458 3349 1532 3404; x_wconf 90' lang='lat' dir='ltr'><strong>ad</strong></span> <span class='ocrx_word' id='word_1_499' title='bbox 1575 3347 1778 3404; x_wconf 80' lang='lat' dir='ltr'><strong>Roma-</strong></span> 
     </span>
    </p>
   </div>
   <div class='ocr_carea' id='block_1_65' title="bbox 189 3432 1776 3512">
    <p class='ocr_par' dir='ltr' id='par_1_65' title="bbox 189 3432 1776 3512">
     <span class='ocr_line' id='line_1_65' title="bbox 189 3432 1776 3512; baseline 0.006 -25"><span class='ocrx_word' id='word_1_500' title='bbox 189 3448 294 3487; x_wconf 84' lang='lat' dir='ltr'><strong>nos</strong></span> <span class='ocrx_word' id='word_1_501' title='bbox 317 3434 438 3488; x_wconf 86' lang='lat' dir='ltr'><strong>ait:</strong></span> <span class='ocrx_word' id='word_1_502' title='bbox 473 3453 492 3486; x_wconf 88' lang='grc' dir='ltr'><strong>ι</strong></span> <span class='ocrx_word' id='word_1_503' title='bbox 520 3432 906 3493; x_wconf 79' lang='lat' dir='ltr'><strong>Honorillcabo</strong></span> <span class='ocrx_word' id='word_1_504' title='bbox 924 3438 1297 3494; x_wconf 83' lang='lat' dir='ltr'><strong>ministerium</strong></span> <span class='ocrx_word' id='word_1_505' title='bbox 1328 3455 1532 3508; x_wconf 84' lang='lat' dir='ltr'><strong>meum,</strong></span> <span class='ocrx_word' id='word_1_506' title='bbox 1559 3441 1605 3497; x_wconf 92' lang='lat' dir='ltr'><strong>si</strong></span> <span class='ocrx_word' id='word_1_507' title='bbox 1633 3456 1776 3512; x_wconf 83' lang='lat' dir='ltr'><strong>quo-</strong></span> 
     </span>
    </p>
   </div>
   <div class='ocr_carea' id='block_1_66' title="bbox 187 3525 1776 3600">
    <p class='ocr_par' dir='ltr' id='par_1_66' title="bbox 187 3525 1776 3600">
     <span class='ocr_line' id='line_1_66' title="bbox 187 3525 1776 3600; baseline 0.007 -21"><span class='ocrx_word' id='word_1_508' title='bbox 187 3525 359 3580; x_wconf 85' lang='lat' dir='ltr'><strong>modo</strong></span> <span class='ocrx_word' id='word_1_509' title='bbox 405 3526 474 3581; x_wconf 85' lang='lat' dir='ltr'><strong>ad</strong></span> <span class='ocrx_word' id='word_1_510' title='bbox 527 3529 931 3584; x_wconf 67' lang='lat' dir='ltr'><strong>aemulationem</strong></span> <span class='ocrx_word' id='word_1_511' title='bbox 980 3546 1272 3600; x_wconf 88' lang='lat' dir='ltr'><strong>provocem</strong></span> <span class='ocrx_word' id='word_1_512' title='bbox 1321 3547 1540 3588; x_wconf 90' lang='lat' dir='ltr'><strong>carnem</strong></span> <span class='ocrx_word' id='word_1_513' title='bbox 1593 3548 1776 3590; x_wconf 88' lang='lat' dir='ltr'><strong>meam</strong></span> 
     </span>
    </p>
   </div>
   <div class='ocr_carea' id='block_1_67' title="bbox 189 3614 1775 3693">
    <p class='ocr_par' dir='ltr' id='par_1_67' title="bbox 189 3614 1775 3693">
     <span class='ocr_line' id='line_1_67' title="bbox 189 3614 1775 3693; baseline 0.008 -26"><span class='ocrx_word' id='word_1_514' title='bbox 189 3614 371 3684; x_wconf 86' lang='lat' dir='ltr'><strong>(Rom.</strong></span> <span class='ocrx_word' id='word_1_515' title='bbox 415 3633 494 3683; x_wconf 74' lang='grc' dir='ltr'>ιι,</span> <span class='ocrx_word' id='word_1_516' title='bbox 528 3619 640 3689; x_wconf 72' lang='lat' dir='ltr'><strong>ll),</strong></span> <span class='ocrx_word' id='word_1_517' title='bbox 676 3639 694 3671; x_wconf 73' lang='grc' dir='ltr'><strong>ι</strong></span> <span class='ocrx_word' id='word_1_518' title='bbox 741 3629 848 3677; x_wconf 90' lang='lat' dir='ltr'><strong>etc.</strong></span> <span class='ocrx_word' id='word_1_519' title='bbox 897 3620 1099 3688; x_wconf 81' lang='lat' dir='ltr'><strong>Quare,</strong></span> <span class='ocrx_word' id='word_1_520' title='bbox 1143 3623 1276 3693; x_wconf 91' lang='lat' dir='ltr'><strong>quia</strong></span> <span class='ocrx_word' id='word_1_521' title='bbox 1303 3637 1413 3678; x_wconf 90' lang='lat' dir='ltr'><strong>non</strong></span> <span class='ocrx_word' id='word_1_522' title='bbox 1441 3631 1562 3679; x_wconf 86' lang='lat' dir='ltr'><strong>erat</strong></span> <span class='ocrx_word' id='word_1_523' title='bbox 1583 3639 1775 3680; x_wconf 89' lang='lat' dir='ltr'><strong>eorum</strong></span> 
     </span>
    </p>
   </div>
   <div class='ocr_carea' id='block_1_68' title="bbox 187 3706 1776 3789">
    <p class='ocr_par' dir='ltr' id='par_1_68' title="bbox 187 3706 1776 3789">
     <span class='ocr_line' id='line_1_68' title="bbox 187 3706 1776 3789; baseline 0.009 -29"><span class='ocrx_word' id='word_1_524' title='bbox 187 3706 510 3777; x_wconf 76' lang='lat' dir='ltr'><strong>Apostolus,</strong></span> <span class='ocrx_word' id='word_1_525' title='bbox 539 3711 762 3766; x_wconf 91' lang='lat' dir='ltr'><strong>nomina</strong></span> <span class='ocrx_word' id='word_1_526' title='bbox 809 3713 1094 3782; x_wconf 88' lang='lat' dir='ltr'><strong>dignitatis</strong></span> <span class='ocrx_word' id='word_1_527' title='bbox 1142 3713 1198 3768; x_wconf 91' lang='lat' dir='ltr'><strong>in</strong></span> <span class='ocrx_word' id='word_1_528' title='bbox 1236 3715 1339 3771; x_wconf 91' lang='lat' dir='ltr'><strong>hac</strong></span> <span class='ocrx_word' id='word_1_529' title='bbox 1367 3714 1607 3786; x_wconf 87' lang='lat' dir='ltr'><strong>Epistola</strong></span> <span class='ocrx_word' id='word_1_530' title='bbox 1636 3731 1776 3789; x_wconf 71' lang='lat' dir='ltr'><strong>prm-</strong></span> 
     </span>
    </p>
   </div>
   <div class='ocr_carea' id='block_1_69' title="bbox 187 3801 1331 3876">
    <p class='ocr_par' dir='ltr' id='par_1_69' title="bbox 187 3801 1331 3876">
     <span class='ocr_line' id='line_1_69' title="bbox 187 3801 1331 3876; baseline 0.01 -25"><span class='ocrx_word' id='word_1_531' title='bbox 187 3812 396 3867; x_wconf 85' lang='lat' dir='ltr'><strong>ponere</strong></span> <span class='ocrx_word' id='word_1_532' title='bbox 425 3801 621 3870; x_wconf 84' lang='lat' dir='ltr'><strong>noluit,</strong></span> <span class='ocrx_word' id='word_1_533' title='bbox 654 3803 796 3860; x_wconf 88' lang='lat' dir='ltr'><strong>sicut</strong></span> <span class='ocrx_word' id='word_1_534' title='bbox 829 3804 968 3860; x_wconf 88' lang='lat' dir='ltr'><strong>solet</strong></span> <span class='ocrx_word' id='word_1_535' title='bbox 999 3805 1055 3860; x_wconf 92' lang='lat' dir='ltr'><strong>in</strong></span> <span class='ocrx_word' id='word_1_536' title='bbox 1079 3805 1331 3876; x_wconf 85' lang='lat' dir='ltr'><strong>singulis.</strong></span> 
     </span>
    </p>
   </div>
   <div class='ocr_carea' id='block_1_70' title="bbox 1882 3157 3460 3231">
    <p class='ocr_par' dir='ltr' id='par_1_70' title="bbox 1882 3157 3460 3231">
     <span class='ocr_line' id='line_1_70' title="bbox 1882 3157 3460 3231; baseline -0.004 -12"><span class='ocrx_word' id='word_1_537' title='bbox 1882 3161 2108 3229; x_wconf 77' lang='lat' dir='ltr'><strong>sufﬁcit,</strong></span> <span class='ocrx_word' id='word_1_538' title='bbox 2158 3168 2220 3216; x_wconf 91' lang='lat' dir='ltr'><strong>ut</strong></span> <span class='ocrx_word' id='word_1_539' title='bbox 2249 3159 2520 3231; x_wconf 72' lang='lat' dir='ltr'><strong>adiutorio</strong></span> <span class='ocrx_word' id='word_1_540' title='bbox 2563 3158 2698 3230; x_wconf 80' lang='lat' dir='ltr'><strong>legis</strong></span> <span class='ocrx_word' id='word_1_541' title='bbox 2743 3172 2855 3214; x_wconf 91' lang='lat' dir='ltr'><strong>non</strong></span> <span class='ocrx_word' id='word_1_542' title='bbox 2884 3157 3155 3231; x_wconf 83' lang='lat' dir='ltr'><strong>indigeat,</strong></span> <span class='ocrx_word' id='word_1_543' title='bbox 3182 3167 3236 3214; x_wconf 90' lang='lat' dir='ltr'><strong>et</strong></span> <span class='ocrx_word' id='word_1_544' title='bbox 3279 3158 3329 3213; x_wconf 90' lang='lat' dir='ltr'><strong>si</strong></span> <span class='ocrx_word' id='word_1_545' title='bbox 3373 3158 3460 3213; x_wconf 80' lang='lat' dir='ltr'><strong>lex</strong></span> 
     </span>
    </p>
   </div>
   <div class='ocr_carea' id='block_1_71' title="bbox 1881 3249 3460 3318">
    <p class='ocr_par' dir='ltr' id='par_1_71' title="bbox 1881 3249 3460 3318">
     <span class='ocr_line' id='line_1_71' title="bbox 1881 3249 3460 3318; baseline -0.002 -11"><span class='ocrx_word' id='word_1_546' title='bbox 1881 3252 2281 3318; x_wconf 85' lang='lat' dir='ltr'><strong>admisceatur,</strong></span> <span class='ocrx_word' id='word_1_547' title='bbox 2329 3251 2490 3307; x_wconf 81' lang='lat' dir='ltr'><strong>ﬁdem</strong></span> <span class='ocrx_word' id='word_1_548' title='bbox 2527 3251 2741 3306; x_wconf 90' lang='lat' dir='ltr'><strong>irritam</strong></span> <span class='ocrx_word' id='word_1_549' title='bbox 2777 3251 2960 3307; x_wconf 81' lang='lat' dir='ltr'><strong>faciat.</strong></span> <span class='ocrx_word' id='word_1_550' title='bbox 2992 3249 3071 3306; x_wconf 91' lang='lat' dir='ltr'><strong>Eo</strong></span> <span class='ocrx_word' id='word_1_551' title='bbox 3121 3250 3229 3306; x_wconf 82' lang='lat' dir='ltr'><strong>fine</strong></span> <span class='ocrx_word' id='word_1_552' title='bbox 3268 3249 3347 3305; x_wconf 88' lang='lat' dir='ltr'><strong>sic</strong></span> <span class='ocrx_word' id='word_1_553' title='bbox 3392 3249 3460 3304; x_wconf 91' lang='lat' dir='ltr'><strong>de</strong></span> 
     </span>
    </p>
   </div>
   <div class='ocr_carea' id='block_1_72' title="bbox 1881 3341 3455 3416">
    <p class='ocr_par' dir='ltr' id='par_1_72' title="bbox 1881 3341 3455 3416">
     <span class='ocr_line' id='line_1_72' title="bbox 1881 3341 3455 3416; baseline -0.004 -16"><span class='ocrx_word' id='word_1_554' title='bbox 1881 3343 2104 3400; x_wconf 84' lang='lat' dir='ltr'><strong>Christo</strong></span> <span class='ocrx_word' id='word_1_555' title='bbox 2128 3353 2184 3400; x_wconf 91' lang='lat' dir='ltr'><strong>et</strong></span> <span class='ocrx_word' id='word_1_556' title='bbox 2206 3346 2324 3416; x_wconf 88' lang='lat' dir='ltr'><strong>lege</strong></span> <span class='ocrx_word' id='word_1_557' title='bbox 2353 3344 2457 3411; x_wconf 89' lang='lat' dir='ltr'><strong>ait,</strong></span> <span class='ocrx_word' id='word_1_558' title='bbox 2487 3353 2549 3400; x_wconf 90' lang='lat' dir='ltr'><strong>ut</strong></span> <span class='ocrx_word' id='word_1_559' title='bbox 2579 3341 2752 3399; x_wconf 64' lang='lat' dir='ltr'><strong>Judaei</strong></span> <span class='ocrx_word' id='word_1_560' title='bbox 2779 3343 2973 3416; x_wconf 87' lang='lat' dir='ltr'><strong>legalia</strong></span> <span class='ocrx_word' id='word_1_561' title='bbox 2993 3342 3283 3408; x_wconf 81' lang='lat' dir='ltr'><strong>deserant,</strong></span> <span class='ocrx_word' id='word_1_562' title='bbox 3312 3349 3368 3396; x_wconf 89' lang='lat' dir='ltr'><strong>et</strong></span> <span class='ocrx_word' id='word_1_563' title='bbox 3399 3341 3455 3394; x_wconf 91' lang='lat' dir='ltr'><strong>iu</strong></span> 
     </span>
    </p>
   </div>
   <div class='ocr_carea' id='block_1_73' title="bbox 1879 3430 3458 3506">
    <p class='ocr_par' dir='ltr' id='par_1_73' title="bbox 1879 3430 3458 3506">
     <span class='ocr_line' id='line_1_73' title="bbox 1879 3430 3458 3506; baseline -0.002 -13"><span class='ocrx_word' id='word_1_564' title='bbox 1879 3437 2176 3493; x_wconf 89' lang='lat' dir='ltr'><strong>eminentia</strong></span> <span class='ocrx_word' id='word_1_565' title='bbox 2209 3435 2414 3492; x_wconf 90' lang='lat' dir='ltr'><strong>Christi</strong></span> <span class='ocrx_word' id='word_1_566' title='bbox 2456 3435 2903 3506; x_wconf 86' lang='lat' dir='ltr'><strong>justiﬁcationem</strong></span> <span class='ocrx_word' id='word_1_567' title='bbox 2934 3443 3184 3505; x_wconf 72' lang='lat' dir='ltr'><strong>quzerant</strong></span> <span class='ocrx_word' id='word_1_568' title='bbox 3230 3441 3285 3490; x_wconf 92' lang='lat' dir='ltr'><strong>et</strong></span> <span class='ocrx_word' id='word_1_569' title='bbox 3311 3430 3458 3490; x_wconf 78' lang='lat' dir='ltr'><strong>acci-</strong></span> 
     </span>
    </p>
   </div>
   <div class='ocr_carea' id='block_1_74' title="bbox 1879 3523 3458 3599">
    <p class='ocr_par' dir='ltr' id='par_1_74' title="bbox 1879 3523 3458 3599">
     <span class='ocr_line' id='line_1_74' title="bbox 1879 3523 3458 3599; baseline -0.003 -17"><span class='ocrx_word' id='word_1_570' title='bbox 1879 3528 2052 3599; x_wconf 91' lang='lat' dir='ltr'><strong>piant.</strong></span> <span class='ocrx_word' id='word_1_571' title='bbox 2081 3527 2240 3582; x_wconf 89' lang='lat' dir='ltr'><strong>Circa</strong></span> <span class='ocrx_word' id='word_1_572' title='bbox 2285 3527 2449 3582; x_wconf 83' lang='lat' dir='ltr'><strong>ﬁnem</strong></span> <span class='ocrx_word' id='word_1_573' title='bbox 2483 3526 2650 3582; x_wconf 89' lang='lat' dir='ltr'><strong>etiam</strong></span> <span class='ocrx_word' id='word_1_574' title='bbox 2705 3525 2961 3597; x_wconf 74' lang='lat' dir='ltr'><strong>Epistola:</strong></span> <span class='ocrx_word' id='word_1_575' title='bbox 3006 3525 3230 3581; x_wconf 79' lang='lat' dir='ltr'><strong>instruit</strong></span> <span class='ocrx_word' id='word_1_576' title='bbox 3271 3539 3368 3580; x_wconf 89' lang='lat' dir='ltr'><strong>eos</strong></span> <span class='ocrx_word' id='word_1_577' title='bbox 3393 3523 3458 3578; x_wconf 88' lang='lat' dir='ltr'><strong>de</strong></span> 
     </span>
    </p>
   </div>
   <div class='ocr_carea' id='block_1_75' title="bbox 1879 3617 3457 3694">
    <p class='ocr_par' dir='ltr' id='par_1_75' title="bbox 1879 3617 3457 3694">
     <span class='ocr_line' id='line_1_75' title="bbox 1879 3617 3457 3694; baseline -0.003 -18"><span class='ocrx_word' id='word_1_578' title='bbox 1879 3622 2216 3689; x_wconf 88' lang='lat' dir='ltr'><strong>moralitate,</strong></span> <span class='ocrx_word' id='word_1_579' title='bbox 2254 3621 2383 3694; x_wconf 91' lang='lat' dir='ltr'><strong>quia</strong></span> <span class='ocrx_word' id='word_1_580' title='bbox 2408 3621 2552 3678; x_wconf 89' lang='lat' dir='ltr'><strong>sicut</strong></span> <span class='ocrx_word' id='word_1_581' title='bbox 2579 3620 2770 3677; x_wconf 85' lang='lat' dir='ltr'><strong>vitium</strong></span> <span class='ocrx_word' id='word_1_582' title='bbox 2796 3619 3044 3675; x_wconf 88' lang='lat' dir='ltr'><strong>naturale</strong></span> <span class='ocrx_word' id='word_1_583' title='bbox 3066 3617 3271 3674; x_wconf 57' lang='lat' dir='ltr'><strong>Iudaeis</strong></span> <span class='ocrx_word' id='word_1_584' title='bbox 3309 3633 3457 3672; x_wconf 89' lang='lat' dir='ltr'><strong>sem-</strong></span> 
     </span>
    </p>
   </div>
   <div class='ocr_carea' id='block_1_76' title="bbox 1875 3711 3455 3788">
    <p class='ocr_par' dir='ltr' id='par_1_76' title="bbox 1875 3711 3455 3788">
     <span class='ocr_line' id='line_1_76' title="bbox 1875 3711 3455 3788; baseline -0.005 -16"><span class='ocrx_word' id='word_1_585' title='bbox 1875 3731 1973 3788; x_wconf 89' lang='lat' dir='ltr'><strong>per</strong></span> <span class='ocrx_word' id='word_1_586' title='bbox 2007 3716 2143 3785; x_wconf 84' lang='lat' dir='ltr'><strong>fuit,</strong></span> <span class='ocrx_word' id='word_1_587' title='bbox 2164 3717 2433 3774; x_wconf 77' lang='lat' dir='ltr'><strong>luxuriosi</strong></span> <span class='ocrx_word' id='word_1_588' title='bbox 2457 3716 2622 3773; x_wconf 90' lang='lat' dir='ltr'><strong>nimis</strong></span> <span class='ocrx_word' id='word_1_589' title='bbox 2651 3723 2807 3771; x_wconf 90' lang='lat' dir='ltr'><strong>erant</strong></span> <span class='ocrx_word' id='word_1_590' title='bbox 2832 3714 2888 3769; x_wconf 91' lang='lat' dir='ltr'><strong>in</strong></span> <span class='ocrx_word' id='word_1_591' title='bbox 2915 3713 3056 3770; x_wconf 83' lang='lat' dir='ltr'><strong>cibis</strong></span> <span class='ocrx_word' id='word_1_592' title='bbox 3076 3714 3194 3768; x_wconf 89' lang='lat' dir='ltr'><strong>etin</strong></span> <span class='ocrx_word' id='word_1_593' title='bbox 3211 3711 3455 3767; x_wconf 84' lang='lat' dir='ltr'><strong>libidine.</strong></span> 
     </span>
    </p>
   </div>
   <div class='ocr_carea' id='block_1_77' title="bbox 228 3961 3437 4006">
    <p class='ocr_par' dir='ltr' id='par_1_77' title="bbox 228 3961 3437 4006">
     <span class='ocr_line' id='line_1_77' title="bbox 228 3961 3437 4006; baseline 0.001 -11"><span class='ocrx_word' id='word_1_594' title='bbox 228 3961 3437 4006; x_wconf 42' lang='grc' dir='ltr'>Μ</span> 
     </span>
    </p>
   </div>
   <div class='ocr_carea' id='block_1_78' title="bbox 1049 4149 2535 4247">
    <p class='ocr_par' dir='ltr' id='par_1_78' title="bbox 1049 4149 2535 4247">
     <span class='ocr_line' id='line_1_78' title="bbox 1049 4149 2535 4247; baseline 0 -5"><span class='ocrx_word' id='word_1_595' title='bbox 1049 4149 1630 4247; x_wconf 83' lang='lat' dir='ltr'><strong>EPISTOLA</strong></span> <span class='ocrx_word' id='word_1_596' title='bbox 1693 4152 1844 4242; x_wconf 85' lang='lat' dir='ltr'><strong>AD</strong></span> <span class='ocrx_word' id='word_1_597' title='bbox 1909 4150 2535 4246; x_wconf 70' lang='lat' dir='ltr'><strong>HEBREOS.</strong></span> 
     </span>
    </p>
   </div>
   <div class='ocr_carea' id='block_1_79' title="bbox 699 4336 1259 4395">
    <p class='ocr_par' dir='ltr' id='par_1_79' title="bbox 699 4336 1259 4395">
     <span class='ocr_line' id='line_1_79' title="bbox 699 4336 1259 4395; baseline -0.004 0"><span class='ocrx_word' id='word_1_598' title='bbox 699 4337 932 4395; x_wconf 82' lang='lat' dir='ltr'><strong>CAPUT</strong></span> <span class='ocrx_word' id='word_1_599' title='bbox 970 4336 1259 4394; x_wconf 76' lang='lat' dir='ltr'><strong>PRIMUM.</strong></span> 
     </span>
    </p>
   </div>
   <div class='ocr_carea' id='block_1_80' title="bbox 260 4427 1774 4501">
    <p class='ocr_par' dir='ltr' id='par_1_80' title="bbox 260 4427 1774 4501">
     <span class='ocr_line' id='line_1_80' title="bbox 260 4427 1774 4501; baseline -0.001 -16"><span class='ocrx_word' id='word_1_600' title='bbox 260 4452 284 4485; x_wconf 84' lang='grc'><strong><em>‹</em></strong></span> <span class='ocrx_word' id='word_1_601' title='bbox 332 4430 688 4487; x_wconf 80' lang='lat' dir='ltr'><strong>Multifariam</strong></span> <span class='ocrx_word' id='word_1_602' title='bbox 731 4431 1027 4501; x_wconf 88' lang='lat' dir='ltr'><strong>multisque</strong></span> <span class='ocrx_word' id='word_1_603' title='bbox 1061 4429 1191 4484; x_wconf 89' lang='lat' dir='ltr'><strong>olim</strong></span> <span class='ocrx_word' id='word_1_604' title='bbox 1231 4429 1374 4484; x_wconf 86' lang='lat' dir='ltr'><strong>Deus</strong></span> <span class='ocrx_word' id='word_1_605' title='bbox 1407 4427 1638 4500; x_wconf 81' lang='lat' dir='ltr'><strong>loquens</strong></span> <span class='ocrx_word' id='word_1_606' title='bbox 1677 4443 1774 4499; x_wconf 85' lang='lat' dir='ltr'><strong>pa-</strong></span> 
     </span>
    </p>
   </div>
   <div class='ocr_carea' id='block_1_81' title="bbox 191 4518 1772 4595">
    <p class='ocr_par' dir='ltr' id='par_1_81' title="bbox 191 4518 1772 4595">
     <span class='ocr_line' id='line_1_81' title="bbox 191 4518 1772 4595; baseline -0.001 -19"><span class='ocrx_word' id='word_1_607' title='bbox 191 4544 216 4576; x_wconf 70' lang='grc' dir='ltr'><strong>ι</strong></span> <span class='ocrx_word' id='word_1_608' title='bbox 266 4524 447 4579; x_wconf 86' lang='lat' dir='ltr'><strong>tribus</strong></span> <span class='ocrx_word' id='word_1_609' title='bbox 479 4524 535 4578; x_wconf 89' lang='lat' dir='ltr'><strong>in</strong></span> <span class='ocrx_word' id='word_1_610' title='bbox 577 4523 893 4595; x_wconf 88' lang='lat' dir='ltr'><strong>prophetis,</strong></span> <span class='ocrx_word' id='word_1_611' title='bbox 940 4519 1236 4576; x_wconf 85' lang='lat' dir='ltr'><strong>novissime</strong></span> <span class='ocrx_word' id='word_1_612' title='bbox 1284 4519 1387 4593; x_wconf 90' lang='lat' dir='ltr'><strong>[in]</strong></span> <span class='ocrx_word' id='word_1_613' title='bbox 1430 4520 1624 4575; x_wconf 89' lang='lat' dir='ltr'><strong>diebus</strong></span> <span class='ocrx_word' id='word_1_614' title='bbox 1651 4518 1772 4574; x_wconf 91' lang='lat' dir='ltr'><strong>istis</strong></span> 
     </span>
    </p>
   </div>
   <div class='ocr_carea' id='block_1_82' title="bbox 194 4610 1770 4682">
    <p class='ocr_par' dir='ltr' id='par_1_82' title="bbox 194 4610 1770 4682">
     <span class='ocr_line' id='line_1_82' title="bbox 194 4610 1770 4682; baseline -0.001 -16"><span class='ocrx_word' id='word_1_615' title='bbox 194 4634 215 4666; x_wconf 82' lang='grc' dir='ltr'><strong>ι</strong></span> <span class='ocrx_word' id='word_1_616' title='bbox 259 4617 482 4670; x_wconf 87' lang='lat' dir='ltr'><strong>locutus</strong></span> <span class='ocrx_word' id='word_1_617' title='bbox 511 4623 595 4670; x_wconf 92' lang='lat' dir='ltr'><strong>est</strong></span> <span class='ocrx_word' id='word_1_618' title='bbox 619 4614 778 4669; x_wconf 90' lang='lat' dir='ltr'><strong>nobis</strong></span> <span class='ocrx_word' id='word_1_619' title='bbox 804 4614 859 4668; x_wconf 92' lang='lat' dir='ltr'><strong>in</strong></span> <span class='ocrx_word' id='word_1_620' title='bbox 882 4611 1023 4668; x_wconf 89' lang='lat' dir='ltr'><strong>Filio</strong></span> <span class='ocrx_word' id='word_1_621' title='bbox 1047 4653 1063 4680; x_wconf 92' lang='lat'><strong>,</strong></span> <span class='ocrx_word' id='word_1_622' title='bbox 1093 4627 1256 4682; x_wconf 91' lang='lat' dir='ltr'><strong>quem</strong></span> <span class='ocrx_word' id='word_1_623' title='bbox 1288 4611 1573 4667; x_wconf 90' lang='lat' dir='ltr'><strong>constituit</strong></span> <span class='ocrx_word' id='word_1_624' title='bbox 1595 4610 1770 4665; x_wconf 68' lang='lat' dir='ltr'><strong>haere-</strong></span> 
     </span>
    </p>
   </div>
   <div class='ocr_carea' id='block_1_83' title="bbox 190 4700 1770 4776">
    <p class='ocr_par' dir='ltr' id='par_1_83' title="bbox 190 4700 1770 4776">
     <span class='ocr_line' id='line_1_83' title="bbox 190 4700 1770 4776; baseline -0.003 -16"><span class='ocrx_word' id='word_1_625' title='bbox 190 4727 213 4760; x_wconf 72' lang='grc' dir='ltr'><strong>ι</strong></span> <span class='ocrx_word' id='word_1_626' title='bbox 261 4709 389 4762; x_wconf 91' lang='lat' dir='ltr'><strong>dem</strong></span> <span class='ocrx_word' id='word_1_627' title='bbox 413 4708 798 4762; x_wconf 85' lang='lat' dir='ltr'><strong>universorum</strong></span> <span class='ocrx_word' id='word_1_628' title='bbox 821 4747 836 4773; x_wconf 90' lang='lat'><strong>,</strong></span> <span class='ocrx_word' id='word_1_629' title='bbox 870 4721 967 4776; x_wconf 90' lang='lat' dir='ltr'><strong>per</strong></span> <span class='ocrx_word' id='word_1_630' title='bbox 993 4719 1156 4775; x_wconf 92' lang='lat' dir='ltr'><strong>quem</strong></span> <span class='ocrx_word' id='word_1_631' title='bbox 1180 4702 1306 4758; x_wconf 88' lang='lat' dir='ltr'><strong>fecit</strong></span> <span class='ocrx_word' id='word_1_632' title='bbox 1337 4711 1391 4757; x_wconf 90' lang='lat' dir='ltr'><strong>et</strong></span> <span class='ocrx_word' id='word_1_633' title='bbox 1421 4702 1639 4758; x_wconf 69' lang='lat' dir='ltr'><strong>saecula.</strong></span> <span class='ocrx_word' id='word_1_634' title='bbox 1666 4700 1770 4766; x_wconf 87' lang='lat' dir='ltr'><strong>Qui</strong></span> 
     </span>
    </p>
   </div>
   <div class='ocr_carea' id='block_1_84' title="bbox 188 4789 1768 4867">
    <p class='ocr_par' dir='ltr' id='par_1_84' title="bbox 188 4789 1768 4867">
     <span class='ocr_line' id='line_1_84' title="bbox 188 4789 1768 4867; baseline -0.005 -16"><span class='ocrx_word' id='word_1_635' title='bbox 188 4818 213 4851; x_wconf 70' lang='grc' dir='ltr'><strong>ι</strong></span> <span class='ocrx_word' id='word_1_636' title='bbox 257 4813 388 4853; x_wconf 88' lang='lat' dir='ltr'><strong>cum</strong></span> <span class='ocrx_word' id='word_1_637' title='bbox 419 4797 493 4852; x_wconf 92' lang='lat' dir='ltr'><strong>sit</strong></span> <span class='ocrx_word' id='word_1_638' title='bbox 517 4796 774 4867; x_wconf 89' lang='lat' dir='ltr'><strong>splendor</strong></span> <span class='ocrx_word' id='word_1_639' title='bbox 795 4795 1049 4867; x_wconf 56' lang='grc' dir='ltr'><strong>εισι-ἰατά</strong></span> <span class='ocrx_word' id='word_1_640' title='bbox 1073 4795 1246 4864; x_wconf 87' lang='lat' dir='ltr'><strong>ligura</strong></span> <span class='ocrx_word' id='word_1_641' title='bbox 1270 4789 1596 4846; x_wconf 73' lang='lat' dir='ltr'><strong>substantia:</strong></span> <span class='ocrx_word' id='word_1_642' title='bbox 1627 4790 1768 4858; x_wconf 62' lang='lat' dir='ltr'><strong>ejus,</strong></span> 
     </span>
    </p>
   </div>
   <div class='ocr_carea' id='block_1_85' title="bbox 192 4880 1769 4960">
    <p class='ocr_par' dir='ltr' id='par_1_85' title="bbox 192 4880 1769 4960">
     <span class='ocr_line' id='line_1_85' title="bbox 192 4880 1769 4960; baseline -0.006 -17"><span class='ocrx_word' id='word_1_643' title='bbox 192 4908 213 4943; x_wconf 89' lang='grc' dir='ltr'><strong>ι</strong></span> <span class='ocrx_word' id='word_1_644' title='bbox 259 4897 600 4960; x_wconf 89' lang='lat' dir='ltr'><strong>portansque</strong></span> <span class='ocrx_word' id='word_1_645' title='bbox 627 4886 812 4941; x_wconf 90' lang='lat' dir='ltr'><strong>omnia</strong></span> <span class='ocrx_word' id='word_1_646' title='bbox 849 4885 1017 4940; x_wconf 85' lang='lat' dir='ltr'><strong>verbo</strong></span> <span class='ocrx_word' id='word_1_647' title='bbox 1039 4883 1258 4939; x_wconf 90' lang='lat' dir='ltr'><strong>virtutis</strong></span> <span class='ocrx_word' id='word_1_648' title='bbox 1304 4897 1453 4947; x_wconf 66' lang='lat' dir='ltr'><strong>suae,</strong></span> <span class='ocrx_word' id='word_1_649' title='bbox 1488 4880 1769 4951; x_wconf 85' lang='lat' dir='ltr'><strong>purgatio-</strong></span> 
     </span>
    </p>
   </div>
   <div class='ocr_carea' id='block_1_86' title="bbox 191 4971 1768 5050">
    <p class='ocr_par' dir='ltr' id='par_1_86' title="bbox 191 4971 1768 5050">
     <span class='ocr_line' id='line_1_86' title="bbox 191 4971 1768 5050; baseline -0.005 -16"><span class='ocrx_word' id='word_1_650' title='bbox 191 5001 212 5034; x_wconf 78' lang='grc' dir='ltr'><strong>ι</strong></span> <span class='ocrx_word' id='word_1_651' title='bbox 255 4997 386 5037; x_wconf 89' lang='lat' dir='ltr'><strong>nem</strong></span> <span class='ocrx_word' id='word_1_652' title='bbox 422 4987 768 5050; x_wconf 79' lang='lat' dir='ltr'><strong>peccatorum</strong></span> <span class='ocrx_word' id='word_1_653' title='bbox 801 4977 1038 5043; x_wconf 79' lang='lat' dir='ltr'><strong>faciens,</strong></span> <span class='ocrx_word' id='word_1_654' title='bbox 1067 4975 1216 5030; x_wconf 88' lang='lat' dir='ltr'><strong>sedet</strong></span> <span class='ocrx_word' id='word_1_655' title='bbox 1247 4974 1313 5028; x_wconf 89' lang='lat' dir='ltr'><strong>ad</strong></span> <span class='ocrx_word' id='word_1_656' title='bbox 1337 4971 1615 5028; x_wconf 74' lang='lat' dir='ltr'><strong>dexteram</strong></span> <span class='ocrx_word' id='word_1_657' title='bbox 1648 4987 1768 5026; x_wconf 89' lang='lat' dir='ltr'><strong>ma-</strong></span> 
     </span>
    </p>
   </div>
   <div class='ocr_carea' id='block_1_87' title="bbox 187 5063 1766 5144">
    <p class='ocr_par' dir='ltr' id='par_1_87' title="bbox 187 5063 1766 5144">
     <span class='ocr_line' id='line_1_87' title="bbox 187 5063 1766 5144; baseline -0.005 -18"><span class='ocrx_word' id='word_1_658' title='bbox 187 5093 210 5126; x_wconf 77' lang='grc' dir='ltr'><strong>ι</strong></span> <span class='ocrx_word' id='word_1_659' title='bbox 251 5073 475 5144; x_wconf 86' lang='lat' dir='ltr'><strong>jestatis</strong></span> <span class='ocrx_word' id='word_1_660' title='bbox 496 5074 555 5127; x_wconf 87' lang='lat' dir='ltr'><strong>in</strong></span> <span class='ocrx_word' id='word_1_661' title='bbox 593 5071 851 5136; x_wconf 83' lang='lat' dir='ltr'><strong>excelsis,</strong></span> <span class='ocrx_word' id='word_1_662' title='bbox 881 5076 1036 5124; x_wconf 89' lang='lat' dir='ltr'><strong>tanto</strong></span> <span class='ocrx_word' id='word_1_663' title='bbox 1066 5068 1255 5123; x_wconf 89' lang='lat' dir='ltr'><strong>melior</strong></span> <span class='ocrx_word' id='word_1_664' title='bbox 1285 5065 1492 5137; x_wconf 84' lang='lat' dir='ltr'><strong>angelis</strong></span> <span class='ocrx_word' id='word_1_665' title='bbox 1513 5063 1766 5131; x_wconf 78' lang='lat' dir='ltr'><strong>effectus,</strong></span> 
     </span>
    </p>
   </div>
   <div class='ocr_carea' id='block_1_88' title="bbox 187 5156 1764 5236">
    <p class='ocr_par' dir='ltr' id='par_1_88' title="bbox 187 5156 1764 5236">
     <span class='ocr_line' id='line_1_88' title="bbox 187 5156 1764 5236; baseline -0.005 -16"><span class='ocrx_word' id='word_1_666' title='bbox 187 5185 210 5220; x_wconf 81' lang='grc' dir='ltr'><strong>ι</strong></span> <span class='ocrx_word' id='word_1_667' title='bbox 255 5176 470 5236; x_wconf 85' lang='lat' dir='ltr'><strong>quanto</strong></span> <span class='ocrx_word' id='word_1_668' title='bbox 510 5162 848 5218; x_wconf 74' lang='lat' dir='ltr'><strong>diﬂerentius</strong></span> <span class='ocrx_word' id='word_1_669' title='bbox 881 5177 992 5232; x_wconf 69' lang='lat' dir='ltr'><strong>prae</strong></span> <span class='ocrx_word' id='word_1_670' title='bbox 1037 5159 1146 5215; x_wconf 91' lang='lat' dir='ltr'><strong>illis</strong></span> <span class='ocrx_word' id='word_1_671' title='bbox 1178 5173 1379 5214; x_wconf 89' lang='lat' dir='ltr'><strong>nomen</strong></span> <span class='ocrx_word' id='word_1_672' title='bbox 1409 5156 1764 5212; x_wconf 67' lang='lat' dir='ltr'><strong>haereditavit.</strong></span> 
     </span>
    </p>
   </div>
   <div class='ocr_carea' id='block_1_89' title="bbox 99 5249 1768 5324">
    <p class='ocr_par' dir='ltr' id='par_1_89' title="bbox 99 5249 1768 5324">
     <span class='ocr_line' id='line_1_89' title="bbox 99 5249 1768 5324; baseline -0.003 -14"><span class='ocrx_word' id='word_1_673' title='bbox 99 5251 106 5259; x_wconf 76' lang='grc'><strong><em>“</em></strong></span> <span class='ocrx_word' id='word_1_674' title='bbox 187 5276 208 5310; x_wconf 81' lang='grc' dir='ltr'><strong>ι</strong></span> <span class='ocrx_word' id='word_1_675' title='bbox 253 5257 361 5314; x_wconf 91' lang='lat' dir='ltr'><strong>Cui</strong></span> <span class='ocrx_word' id='word_1_676' title='bbox 387 5255 536 5311; x_wconf 90' lang='lat' dir='ltr'><strong>enim</strong></span> <span class='ocrx_word' id='word_1_677' title='bbox 559 5253 697 5310; x_wconf 75' lang='lat' dir='ltr'><strong>dixit</strong></span> <span class='ocrx_word' id='word_1_678' title='bbox 717 5251 1008 5323; x_wconf 87' lang='lat' dir='ltr'><strong>aliquando</strong></span> <span class='ocrx_word' id='word_1_679' title='bbox 1029 5253 1343 5324; x_wconf 88' lang='lat' dir='ltr'><strong>angelorum</strong></span> <span class='ocrx_word' id='word_1_680' title='bbox 1371 5269 1384 5304; x_wconf 89' lang='lat'><strong>:</strong></span> <span class='ocrx_word' id='word_1_681' title='bbox 1422 5249 1592 5305; x_wconf 86' lang='lat' dir='ltr'><strong>Filius</strong></span> <span class='ocrx_word' id='word_1_682' title='bbox 1613 5264 1768 5305; x_wconf 90' lang='lat' dir='ltr'><strong>meus</strong></span> 
     </span>
    </p>
   </div>
   <div class='ocr_carea' id='block_1_90' title="bbox 186 5340 1767 5419">
    <p class='ocr_par' dir='ltr' id='par_1_90' title="bbox 186 5340 1767 5419">
     <span class='ocr_line' id='line_1_90' title="bbox 186 5340 1767 5419; baseline -0.005 -14"><span class='ocrx_word' id='word_1_683' title='bbox 186 5369 206 5404; x_wconf 84' lang='grc' dir='ltr'><strong>ι</strong></span> <span class='ocrx_word' id='word_1_684' title='bbox 251 5365 316 5405; x_wconf 90' lang='lat' dir='ltr'><strong>es</strong></span> <span class='ocrx_word' id='word_1_685' title='bbox 343 5357 437 5415; x_wconf 92' lang='lat' dir='ltr'><strong>tu,</strong></span> <span class='ocrx_word' id='word_1_686' title='bbox 485 5363 587 5419; x_wconf 85' lang='lat' dir='ltr'><strong>ego</strong></span> <span class='ocrx_word' id='word_1_687' title='bbox 617 5345 778 5402; x_wconf 91' lang='lat' dir='ltr'><strong>hodie</strong></span> <span class='ocrx_word' id='word_1_688' title='bbox 820 5343 981 5415; x_wconf 88' lang='lat' dir='ltr'><strong>genui</strong></span> <span class='ocrx_word' id='word_1_689' title='bbox 1038 5352 1120 5411; x_wconf 86' lang='lat' dir='ltr'><strong>te;</strong></span> <span class='ocrx_word' id='word_1_690' title='bbox 1147 5354 1200 5400; x_wconf 90' lang='lat' dir='ltr'><strong>et</strong></span> <span class='ocrx_word' id='word_1_691' title='bbox 1232 5357 1452 5398; x_wconf 89' lang='lat' dir='ltr'><strong>rursum</strong></span> <span class='ocrx_word' id='word_1_692' title='bbox 1478 5362 1495 5397; x_wconf 86' lang='lat'><strong><em>:</em></strong></span> <span class='ocrx_word' id='word_1_693' title='bbox 1522 5340 1638 5414; x_wconf 86' lang='lat' dir='ltr'><strong>Ego</strong></span> <span class='ocrx_word' id='word_1_694' title='bbox 1672 5355 1767 5397; x_wconf 90' lang='lat' dir='ltr'><strong>ero</strong></span> 
     </span>
    </p>
   </div>
   <div class='ocr_carea' id='block_1_91' title="bbox 186 5431 1765 5506">
    <p class='ocr_par' dir='ltr' id='par_1_91' title="bbox 186 5431 1765 5506">
     <span class='ocr_line' id='line_1_91' title="bbox 186 5431 1765 5506; baseline -0.004 -14"><span class='ocrx_word' id='word_1_695' title='bbox 186 5458 206 5492; x_wconf 82' lang='grc' dir='ltr'><strong>ι</strong></span> <span class='ocrx_word' id='word_1_696' title='bbox 253 5441 335 5494; x_wconf 88' lang='lat' dir='ltr'><strong>illi</strong></span> <span class='ocrx_word' id='word_1_697' title='bbox 367 5439 426 5493; x_wconf 90' lang='lat' dir='ltr'><strong>in</strong></span> <span class='ocrx_word' id='word_1_698' title='bbox 447 5437 663 5493; x_wconf 81' lang='lat' dir='ltr'><strong>Patrem</strong></span> <span class='ocrx_word' id='word_1_699' title='bbox 681 5479 694 5503; x_wconf 85' lang='lat'><strong>,</strong></span> <span class='ocrx_word' id='word_1_700' title='bbox 727 5446 780 5492; x_wconf 92' lang='lat' dir='ltr'><strong>et</strong></span> <span class='ocrx_word' id='word_1_701' title='bbox 805 5435 922 5506; x_wconf 86' lang='lat' dir='ltr'><strong>ipse</strong></span> <span class='ocrx_word' id='word_1_702' title='bbox 939 5434 1042 5489; x_wconf 91' lang='lat' dir='ltr'><strong>erit</strong></span> <span class='ocrx_word' id='word_1_703' title='bbox 1061 5435 1194 5489; x_wconf 91' lang='lat' dir='ltr'><strong>mihi</strong></span> <span class='ocrx_word' id='word_1_704' title='bbox 1220 5436 1275 5490; x_wconf 92' lang='lat' dir='ltr'><strong>in</strong></span> <span class='ocrx_word' id='word_1_705' title='bbox 1304 5433 1523 5490; x_wconf 88' lang='lat' dir='ltr'><strong>Filium.</strong></span> <span class='ocrx_word' id='word_1_706' title='bbox 1550 5431 1616 5488; x_wconf 88' lang='lat' dir='ltr'><strong>Et</strong></span> <span class='ocrx_word' id='word_1_707' title='bbox 1640 5446 1765 5488; x_wconf 89' lang='lat' dir='ltr'><strong>eum</strong></span> 
     </span>
    </p>
   </div>
   <div class='ocr_carea' id='block_1_92' title="bbox 184 5521 1762 5596">
    <p class='ocr_par' dir='ltr' id='par_1_92' title="bbox 184 5521 1762 5596">
     <span class='ocr_line' id='line_1_92' title="bbox 184 5521 1762 5596; baseline -0.004 -13"><span class='ocrx_word' id='word_1_708' title='bbox 184 5549 206 5583; x_wconf 82' lang='grc' dir='ltr'><strong>ι</strong></span> <span class='ocrx_word' id='word_1_709' title='bbox 252 5531 458 5586; x_wconf 88' lang='lat' dir='ltr'><strong>iterum</strong></span> <span class='ocrx_word' id='word_1_710' title='bbox 495 5525 791 5582; x_wconf 89' lang='lat' dir='ltr'><strong>introducit</strong></span> <span class='ocrx_word' id='word_1_711' title='bbox 818 5521 1249 5596; x_wconf 86' lang='lat' dir='ltr'><strong>Primogenitum</strong></span> <span class='ocrx_word' id='word_1_712' title='bbox 1277 5525 1332 5579; x_wconf 89' lang='lat' dir='ltr'><strong>in</strong></span> <span class='ocrx_word' id='word_1_713' title='bbox 1361 5523 1551 5580; x_wconf 89' lang='lat' dir='ltr'><strong>orbem</strong></span> <span class='ocrx_word' id='word_1_714' title='bbox 1581 5531 1762 5588; x_wconf 84' lang='lat' dir='ltr'><strong>terrae,</strong></span> 
     </span>
    </p>
   </div>
   <div class='ocr_carea' id='block_1_93' title="bbox 186 5613 1764 5688">
    <p class='ocr_par' dir='ltr' id='par_1_93' title="bbox 186 5613 1764 5688">
     <span class='ocr_line' id='line_1_93' title="bbox 186 5613 1764 5688; baseline -0.004 -13"><span class='ocrx_word' id='word_1_715' title='bbox 186 5643 208 5675; x_wconf 83' lang='grc' dir='ltr'><strong>ι</strong></span> <span class='ocrx_word' id='word_1_716' title='bbox 253 5624 388 5682; x_wconf 90' lang='lat' dir='ltr'><strong>dicit</strong></span> <span class='ocrx_word' id='word_1_717' title='bbox 413 5641 428 5679; x_wconf 89' lang='lat'><strong>:</strong></span> <span class='ocrx_word' id='word_1_718' title='bbox 453 5621 520 5676; x_wconf 84' lang='lat' dir='ltr'><strong>Et</strong></span> <span class='ocrx_word' id='word_1_719' title='bbox 567 5622 794 5676; x_wconf 90' lang='lat' dir='ltr'><strong>adorent</strong></span> <span class='ocrx_word' id='word_1_720' title='bbox 832 5634 958 5674; x_wconf 91' lang='lat' dir='ltr'><strong>eum</strong></span> <span class='ocrx_word' id='word_1_721' title='bbox 998 5631 1190 5671; x_wconf 89' lang='lat' dir='ltr'><strong>omnes</strong></span> <span class='ocrx_word' id='word_1_722' title='bbox 1235 5617 1408 5688; x_wconf 84' lang='lat' dir='ltr'><strong>angeli</strong></span> <span class='ocrx_word' id='word_1_723' title='bbox 1448 5616 1564 5672; x_wconf 91' lang='lat' dir='ltr'><strong>Dei.</strong></span> <span class='ocrx_word' id='word_1_724' title='bbox 1591 5614 1656 5670; x_wconf 87' lang='lat' dir='ltr'><strong>Et</strong></span> <span class='ocrx_word' id='word_1_725' title='bbox 1695 5613 1764 5669; x_wconf 87' lang='lat' dir='ltr'><strong>ad</strong></span> 
     </span>
    </p>
   </div>
   <div class='ocr_carea' id='block_1_94' title="bbox 187 5708 1762 5788">
    <p class='ocr_par' dir='ltr' id='par_1_94' title="bbox 187 5708 1762 5788">
     <span class='ocr_line' id='line_1_94' title="bbox 187 5708 1762 5788; baseline -0.004 -16"><span class='ocrx_word' id='word_1_726' title='bbox 187 5736 198 5752; x_wconf 43' lang='grc' dir='ltr'><strong>ι</strong></span> <span class='ocrx_word' id='word_1_727' title='bbox 251 5715 480 5788; x_wconf 86' lang='lat' dir='ltr'><strong>angelos</strong></span> <span class='ocrx_word' id='word_1_728' title='bbox 503 5713 724 5784; x_wconf 88' lang='lat' dir='ltr'><strong>quidem</strong></span> <span class='ocrx_word' id='word_1_729' title='bbox 753 5711 920 5768; x_wconf 89' lang='lat' dir='ltr'><strong>dicit:</strong></span> <span class='ocrx_word' id='word_1_730' title='bbox 947 5709 1051 5775; x_wconf 91' lang='lat' dir='ltr'><strong>Qui</strong></span> <span class='ocrx_word' id='word_1_731' title='bbox 1082 5708 1213 5775; x_wconf 88' lang='lat' dir='ltr'><strong>facit</strong></span> <span class='ocrx_word' id='word_1_732' title='bbox 1237 5710 1458 5777; x_wconf 67' lang='lat' dir='ltr'><strong>angelos</strong></span> <span class='ocrx_word' id='word_1_733' title='bbox 1489 5726 1623 5768; x_wconf 90' lang='lat' dir='ltr'><strong>suos</strong></span> <span class='ocrx_word' id='word_1_734' title='bbox 1649 5711 1762 5780; x_wconf 79' lang='lat' dir='ltr'><strong>Spi-</strong></span> 
     </span>
    </p>
   </div>
   <div class='ocr_carea' id='block_1_95' title="bbox 504 5802 1022 5866">
    <p class='ocr_par' dir='ltr' id='par_1_95' title="bbox 504 5802 1022 5866">
     <span class='ocr_line' id='line_1_95' title="bbox 504 5802 1022 5866; baseline -0.01 0"><span class='ocrx_word' id='word_1_735' title='bbox 504 5807 780 5866; x_wconf 75' lang='lat' dir='ltr'><strong>PnnoL.</strong></span> <span class='ocrx_word' id='word_1_736' title='bbox 814 5802 1022 5863; x_wconf 77' lang='lat' dir='ltr'><strong>CLIII.</strong></span> 
     </span>
    </p>
   </div>
   <div class='ocr_carea' id='block_1_96' title="bbox 1804 4327 3450 4412">
    <p class='ocr_par' dir='ltr' id='par_1_96' title="bbox 1804 4327 3450 4412">
     <span class='ocr_line' id='line_1_96' title="bbox 1804 4327 3450 4412; baseline 0.003 -23"><span class='ocrx_word' id='word_1_737' title='bbox 1804 4339 1856 4402; x_wconf 84' lang='grc' dir='ltr'>ι)</span> <span class='ocrx_word' id='word_1_738' title='bbox 1881 4356 1903 4389; x_wconf 89' lang='grc' dir='ltr'><strong>ι</strong></span> <span class='ocrx_word' id='word_1_739' title='bbox 1949 4338 2090 4393; x_wconf 90' lang='lat' dir='ltr'><strong>ritus</strong></span> <span class='ocrx_word' id='word_1_740' title='bbox 2116 4379 2132 4404; x_wconf 91' lang='lat'><strong>,</strong></span> <span class='ocrx_word' id='word_1_741' title='bbox 2175 4327 2236 4392; x_wconf 86' lang='lat' dir='ltr'><strong>et</strong></span> <span class='ocrx_word' id='word_1_742' title='bbox 2259 4337 2542 4393; x_wconf 88' lang='lat' dir='ltr'><strong>ministros</strong></span> <span class='ocrx_word' id='word_1_743' title='bbox 2591 4353 2722 4394; x_wconf 90' lang='lat' dir='ltr'><strong>suos</strong></span> <span class='ocrx_word' id='word_1_744' title='bbox 2753 4337 3027 4395; x_wconf 81' lang='lat' dir='ltr'><strong>ﬂammam</strong></span> <span class='ocrx_word' id='word_1_745' title='bbox 3059 4338 3221 4412; x_wconf 88' lang='lat' dir='ltr'><strong>ignis.</strong></span> <span class='ocrx_word' id='word_1_746' title='bbox 3247 4340 3329 4396; x_wconf 76' lang='lat' dir='ltr'><strong>Ad</strong></span> <span class='ocrx_word' id='word_1_747' title='bbox 3360 4339 3450 4394; x_wconf 87' lang='lat' dir='ltr'><strong>Fi-</strong></span> 
     </span>
    </p>
   </div>
   <div class='ocr_carea' id='block_1_97' title="bbox 1878 4426 3451 4488">
    <p class='ocr_par' dir='ltr' id='par_1_97' title="bbox 1878 4426 3451 4488">
     <span class='ocr_line' id='line_1_97' title="bbox 1878 4426 3451 4488; baseline 0.006 -9"><span class='ocrx_word' id='word_1_748' title='bbox 1878 4445 1900 4479; x_wconf 79' lang='grc' dir='ltr'><strong>ι</strong></span> <span class='ocrx_word' id='word_1_749' title='bbox 1943 4427 2079 4482; x_wconf 92' lang='lat' dir='ltr'><strong>lium</strong></span> <span class='ocrx_word' id='word_1_750' title='bbox 2103 4435 2286 4483; x_wconf 87' lang='lat' dir='ltr'><strong>autem</strong></span> <span class='ocrx_word' id='word_1_751' title='bbox 2312 4445 2325 4482; x_wconf 91' lang='lat'>:</span> <span class='ocrx_word' id='word_1_752' title='bbox 2350 4426 2608 4484; x_wconf 84' lang='lat' dir='ltr'><strong>Thronus</strong></span> <span class='ocrx_word' id='word_1_753' title='bbox 2635 4437 2763 4485; x_wconf 88' lang='lat' dir='ltr'><strong>tuus</strong></span> <span class='ocrx_word' id='word_1_754' title='bbox 2792 4427 2936 4486; x_wconf 91' lang='lat' dir='ltr'><strong>Deus</strong></span> <span class='ocrx_word' id='word_1_755' title='bbox 2973 4430 3027 4484; x_wconf 94' lang='lat' dir='ltr'><strong>in</strong></span> <span class='ocrx_word' id='word_1_756' title='bbox 3059 4432 3317 4486; x_wconf 67' lang='lat' dir='ltr'><strong>saeculum</strong></span> <span class='ocrx_word' id='word_1_757' title='bbox 3347 4448 3451 4488; x_wconf 81' lang='lat' dir='ltr'><strong>sa:-</strong></span> 
     </span>
    </p>
   </div>
   <div class='ocr_carea' id='block_1_98' title="bbox 1880 4518 3447 4594">
    <p class='ocr_par' dir='ltr' id='par_1_98' title="bbox 1880 4518 3447 4594">
     <span class='ocr_line' id='line_1_98' title="bbox 1880 4518 3447 4594; baseline 0.004 -23"><span class='ocrx_word' id='word_1_758' title='bbox 1880 4537 1899 4570; x_wconf 91' lang='grc' dir='ltr'><strong>ι</strong></span> <span class='ocrx_word' id='word_1_759' title='bbox 1943 4518 2082 4585; x_wconf 92' lang='lat' dir='ltr'><strong>culi,</strong></span> <span class='ocrx_word' id='word_1_760' title='bbox 2113 4526 2168 4573; x_wconf 91' lang='lat' dir='ltr'><strong>et</strong></span> <span class='ocrx_word' id='word_1_761' title='bbox 2196 4518 2349 4589; x_wconf 87' lang='lat' dir='ltr'><strong>virga</strong></span> <span class='ocrx_word' id='word_1_762' title='bbox 2395 4518 2668 4590; x_wconf 77' lang='lat' dir='ltr'><strong>:equitatis</strong></span> <span class='ocrx_word' id='word_1_763' title='bbox 2713 4519 2864 4592; x_wconf 88' lang='lat' dir='ltr'><strong>virga</strong></span> <span class='ocrx_word' id='word_1_764' title='bbox 2895 4522 3046 4594; x_wconf 89' lang='lat' dir='ltr'><strong>regni</strong></span> <span class='ocrx_word' id='word_1_765' title='bbox 3075 4523 3174 4578; x_wconf 90' lang='lat' dir='ltr'><strong>tui.</strong></span> <span class='ocrx_word' id='word_1_766' title='bbox 3206 4521 3447 4578; x_wconf 74' lang='lat' dir='ltr'><strong>Dilexisti</strong></span> 
     </span>
    </p>
   </div>
   <div class='ocr_carea' id='block_1_99' title="bbox 1879 4607 3448 4681">
    <p class='ocr_par' dir='ltr' id='par_1_99' title="bbox 1879 4607 3448 4681">
     <span class='ocr_line' id='line_1_99' title="bbox 1879 4607 3448 4681; baseline 0.004 -22"><span class='ocrx_word' id='word_1_767' title='bbox 1879 4626 1898 4659; x_wconf 87' lang='grc' dir='ltr'><strong>ι</strong></span> <span class='ocrx_word' id='word_1_768' title='bbox 1939 4608 2209 4678; x_wconf 85' lang='lat' dir='ltr'><strong>justitiam</strong></span> <span class='ocrx_word' id='word_1_769' title='bbox 2231 4617 2288 4664; x_wconf 92' lang='lat' dir='ltr'><strong>et</strong></span> <span class='ocrx_word' id='word_1_770' title='bbox 2311 4607 2475 4663; x_wconf 91' lang='lat' dir='ltr'><strong>odisti</strong></span> <span class='ocrx_word' id='word_1_771' title='bbox 2502 4609 2874 4679; x_wconf 86' lang='lat' dir='ltr'><strong>iniquitatem,</strong></span> <span class='ocrx_word' id='word_1_772' title='bbox 2906 4621 3188 4681; x_wconf 90' lang='lat' dir='ltr'><strong>propterea</strong></span> <span class='ocrx_word' id='word_1_773' title='bbox 3221 4612 3374 4667; x_wconf 85' lang='lat' dir='ltr'><strong>unxit</strong></span> <span class='ocrx_word' id='word_1_774' title='bbox 3399 4623 3448 4666; x_wconf 90' lang='lat' dir='ltr'><strong>te</strong></span> 
     </span>
    </p>
   </div>
   <div class='ocr_carea' id='block_1_100' title="bbox 1879 4698 3448 4774">
    <p class='ocr_par' dir='ltr' id='par_1_100' title="bbox 1879 4698 3448 4774">
     <span class='ocr_line' id='line_1_100' title="bbox 1879 4698 3448 4774; baseline 0.005 -23"><span class='ocrx_word' id='word_1_775' title='bbox 1879 4718 1898 4751; x_wconf 91' lang='grc' dir='ltr'><strong>ι</strong></span> <span class='ocrx_word' id='word_1_776' title='bbox 1944 4698 2088 4754; x_wconf 90' lang='lat' dir='ltr'><strong>Deus</strong></span> <span class='ocrx_word' id='word_1_777' title='bbox 2115 4709 2244 4754; x_wconf 91' lang='lat' dir='ltr'><strong>tuus</strong></span> <span class='ocrx_word' id='word_1_778' title='bbox 2287 4699 2410 4755; x_wconf 89' lang='lat' dir='ltr'><strong>oleo</strong></span> <span class='ocrx_word' id='word_1_779' title='bbox 2439 4699 2823 4755; x_wconf 83' lang='lat' dir='ltr'><strong>exsultationis</strong></span> <span class='ocrx_word' id='word_1_780' title='bbox 2858 4700 3104 4774; x_wconf 58' lang='lat' dir='ltr'><strong>[laetitiae]</strong></span> <span class='ocrx_word' id='word_1_781' title='bbox 3133 4719 3243 4772; x_wconf 70' lang='lat' dir='ltr'><strong>prae</strong></span> <span class='ocrx_word' id='word_1_782' title='bbox 3280 4705 3448 4774; x_wconf 89' lang='lat' dir='ltr'><strong>parti-</strong></span> 
     </span>
    </p>
   </div>
   <div class='ocr_carea' id='block_1_101' title="bbox 1877 4790 3444 4862">
    <p class='ocr_par' dir='ltr' id='par_1_101' title="bbox 1877 4790 3444 4862">
     <span class='ocr_line' id='line_1_101' title="bbox 1877 4790 3444 4862; baseline 0.006 -20"><span class='ocrx_word' id='word_1_783' title='bbox 1877 4809 1896 4842; x_wconf 88' lang='grc' dir='ltr'><strong>ι</strong></span> <span class='ocrx_word' id='word_1_784' title='bbox 1943 4791 2154 4861; x_wconf 84' lang='lat' dir='ltr'><strong>cipibus</strong></span> <span class='ocrx_word' id='word_1_785' title='bbox 2185 4790 2316 4858; x_wconf 92' lang='lat' dir='ltr'><strong>tuis,</strong></span> <span class='ocrx_word' id='word_1_786' title='bbox 2341 4798 2396 4846; x_wconf 87' lang='lat' dir='ltr'><strong>et</strong></span> <span class='ocrx_word' id='word_1_787' title='bbox 2423 4801 2481 4846; x_wconf 93' lang='lat' dir='ltr'><strong>tu</strong></span> <span class='ocrx_word' id='word_1_788' title='bbox 2512 4791 2566 4846; x_wconf 90' lang='lat' dir='ltr'><strong>in</strong></span> <span class='ocrx_word' id='word_1_789' title='bbox 2607 4791 2878 4862; x_wconf 85' lang='lat' dir='ltr'><strong>principio</strong></span> <span class='ocrx_word' id='word_1_790' title='bbox 2897 4835 2912 4858; x_wconf 92' lang='lat'><strong>,</strong></span> <span class='ocrx_word' id='word_1_791' title='bbox 2947 4791 3201 4860; x_wconf 92' lang='lat' dir='ltr'><strong>Domine,</strong></span> <span class='ocrx_word' id='word_1_792' title='bbox 3246 4803 3444 4852; x_wconf 88' lang='lat' dir='ltr'><strong>terram</strong></span> 
     </span>
    </p>
   </div>
   <div class='ocr_carea' id='block_1_102' title="bbox 1875 4881 3443 4954">
    <p class='ocr_par' dir='ltr' id='par_1_102' title="bbox 1875 4881 3443 4954">
     <span class='ocr_line' id='line_1_102' title="bbox 1875 4881 3443 4954; baseline 0.006 -20"><span class='ocrx_word' id='word_1_793' title='bbox 1875 4900 1896 4934; x_wconf 88' lang='grc' dir='ltr'><strong>ι</strong></span> <span class='ocrx_word' id='word_1_794' title='bbox 1941 4881 2221 4938; x_wconf 85' lang='lat' dir='ltr'><strong>fundasti:</strong></span> <span class='ocrx_word' id='word_1_795' title='bbox 2259 4890 2315 4938; x_wconf 90' lang='lat' dir='ltr'><strong>et</strong></span> <span class='ocrx_word' id='word_1_796' title='bbox 2360 4897 2524 4954; x_wconf 90' lang='lat' dir='ltr'><strong>opera</strong></span> <span class='ocrx_word' id='word_1_797' title='bbox 2579 4899 2840 4938; x_wconf 88' lang='lat' dir='ltr'><strong>manuum</strong></span> <span class='ocrx_word' id='word_1_798' title='bbox 2889 4893 3104 4939; x_wconf 91' lang='lat' dir='ltr'><strong>tuarum</strong></span> <span class='ocrx_word' id='word_1_799' title='bbox 3135 4895 3262 4941; x_wconf 92' lang='lat' dir='ltr'><strong>sunt</strong></span> <span class='ocrx_word' id='word_1_800' title='bbox 3299 4890 3443 4944; x_wconf 74' lang='lat' dir='ltr'><strong>coeli.</strong></span> 
     </span>
    </p>
   </div>
   <div class='ocr_carea' id='block_1_103' title="bbox 1879 4971 3448 5048">
    <p class='ocr_par' dir='ltr' id='par_1_103' title="bbox 1879 4971 3448 5048">
     <span class='ocr_line' id='line_1_103' title="bbox 1879 4971 3448 5048; baseline 0.008 -24"><span class='ocrx_word' id='word_1_801' title='bbox 1879 4991 1896 5024; x_wconf 85' lang='grc' dir='ltr'><strong>ι</strong></span> <span class='ocrx_word' id='word_1_802' title='bbox 1942 4971 2049 5042; x_wconf 88' lang='lat' dir='ltr'><strong>Ipsi</strong></span> <span class='ocrx_word' id='word_1_803' title='bbox 2101 4971 2388 5043; x_wconf 89' lang='lat' dir='ltr'><strong>peribunt,</strong></span> <span class='ocrx_word' id='word_1_804' title='bbox 2425 4973 2590 5046; x_wconf 79' lang='lat'><strong>358</strong></span> <span class='ocrx_word' id='word_1_805' title='bbox 2624 4983 2680 5028; x_wconf 92' lang='lat' dir='ltr'><strong>tu</strong></span> <span class='ocrx_word' id='word_1_806' title='bbox 2735 4982 2916 5030; x_wconf 90' lang='lat' dir='ltr'><strong>autem</strong></span> <span class='ocrx_word' id='word_1_807' title='bbox 2968 4978 3343 5048; x_wconf 89' lang='lat' dir='ltr'><strong>permanebis,</strong></span> <span class='ocrx_word' id='word_1_808' title='bbox 3393 4994 3448 5038; x_wconf 90' lang='lat' dir='ltr'><strong>et</strong></span> 
     </span>
    </p>
   </div>
   <div class='ocr_carea' id='block_1_104' title="bbox 1877 5063 3446 5134">
    <p class='ocr_par' dir='ltr' id='par_1_104' title="bbox 1877 5063 3446 5134">
     <span class='ocr_line' id='line_1_104' title="bbox 1877 5063 3446 5134; baseline 0.007 -18"><span class='ocrx_word' id='word_1_809' title='bbox 1877 5083 1895 5115; x_wconf 80' lang='grc' dir='ltr'><strong>ι</strong></span> <span class='ocrx_word' id='word_1_810' title='bbox 1939 5078 2132 5118; x_wconf 91' lang='lat' dir='ltr'><strong>omnes</strong></span> <span class='ocrx_word' id='word_1_811' title='bbox 2155 5073 2214 5119; x_wconf 89' lang='lat' dir='ltr'><strong>ut</strong></span> <span class='ocrx_word' id='word_1_812' title='bbox 2241 5063 2628 5119; x_wconf 85' lang='lat' dir='ltr'><strong>vestimentum</strong></span> <span class='ocrx_word' id='word_1_813' title='bbox 2650 5073 3022 5134; x_wconf 84' lang='lat' dir='ltr'><strong>veterascent;</strong></span> <span class='ocrx_word' id='word_1_814' title='bbox 3051 5075 3108 5124; x_wconf 89' lang='lat' dir='ltr'><strong>et</strong></span> <span class='ocrx_word' id='word_1_815' title='bbox 3136 5069 3282 5125; x_wconf 90' lang='lat' dir='ltr'><strong>velut</strong></span> <span class='ocrx_word' id='word_1_816' title='bbox 3311 5073 3446 5127; x_wconf 89' lang='lat' dir='ltr'><strong>ami-</strong></span> 
     </span>
    </p>
   </div>
   <div class='ocr_carea' id='block_1_105' title="bbox 1831 5155 3444 5230">
    <p class='ocr_par' dir='ltr' id='par_1_105' title="bbox 1831 5155 3444 5230">
     <span class='ocr_line' id='line_1_105' title="bbox 1831 5155 3444 5230; baseline 0.007 -20"><span class='ocrx_word' id='word_1_817' title='bbox 1831 5207 1834 5210; x_wconf 90' lang='lat'><strong><em>_</em></strong></span> <span class='ocrx_word' id='word_1_818' title='bbox 1878 5176 1897 5208; x_wconf 85' lang='grc' dir='ltr'><strong>ι</strong></span> <span class='ocrx_word' id='word_1_819' title='bbox 1943 5163 2091 5211; x_wconf 91' lang='lat' dir='ltr'><strong>ctum</strong></span> <span class='ocrx_word' id='word_1_820' title='bbox 2120 5155 2359 5210; x_wconf 86' lang='lat' dir='ltr'><strong>mutabis</strong></span> <span class='ocrx_word' id='word_1_821' title='bbox 2386 5171 2481 5212; x_wconf 92' lang='lat' dir='ltr'><strong>eos</strong></span> <span class='ocrx_word' id='word_1_822' title='bbox 2502 5165 2556 5230; x_wconf 88' lang='lat' dir='ltr'><strong>et</strong></span> <span class='ocrx_word' id='word_1_823' title='bbox 2583 5158 2970 5228; x_wconf 89' lang='lat' dir='ltr'><strong>mutabuntur,</strong></span> <span class='ocrx_word' id='word_1_824' title='bbox 3001 5171 3059 5217; x_wconf 91' lang='lat' dir='ltr'><strong>tu</strong></span> <span class='ocrx_word' id='word_1_825' title='bbox 3085 5172 3266 5219; x_wconf 90' lang='lat' dir='ltr'><strong>autem</strong></span> <span class='ocrx_word' id='word_1_826' title='bbox 3301 5165 3444 5221; x_wconf 90' lang='lat' dir='ltr'><strong>idem</strong></span> 
     </span>
    </p>
   </div>
   <div class='ocr_carea' id='block_1_106' title="bbox 1875 5248 3443 5326">
    <p class='ocr_par' dir='ltr' id='par_1_106' title="bbox 1875 5248 3443 5326">
     <span class='ocr_line' id='line_1_106' title="bbox 1875 5248 3443 5326; baseline 0.006 -24"><span class='ocrx_word' id='word_1_827' title='bbox 1875 5269 1894 5302; x_wconf 91' lang='grc' dir='ltr'><strong>ι</strong></span> <span class='ocrx_word' id='word_1_828' title='bbox 1938 5249 2054 5318; x_wconf 88' lang='lat' dir='ltr'><strong>ipse</strong></span> <span class='ocrx_word' id='word_1_829' title='bbox 2073 5263 2163 5315; x_wconf 88' lang='lat' dir='ltr'><strong>es,</strong></span> <span class='ocrx_word' id='word_1_830' title='bbox 2193 5255 2249 5302; x_wconf 89' lang='lat' dir='ltr'><strong>et</strong></span> <span class='ocrx_word' id='word_1_831' title='bbox 2280 5248 2406 5303; x_wconf 89' lang='lat' dir='ltr'><strong>anni</strong></span> <span class='ocrx_word' id='word_1_832' title='bbox 2437 5250 2514 5304; x_wconf 90' lang='lat' dir='ltr'><strong>tui</strong></span> <span class='ocrx_word' id='word_1_833' title='bbox 2543 5265 2652 5305; x_wconf 90' lang='lat' dir='ltr'><strong>non</strong></span> <span class='ocrx_word' id='word_1_834' title='bbox 2668 5251 2937 5309; x_wconf 82' lang='lat' dir='ltr'><strong>deﬁcient.</strong></span> <span class='ocrx_word' id='word_1_835' title='bbox 2962 5253 3046 5310; x_wconf 83' lang='lat' dir='ltr'><strong>Ad</strong></span> <span class='ocrx_word' id='word_1_836' title='bbox 3071 5270 3232 5326; x_wconf 89' lang='lat' dir='ltr'><strong>quem</strong></span> <span class='ocrx_word' id='word_1_837' title='bbox 3263 5267 3443 5314; x_wconf 91' lang='lat' dir='ltr'><strong>autem</strong></span> 
     </span>
    </p>
   </div>
   <div class='ocr_carea' id='block_1_107' title="bbox 1874 5339 3442 5414">
    <p class='ocr_par' dir='ltr' id='par_1_107' title="bbox 1874 5339 3442 5414">
     <span class='ocr_line' id='line_1_107' title="bbox 1874 5339 3442 5414; baseline 0.005 -21"><span class='ocrx_word' id='word_1_838' title='bbox 1874 5359 1894 5393; x_wconf 84' lang='grc' dir='ltr'><strong>ι</strong></span> <span class='ocrx_word' id='word_1_839' title='bbox 1939 5339 2257 5411; x_wconf 88' lang='lat' dir='ltr'><strong>angelorum</strong></span> <span class='ocrx_word' id='word_1_840' title='bbox 2287 5339 2425 5395; x_wconf 85' lang='lat' dir='ltr'><strong>dixit</strong></span> <span class='ocrx_word' id='word_1_841' title='bbox 2449 5341 2743 5412; x_wconf 87' lang='lat' dir='ltr'><strong>aliquando</strong></span> <span class='ocrx_word' id='word_1_842' title='bbox 2768 5362 2781 5397; x_wconf 91' lang='lat'><strong>:</strong></span> <span class='ocrx_word' id='word_1_843' title='bbox 2807 5341 2946 5400; x_wconf 87' lang='lat' dir='ltr'><strong>Sede</strong></span> <span class='ocrx_word' id='word_1_844' title='bbox 2974 5361 3003 5400; x_wconf 84' lang='lat' dir='ltr'><strong>a</strong></span> <span class='ocrx_word' id='word_1_845' title='bbox 3034 5345 3242 5403; x_wconf 81' lang='lat' dir='ltr'><strong>dextris</strong></span> <span class='ocrx_word' id='word_1_846' title='bbox 3274 5349 3442 5414; x_wconf 90' lang='lat' dir='ltr'><strong>meis,</strong></span> 
     </span>
    </p>
   </div>
   <div class='ocr_carea' id='block_1_108' title="bbox 1873 5429 3442 5506">
    <p class='ocr_par' dir='ltr' id='par_1_108' title="bbox 1873 5429 3442 5506">
     <span class='ocr_line' id='line_1_108' title="bbox 1873 5429 3442 5506; baseline 0.006 -23"><span class='ocrx_word' id='word_1_847' title='bbox 1873 5449 1892 5483; x_wconf 83' lang='grc' dir='ltr'><strong>ι</strong></span> <span class='ocrx_word' id='word_1_848' title='bbox 1936 5432 2112 5487; x_wconf 91' lang='lat' dir='ltr'><strong>donec</strong></span> <span class='ocrx_word' id='word_1_849' title='bbox 2149 5429 2558 5506; x_wconf 84' lang='lat' dir='ltr'><strong>[quoadusque]</strong></span> <span class='ocrx_word' id='word_1_850' title='bbox 2608 5451 2808 5504; x_wconf 90' lang='lat' dir='ltr'><strong>ponam</strong></span> <span class='ocrx_word' id='word_1_851' title='bbox 2854 5435 3106 5493; x_wconf 89' lang='lat' dir='ltr'><strong>inimicos</strong></span> <span class='ocrx_word' id='word_1_852' title='bbox 3155 5446 3281 5492; x_wconf 91' lang='lat' dir='ltr'><strong>tuos</strong></span> <span class='ocrx_word' id='word_1_853' title='bbox 3317 5453 3442 5493; x_wconf 88' lang='lat' dir='ltr'><strong>sca—</strong></span> 
     </span>
    </p>
   </div>
   <div class='ocr_carea' id='block_1_109' title="bbox 1873 5521 3444 5602">
    <p class='ocr_par' dir='ltr' id='par_1_109' title="bbox 1873 5521 3444 5602">
     <span class='ocr_line' id='line_1_109' title="bbox 1873 5521 3444 5602; baseline 0.005 -27"><span class='ocrx_word' id='word_1_854' title='bbox 1873 5541 1892 5575; x_wconf 86' lang='grc' dir='ltr'><strong>ι</strong></span> <span class='ocrx_word' id='word_1_855' title='bbox 1931 5521 2133 5578; x_wconf 90' lang='lat' dir='ltr'><strong>bellum</strong></span> <span class='ocrx_word' id='word_1_856' title='bbox 2146 5522 2347 5592; x_wconf 84' lang='lat' dir='ltr'><strong>pedum</strong></span> <span class='ocrx_word' id='word_1_857' title='bbox 2365 5527 2620 5597; x_wconf 57' lang='lat' dir='ltr'><strong>tuorum}</strong></span> <span class='ocrx_word' id='word_1_858' title='bbox 2635 5525 2806 5597; x_wconf 84' lang='lat' dir='ltr'><strong>(Psal.</strong></span> <span class='ocrx_word' id='word_1_859' title='bbox 2827 5530 3002 5597; x_wconf 79' lang='lat' dir='ltr'><strong>c1x,l,</strong></span> <span class='ocrx_word' id='word_1_860' title='bbox 3019 5529 3098 5602; x_wconf 77' lang='grc'><strong>2.)</strong></span> <span class='ocrx_word' id='word_1_861' title='bbox 3113 5527 3444 5585; x_wconf 58' lang='grc' dir='ltr'>Νοηιιθοιιιι</span> 
     </span>
    </p>
   </div>
   <div class='ocr_carea' id='block_1_110' title="bbox 1873 5617 3440 5690">
    <p class='ocr_par' dir='ltr' id='par_1_110' title="bbox 1873 5617 3440 5690">
     <span class='ocr_line' id='line_1_110' title="bbox 1873 5617 3440 5690; baseline 0.004 -23"><span class='ocrx_word' id='word_1_862' title='bbox 1873 5635 1891 5667; x_wconf 85' lang='grc' dir='ltr'><strong>ι</strong></span> <span class='ocrx_word' id='word_1_863' title='bbox 1934 5631 2032 5671; x_wconf 91' lang='lat' dir='ltr'><strong>nes</strong></span> <span class='ocrx_word' id='word_1_864' title='bbox 2071 5623 2199 5670; x_wconf 88' lang='lat' dir='ltr'><strong>sunt</strong></span> <span class='ocrx_word' id='word_1_865' title='bbox 2225 5617 2675 5675; x_wconf 89' lang='lat' dir='ltr'><strong>administratorii</strong></span> <span class='ocrx_word' id='word_1_866' title='bbox 2712 5621 2936 5690; x_wconf 91' lang='lat' dir='ltr'><strong>spiritus</strong></span> <span class='ocrx_word' id='word_1_867' title='bbox 2980 5621 3034 5675; x_wconf 92' lang='lat' dir='ltr'><strong>in</strong></span> <span class='ocrx_word' id='word_1_868' title='bbox 3075 5621 3440 5676; x_wconf 89' lang='lat' dir='ltr'><strong>ministerium</strong></span> 
     </span>
    </p>
   </div>
   <div class='ocr_carea' id='block_1_111' title="bbox 1869 5708 3433 5783">
    <p class='ocr_par' dir='ltr' id='par_1_111' title="bbox 1869 5708 3433 5783">
     <span class='ocr_line' id='line_1_111' title="bbox 1869 5708 3433 5783; baseline 0.002 -21"><span class='ocrx_word' id='word_1_869' title='bbox 1869 5729 1890 5762; x_wconf 86' lang='grc' dir='ltr'><strong>ι</strong></span> <span class='ocrx_word' id='word_1_870' title='bbox 1921 5708 2097 5774; x_wconf 90' lang='lat' dir='ltr'><strong>missi,</strong></span> <span class='ocrx_word' id='word_1_871' title='bbox 2118 5719 2337 5778; x_wconf 88' lang='lat' dir='ltr'><strong>propter</strong></span> <span class='ocrx_word' id='word_1_872' title='bbox 2353 5725 2446 5765; x_wconf 83' lang='lat' dir='ltr'><strong>eos</strong></span> <span class='ocrx_word' id='word_1_873' title='bbox 2457 5713 2549 5782; x_wconf 89' lang='lat' dir='ltr'><strong>qui</strong></span> <span class='ocrx_word' id='word_1_874' title='bbox 2566 5713 2930 5769; x_wconf 71' lang='lat' dir='ltr'><strong>hmreditatem</strong></span> <span class='ocrx_word' id='word_1_875' title='bbox 2946 5713 3170 5783; x_wconf 87' lang='lat' dir='ltr'><strong>capiunt</strong></span> <span class='ocrx_word' id='word_1_876' title='bbox 3189 5709 3433 5767; x_wconf 61' lang='lat' dir='ltr'><strong>salutis&quot;:</strong></span> 
     </span>
    </p>
   </div>
   <div class='ocr_carea' id='block_1_112' title="bbox 3051 5809 3125 5905">
    <p class='ocr_par' dir='ltr' id='par_1_112' title="bbox 3051 5809 3125 5905">
     <span class='ocr_line' id='line_1_112' title="bbox 3051 5809 3125 5905; baseline 0 0"><span class='ocrx_word' id='word_1_877' title='bbox 3051 5809 3125 5905; x_wconf 70' lang='grc' dir='ltr'>ω</span> 
     </span>
    </p>
   </div>
  </div>
