  <div class='ocr_page' id='page_1' title='image "/cluster/home/n/w/nwhite01/storage/ocr_20150623/153/hvd.32044015473812/251.png"; bbox 0 0 3906 6294; ppageno 0'>
   <div class='ocr_carea' id='block_1_1' title="bbox 450 295 546 350">
    <p class='ocr_par' dir='ltr' id='par_1_1' title="bbox 450 295 546 350">
     <span class='ocr_line' id='line_1_1' title="bbox 450 295 546 350; baseline -0.021 0"><span class='ocrx_word' id='word_1_1' title='bbox 450 295 546 350; x_wconf 69' lang='grc'><strong>491</strong></span> 
     </span>
    </p>
   </div>
   <div class='ocr_carea' id='block_1_2' title="bbox 1099 391 1404 453">
    <p class='ocr_par' dir='ltr' id='par_1_2' title="bbox 1099 391 1404 453">
     <span class='ocr_line' id='line_1_2' title="bbox 1099 391 1404 453; baseline -0.01 -1"><span class='ocrx_word' id='word_1_2' title='bbox 1099 391 1404 453; x_wconf 69' lang='lat' dir='ltr'><strong>exposmo.</strong></span> 
     </span>
    </p>
   </div>
   <div class='ocr_carea' id='block_1_3' title="bbox 526 475 2045 568">
    <p class='ocr_par' dir='ltr' id='par_1_3' title="bbox 526 475 2045 568">
     <span class='ocr_line' id='line_1_3' title="bbox 526 475 2045 568; baseline -0.015 -18"><span class='ocrx_word' id='word_1_3' title='bbox 526 497 914 568; x_wconf 78' lang='lat' dir='ltr'><strong>Multifariam,</strong></span> <span class='ocrx_word' id='word_1_4' title='bbox 931 499 1034 546; x_wconf 90' lang='lat' dir='ltr'><strong>etc.</strong></span> <span class='ocrx_word' id='word_1_5' title='bbox 1057 487 1216 542; x_wconf 82' lang='lat' dir='ltr'><strong>Nunc</strong></span> <span class='ocrx_word' id='word_1_6' title='bbox 1239 487 1294 540; x_wconf 92' lang='lat' dir='ltr'><strong>in</strong></span> <span class='ocrx_word' id='word_1_7' title='bbox 1317 481 1584 554; x_wconf 88' lang='lat' dir='ltr'><strong>principio</strong></span> <span class='ocrx_word' id='word_1_8' title='bbox 1606 477 1839 549; x_wconf 88' lang='lat' dir='ltr'><strong>probare</strong></span> <span class='ocrx_word' id='word_1_9' title='bbox 1861 475 2045 568; x_wconf 69' lang='lat' dir='ltr'><strong>inten-</strong></span> 
     </span>
    </p>
   </div>
   <div class='ocr_carea' id='block_1_4' title="bbox 454 561 2046 642">
    <p class='ocr_par' dir='ltr' id='par_1_4' title="bbox 454 561 2046 642">
     <span class='ocr_line' id='line_1_4' title="bbox 454 561 2046 642; baseline -0.016 0"><span class='ocrx_word' id='word_1_10' title='bbox 454 587 534 642; x_wconf 88' lang='lat' dir='ltr'><strong>dit</strong></span> <span class='ocrx_word' id='word_1_11' title='bbox 577 561 868 642; x_wconf 84' lang='lat' dir='ltr'><strong>Christum</strong></span> <span class='ocrx_word' id='word_1_12' title='bbox 909 579 1108 635; x_wconf 86' lang='lat' dir='ltr'><strong>Filium</strong></span> <span class='ocrx_word' id='word_1_13' title='bbox 1145 575 1240 630; x_wconf 85' lang='lat' dir='ltr'><strong>Dei</strong></span> <span class='ocrx_word' id='word_1_14' title='bbox 1275 570 1610 628; x_wconf 89' lang='lat' dir='ltr'><strong>audiendum</strong></span> <span class='ocrx_word' id='word_1_15' title='bbox 1655 581 1814 632; x_wconf 89' lang='lat' dir='ltr'><strong>esse,</strong></span> <span class='ocrx_word' id='word_1_16' title='bbox 1853 561 2046 620; x_wconf 83' lang='lat' dir='ltr'><strong>confe-</strong></span> 
     </span>
    </p>
   </div>
   <div class='ocr_carea' id='block_1_5' title="bbox 451 655 2049 745">
    <p class='ocr_par' dir='ltr' id='par_1_5' title="bbox 451 655 2049 745">
     <span class='ocr_line' id='line_1_5' title="bbox 451 655 2049 745; baseline -0.016 -12"><span class='ocrx_word' id='word_1_17' title='bbox 451 677 632 732; x_wconf 83' lang='lat' dir='ltr'><strong>rendo</strong></span> <span class='ocrx_word' id='word_1_18' title='bbox 657 691 783 732; x_wconf 90' lang='lat' dir='ltr'><strong>eum</strong></span> <span class='ocrx_word' id='word_1_19' title='bbox 811 669 1116 745; x_wconf 76' lang='lat' dir='ltr'><strong>prophetis,</strong></span> <span class='ocrx_word' id='word_1_20' title='bbox 1140 665 1265 737; x_wconf 90' lang='lat' dir='ltr'><strong>qui,</strong></span> <span class='ocrx_word' id='word_1_21' title='bbox 1299 663 1344 718; x_wconf 98' lang='lat' dir='ltr'><strong>si</strong></span> <span class='ocrx_word' id='word_1_22' title='bbox 1375 661 1498 716; x_wconf 91' lang='lat' dir='ltr'><strong>ideo</strong></span> <span class='ocrx_word' id='word_1_23' title='bbox 1523 656 1781 714; x_wconf 85' lang='lat' dir='ltr'><strong>audiendi</strong></span> <span class='ocrx_word' id='word_1_24' title='bbox 1823 655 2049 710; x_wconf 87' lang='lat' dir='ltr'><strong>fuerunt</strong></span> 
     </span>
    </p>
   </div>
   <div class='ocr_carea' id='block_1_6' title="bbox 455 750 2044 840">
    <p class='ocr_par' dir='ltr' id='par_1_6' title="bbox 455 750 2044 840">
     <span class='ocr_line' id='line_1_6' title="bbox 455 750 2044 840; baseline -0.016 -15"><span class='ocrx_word' id='word_1_25' title='bbox 455 770 589 840; x_wconf 89' lang='lat' dir='ltr'><strong>quia</strong></span> <span class='ocrx_word' id='word_1_26' title='bbox 615 769 768 825; x_wconf 86' lang='lat' dir='ltr'><strong>Deus</strong></span> <span class='ocrx_word' id='word_1_27' title='bbox 792 783 888 838; x_wconf 88' lang='lat' dir='ltr'><strong>per</strong></span> <span class='ocrx_word' id='word_1_28' title='bbox 916 777 1010 819; x_wconf 89' lang='lat' dir='ltr'><strong>eos</strong></span> <span class='ocrx_word' id='word_1_29' title='bbox 1039 767 1100 816; x_wconf 88' lang='lat' dir='ltr'><strong>ut</strong></span> <span class='ocrx_word' id='word_1_30' title='bbox 1130 772 1225 828; x_wconf 82' lang='lat' dir='ltr'><strong>per</strong></span> <span class='ocrx_word' id='word_1_31' title='bbox 1251 756 1678 810; x_wconf 70' lang='lat' dir='ltr'><strong>instrumentum</strong></span> <span class='ocrx_word' id='word_1_32' title='bbox 1705 750 1924 840; x_wconf 90' lang='lat' dir='ltr'><strong>locutus</strong></span> <span class='ocrx_word' id='word_1_33' title='bbox 1938 753 2044 840; x_wconf 82' lang='lat' dir='ltr'><strong>est,</strong></span> 
     </span>
    </p>
   </div>
   <div class='ocr_carea' id='block_1_7' title="bbox 458 838 2048 930">
    <p class='ocr_par' dir='ltr' id='par_1_7' title="bbox 458 838 2048 930">
     <span class='ocr_line' id='line_1_7' title="bbox 458 838 2048 930; baseline -0.017 -12"><span class='ocrx_word' id='word_1_34' title='bbox 458 838 636 916; x_wconf 79' lang='lat' dir='ltr'><strong>multo</strong></span> <span class='ocrx_word' id='word_1_35' title='bbox 665 859 838 930; x_wconf 87' lang='lat' dir='ltr'><strong>magis</strong></span> <span class='ocrx_word' id='word_1_36' title='bbox 869 851 1202 912; x_wconf 86' lang='lat' dir='ltr'><strong>observanda</strong></span> <span class='ocrx_word' id='word_1_37' title='bbox 1237 855 1369 904; x_wconf 88' lang='lat' dir='ltr'><strong>sunt</strong></span> <span class='ocrx_word' id='word_1_38' title='bbox 1407 853 1677 916; x_wconf 65' lang='lat' dir='ltr'><strong>praecepta</strong></span> <span class='ocrx_word' id='word_1_39' title='bbox 1705 839 1911 898; x_wconf 88' lang='lat' dir='ltr'><strong>Christi</strong></span> <span class='ocrx_word' id='word_1_40' title='bbox 1937 879 1952 906; x_wconf 95' lang='lat'><strong>,</strong></span> <span class='ocrx_word' id='word_1_41' title='bbox 1991 838 2048 892; x_wconf 91' lang='lat' dir='ltr'><strong>in</strong></span> 
     </span>
    </p>
   </div>
   <div class='ocr_carea' id='block_1_8' title="bbox 459 933 2046 1022">
    <p class='ocr_par' dir='ltr' id='par_1_8' title="bbox 459 933 2046 1022">
     <span class='ocr_line' id='line_1_8' title="bbox 459 933 2046 1022; baseline -0.014 -15"><span class='ocrx_word' id='word_1_42' title='bbox 459 967 572 1022; x_wconf 82' lang='lat' dir='ltr'><strong>quo</strong></span> <span class='ocrx_word' id='word_1_43' title='bbox 603 950 749 1006; x_wconf 89' lang='lat' dir='ltr'><strong>Deus</strong></span> <span class='ocrx_word' id='word_1_44' title='bbox 797 949 1012 1002; x_wconf 87' lang='lat' dir='ltr'><strong>locutus</strong></span> <span class='ocrx_word' id='word_1_45' title='bbox 1038 949 1152 1008; x_wconf 88' lang='lat' dir='ltr'><strong>est,</strong></span> <span class='ocrx_word' id='word_1_46' title='bbox 1195 948 1260 996; x_wconf 89' lang='lat' dir='ltr'><strong>ut</strong></span> <span class='ocrx_word' id='word_1_47' title='bbox 1289 939 1344 994; x_wconf 89' lang='lat' dir='ltr'><strong>in</strong></span> <span class='ocrx_word' id='word_1_48' title='bbox 1391 936 1550 992; x_wconf 89' lang='lat' dir='ltr'><strong>Filio.</strong></span> <span class='ocrx_word' id='word_1_49' title='bbox 1577 933 1805 990; x_wconf 75' lang='lat' dir='ltr'><strong>Confert.</strong></span> <span class='ocrx_word' id='word_1_50' title='bbox 1847 933 2046 987; x_wconf 81' lang='lat' dir='ltr'><strong>iterum</strong></span> 
     </span>
    </p>
   </div>
   <div class='ocr_carea' id='block_1_9' title="bbox 464 1029 2048 1110">
    <p class='ocr_par' dir='ltr' id='par_1_9' title="bbox 464 1029 2048 1110">
     <span class='ocr_line' id='line_1_9' title="bbox 464 1029 2048 1110; baseline -0.012 -10"><span class='ocrx_word' id='word_1_51' title='bbox 464 1043 751 1099; x_wconf 76' lang='lat' dir='ltr'><strong>Christum</strong></span> <span class='ocrx_word' id='word_1_52' title='bbox 785 1037 991 1110; x_wconf 79' lang='lat' dir='ltr'><strong>angelis</strong></span> <span class='ocrx_word' id='word_1_53' title='bbox 1010 1079 1025 1104; x_wconf 93' lang='lat'><strong>,</strong></span> <span class='ocrx_word' id='word_1_54' title='bbox 1048 1035 1178 1106; x_wconf 87' lang='lat' dir='ltr'><strong>quia</strong></span> <span class='ocrx_word' id='word_1_55' title='bbox 1205 1034 1253 1089; x_wconf 90' lang='lat' dir='ltr'><strong>si</strong></span> <span class='ocrx_word' id='word_1_56' title='bbox 1278 1033 1443 1088; x_wconf 89' lang='lat' dir='ltr'><strong>verba</strong></span> <span class='ocrx_word' id='word_1_57' title='bbox 1475 1029 1795 1102; x_wconf 77' lang='lat' dir='ltr'><strong>angelorum</strong></span> <span class='ocrx_word' id='word_1_58' title='bbox 1825 1043 1922 1099; x_wconf 90' lang='lat' dir='ltr'><strong>per</strong></span> <span class='ocrx_word' id='word_1_59' title='bbox 1951 1042 2048 1082; x_wconf 90' lang='lat' dir='ltr'><strong>eos</strong></span> 
     </span>
    </p>
   </div>
   <div class='ocr_carea' id='block_1_10' title="bbox 461 1120 2048 1205">
    <p class='ocr_par' dir='ltr' id='par_1_10' title="bbox 461 1120 2048 1205">
     <span class='ocr_line' id='line_1_10' title="bbox 461 1120 2048 1205; baseline -0.009 -14"><span class='ocrx_word' id='word_1_60' title='bbox 461 1135 850 1205; x_wconf 78' lang='lat' dir='ltr'><strong>prophetarum</strong></span> <span class='ocrx_word' id='word_1_61' title='bbox 916 1129 1129 1200; x_wconf 89' lang='lat' dir='ltr'><strong>prolata</strong></span> <span class='ocrx_word' id='word_1_62' title='bbox 1189 1125 1653 1190; x_wconf 85' lang='lat' dir='ltr'><strong>observabantur,</strong></span> <span class='ocrx_word' id='word_1_63' title='bbox 1707 1120 2048 1177; x_wconf 88' lang='lat' dir='ltr'><strong>observanda</strong></span> 
     </span>
    </p>
   </div>
   <div class='ocr_carea' id='block_1_11' title="bbox 462 1213 2048 1290">
    <p class='ocr_par' dir='ltr' id='par_1_11' title="bbox 462 1213 2048 1290">
     <span class='ocr_line' id='line_1_11' title="bbox 462 1213 2048 1290; baseline -0.009 -10"><span class='ocrx_word' id='word_1_64' title='bbox 462 1231 590 1280; x_wconf 89' lang='lat' dir='ltr'><strong>sunt</strong></span> <span class='ocrx_word' id='word_1_65' title='bbox 615 1223 778 1278; x_wconf 88' lang='lat' dir='ltr'><strong>verba</strong></span> <span class='ocrx_word' id='word_1_66' title='bbox 803 1219 1008 1276; x_wconf 85' lang='lat' dir='ltr'><strong>Christi</strong></span> <span class='ocrx_word' id='word_1_67' title='bbox 1037 1219 1200 1290; x_wconf 89' lang='lat' dir='ltr'><strong>longe</strong></span> <span class='ocrx_word' id='word_1_68' title='bbox 1239 1217 1477 1288; x_wconf 81' lang='lat' dir='ltr'><strong>amplius</strong></span> <span class='ocrx_word' id='word_1_69' title='bbox 1495 1257 1510 1282; x_wconf 92' lang='lat'><strong>,</strong></span> <span class='ocrx_word' id='word_1_70' title='bbox 1542 1214 1638 1286; x_wconf 87' lang='lat' dir='ltr'><strong>qui</strong></span> <span class='ocrx_word' id='word_1_71' title='bbox 1667 1215 1828 1285; x_wconf 84' lang='lat' dir='ltr'><strong>longe</strong></span> <span class='ocrx_word' id='word_1_72' title='bbox 1854 1213 2048 1270; x_wconf 87' lang='lat' dir='ltr'><strong>melior</strong></span> 
     </span>
    </p>
   </div>
   <div class='ocr_carea' id='block_1_12' title="bbox 458 1304 2050 1386">
    <p class='ocr_par' dir='ltr' id='par_1_12' title="bbox 458 1304 2050 1386">
     <span class='ocr_line' id='line_1_12' title="bbox 458 1304 2050 1386; baseline -0.008 -15"><span class='ocrx_word' id='word_1_73' title='bbox 458 1316 666 1386; x_wconf 83' lang='lat' dir='ltr'><strong>angelis</strong></span> <span class='ocrx_word' id='word_1_74' title='bbox 710 1321 796 1370; x_wconf 90' lang='lat' dir='ltr'><strong>est</strong></span> <span class='ocrx_word' id='word_1_75' title='bbox 837 1312 1085 1370; x_wconf 75' lang='lat' dir='ltr'><strong>effectus.</strong></span> <span class='ocrx_word' id='word_1_76' title='bbox 1127 1310 1196 1366; x_wconf 80' lang='lat' dir='ltr'><strong>Et</strong></span> <span class='ocrx_word' id='word_1_77' title='bbox 1231 1311 1349 1365; x_wconf 62' lang='lat' dir='ltr'><strong>haec</strong></span> <span class='ocrx_word' id='word_1_78' title='bbox 1375 1308 1560 1364; x_wconf 86' lang='lat' dir='ltr'><strong>omnia</strong></span> <span class='ocrx_word' id='word_1_79' title='bbox 1605 1322 1728 1377; x_wconf 71' lang='lat' dir='ltr'><strong>qua:</strong></span> <span class='ocrx_word' id='word_1_80' title='bbox 1769 1304 2050 1376; x_wconf 61' lang='lat' dir='ltr'><strong>praemittit</strong></span> 
     </span>
    </p>
   </div>
   <div class='ocr_carea' id='block_1_13' title="bbox 457 1395 2048 1476">
    <p class='ocr_par' dir='ltr' id='par_1_13' title="bbox 457 1395 2048 1476">
     <span class='ocr_line' id='line_1_13' title="bbox 457 1395 2048 1476; baseline -0.008 -14"><span class='ocrx_word' id='word_1_81' title='bbox 457 1415 705 1476; x_wconf 86' lang='lat' dir='ltr'><strong>speetant</strong></span> <span class='ocrx_word' id='word_1_82' title='bbox 741 1405 810 1461; x_wconf 91' lang='lat' dir='ltr'><strong>ad</strong></span> <span class='ocrx_word' id='word_1_83' title='bbox 853 1403 1268 1461; x_wconf 89' lang='lat' dir='ltr'><strong>conclusionem</strong></span> <span class='ocrx_word' id='word_1_84' title='bbox 1309 1397 1660 1473; x_wconf 83' lang='lat' dir='ltr'><strong>[illationem]</strong></span> <span class='ocrx_word' id='word_1_85' title='bbox 1689 1395 1920 1452; x_wconf 79' lang='lat' dir='ltr'><strong>inferius</strong></span> <span class='ocrx_word' id='word_1_86' title='bbox 1945 1409 2048 1466; x_wconf 85' lang='lat' dir='ltr'><strong>po-</strong></span> 
     </span>
    </p>
   </div>
   <div class='ocr_carea' id='block_1_14' title="bbox 457 1487 2046 1566">
    <p class='ocr_par' dir='ltr' id='par_1_14' title="bbox 457 1487 2046 1566">
     <span class='ocr_line' id='line_1_14' title="bbox 457 1487 2046 1566; baseline -0.006 -13"><span class='ocrx_word' id='word_1_87' title='bbox 457 1499 650 1566; x_wconf 84' lang='lat' dir='ltr'><strong>sitam,</strong></span> <span class='ocrx_word' id='word_1_88' title='bbox 687 1498 780 1554; x_wconf 90' lang='lat' dir='ltr'><strong>ubi</strong></span> <span class='ocrx_word' id='word_1_89' title='bbox 824 1498 902 1552; x_wconf 90' lang='lat' dir='ltr'><strong>ait</strong></span> <span class='ocrx_word' id='word_1_90' title='bbox 943 1515 958 1552; x_wconf 88' lang='lat'><strong>:</strong></span> <span class='ocrx_word' id='word_1_91' title='bbox 1000 1496 1290 1566; x_wconf 79' lang='lat' dir='ltr'><strong>Propterea</strong></span> <span class='ocrx_word' id='word_1_92' title='bbox 1315 1492 1698 1558; x_wconf 79' lang='lat' dir='ltr'><strong>abundantius,</strong></span> <span class='ocrx_word' id='word_1_93' title='bbox 1733 1497 1840 1546; x_wconf 89' lang='lat' dir='ltr'><strong>etc.</strong></span> <span class='ocrx_word' id='word_1_94' title='bbox 1877 1487 2046 1556; x_wconf 72' lang='lat' dir='ltr'><strong>Quasi</strong></span> 
     </span>
    </p>
   </div>
   <div class='ocr_carea' id='block_1_15' title="bbox 987 255 3172 339">
    <p class='ocr_par' dir='ltr' id='par_1_15' title="bbox 987 255 3172 339">
     <span class='ocr_line' id='line_1_15' title="bbox 987 255 3172 339; baseline -0.013 0"><span class='ocrx_word' id='word_1_95' title='bbox 987 283 1044 339; x_wconf 90' lang='lat' dir='ltr'><strong>S.</strong></span> <span class='ocrx_word' id='word_1_96' title='bbox 1082 276 1434 334; x_wconf 75' lang='lat' dir='ltr'><strong>BRUNONIS</strong></span> <span class='ocrx_word' id='word_1_97' title='bbox 1470 261 2116 328; x_wconf 75' lang='lat' dir='ltr'><strong>CARTHUSIANORUM</strong></span> <span class='ocrx_word' id='word_1_98' title='bbox 2161 259 2655 318; x_wconf 75' lang='lat' dir='ltr'><strong>INSTITUTORIS</strong></span> <span class='ocrx_word' id='word_1_99' title='bbox 2691 257 2845 316; x_wconf 86' lang='lat' dir='ltr'><strong>OPP.</strong></span> <span class='ocrx_word' id='word_1_100' title='bbox 2887 256 3070 314; x_wconf 75' lang='lat' dir='ltr'><strong>PARS</strong></span> <span class='ocrx_word' id='word_1_101' title='bbox 3107 255 3172 311; x_wconf 83' lang='lat' dir='ltr'><strong>ll.</strong></span> 
     </span>
    </p>
   </div>
   <div class='ocr_carea' id='block_1_16' title="bbox 2071 370 3724 442">
    <p class='ocr_par' dir='ltr' id='par_1_16' title="bbox 2071 370 3724 442">
     <span class='ocr_line' id='line_1_16' title="bbox 2071 370 3724 442; baseline 0 -12"><span class='ocrx_word' id='word_1_102' title='bbox 2071 383 2116 442; x_wconf 75' lang='grc' dir='ltr'>Α</span> <span class='ocrx_word' id='word_1_103' title='bbox 2145 375 2375 432; x_wconf 88' lang='lat' dir='ltr'><strong>ulterius</strong></span> <span class='ocrx_word' id='word_1_104' title='bbox 2409 373 2770 442; x_wconf 79' lang='lat' dir='ltr'><strong>immolanda,</strong></span> <span class='ocrx_word' id='word_1_105' title='bbox 2825 373 2920 430; x_wconf 87' lang='lat' dir='ltr'><strong>sed</strong></span> <span class='ocrx_word' id='word_1_106' title='bbox 2951 374 3085 430; x_wconf 90' lang='lat' dir='ltr'><strong>olim</strong></span> <span class='ocrx_word' id='word_1_107' title='bbox 3137 373 3356 428; x_wconf 89' lang='lat' dir='ltr'><strong>locutus</strong></span> <span class='ocrx_word' id='word_1_108' title='bbox 3385 370 3438 426; x_wconf 89' lang='lat' dir='ltr'><strong>in</strong></span> <span class='ocrx_word' id='word_1_109' title='bbox 3457 371 3724 442; x_wconf 76' lang='lat' dir='ltr'><strong>prophetis</strong></span> 
     </span>
    </p>
   </div>
   <div class='ocr_carea' id='block_1_17' title="bbox 3625 257 3722 314">
    <p class='ocr_par' dir='ltr' id='par_1_17' title="bbox 3625 257 3722 314">
     <span class='ocr_line' id='line_1_17' title="bbox 3625 257 3722 314; baseline 0 0"><span class='ocrx_word' id='word_1_110' title='bbox 3625 257 3722 314; x_wconf 66' lang='grc' dir='ltr'><strong>ιθε</strong></span> 
     </span>
    </p>
   </div>
   <div class='ocr_carea' id='block_1_18' title="bbox 2145 463 3724 537">
    <p class='ocr_par' dir='ltr' id='par_1_18' title="bbox 2145 463 3724 537">
     <span class='ocr_line' id='line_1_18' title="bbox 2145 463 3724 537; baseline -0.003 -13"><span class='ocrx_word' id='word_1_111' title='bbox 2145 476 2233 524; x_wconf 88' lang='lat' dir='ltr'><strong>est</strong></span> <span class='ocrx_word' id='word_1_112' title='bbox 2279 467 2579 524; x_wconf 75' lang='lat' dir='ltr'><strong>novissime</strong></span> <span class='ocrx_word' id='word_1_113' title='bbox 2598 509 2614 534; x_wconf 91' lang='lat'><strong>,</strong></span> <span class='ocrx_word' id='word_1_114' title='bbox 2662 465 2790 537; x_wconf 87' lang='lat' dir='ltr'><strong>quia</strong></span> <span class='ocrx_word' id='word_1_115' title='bbox 2823 466 3110 522; x_wconf 84' lang='lat' dir='ltr'><strong>veritatem</strong></span> <span class='ocrx_word' id='word_1_116' title='bbox 3156 465 3444 520; x_wconf 89' lang='lat' dir='ltr'><strong>locuturus</strong></span> <span class='ocrx_word' id='word_1_117' title='bbox 3499 463 3554 517; x_wconf 89' lang='lat' dir='ltr'><strong>in</strong></span> <span class='ocrx_word' id='word_1_118' title='bbox 3597 463 3724 520; x_wconf 83' lang='lat' dir='ltr'><strong>Filio</strong></span> 
     </span>
    </p>
   </div>
   <div class='ocr_carea' id='block_1_19' title="bbox 2146 555 3724 628">
    <p class='ocr_par' dir='ltr' id='par_1_19' title="bbox 2146 555 3724 628">
     <span class='ocr_line' id='line_1_19' title="bbox 2146 555 3724 628; baseline -0.004 -12"><span class='ocrx_word' id='word_1_119' title='bbox 2146 560 2531 618; x_wconf 87' lang='lat' dir='ltr'><strong>destructurus</strong></span> <span class='ocrx_word' id='word_1_120' title='bbox 2571 569 2691 616; x_wconf 88' lang='lat' dir='ltr'><strong>erat</strong></span> <span class='ocrx_word' id='word_1_121' title='bbox 2737 559 3020 625; x_wconf 87' lang='lat' dir='ltr'><strong>umbram,</strong></span> <span class='ocrx_word' id='word_1_122' title='bbox 3087 573 3254 628; x_wconf 90' lang='lat' dir='ltr'><strong>quam</strong></span> <span class='ocrx_word' id='word_1_123' title='bbox 3308 555 3636 627; x_wconf 81' lang='lat' dir='ltr'><strong>loquebatur</strong></span> <span class='ocrx_word' id='word_1_124' title='bbox 3675 555 3724 610; x_wconf 85' lang='lat' dir='ltr'><strong>in</strong></span> 
     </span>
    </p>
   </div>
   <div class='ocr_carea' id='block_1_20' title="bbox 2147 647 3726 722">
    <p class='ocr_par' dir='ltr' id='par_1_20' title="bbox 2147 647 3726 722">
     <span class='ocr_line' id='line_1_20' title="bbox 2147 647 3726 722; baseline -0.001 -16"><span class='ocrx_word' id='word_1_125' title='bbox 2147 652 2448 722; x_wconf 89' lang='lat' dir='ltr'><strong>prophetis.</strong></span> <span class='ocrx_word' id='word_1_126' title='bbox 2483 649 2550 706; x_wconf 85' lang='lat' dir='ltr'><strong>Et</strong></span> <span class='ocrx_word' id='word_1_127' title='bbox 2575 650 2624 707; x_wconf 90' lang='lat' dir='ltr'><strong>si</strong></span> <span class='ocrx_word' id='word_1_128' title='bbox 2647 650 2944 721; x_wconf 86' lang='lat' dir='ltr'><strong>prophetas</strong></span> <span class='ocrx_word' id='word_1_129' title='bbox 2969 649 3232 714; x_wconf 89' lang='lat' dir='ltr'><strong>audistis,</strong></span> <span class='ocrx_word' id='word_1_130' title='bbox 3267 648 3398 720; x_wconf 87' lang='lat' dir='ltr'><strong>quia</strong></span> <span class='ocrx_word' id='word_1_131' title='bbox 3423 647 3570 702; x_wconf 88' lang='lat' dir='ltr'><strong>Deus</strong></span> <span class='ocrx_word' id='word_1_132' title='bbox 3595 647 3726 704; x_wconf 87' lang='lat' dir='ltr'><strong>locu-</strong></span> 
     </span>
    </p>
   </div>
   <div class='ocr_carea' id='block_1_21' title="bbox 2149 740 3727 814">
    <p class='ocr_par' dir='ltr' id='par_1_21' title="bbox 2149 740 3727 814">
     <span class='ocr_line' id='line_1_21' title="bbox 2149 740 3727 814; baseline -0.003 -16"><span class='ocrx_word' id='word_1_133' title='bbox 2149 751 2240 799; x_wconf 88' lang='lat' dir='ltr'><strong>tus</strong></span> <span class='ocrx_word' id='word_1_134' title='bbox 2284 743 2454 800; x_wconf 89' lang='lat' dir='ltr'><strong>estin</strong></span> <span class='ocrx_word' id='word_1_135' title='bbox 2507 743 2826 814; x_wconf 86' lang='lat' dir='ltr'><strong>prophetis,</strong></span> <span class='ocrx_word' id='word_1_136' title='bbox 2881 741 3243 796; x_wconf 79' lang='lat' dir='ltr'><strong>abundantius</strong></span> <span class='ocrx_word' id='word_1_137' title='bbox 3303 740 3594 796; x_wconf 73' lang='lat' dir='ltr'><strong>observate</strong></span> <span class='ocrx_word' id='word_1_138' title='bbox 3619 755 3727 810; x_wconf 64' lang='lat' dir='ltr'><strong>quae</strong></span> 
     </span>
    </p>
   </div>
   <div class='ocr_carea' id='block_1_22' title="bbox 2148 829 3728 902">
    <p class='ocr_par' dir='ltr' id='par_1_22' title="bbox 2148 829 3728 902">
     <span class='ocr_line' id='line_1_22' title="bbox 2148 829 3728 902; baseline -0.001 -14"><span class='ocrx_word' id='word_1_139' title='bbox 2148 831 2217 888; x_wconf 91' lang='lat' dir='ltr'><strong>de</strong></span> <span class='ocrx_word' id='word_1_140' title='bbox 2241 831 2354 888; x_wconf 90' lang='lat' dir='ltr'><strong>Deo</strong></span> <span class='ocrx_word' id='word_1_141' title='bbox 2393 833 2450 888; x_wconf 91' lang='lat' dir='ltr'><strong>in</strong></span> <span class='ocrx_word' id='word_1_142' title='bbox 2495 831 2636 887; x_wconf 89' lang='lat' dir='ltr'><strong>Filio</strong></span> <span class='ocrx_word' id='word_1_143' title='bbox 2668 832 2921 888; x_wconf 88' lang='lat' dir='ltr'><strong>audistis.</strong></span> <span class='ocrx_word' id='word_1_144' title='bbox 2957 830 3117 887; x_wconf 87' lang='lat' dir='ltr'><strong>Nunc</strong></span> <span class='ocrx_word' id='word_1_145' title='bbox 3150 831 3342 902; x_wconf 90' lang='lat' dir='ltr'><strong>incipit</strong></span> <span class='ocrx_word' id='word_1_146' title='bbox 3391 829 3728 901; x_wconf 79' lang='lat' dir='ltr'><strong>magniﬁcare</strong></span> 
     </span>
    </p>
   </div>
   <div class='ocr_carea' id='block_1_23' title="bbox 2148 920 3726 992">
    <p class='ocr_par' dir='ltr' id='par_1_23' title="bbox 2148 920 3726 992">
     <span class='ocr_line' id='line_1_23' title="bbox 2148 920 3726 992; baseline -0.003 -12"><span class='ocrx_word' id='word_1_147' title='bbox 2148 925 2350 981; x_wconf 89' lang='lat' dir='ltr'><strong>Filium</strong></span> <span class='ocrx_word' id='word_1_148' title='bbox 2371 967 2385 992; x_wconf 94' lang='lat'><strong>,</strong></span> <span class='ocrx_word' id='word_1_149' title='bbox 2437 925 2602 981; x_wconf 91' lang='lat' dir='ltr'><strong>modo</strong></span> <span class='ocrx_word' id='word_1_150' title='bbox 2631 924 2936 981; x_wconf 87' lang='lat' dir='ltr'><strong>secundum</strong></span> <span class='ocrx_word' id='word_1_151' title='bbox 2960 923 3260 980; x_wconf 86' lang='lat' dir='ltr'><strong>humanam</strong></span> <span class='ocrx_word' id='word_1_152' title='bbox 3278 964 3295 990; x_wconf 93' lang='lat'><strong>,</strong></span> <span class='ocrx_word' id='word_1_153' title='bbox 3346 920 3518 978; x_wconf 88' lang='lat' dir='ltr'><strong>modo</strong></span> <span class='ocrx_word' id='word_1_154' title='bbox 3543 935 3726 978; x_wconf 50' lang='lat' dir='ltr'><strong>secuti.</strong></span> 
     </span>
    </p>
   </div>
   <div class='ocr_carea' id='block_1_24' title="bbox 2149 1015 3729 1086">
    <p class='ocr_par' dir='ltr' id='par_1_24' title="bbox 2149 1015 3729 1086">
     <span class='ocr_line' id='line_1_24' title="bbox 2149 1015 3729 1086; baseline -0.003 -12"><span class='ocrx_word' id='word_1_155' title='bbox 2149 1019 2281 1074; x_wconf 88' lang='lat' dir='ltr'><strong>dum</strong></span> <span class='ocrx_word' id='word_1_156' title='bbox 2329 1018 2568 1074; x_wconf 81' lang='lat' dir='ltr'><strong>divinam</strong></span> <span class='ocrx_word' id='word_1_157' title='bbox 2595 1061 2610 1086; x_wconf 95' lang='lat'><strong>,</strong></span> <span class='ocrx_word' id='word_1_158' title='bbox 2683 1017 2848 1074; x_wconf 91' lang='lat' dir='ltr'><strong>modo</strong></span> <span class='ocrx_word' id='word_1_159' title='bbox 2893 1018 3195 1074; x_wconf 88' lang='lat' dir='ltr'><strong>secundum</strong></span> <span class='ocrx_word' id='word_1_160' title='bbox 3235 1025 3534 1086; x_wconf 88' lang='lat' dir='ltr'><strong>utramque</strong></span> <span class='ocrx_word' id='word_1_161' title='bbox 3581 1015 3729 1070; x_wconf 90' lang='lat' dir='ltr'><strong>siul</strong></span> 
     </span>
    </p>
   </div>
   <div class='ocr_carea' id='block_1_25' title="bbox 2151 1106 3730 1177">
    <p class='ocr_par' dir='ltr' id='par_1_25' title="bbox 2151 1106 3730 1177">
     <span class='ocr_line' id='line_1_25' title="bbox 2151 1106 3730 1177; baseline -0.005 -7"><span class='ocrx_word' id='word_1_162' title='bbox 2151 1113 2517 1170; x_wconf 86' lang='lat' dir='ltr'><strong>substantiam</strong></span> <span class='ocrx_word' id='word_1_163' title='bbox 2587 1112 2782 1168; x_wconf 89' lang='lat' dir='ltr'><strong>dicens</strong></span> <span class='ocrx_word' id='word_1_164' title='bbox 2823 1130 2836 1166; x_wconf 92' lang='lat'>:</span> <span class='ocrx_word' id='word_1_165' title='bbox 2881 1109 3049 1177; x_wconf 84' lang='lat' dir='ltr'><strong>Quem</strong></span> <span class='ocrx_word' id='word_1_166' title='bbox 3113 1109 3316 1166; x_wconf 87' lang='lat' dir='ltr'><strong>Filium</strong></span> <span class='ocrx_word' id='word_1_167' title='bbox 3370 1107 3520 1164; x_wconf 88' lang='lat' dir='ltr'><strong>Deus</strong></span> <span class='ocrx_word' id='word_1_168' title='bbox 3585 1106 3730 1162; x_wconf 82' lang='lat' dir='ltr'><strong>Pater</strong></span> 
     </span>
    </p>
   </div>
   <div class='ocr_carea' id='block_1_26' title="bbox 2150 1201 3730 1272">
    <p class='ocr_par' dir='ltr' id='par_1_26' title="bbox 2150 1201 3730 1272">
     <span class='ocr_line' id='line_1_26' title="bbox 2150 1201 3730 1272; baseline -0.004 -12"><span class='ocrx_word' id='word_1_169' title='bbox 2150 1207 2468 1272; x_wconf 84' lang='lat' dir='ltr'><strong>constituit,</strong></span> <span class='ocrx_word' id='word_1_170' title='bbox 2547 1204 2603 1260; x_wconf 90' lang='lat' dir='ltr'><strong>id</strong></span> <span class='ocrx_word' id='word_1_171' title='bbox 2681 1213 2767 1260; x_wconf 86' lang='lat' dir='ltr'><strong>est</strong></span> <span class='ocrx_word' id='word_1_172' title='bbox 2839 1203 3071 1260; x_wconf 90' lang='lat' dir='ltr'><strong>ﬁrmiter</strong></span> <span class='ocrx_word' id='word_1_173' title='bbox 3145 1201 3411 1259; x_wconf 82' lang='lat' dir='ltr'><strong>stabilivit</strong></span> <span class='ocrx_word' id='word_1_174' title='bbox 3489 1201 3730 1256; x_wconf 60' lang='lat' dir='ltr'><strong>heredem</strong></span> 
     </span>
    </p>
   </div>
   <div class='ocr_carea' id='block_1_27' title="bbox 2150 1295 3734 1364">
    <p class='ocr_par' dir='ltr' id='par_1_27' title="bbox 2150 1295 3734 1364">
     <span class='ocr_line' id='line_1_27' title="bbox 2150 1295 3734 1364; baseline -0.002 -14"><span class='ocrx_word' id='word_1_175' title='bbox 2150 1297 2548 1362; x_wconf 81' lang='lat' dir='ltr'><strong>universorum,</strong></span> <span class='ocrx_word' id='word_1_176' title='bbox 2619 1295 2674 1351; x_wconf 86' lang='lat' dir='ltr'><strong>id</strong></span> <span class='ocrx_word' id='word_1_177' title='bbox 2741 1304 2829 1352; x_wconf 90' lang='lat' dir='ltr'><strong>est</strong></span> <span class='ocrx_word' id='word_1_178' title='bbox 2893 1295 3115 1354; x_wconf 88' lang='lat' dir='ltr'><strong>ﬁrmum</strong></span> <span class='ocrx_word' id='word_1_179' title='bbox 3187 1308 3570 1364; x_wconf 79' lang='lat' dir='ltr'><strong>possessorem</strong></span> <span class='ocrx_word' id='word_1_180' title='bbox 3635 1307 3734 1348; x_wconf 86' lang='lat' dir='ltr'><strong>om-</strong></span> 
     </span>
    </p>
   </div>
   <div class='ocr_carea' id='block_1_28' title="bbox 2151 1385 3728 1460">
    <p class='ocr_par' dir='ltr' id='par_1_28' title="bbox 2151 1385 3728 1460">
     <span class='ocr_line' id='line_1_28' title="bbox 2151 1385 3728 1460; baseline -0.003 -16"><span class='ocrx_word' id='word_1_181' title='bbox 2151 1390 2305 1445; x_wconf 89' lang='lat' dir='ltr'><strong>nium</strong></span> <span class='ocrx_word' id='word_1_182' title='bbox 2337 1404 2448 1445; x_wconf 91' lang='lat' dir='ltr'><strong>non</strong></span> <span class='ocrx_word' id='word_1_183' title='bbox 2493 1388 2764 1444; x_wconf 64' lang='lat' dir='ltr'><strong>haeredem</strong></span> <span class='ocrx_word' id='word_1_184' title='bbox 2815 1389 2978 1460; x_wconf 83' lang='lat' dir='ltr'><strong>quasi</strong></span> <span class='ocrx_word' id='word_1_185' title='bbox 3035 1387 3200 1444; x_wconf 88' lang='lat' dir='ltr'><strong>Pater</strong></span> <span class='ocrx_word' id='word_1_186' title='bbox 3247 1387 3369 1458; x_wconf 85' lang='lat' dir='ltr'><strong>ejus</strong></span> <span class='ocrx_word' id='word_1_187' title='bbox 3414 1385 3728 1452; x_wconf 86' lang='lat' dir='ltr'><strong>decesserit,</strong></span> 
     </span>
    </p>
   </div>
   <div class='ocr_carea' id='block_1_29' title="bbox 2149 1477 3732 1552">
    <p class='ocr_par' dir='ltr' id='par_1_29' title="bbox 2149 1477 3732 1552">
     <span class='ocr_line' id='line_1_29' title="bbox 2149 1477 3732 1552; baseline -0.006 -12"><span class='ocrx_word' id='word_1_188' title='bbox 2149 1479 2318 1552; x_wconf 82' lang='lat'><strong>359</strong></span> <span class='ocrx_word' id='word_1_189' title='bbox 2343 1479 2492 1550; x_wconf 87' lang='lat' dir='ltr'><strong>quod</strong></span> <span class='ocrx_word' id='word_1_190' title='bbox 2521 1479 2578 1534; x_wconf 91' lang='lat' dir='ltr'><strong>in</strong></span> <span class='ocrx_word' id='word_1_191' title='bbox 2607 1479 2865 1534; x_wconf 84' lang='lat' dir='ltr'><strong>humanis</strong></span> <span class='ocrx_word' id='word_1_192' title='bbox 2890 1479 3102 1551; x_wconf 77' lang='lat' dir='ltr'><strong>legibus</strong></span> <span class='ocrx_word' id='word_1_193' title='bbox 3129 1481 3210 1546; x_wconf 85' lang='lat' dir='ltr'><strong>ﬁt,</strong></span> <span class='ocrx_word' id='word_1_194' title='bbox 3237 1479 3332 1534; x_wconf 88' lang='lat' dir='ltr'><strong>sed</strong></span> <span class='ocrx_word' id='word_1_195' title='bbox 3357 1477 3630 1533; x_wconf 73' lang='lat' dir='ltr'><strong>haeredem</strong></span> <span class='ocrx_word' id='word_1_196' title='bbox 3657 1493 3732 1532; x_wconf 87' lang='lat' dir='ltr'><strong>se-</strong></span> 
     </span>
    </p>
   </div>
   <div class='ocr_carea' id='block_1_30' title="bbox 457 1567 3734 1656">
    <p class='ocr_par' dir='ltr' id='par_1_30' title="bbox 457 1567 3734 1656">
     <span class='ocr_line' id='line_1_30' title="bbox 457 1567 3734 1656; baseline -0.006 -14"><span class='ocrx_word' id='word_1_197' title='bbox 457 1587 662 1644; x_wconf 88' lang='lat' dir='ltr'><strong>diceret</strong></span> <span class='ocrx_word' id='word_1_198' title='bbox 693 1606 706 1642; x_wconf 89' lang='lat'><strong>:</strong></span> <span class='ocrx_word' id='word_1_199' title='bbox 739 1585 1042 1644; x_wconf 87' lang='lat' dir='ltr'><strong>Observate</strong></span> <span class='ocrx_word' id='word_1_200' title='bbox 1087 1599 1210 1656; x_wconf 72' lang='lat' dir='ltr'><strong>quae</strong></span> <span class='ocrx_word' id='word_1_201' title='bbox 1260 1584 1408 1640; x_wconf 89' lang='lat' dir='ltr'><strong>dicta</strong></span> <span class='ocrx_word' id='word_1_202' title='bbox 1463 1589 1592 1639; x_wconf 91' lang='lat' dir='ltr'><strong>sunt</strong></span> <span class='ocrx_word' id='word_1_203' title='bbox 1625 1597 1656 1636; x_wconf 90' lang='lat' dir='ltr'><strong>a</strong></span> <span class='ocrx_word' id='word_1_204' title='bbox 1691 1579 1858 1646; x_wconf 86' lang='lat' dir='ltr'><strong>Filio,</strong></span> <span class='ocrx_word' id='word_1_205' title='bbox 1919 1578 2048 1650; x_wconf 86' lang='lat' dir='ltr'><strong>quia</strong></span> <span class='ocrx_word' id='word_1_206' title='bbox 2069 1577 2114 1626; x_wconf 70' lang='lat'><strong>9</strong></span> <span class='ocrx_word' id='word_1_207' title='bbox 2151 1572 2396 1627; x_wconf 87' lang='lat' dir='ltr'><strong>cundum</strong></span> <span class='ocrx_word' id='word_1_208' title='bbox 2426 1571 2574 1642; x_wconf 90' lang='lat' dir='ltr'><strong>quod</strong></span> <span class='ocrx_word' id='word_1_209' title='bbox 2602 1570 2744 1626; x_wconf 90' lang='lat' dir='ltr'><strong>idem</strong></span> <span class='ocrx_word' id='word_1_210' title='bbox 2775 1571 2854 1626; x_wconf 87' lang='lat' dir='ltr'><strong>ait</strong></span> <span class='ocrx_word' id='word_1_211' title='bbox 2885 1589 2898 1626; x_wconf 92' lang='lat'>:</span> <span class='ocrx_word' id='word_1_212' title='bbox 2939 1588 2957 1622; x_wconf 78' lang='grc' dir='ltr'>ι</span> <span class='ocrx_word' id='word_1_213' title='bbox 2983 1567 3182 1628; x_wconf 89' lang='lat' dir='ltr'><strong>Omnia</strong></span> <span class='ocrx_word' id='word_1_214' title='bbox 3213 1585 3562 1641; x_wconf 84' lang='lat' dir='ltr'><strong>quaecunque</strong></span> <span class='ocrx_word' id='word_1_215' title='bbox 3589 1569 3734 1624; x_wconf 80' lang='lat' dir='ltr'><strong>habet</strong></span> 
     </span>
    </p>
   </div>
   <div class='ocr_carea' id='block_1_31' title="bbox 461 1658 3733 1748">
    <p class='ocr_par' dir='ltr' id='par_1_31' title="bbox 461 1658 3733 1748">
     <span class='ocr_line' id='line_1_31' title="bbox 461 1658 3733 1748; baseline -0.005 -17"><span class='ocrx_word' id='word_1_216' title='bbox 461 1678 601 1732; x_wconf 82' lang='lat' dir='ltr'><strong>Deus</strong></span> <span class='ocrx_word' id='word_1_217' title='bbox 632 1677 762 1732; x_wconf 79' lang='lat' dir='ltr'><strong>olim</strong></span> <span class='ocrx_word' id='word_1_218' title='bbox 785 1677 998 1748; x_wconf 81' lang='lat' dir='ltr'><strong>loquens</strong></span> <span class='ocrx_word' id='word_1_219' title='bbox 1025 1676 1266 1746; x_wconf 84' lang='lat' dir='ltr'><strong>patribus</strong></span> <span class='ocrx_word' id='word_1_220' title='bbox 1295 1673 1532 1740; x_wconf 84' lang='lat' dir='ltr'><strong>nostris,</strong></span> <span class='ocrx_word' id='word_1_221' title='bbox 1573 1673 1626 1728; x_wconf 92' lang='lat' dir='ltr'><strong>id</strong></span> <span class='ocrx_word' id='word_1_222' title='bbox 1657 1681 1743 1728; x_wconf 90' lang='lat' dir='ltr'><strong>est</strong></span> <span class='ocrx_word' id='word_1_223' title='bbox 1771 1669 2048 1741; x_wconf 88' lang='lat' dir='ltr'><strong>prioribus</strong></span> <span class='ocrx_word' id='word_1_224' title='bbox 2086 1739 2125 1748; x_wconf 79' lang='lat'><strong>__</strong></span> <span class='ocrx_word' id='word_1_225' title='bbox 2152 1661 2336 1730; x_wconf 88' lang='lat' dir='ltr'><strong>Pater,</strong></span> <span class='ocrx_word' id='word_1_226' title='bbox 2365 1677 2491 1718; x_wconf 89' lang='lat' dir='ltr'><strong>mea</strong></span> <span class='ocrx_word' id='word_1_227' title='bbox 2519 1671 2648 1718; x_wconf 89' lang='lat' dir='ltr'><strong>sunt</strong></span> <span class='ocrx_word' id='word_1_228' title='bbox 2689 1660 2872 1732; x_wconf 82' lang='lat' dir='ltr'><strong>(Joan.</strong></span> <span class='ocrx_word' id='word_1_229' title='bbox 2907 1677 3022 1730; x_wconf 76' lang='lat' dir='ltr'><strong>xvr,</strong></span> <span class='ocrx_word' id='word_1_230' title='bbox 3051 1661 3164 1732; x_wconf 82' lang='grc'><strong>15).</strong></span> <span class='ocrx_word' id='word_1_231' title='bbox 3198 1680 3216 1714; x_wconf 75' lang='grc' dir='ltr'>ι</span> <span class='ocrx_word' id='word_1_232' title='bbox 3269 1658 3396 1717; x_wconf 73' lang='lat' dir='ltr'><strong>Haec</strong></span> <span class='ocrx_word' id='word_1_233' title='bbox 3425 1660 3733 1717; x_wconf 88' lang='lat' dir='ltr'><strong>constitutio</strong></span> 
     </span>
    </p>
   </div>
   <div class='ocr_carea' id='block_1_32' title="bbox 460 1739 3734 1841">
    <p class='ocr_par' dir='ltr' id='par_1_32' title="bbox 460 1739 3734 1841">
     <span class='ocr_line' id='line_1_32' title="bbox 460 1739 3734 1841; baseline -0.005 -18"><span class='ocrx_word' id='word_1_234' title='bbox 460 1769 664 1825; x_wconf 68' lang='lat' dir='ltr'><strong>Iudaeis</strong></span> <span class='ocrx_word' id='word_1_235' title='bbox 683 1739 917 1841; x_wconf 81' lang='lat' dir='ltr'><strong>quietin</strong></span> <span class='ocrx_word' id='word_1_236' title='bbox 935 1739 1098 1823; x_wconf 74' lang='lat' dir='ltr'><strong>carne</strong></span> <span class='ocrx_word' id='word_1_237' title='bbox 1111 1767 1232 1823; x_wconf 89' lang='lat' dir='ltr'><strong>etin</strong></span> <span class='ocrx_word' id='word_1_238' title='bbox 1253 1767 1402 1822; x_wconf 89' lang='lat' dir='ltr'><strong>cultu</strong></span> <span class='ocrx_word' id='word_1_239' title='bbox 1417 1765 1712 1836; x_wconf 88' lang='lat' dir='ltr'><strong>Deipatres</strong></span> <span class='ocrx_word' id='word_1_240' title='bbox 1724 1739 1884 1819; x_wconf 79' lang='lat' dir='ltr'><strong>nobis</strong></span> <span class='ocrx_word' id='word_1_241' title='bbox 1901 1771 2050 1828; x_wconf 90' lang='lat' dir='ltr'><strong>sunt,</strong></span> <span class='ocrx_word' id='word_1_242' title='bbox 2086 1739 2128 1797; x_wconf 74' lang='grc' dir='ltr'><strong>Β</strong></span> <span class='ocrx_word' id='word_1_243' title='bbox 2157 1757 2462 1813; x_wconf 88' lang='lat' dir='ltr'><strong>secundum</strong></span> <span class='ocrx_word' id='word_1_244' title='bbox 2489 1757 2637 1827; x_wconf 91' lang='lat' dir='ltr'><strong>quod</strong></span> <span class='ocrx_word' id='word_1_245' title='bbox 2667 1756 2836 1811; x_wconf 91' lang='lat' dir='ltr'><strong>homo</strong></span> <span class='ocrx_word' id='word_1_246' title='bbox 2865 1763 2989 1822; x_wconf 89' lang='lat' dir='ltr'><strong>est,</strong></span> <span class='ocrx_word' id='word_1_247' title='bbox 3037 1751 3182 1809; x_wconf 86' lang='lat' dir='ltr'><strong>facta</strong></span> <span class='ocrx_word' id='word_1_248' title='bbox 3211 1761 3299 1810; x_wconf 90' lang='lat' dir='ltr'><strong>est</strong></span> <span class='ocrx_word' id='word_1_249' title='bbox 3325 1753 3382 1809; x_wconf 90' lang='lat' dir='ltr'><strong>in</strong></span> <span class='ocrx_word' id='word_1_250' title='bbox 3411 1768 3503 1819; x_wconf 89' lang='lat' dir='ltr'><strong>eo,</strong></span> <span class='ocrx_word' id='word_1_251' title='bbox 3554 1753 3609 1806; x_wconf 90' lang='lat' dir='ltr'><strong>in</strong></span> <span class='ocrx_word' id='word_1_252' title='bbox 3637 1767 3734 1824; x_wconf 88' lang='lat' dir='ltr'><strong>quo</strong></span> 
     </span>
    </p>
   </div>
   <div class='ocr_carea' id='block_1_33' title="bbox 462 1854 2050 1930">
    <p class='ocr_par' dir='ltr' id='par_1_33' title="bbox 462 1854 2050 1930">
     <span class='ocr_line' id='line_1_33' title="bbox 462 1854 2050 1930; baseline -0.004 -15"><span class='ocrx_word' id='word_1_253' title='bbox 462 1861 730 1929; x_wconf 85' lang='lat' dir='ltr'><strong>loquens,</strong></span> <span class='ocrx_word' id='word_1_254' title='bbox 762 1860 988 1930; x_wconf 88' lang='lat' dir='ltr'><strong>inquam</strong></span> <span class='ocrx_word' id='word_1_255' title='bbox 1009 1901 1022 1926; x_wconf 95' lang='lat'><strong>,</strong></span> <span class='ocrx_word' id='word_1_256' title='bbox 1057 1857 1306 1929; x_wconf 87' lang='lat' dir='ltr'><strong>patribus</strong></span> <span class='ocrx_word' id='word_1_257' title='bbox 1333 1858 1390 1910; x_wconf 84' lang='lat' dir='ltr'><strong>in</strong></span> <span class='ocrx_word' id='word_1_258' title='bbox 1423 1857 1710 1926; x_wconf 78' lang='lat' dir='ltr'><strong>prophetis.</strong></span> <span class='ocrx_word' id='word_1_259' title='bbox 1753 1854 1870 1910; x_wconf 87' lang='lat' dir='ltr'><strong>Non</strong></span> <span class='ocrx_word' id='word_1_260' title='bbox 1901 1855 2050 1909; x_wconf 91' lang='lat' dir='ltr'><strong>enim</strong></span> 
     </span>
    </p>
   </div>
   <div class='ocr_carea' id='block_1_34' title="bbox 461 1947 2052 2022">
    <p class='ocr_par' dir='ltr' id='par_1_34' title="bbox 461 1947 2052 2022">
     <span class='ocr_line' id='line_1_34' title="bbox 461 1947 2052 2022; baseline -0.001 -17"><span class='ocrx_word' id='word_1_261' title='bbox 461 1959 853 2022; x_wconf 87' lang='lat' dir='ltr'><strong>prophetarum</strong></span> <span class='ocrx_word' id='word_1_262' title='bbox 890 1957 1076 2018; x_wconf 88' lang='lat' dir='ltr'><strong>erant,</strong></span> <span class='ocrx_word' id='word_1_263' title='bbox 1123 1964 1246 2020; x_wconf 74' lang='lat' dir='ltr'><strong>qua:</strong></span> <span class='ocrx_word' id='word_1_264' title='bbox 1289 1949 1681 2018; x_wconf 84' lang='lat' dir='ltr'><strong>loquebantur,</strong></span> <span class='ocrx_word' id='word_1_265' title='bbox 1715 1948 1808 2004; x_wconf 90' lang='lat' dir='ltr'><strong>sed</strong></span> <span class='ocrx_word' id='word_1_266' title='bbox 1838 1947 1934 2002; x_wconf 89' lang='lat' dir='ltr'><strong>Dei</strong></span> <span class='ocrx_word' id='word_1_267' title='bbox 1972 1948 2052 2003; x_wconf 85' lang='lat' dir='ltr'><strong>lo-</strong></span> 
     </span>
    </p>
   </div>
   <div class='ocr_carea' id='block_1_35' title="bbox 461 2040 2053 2114">
    <p class='ocr_par' dir='ltr' id='par_1_35' title="bbox 461 2040 2053 2114">
     <span class='ocr_line' id='line_1_35' title="bbox 461 2040 2053 2114; baseline -0.002 -16"><span class='ocrx_word' id='word_1_268' title='bbox 461 2045 679 2114; x_wconf 88' lang='lat' dir='ltr'><strong>quentis</strong></span> <span class='ocrx_word' id='word_1_269' title='bbox 701 2059 800 2114; x_wconf 86' lang='lat' dir='ltr'><strong>per</strong></span> <span class='ocrx_word' id='word_1_270' title='bbox 835 2059 932 2100; x_wconf 89' lang='lat' dir='ltr'><strong>eos</strong></span> <span class='ocrx_word' id='word_1_271' title='bbox 954 2051 1014 2098; x_wconf 92' lang='lat' dir='ltr'><strong>ut</strong></span> <span class='ocrx_word' id='word_1_272' title='bbox 1043 2057 1140 2113; x_wconf 88' lang='lat' dir='ltr'><strong>per</strong></span> <span class='ocrx_word' id='word_1_273' title='bbox 1170 2042 1623 2097; x_wconf 87' lang='lat' dir='ltr'><strong>instrumentum.</strong></span> <span class='ocrx_word' id='word_1_274' title='bbox 1651 2040 1713 2096; x_wconf 85' lang='lat' dir='ltr'><strong>In</strong></span> <span class='ocrx_word' id='word_1_275' title='bbox 1747 2041 1854 2096; x_wconf 89' lang='lat' dir='ltr'><strong>hoc</strong></span> <span class='ocrx_word' id='word_1_276' title='bbox 1879 2041 2053 2095; x_wconf 90' lang='lat' dir='ltr'><strong>nomi-</strong></span> 
     </span>
    </p>
   </div>
   <div class='ocr_carea' id='block_1_36' title="bbox 459 2131 2051 2206">
    <p class='ocr_par' dir='ltr' id='par_1_36' title="bbox 459 2131 2051 2206">
     <span class='ocr_line' id='line_1_36' title="bbox 459 2131 2051 2206; baseline -0.001 -19"><span class='ocrx_word' id='word_1_277' title='bbox 459 2151 530 2188; x_wconf 86' lang='lat' dir='ltr'><strong>ne</strong></span> <span class='ocrx_word' id='word_1_278' title='bbox 561 2135 710 2206; x_wconf 89' lang='lat' dir='ltr'><strong>quod</strong></span> <span class='ocrx_word' id='word_1_279' title='bbox 737 2131 884 2190; x_wconf 90' lang='lat' dir='ltr'><strong>Deus</strong></span> <span class='ocrx_word' id='word_1_280' title='bbox 905 2141 1024 2202; x_wconf 89' lang='lat' dir='ltr'><strong>est,</strong></span> <span class='ocrx_word' id='word_1_281' title='bbox 1067 2134 1300 2188; x_wconf 88' lang='lat' dir='ltr'><strong>multum</strong></span> <span class='ocrx_word' id='word_1_282' title='bbox 1328 2134 1679 2204; x_wconf 83' lang='lat' dir='ltr'><strong>apponebant</strong></span> <span class='ocrx_word' id='word_1_283' title='bbox 1721 2131 1923 2202; x_wconf 57' lang='lat' dir='ltr'><strong>Pauloj,</strong></span> <span class='ocrx_word' id='word_1_284' title='bbox 1963 2132 2051 2188; x_wconf 88' lang='lat' dir='ltr'><strong>di-</strong></span> 
     </span>
    </p>
   </div>
   <div class='ocr_carea' id='block_1_37' title="bbox 462 2225 2052 2299">
    <p class='ocr_par' dir='ltr' id='par_1_37' title="bbox 462 2225 2052 2299">
     <span class='ocr_line' id='line_1_37' title="bbox 462 2225 2052 2299; baseline -0.001 -17"><span class='ocrx_word' id='word_1_285' title='bbox 462 2235 648 2283; x_wconf 86' lang='lat' dir='ltr'><strong>centes</strong></span> <span class='ocrx_word' id='word_1_286' title='bbox 688 2227 818 2299; x_wconf 87' lang='lat' dir='ltr'><strong>quia</strong></span> <span class='ocrx_word' id='word_1_287' title='bbox 845 2226 993 2283; x_wconf 89' lang='lat' dir='ltr'><strong>Deus</strong></span> <span class='ocrx_word' id='word_1_288' title='bbox 1039 2227 1402 2283; x_wconf 87' lang='lat' dir='ltr'><strong>immutabilis</strong></span> <span class='ocrx_word' id='word_1_289' title='bbox 1429 2235 1593 2282; x_wconf 87' lang='lat' dir='ltr'><strong>esset.</strong></span> <span class='ocrx_word' id='word_1_290' title='bbox 1621 2225 1820 2297; x_wconf 87' lang='lat' dir='ltr'><strong>Legem</strong></span> <span class='ocrx_word' id='word_1_291' title='bbox 1869 2235 2052 2282; x_wconf 89' lang='lat' dir='ltr'><strong>autem</strong></span> 
     </span>
    </p>
   </div>
   <div class='ocr_carea' id='block_1_38' title="bbox 463 2317 2053 2390">
    <p class='ocr_par' dir='ltr' id='par_1_38' title="bbox 463 2317 2053 2390">
     <span class='ocr_line' id='line_1_38' title="bbox 463 2317 2053 2390; baseline -0.001 -16"><span class='ocrx_word' id='word_1_292' title='bbox 463 2319 640 2375; x_wconf 86' lang='lat' dir='ltr'><strong>Deum</strong></span> <span class='ocrx_word' id='word_1_293' title='bbox 665 2319 880 2375; x_wconf 89' lang='lat' dir='ltr'><strong>dedisse</strong></span> <span class='ocrx_word' id='word_1_294' title='bbox 921 2319 1110 2390; x_wconf 84' lang='lat' dir='ltr'><strong>negari</strong></span> <span class='ocrx_word' id='word_1_295' title='bbox 1131 2335 1247 2374; x_wconf 82' lang='lat' dir='ltr'><strong>non</strong></span> <span class='ocrx_word' id='word_1_296' title='bbox 1275 2331 1492 2389; x_wconf 87' lang='lat' dir='ltr'><strong>posset,</strong></span> <span class='ocrx_word' id='word_1_297' title='bbox 1523 2317 1924 2374; x_wconf 90' lang='lat' dir='ltr'><strong>immutabilem</strong></span> <span class='ocrx_word' id='word_1_298' title='bbox 1953 2317 2053 2373; x_wconf 87' lang='lat' dir='ltr'><strong>de-</strong></span> 
     </span>
    </p>
   </div>
   <div class='ocr_carea' id='block_1_39' title="bbox 464 2410 2051 2482">
    <p class='ocr_par' dir='ltr' id='par_1_39' title="bbox 464 2410 2051 2482">
     <span class='ocr_line' id='line_1_39' title="bbox 464 2410 2051 2482; baseline -0.001 -17"><span class='ocrx_word' id='word_1_299' title='bbox 464 2411 595 2466; x_wconf 85' lang='lat' dir='ltr'><strong>bere</strong></span> <span class='ocrx_word' id='word_1_300' title='bbox 616 2425 742 2466; x_wconf 90' lang='lat' dir='ltr'><strong>esse</strong></span> <span class='ocrx_word' id='word_1_301' title='bbox 780 2411 990 2482; x_wconf 88' lang='lat' dir='ltr'><strong>legem,</strong></span> <span class='ocrx_word' id='word_1_302' title='bbox 1027 2426 1230 2482; x_wconf 89' lang='lat' dir='ltr'><strong>quam,</strong></span> <span class='ocrx_word' id='word_1_303' title='bbox 1283 2411 1380 2481; x_wconf 91' lang='lat' dir='ltr'><strong>qui</strong></span> <span class='ocrx_word' id='word_1_304' title='bbox 1406 2410 1610 2465; x_wconf 89' lang='lat' dir='ltr'><strong>mutari</strong></span> <span class='ocrx_word' id='word_1_305' title='bbox 1651 2423 1764 2464; x_wconf 91' lang='lat' dir='ltr'><strong>non</strong></span> <span class='ocrx_word' id='word_1_306' title='bbox 1805 2417 2051 2480; x_wconf 89' lang='lat' dir='ltr'><strong>poterat,</strong></span> 
     </span>
    </p>
   </div>
   <div class='ocr_carea' id='block_1_40' title="bbox 465 2501 2056 2574">
    <p class='ocr_par' dir='ltr' id='par_1_40' title="bbox 465 2501 2056 2574">
     <span class='ocr_line' id='line_1_40' title="bbox 465 2501 2056 2574; baseline -0.001 -16"><span class='ocrx_word' id='word_1_307' title='bbox 465 2501 726 2558; x_wconf 85' lang='lat' dir='ltr'><strong>dedisset.</strong></span> <span class='ocrx_word' id='word_1_308' title='bbox 764 2502 939 2570; x_wconf 76' lang='lat' dir='ltr'><strong>Olim,</strong></span> <span class='ocrx_word' id='word_1_309' title='bbox 987 2503 1249 2574; x_wconf 88' lang='lat' dir='ltr'><strong>inquam,</strong></span> <span class='ocrx_word' id='word_1_310' title='bbox 1283 2502 1424 2558; x_wconf 83' lang='lat' dir='ltr'><strong>Deus</strong></span> <span class='ocrx_word' id='word_1_311' title='bbox 1456 2503 1671 2573; x_wconf 80' lang='lat' dir='ltr'><strong>loquens</strong></span> <span class='ocrx_word' id='word_1_312' title='bbox 1714 2501 1956 2572; x_wconf 82' lang='lat' dir='ltr'><strong>patribus</strong></span> <span class='ocrx_word' id='word_1_313' title='bbox 1997 2503 2056 2557; x_wconf 84' lang='lat' dir='ltr'><strong>in</strong></span> 
     </span>
    </p>
   </div>
   <div class='ocr_carea' id='block_1_41' title="bbox 467 2593 2055 2668">
    <p class='ocr_par' dir='ltr' id='par_1_41' title="bbox 467 2593 2055 2668">
     <span class='ocr_line' id='line_1_41' title="bbox 467 2593 2055 2668; baseline 0.004 -22"><span class='ocrx_word' id='word_1_314' title='bbox 467 2593 732 2664; x_wconf 83' lang='lat' dir='ltr'><strong>prophetis</strong></span> <span class='ocrx_word' id='word_1_315' title='bbox 761 2593 1152 2664; x_wconf 78' lang='lat' dir='ltr'><strong>multifariam,</strong></span> <span class='ocrx_word' id='word_1_316' title='bbox 1185 2595 1238 2650; x_wconf 90' lang='lat' dir='ltr'><strong>id</strong></span> <span class='ocrx_word' id='word_1_317' title='bbox 1261 2607 1345 2651; x_wconf 89' lang='lat' dir='ltr'><strong>est</strong></span> <span class='ocrx_word' id='word_1_318' title='bbox 1381 2595 1660 2650; x_wconf 90' lang='lat' dir='ltr'><strong>multoties</strong></span> <span class='ocrx_word' id='word_1_319' title='bbox 1683 2637 1697 2662; x_wconf 93' lang='lat'><strong>,</strong></span> <span class='ocrx_word' id='word_1_320' title='bbox 1731 2605 1792 2652; x_wconf 91' lang='lat' dir='ltr'><strong>ut</strong></span> <span class='ocrx_word' id='word_1_321' title='bbox 1810 2611 1932 2652; x_wconf 91' lang='lat' dir='ltr'><strong>cum</strong></span> <span class='ocrx_word' id='word_1_322' title='bbox 1955 2611 2055 2668; x_wconf 90' lang='lat' dir='ltr'><strong>po-</strong></span> 
     </span>
    </p>
   </div>
   <div class='ocr_carea' id='block_1_42' title="bbox 467 2685 2052 2758">
    <p class='ocr_par' dir='ltr' id='par_1_42' title="bbox 467 2685 2052 2758">
     <span class='ocr_line' id='line_1_42' title="bbox 467 2685 2052 2758; baseline 0.002 -18"><span class='ocrx_word' id='word_1_323' title='bbox 467 2685 668 2741; x_wconf 88' lang='lat' dir='ltr'><strong>sitione</strong></span> <span class='ocrx_word' id='word_1_324' title='bbox 687 2685 944 2742; x_wconf 87' lang='lat' dir='ltr'><strong>dictionis</strong></span> <span class='ocrx_word' id='word_1_325' title='bbox 964 2699 1073 2742; x_wconf 90' lang='lat' dir='ltr'><strong>non</strong></span> <span class='ocrx_word' id='word_1_326' title='bbox 1095 2686 1436 2748; x_wconf 87' lang='lat' dir='ltr'><strong>insistamus.</strong></span> <span class='ocrx_word' id='word_1_327' title='bbox 1465 2685 1739 2743; x_wconf 87' lang='lat' dir='ltr'><strong>Multoties</strong></span> <span class='ocrx_word' id='word_1_328' title='bbox 1757 2729 1772 2754; x_wconf 95' lang='lat'><strong>,</strong></span> <span class='ocrx_word' id='word_1_329' title='bbox 1805 2687 2052 2758; x_wconf 89' lang='lat' dir='ltr'><strong>inquam,</strong></span> 
     </span>
    </p>
   </div>
   <div class='ocr_carea' id='block_1_43' title="bbox 469 2774 2057 2850">
    <p class='ocr_par' dir='ltr' id='par_1_43' title="bbox 469 2774 2057 2850">
     <span class='ocr_line' id='line_1_43' title="bbox 469 2774 2057 2850; baseline 0.004 -21"><span class='ocrx_word' id='word_1_330' title='bbox 469 2774 601 2846; x_wconf 90' lang='lat' dir='ltr'><strong>quia</strong></span> <span class='ocrx_word' id='word_1_331' title='bbox 628 2783 682 2831; x_wconf 91' lang='lat' dir='ltr'><strong>et</strong></span> <span class='ocrx_word' id='word_1_332' title='bbox 705 2775 984 2832; x_wconf 83' lang='lat' dir='ltr'><strong>Abraham</strong></span> <span class='ocrx_word' id='word_1_333' title='bbox 1005 2819 1020 2845; x_wconf 96' lang='lat'><strong>,</strong></span> <span class='ocrx_word' id='word_1_334' title='bbox 1063 2785 1118 2833; x_wconf 92' lang='lat' dir='ltr'><strong>et</strong></span> <span class='ocrx_word' id='word_1_335' title='bbox 1139 2775 1322 2844; x_wconf 87' lang='lat' dir='ltr'><strong>Isaac,</strong></span> <span class='ocrx_word' id='word_1_336' title='bbox 1350 2787 1404 2833; x_wconf 90' lang='lat' dir='ltr'><strong>et</strong></span> <span class='ocrx_word' id='word_1_337' title='bbox 1429 2777 1630 2846; x_wconf 84' lang='lat' dir='ltr'><strong>Jacob,</strong></span> <span class='ocrx_word' id='word_1_338' title='bbox 1675 2787 1730 2834; x_wconf 90' lang='lat' dir='ltr'><strong>et</strong></span> <span class='ocrx_word' id='word_1_339' title='bbox 1759 2779 2057 2850; x_wconf 86' lang='lat' dir='ltr'><strong>unicuique</strong></span> 
     </span>
    </p>
   </div>
   <div class='ocr_carea' id='block_1_44' title="bbox 467 2867 2051 2940">
    <p class='ocr_par' dir='ltr' id='par_1_44' title="bbox 467 2867 2051 2940">
     <span class='ocr_line' id='line_1_44' title="bbox 467 2867 2051 2940; baseline 0.003 -18"><span class='ocrx_word' id='word_1_340' title='bbox 467 2881 659 2922; x_wconf 89' lang='lat' dir='ltr'><strong>eorum</strong></span> <span class='ocrx_word' id='word_1_341' title='bbox 689 2867 879 2925; x_wconf 89' lang='lat' dir='ltr'><strong>multis</strong></span> <span class='ocrx_word' id='word_1_342' title='bbox 903 2867 1136 2924; x_wconf 81' lang='lat' dir='ltr'><strong>vicibus.</strong></span> <span class='ocrx_word' id='word_1_343' title='bbox 1165 2867 1423 2939; x_wconf 89' lang='lat' dir='ltr'><strong>Loquens</strong></span> <span class='ocrx_word' id='word_1_344' title='bbox 1444 2870 1609 2925; x_wconf 90' lang='lat' dir='ltr'><strong>etiam</strong></span> <span class='ocrx_word' id='word_1_345' title='bbox 1637 2869 1821 2923; x_wconf 83' lang='lat' dir='ltr'><strong>multis</strong></span> <span class='ocrx_word' id='word_1_346' title='bbox 1845 2871 2016 2926; x_wconf 85' lang='lat' dir='ltr'><strong>modis</strong></span> <span class='ocrx_word' id='word_1_347' title='bbox 2035 2912 2051 2940; x_wconf 95' lang='lat'><strong>,</strong></span> 
     </span>
    </p>
   </div>
   <div class='ocr_carea' id='block_1_45' title="bbox 467 2959 2056 3032">
    <p class='ocr_par' dir='ltr' id='par_1_45' title="bbox 467 2959 2056 3032">
     <span class='ocr_line' id='line_1_45' title="bbox 467 2959 2056 3032; baseline 0.004 -19"><span class='ocrx_word' id='word_1_348' title='bbox 467 2960 598 3030; x_wconf 87' lang='lat' dir='ltr'><strong>quia</strong></span> <span class='ocrx_word' id='word_1_349' title='bbox 620 2961 786 3016; x_wconf 93' lang='lat' dir='ltr'><strong>modo</strong></span> <span class='ocrx_word' id='word_1_350' title='bbox 809 2975 908 3032; x_wconf 84' lang='lat' dir='ltr'><strong>per</strong></span> <span class='ocrx_word' id='word_1_351' title='bbox 927 2959 1142 3018; x_wconf 90' lang='lat' dir='ltr'><strong>somnia</strong></span> <span class='ocrx_word' id='word_1_352' title='bbox 1161 2969 1223 3016; x_wconf 92' lang='lat' dir='ltr'><strong>ut</strong></span> <span class='ocrx_word' id='word_1_353' title='bbox 1249 2959 1480 3028; x_wconf 88' lang='lat' dir='ltr'><strong>Danieli,</strong></span> <span class='ocrx_word' id='word_1_354' title='bbox 1511 2961 1676 3018; x_wconf 83' lang='lat' dir='ltr'><strong>modo</strong></span> <span class='ocrx_word' id='word_1_355' title='bbox 1691 2971 1876 3032; x_wconf 87' lang='lat' dir='ltr'><strong>aperta</strong></span> <span class='ocrx_word' id='word_1_356' title='bbox 1901 2977 2056 3032; x_wconf 87' lang='lat' dir='ltr'><strong>voce,</strong></span> 
     </span>
    </p>
   </div>
   <div class='ocr_carea' id='block_1_46' title="bbox 468 3051 2059 3124">
    <p class='ocr_par' dir='ltr' id='par_1_46' title="bbox 468 3051 2059 3124">
     <span class='ocr_line' id='line_1_46' title="bbox 468 3051 2059 3124; baseline 0.002 -17"><span class='ocrx_word' id='word_1_357' title='bbox 468 3061 533 3107; x_wconf 90' lang='lat' dir='ltr'><strong>ut</strong></span> <span class='ocrx_word' id='word_1_358' title='bbox 563 3051 766 3124; x_wconf 80' lang='lat' dir='ltr'><strong>Moysi,</strong></span> <span class='ocrx_word' id='word_1_359' title='bbox 799 3069 947 3110; x_wconf 90' lang='lat' dir='ltr'><strong>nunc</strong></span> <span class='ocrx_word' id='word_1_360' title='bbox 977 3053 1226 3110; x_wconf 88' lang='lat' dir='ltr'><strong>interiori</strong></span> <span class='ocrx_word' id='word_1_361' title='bbox 1257 3053 1627 3124; x_wconf 88' lang='lat' dir='ltr'><strong>aspiratione,</strong></span> <span class='ocrx_word' id='word_1_362' title='bbox 1661 3063 1722 3110; x_wconf 91' lang='lat' dir='ltr'><strong>ut</strong></span> <span class='ocrx_word' id='word_1_363' title='bbox 1745 3053 1937 3111; x_wconf 84' lang='lat' dir='ltr'><strong>David.</strong></span> <span class='ocrx_word' id='word_1_364' title='bbox 1961 3053 2059 3112; x_wconf 76' lang='lat' dir='ltr'><strong>Vel</strong></span> 
     </span>
    </p>
   </div>
   <div class='ocr_carea' id='block_1_47' title="bbox 475 3145 2061 3220">
    <p class='ocr_par' dir='ltr' id='par_1_47' title="bbox 475 3145 2061 3220">
     <span class='ocr_line' id='line_1_47' title="bbox 475 3145 2061 3220; baseline 0.004 -20"><span class='ocrx_word' id='word_1_365' title='bbox 475 3145 848 3211; x_wconf 87' lang='lat' dir='ltr'><strong>mutil‘ariam,</strong></span> <span class='ocrx_word' id='word_1_366' title='bbox 903 3145 957 3203; x_wconf 91' lang='lat' dir='ltr'><strong>id</strong></span> <span class='ocrx_word' id='word_1_367' title='bbox 997 3155 1081 3204; x_wconf 87' lang='lat' dir='ltr'><strong>est</strong></span> <span class='ocrx_word' id='word_1_368' title='bbox 1109 3147 1330 3213; x_wconf 82' lang='lat' dir='ltr'><strong>diverso</strong></span> <span class='ocrx_word' id='word_1_369' title='bbox 1374 3161 1570 3220; x_wconf 79' lang='lat' dir='ltr'><strong>genere</strong></span> <span class='ocrx_word' id='word_1_370' title='bbox 1620 3149 1946 3218; x_wconf 88' lang='lat' dir='ltr'><strong>locutionis,</strong></span> <span class='ocrx_word' id='word_1_371' title='bbox 1997 3159 2061 3207; x_wconf 89' lang='lat' dir='ltr'><strong>ut</strong></span> 
     </span>
    </p>
   </div>
   <div class='ocr_carea' id='block_1_48' title="bbox 470 3239 2060 3313">
    <p class='ocr_par' dir='ltr' id='par_1_48' title="bbox 470 3239 2060 3313">
     <span class='ocr_line' id='line_1_48' title="bbox 470 3239 2060 3313; baseline 0.003 -18"><span class='ocrx_word' id='word_1_372' title='bbox 470 3239 601 3295; x_wconf 88' lang='lat' dir='ltr'><strong>huic</strong></span> <span class='ocrx_word' id='word_1_373' title='bbox 631 3239 686 3293; x_wconf 92' lang='lat' dir='ltr'><strong>in</strong></span> <span class='ocrx_word' id='word_1_374' title='bbox 725 3240 977 3308; x_wconf 91' lang='lat' dir='ltr'><strong>somnio,</strong></span> <span class='ocrx_word' id='word_1_375' title='bbox 1027 3239 1106 3294; x_wconf 83' lang='lat' dir='ltr'><strong>illi</strong></span> <span class='ocrx_word' id='word_1_376' title='bbox 1149 3255 1404 3297; x_wconf 90' lang='lat' dir='ltr'><strong>sermone</strong></span> <span class='ocrx_word' id='word_1_377' title='bbox 1433 3249 1656 3313; x_wconf 87' lang='lat' dir='ltr'><strong>aperto,</strong></span> <span class='ocrx_word' id='word_1_378' title='bbox 1707 3242 1784 3298; x_wconf 88' lang='lat' dir='ltr'><strong>illi</strong></span> <span class='ocrx_word' id='word_1_379' title='bbox 1831 3243 2060 3300; x_wconf 88' lang='lat' dir='ltr'><strong>interius</strong></span> 
     </span>
    </p>
   </div>
   <div class='ocr_carea' id='block_1_49' title="bbox 473 3331 2060 3404">
    <p class='ocr_par' dir='ltr' id='par_1_49' title="bbox 473 3331 2060 3404">
     <span class='ocr_line' id='line_1_49' title="bbox 473 3331 2060 3404; baseline 0.004 -20"><span class='ocrx_word' id='word_1_380' title='bbox 473 3331 766 3400; x_wconf 87' lang='lat' dir='ltr'><strong>aspirando</strong></span> <span class='ocrx_word' id='word_1_381' title='bbox 787 3374 802 3398; x_wconf 90' lang='lat'><strong>,</strong></span> <span class='ocrx_word' id='word_1_382' title='bbox 833 3340 887 3387; x_wconf 85' lang='lat' dir='ltr'><strong>et</strong></span> <span class='ocrx_word' id='word_1_383' title='bbox 911 3331 1034 3388; x_wconf 90' lang='lat' dir='ltr'><strong>ideo</strong></span> <span class='ocrx_word' id='word_1_384' title='bbox 1058 3332 1289 3389; x_wconf 86' lang='lat' dir='ltr'><strong>diversis</strong></span> <span class='ocrx_word' id='word_1_385' title='bbox 1319 3333 1500 3390; x_wconf 89' lang='lat' dir='ltr'><strong>modis</strong></span> <span class='ocrx_word' id='word_1_386' title='bbox 1523 3375 1538 3400; x_wconf 94' lang='lat'><strong>,</strong></span> <span class='ocrx_word' id='word_1_387' title='bbox 1567 3333 1697 3404; x_wconf 91' lang='lat' dir='ltr'><strong>quia</strong></span> <span class='ocrx_word' id='word_1_388' title='bbox 1731 3335 1780 3390; x_wconf 90' lang='lat' dir='ltr'><strong>si</strong></span> <span class='ocrx_word' id='word_1_389' title='bbox 1823 3335 1877 3390; x_wconf 90' lang='lat' dir='ltr'><strong>in</strong></span> <span class='ocrx_word' id='word_1_390' title='bbox 1907 3351 2060 3392; x_wconf 88' lang='lat' dir='ltr'><strong>som-</strong></span> 
     </span>
    </p>
   </div>
   <div class='ocr_carea' id='block_1_50' title="bbox 473 3421 2060 3496">
    <p class='ocr_par' dir='ltr' id='par_1_50' title="bbox 473 3421 2060 3496">
     <span class='ocr_line' id='line_1_50' title="bbox 473 3421 2060 3496; baseline 0.004 -20"><span class='ocrx_word' id='word_1_391' title='bbox 473 3421 567 3477; x_wconf 91' lang='lat' dir='ltr'><strong>nio</strong></span> <span class='ocrx_word' id='word_1_392' title='bbox 597 3430 836 3489; x_wconf 84' lang='lat' dir='ltr'><strong>tantum,</strong></span> <span class='ocrx_word' id='word_1_393' title='bbox 864 3432 1150 3494; x_wconf 86' lang='lat' dir='ltr'><strong>putaretur</strong></span> <span class='ocrx_word' id='word_1_394' title='bbox 1189 3425 1354 3480; x_wconf 91' lang='lat' dir='ltr'><strong>inane</strong></span> <span class='ocrx_word' id='word_1_395' title='bbox 1386 3426 1534 3496; x_wconf 92' lang='lat' dir='ltr'><strong>quod</strong></span> <span class='ocrx_word' id='word_1_396' title='bbox 1557 3425 1632 3480; x_wconf 87' lang='lat' dir='ltr'><strong>ita</strong></span> <span class='ocrx_word' id='word_1_397' title='bbox 1677 3425 1873 3484; x_wconf 82' lang='lat' dir='ltr'><strong>fuisset</strong></span> <span class='ocrx_word' id='word_1_398' title='bbox 1901 3428 2060 3483; x_wconf 87' lang='lat' dir='ltr'><strong>audi-</strong></span> 
     </span>
    </p>
   </div>
   <div class='ocr_carea' id='block_1_51' title="bbox 479 3513 2059 3590">
    <p class='ocr_par' dir='ltr' id='par_1_51' title="bbox 479 3513 2059 3590">
     <span class='ocr_line' id='line_1_51' title="bbox 479 3513 2059 3590; baseline 0.004 -21"><span class='ocrx_word' id='word_1_399' title='bbox 479 3525 628 3582; x_wconf 73' lang='lat' dir='ltr'><strong>tum,</strong></span> <span class='ocrx_word' id='word_1_400' title='bbox 659 3513 756 3570; x_wconf 89' lang='lat' dir='ltr'><strong>sed</strong></span> <span class='ocrx_word' id='word_1_401' title='bbox 801 3516 895 3570; x_wconf 90' lang='lat' dir='ltr'><strong>ubi</strong></span> <span class='ocrx_word' id='word_1_402' title='bbox 921 3515 1012 3571; x_wconf 92' lang='lat' dir='ltr'><strong>hic</strong></span> <span class='ocrx_word' id='word_1_403' title='bbox 1041 3525 1230 3586; x_wconf 87' lang='lat' dir='ltr'><strong>aperto</strong></span> <span class='ocrx_word' id='word_1_404' title='bbox 1271 3532 1559 3588; x_wconf 89' lang='lat' dir='ltr'><strong>sermone,</strong></span> <span class='ocrx_word' id='word_1_405' title='bbox 1592 3521 1682 3576; x_wconf 87' lang='lat' dir='ltr'><strong>hic</strong></span> <span class='ocrx_word' id='word_1_406' title='bbox 1711 3519 1767 3574; x_wconf 92' lang='lat' dir='ltr'><strong>in</strong></span> <span class='ocrx_word' id='word_1_407' title='bbox 1808 3521 2059 3590; x_wconf 91' lang='lat' dir='ltr'><strong>somnio,</strong></span> 
     </span>
    </p>
   </div>
   <div class='ocr_carea' id='block_1_52' title="bbox 477 3607 2062 3678">
    <p class='ocr_par' dir='ltr' id='par_1_52' title="bbox 477 3607 2062 3678">
     <span class='ocr_line' id='line_1_52' title="bbox 477 3607 2062 3678; baseline 0.004 -18"><span class='ocrx_word' id='word_1_408' title='bbox 477 3607 622 3662; x_wconf 90' lang='lat' dir='ltr'><strong>alius</strong></span> <span class='ocrx_word' id='word_1_409' title='bbox 670 3607 884 3662; x_wconf 89' lang='lat' dir='ltr'><strong>interna</strong></span> <span class='ocrx_word' id='word_1_410' title='bbox 918 3607 1281 3678; x_wconf 89' lang='lat' dir='ltr'><strong>aspiratione,</strong></span> <span class='ocrx_word' id='word_1_411' title='bbox 1312 3623 1503 3665; x_wconf 92' lang='lat' dir='ltr'><strong>omnes</strong></span> <span class='ocrx_word' id='word_1_412' title='bbox 1535 3611 1677 3666; x_wconf 91' lang='lat' dir='ltr'><strong>idem</strong></span> <span class='ocrx_word' id='word_1_413' title='bbox 1702 3619 1757 3666; x_wconf 91' lang='lat' dir='ltr'><strong>et</strong></span> <span class='ocrx_word' id='word_1_414' title='bbox 1783 3611 1850 3666; x_wconf 90' lang='lat' dir='ltr'><strong>de</strong></span> <span class='ocrx_word' id='word_1_415' title='bbox 1871 3611 2062 3667; x_wconf 91' lang='lat' dir='ltr'><strong>eodem</strong></span> 
     </span>
    </p>
   </div>
   <div class='ocr_carea' id='block_1_53' title="bbox 474 3697 2066 3767">
    <p class='ocr_par' dir='ltr' id='par_1_53' title="bbox 474 3697 2066 3767">
     <span class='ocr_line' id='line_1_53' title="bbox 474 3697 2066 3767; baseline 0.004 -16"><span class='ocrx_word' id='word_1_416' title='bbox 474 3697 862 3767; x_wconf 85' lang='lat' dir='ltr'><strong>perhibebant,</strong></span> <span class='ocrx_word' id='word_1_417' title='bbox 895 3698 1185 3756; x_wconf 88' lang='lat' dir='ltr'><strong>certiorem</strong></span> <span class='ocrx_word' id='word_1_418' title='bbox 1235 3699 1395 3756; x_wconf 88' lang='lat' dir='ltr'><strong>ﬁdem</strong></span> <span class='ocrx_word' id='word_1_419' title='bbox 1431 3708 1513 3756; x_wconf 89' lang='lat' dir='ltr'><strong>tot</strong></span> <span class='ocrx_word' id='word_1_420' title='bbox 1557 3701 1732 3757; x_wconf 87' lang='lat' dir='ltr'><strong>modis</strong></span> <span class='ocrx_word' id='word_1_421' title='bbox 1777 3701 2066 3758; x_wconf 82' lang='lat' dir='ltr'><strong>intellectae</strong></span> 
     </span>
    </p>
   </div>
   <div class='ocr_carea' id='block_1_54' title="bbox 475 3789 2064 3864">
    <p class='ocr_par' dir='ltr' id='par_1_54' title="bbox 475 3789 2064 3864">
     <span class='ocr_line' id='line_1_54' title="bbox 475 3789 2064 3864; baseline 0.004 -20"><span class='ocrx_word' id='word_1_422' title='bbox 475 3791 552 3844; x_wconf 87' lang='lat' dir='ltr'><strong>rei</strong></span> <span class='ocrx_word' id='word_1_423' title='bbox 599 3789 892 3846; x_wconf 83' lang='lat' dir='ltr'><strong>faciebant.</strong></span> <span class='ocrx_word' id='word_1_424' title='bbox 948 3789 1341 3862; x_wconf 76' lang='lat' dir='ltr'><strong>Multifariam,</strong></span> <span class='ocrx_word' id='word_1_425' title='bbox 1389 3793 1649 3864; x_wconf 88' lang='lat' dir='ltr'><strong>inquam,</strong></span> <span class='ocrx_word' id='word_1_426' title='bbox 1683 3793 1736 3849; x_wconf 90' lang='lat' dir='ltr'><strong>id</strong></span> <span class='ocrx_word' id='word_1_427' title='bbox 1766 3803 1850 3850; x_wconf 91' lang='lat' dir='ltr'><strong>est</strong></span> <span class='ocrx_word' id='word_1_428' title='bbox 1890 3795 2064 3851; x_wconf 89' lang='lat' dir='ltr'><strong>multo</strong></span> 
     </span>
    </p>
   </div>
   <div class='ocr_carea' id='block_1_55' title="bbox 475 3882 2065 3952">
    <p class='ocr_par' dir='ltr' id='par_1_55' title="bbox 475 3882 2065 3952">
     <span class='ocr_line' id='line_1_55' title="bbox 475 3882 2065 3952; baseline 0.004 -16"><span class='ocrx_word' id='word_1_429' title='bbox 475 3897 674 3952; x_wconf 86' lang='lat' dir='ltr'><strong>genere</strong></span> <span class='ocrx_word' id='word_1_430' title='bbox 711 3882 1038 3950; x_wconf 91' lang='lat' dir='ltr'><strong>locutionis,</strong></span> <span class='ocrx_word' id='word_1_431' title='bbox 1068 3893 1123 3940; x_wconf 89' lang='lat' dir='ltr'><strong>et</strong></span> <span class='ocrx_word' id='word_1_432' title='bbox 1165 3883 1348 3938; x_wconf 85' lang='lat' dir='ltr'><strong>multis</strong></span> <span class='ocrx_word' id='word_1_433' title='bbox 1378 3886 1579 3952; x_wconf 84' lang='lat' dir='ltr'><strong>modis,</strong></span> <span class='ocrx_word' id='word_1_434' title='bbox 1625 3886 1679 3941; x_wconf 91' lang='lat' dir='ltr'><strong>id</strong></span> <span class='ocrx_word' id='word_1_435' title='bbox 1723 3895 1808 3942; x_wconf 90' lang='lat' dir='ltr'><strong>est</strong></span> <span class='ocrx_word' id='word_1_436' title='bbox 1833 3886 2065 3943; x_wconf 89' lang='lat' dir='ltr'><strong>diversis</strong></span> 
     </span>
    </p>
   </div>
   <div class='ocr_carea' id='block_1_56' title="bbox 476 3975 2067 4050">
    <p class='ocr_par' dir='ltr' id='par_1_56' title="bbox 476 3975 2067 4050">
     <span class='ocr_line' id='line_1_56' title="bbox 476 3975 2067 4050; baseline 0.004 -22"><span class='ocrx_word' id='word_1_437' title='bbox 476 3975 886 4045; x_wconf 86' lang='lat' dir='ltr'><strong>operationibus</strong></span> <span class='ocrx_word' id='word_1_438' title='bbox 909 4017 924 4044; x_wconf 94' lang='lat'><strong>,</strong></span> <span class='ocrx_word' id='word_1_439' title='bbox 963 3984 1025 4031; x_wconf 87' lang='lat' dir='ltr'><strong>ut</strong></span> <span class='ocrx_word' id='word_1_440' title='bbox 1054 3976 1110 4031; x_wconf 89' lang='lat' dir='ltr'><strong>in</strong></span> <span class='ocrx_word' id='word_1_441' title='bbox 1140 3977 1353 4032; x_wconf 87' lang='lat' dir='ltr'><strong>ardenti</strong></span> <span class='ocrx_word' id='word_1_442' title='bbox 1376 3977 1516 4032; x_wconf 91' lang='lat' dir='ltr'><strong>rubo</strong></span> <span class='ocrx_word' id='word_1_443' title='bbox 1539 3977 1741 4050; x_wconf 77' lang='lat' dir='ltr'><strong>Moysi,</strong></span> <span class='ocrx_word' id='word_1_444' title='bbox 1768 3979 1824 4034; x_wconf 89' lang='lat' dir='ltr'><strong>in</strong></span> <span class='ocrx_word' id='word_1_445' title='bbox 1871 3979 2067 4035; x_wconf 90' lang='lat' dir='ltr'><strong>vellere</strong></span> 
     </span>
    </p>
   </div>
   <div class='ocr_carea' id='block_1_57' title="bbox 479 4066 2064 4136">
    <p class='ocr_par' dir='ltr' id='par_1_57' title="bbox 479 4066 2064 4136">
     <span class='ocr_line' id='line_1_57' title="bbox 479 4066 2064 4136; baseline 0.002 -13"><span class='ocrx_word' id='word_1_446' title='bbox 479 4069 627 4123; x_wconf 91' lang='lat' dir='ltr'><strong>sicco</strong></span> <span class='ocrx_word' id='word_1_447' title='bbox 659 4075 714 4122; x_wconf 91' lang='lat' dir='ltr'><strong>et</strong></span> <span class='ocrx_word' id='word_1_448' title='bbox 735 4068 842 4123; x_wconf 93' lang='lat' dir='ltr'><strong>udo</strong></span> <span class='ocrx_word' id='word_1_449' title='bbox 868 4066 1140 4136; x_wconf 84' lang='lat' dir='ltr'><strong>Cedeoni,</strong></span> <span class='ocrx_word' id='word_1_450' title='bbox 1164 4075 1219 4124; x_wconf 91' lang='lat' dir='ltr'><strong>et</strong></span> <span class='ocrx_word' id='word_1_451' title='bbox 1248 4068 1500 4124; x_wconf 87' lang='lat' dir='ltr'><strong>similiter</strong></span> <span class='ocrx_word' id='word_1_452' title='bbox 1530 4071 1720 4126; x_wconf 89' lang='lat' dir='ltr'><strong>multis</strong></span> <span class='ocrx_word' id='word_1_453' title='bbox 1749 4069 1892 4126; x_wconf 89' lang='lat' dir='ltr'><strong>aliis.</strong></span> <span class='ocrx_word' id='word_1_454' title='bbox 1921 4069 2064 4126; x_wconf 91' lang='lat' dir='ltr'><strong>Olim</strong></span> 
     </span>
    </p>
   </div>
   <div class='ocr_carea' id='block_1_58' title="bbox 479 4158 2068 4230">
    <p class='ocr_par' dir='ltr' id='par_1_58' title="bbox 479 4158 2068 4230">
     <span class='ocr_line' id='line_1_58' title="bbox 479 4158 2068 4230; baseline 0.004 -18"><span class='ocrx_word' id='word_1_455' title='bbox 479 4160 711 4229; x_wconf 82' lang='lat' dir='ltr'><strong>loquens</strong></span> <span class='ocrx_word' id='word_1_456' title='bbox 753 4158 1001 4230; x_wconf 88' lang='lat' dir='ltr'><strong>patribus</strong></span> <span class='ocrx_word' id='word_1_457' title='bbox 1026 4159 1082 4214; x_wconf 90' lang='lat' dir='ltr'><strong>in</strong></span> <span class='ocrx_word' id='word_1_458' title='bbox 1117 4161 1430 4230; x_wconf 88' lang='lat' dir='ltr'><strong>prephetis,</strong></span> <span class='ocrx_word' id='word_1_459' title='bbox 1478 4159 1686 4216; x_wconf 85' lang='lat' dir='ltr'><strong>locutus</strong></span> <span class='ocrx_word' id='word_1_460' title='bbox 1714 4173 1791 4216; x_wconf 85' lang='lat' dir='ltr'><strong>est</strong></span> <span class='ocrx_word' id='word_1_461' title='bbox 1819 4164 1970 4218; x_wconf 82' lang='lat' dir='ltr'><strong>nobis</strong></span> <span class='ocrx_word' id='word_1_462' title='bbox 2011 4165 2068 4218; x_wconf 85' lang='lat' dir='ltr'><strong>in</strong></span> 
     </span>
    </p>
   </div>
   <div class='ocr_carea' id='block_1_59' title="bbox 481 4245 2068 4326">
    <p class='ocr_par' dir='ltr' id='par_1_59' title="bbox 481 4245 2068 4326">
     <span class='ocr_line' id='line_1_59' title="bbox 481 4245 2068 4326; baseline 0.005 -23"><span class='ocrx_word' id='word_1_463' title='bbox 481 4249 650 4304; x_wconf 83' lang='lat' dir='ltr'><strong>Filio.</strong></span> <span class='ocrx_word' id='word_1_464' title='bbox 680 4250 835 4317; x_wconf 86' lang='lat' dir='ltr'><strong>Quod</strong></span> <span class='ocrx_word' id='word_1_465' title='bbox 868 4251 936 4306; x_wconf 90' lang='lat' dir='ltr'><strong>ad</strong></span> <span class='ocrx_word' id='word_1_466' title='bbox 964 4250 1096 4305; x_wconf 91' lang='lat' dir='ltr'><strong>illud</strong></span> <span class='ocrx_word' id='word_1_467' title='bbox 1119 4245 1399 4322; x_wconf 89' lang='lat' dir='ltr'><strong>antiquius</strong></span> <span class='ocrx_word' id='word_1_468' title='bbox 1427 4269 1671 4324; x_wconf 68' lang='lat' dir='ltr'><strong>praesens</strong></span> <span class='ocrx_word' id='word_1_469' title='bbox 1687 4262 1904 4324; x_wconf 90' lang='lat' dir='ltr'><strong>tempus</strong></span> <span class='ocrx_word' id='word_1_470' title='bbox 1931 4297 1945 4324; x_wconf 90' lang='lat'><strong>,</strong></span> <span class='ocrx_word' id='word_1_471' title='bbox 1969 4269 2068 4326; x_wconf 87' lang='lat' dir='ltr'><strong>po-</strong></span> 
     </span>
    </p>
   </div>
   <div class='ocr_carea' id='block_1_60' title="bbox 482 4336 2064 4416">
    <p class='ocr_par' dir='ltr' id='par_1_60' title="bbox 482 4336 2064 4416">
     <span class='ocr_line' id='line_1_60' title="bbox 482 4336 2064 4416; baseline 0.003 -20"><span class='ocrx_word' id='word_1_472' title='bbox 482 4342 562 4397; x_wconf 90' lang='lat' dir='ltr'><strong>nit</strong></span> <span class='ocrx_word' id='word_1_473' title='bbox 589 4341 849 4412; x_wconf 91' lang='lat' dir='ltr'><strong>loquens,</strong></span> <span class='ocrx_word' id='word_1_474' title='bbox 891 4349 947 4397; x_wconf 91' lang='lat' dir='ltr'><strong>et</strong></span> <span class='ocrx_word' id='word_1_475' title='bbox 970 4341 1038 4397; x_wconf 91' lang='lat' dir='ltr'><strong>ad</strong></span> <span class='ocrx_word' id='word_1_476' title='bbox 1083 4336 1215 4397; x_wconf 88' lang='lat' dir='ltr'><strong>illud</strong></span> <span class='ocrx_word' id='word_1_477' title='bbox 1241 4343 1388 4414; x_wconf 90' lang='lat' dir='ltr'><strong>quod</strong></span> <span class='ocrx_word' id='word_1_478' title='bbox 1426 4345 1584 4414; x_wconf 89' lang='lat' dir='ltr'><strong>quasi</strong></span> <span class='ocrx_word' id='word_1_479' title='bbox 1627 4361 1871 4416; x_wconf 71' lang='lat' dir='ltr'><strong>praesens</strong></span> <span class='ocrx_word' id='word_1_480' title='bbox 1916 4355 2064 4413; x_wconf 88' lang='lat' dir='ltr'><strong>erat,</strong></span> 
     </span>
    </p>
   </div>
   <div class='ocr_carea' id='block_1_61' title="bbox 2156 1843 3790 1916">
    <p class='ocr_par' dir='ltr' id='par_1_61' title="bbox 2156 1843 3790 1916">
     <span class='ocr_line' id='line_1_61' title="bbox 2156 1843 3790 1916; baseline -0.004 -12"><span class='ocrx_word' id='word_1_481' title='bbox 2156 1849 2460 1906; x_wconf 88' lang='lat' dir='ltr'><strong>secundum</strong></span> <span class='ocrx_word' id='word_1_482' title='bbox 2487 1848 2729 1904; x_wconf 87' lang='lat' dir='ltr'><strong>divinam</strong></span> <span class='ocrx_word' id='word_1_483' title='bbox 2761 1847 2832 1902; x_wconf 90' lang='lat' dir='ltr'><strong>ab</strong></span> <span class='ocrx_word' id='word_1_484' title='bbox 2858 1854 3066 1902; x_wconf 69' lang='lat' dir='ltr'><strong>aeterno</strong></span> <span class='ocrx_word' id='word_1_485' title='bbox 3091 1843 3198 1900; x_wconf 81' lang='lat' dir='ltr'><strong>fuit</strong></span> <span class='ocrx_word' id='word_1_486' title='bbox 3224 1845 3408 1902; x_wconf 90' lang='lat' dir='ltr'><strong>omnis</strong></span> <span class='ocrx_word' id='word_1_487' title='bbox 3437 1844 3732 1916; x_wconf 84' lang='lat' dir='ltr'><strong>plenitudo;</strong></span> <span class='ocrx_word' id='word_1_488' title='bbox 3779 1875 3790 1888; x_wconf 77' lang='grc' dir='ltr'>ι</span> 
     </span>
    </p>
   </div>
   <div class='ocr_carea' id='block_1_62' title="bbox 2154 1937 3734 2013">
    <p class='ocr_par' dir='ltr' id='par_1_62' title="bbox 2154 1937 3734 2013">
     <span class='ocr_line' id='line_1_62' title="bbox 2154 1937 3734 2013; baseline -0.004 -17"><span class='ocrx_word' id='word_1_489' title='bbox 2154 1959 2246 2013; x_wconf 84' lang='lat' dir='ltr'><strong>per</strong></span> <span class='ocrx_word' id='word_1_490' title='bbox 2265 1957 2418 2013; x_wconf 84' lang='lat' dir='ltr'><strong>quem</strong></span> <span class='ocrx_word' id='word_1_491' title='bbox 2439 1941 2638 1996; x_wconf 86' lang='lat' dir='ltr'><strong>iterum</strong></span> <span class='ocrx_word' id='word_1_492' title='bbox 2665 1941 2792 2010; x_wconf 79' lang='lat' dir='ltr'><strong>fecit</strong></span> <span class='ocrx_word' id='word_1_493' title='bbox 2817 1953 2927 1994; x_wconf 89' lang='lat' dir='ltr'><strong>non</strong></span> <span class='ocrx_word' id='word_1_494' title='bbox 2957 1937 3138 1996; x_wconf 87' lang='lat' dir='ltr'><strong>solum</strong></span> <span class='ocrx_word' id='word_1_495' title='bbox 3163 1938 3432 2004; x_wconf 75' lang='lat' dir='ltr'><strong>cmlestia,</strong></span> <span class='ocrx_word' id='word_1_496' title='bbox 3465 1938 3564 1994; x_wconf 87' lang='lat' dir='ltr'><strong>sed</strong></span> <span class='ocrx_word' id='word_1_497' title='bbox 3591 1938 3734 1992; x_wconf 81' lang='lat' dir='ltr'><strong>etiam</strong></span> 
     </span>
    </p>
   </div>
   <div class='ocr_carea' id='block_1_63' title="bbox 2155 2029 3735 2103">
    <p class='ocr_par' dir='ltr' id='par_1_63' title="bbox 2155 2029 3735 2103">
     <span class='ocr_line' id='line_1_63' title="bbox 2155 2029 3735 2103; baseline -0.003 -16"><span class='ocrx_word' id='word_1_498' title='bbox 2155 2033 2374 2100; x_wconf 68' lang='lat' dir='ltr'><strong>saecula,</strong></span> <span class='ocrx_word' id='word_1_499' title='bbox 2406 2033 2460 2088; x_wconf 92' lang='lat' dir='ltr'><strong>id</strong></span> <span class='ocrx_word' id='word_1_500' title='bbox 2507 2040 2592 2088; x_wconf 90' lang='lat' dir='ltr'><strong>est</strong></span> <span class='ocrx_word' id='word_1_501' title='bbox 2633 2045 2978 2103; x_wconf 65' lang='lat' dir='ltr'><strong>quaecunque</strong></span> <span class='ocrx_word' id='word_1_502' title='bbox 3025 2030 3312 2086; x_wconf 81' lang='lat' dir='ltr'><strong>saecularia</strong></span> <span class='ocrx_word' id='word_1_503' title='bbox 3351 2029 3574 2094; x_wconf 89' lang='lat' dir='ltr'><strong>videtis,</strong></span> <span class='ocrx_word' id='word_1_504' title='bbox 3595 2029 3735 2100; x_wconf 74' lang='lat' dir='ltr'><strong>juxta</strong></span> 
     </span>
    </p>
   </div>
   <div class='ocr_carea' id='block_1_64' title="bbox 2156 2119 3731 2193">
    <p class='ocr_par' dir='ltr' id='par_1_64' title="bbox 2156 2119 3731 2193">
     <span class='ocr_line' id='line_1_64' title="bbox 2156 2119 3731 2193; baseline -0.004 -15"><span class='ocrx_word' id='word_1_505' title='bbox 2156 2123 2290 2180; x_wconf 87' lang='lat' dir='ltr'><strong>illud</strong></span> <span class='ocrx_word' id='word_1_506' title='bbox 2325 2143 2340 2180; x_wconf 87' lang='lat'><strong>:</strong></span> <span class='ocrx_word' id='word_1_507' title='bbox 2379 2141 2398 2176; x_wconf 79' lang='grc' dir='ltr'>ι</span> <span class='ocrx_word' id='word_1_508' title='bbox 2429 2121 2623 2179; x_wconf 85' lang='lat' dir='ltr'><strong>Omnia</strong></span> <span class='ocrx_word' id='word_1_509' title='bbox 2653 2123 2710 2176; x_wconf 89' lang='lat' dir='ltr'><strong>in</strong></span> <span class='ocrx_word' id='word_1_510' title='bbox 2732 2120 3011 2192; x_wconf 87' lang='lat' dir='ltr'><strong>Sapientia</strong></span> <span class='ocrx_word' id='word_1_511' title='bbox 3035 2119 3214 2180; x_wconf 78' lang='lat' dir='ltr'><strong>fecisti</strong></span> <span class='ocrx_word' id='word_1_512' title='bbox 3235 2119 3413 2193; x_wconf 82' lang='lat' dir='ltr'><strong>(Psat.</strong></span> <span class='ocrx_word' id='word_1_513' title='bbox 3439 2135 3561 2187; x_wconf 81' lang='lat' dir='ltr'><strong>cui,</strong></span> <span class='ocrx_word' id='word_1_514' title='bbox 3581 2119 3690 2190; x_wconf 72' lang='lat'><strong>24).</strong></span> <span class='ocrx_word' id='word_1_515' title='bbox 3715 2139 3731 2171; x_wconf 71' lang='grc' dir='ltr'><strong>ι</strong></span> 
     </span>
    </p>
   </div>
   <div class='ocr_carea' id='block_1_65' title="bbox 2157 2211 3736 2282">
    <p class='ocr_par' dir='ltr' id='par_1_65' title="bbox 2157 2211 3736 2282">
     <span class='ocr_line' id='line_1_65' title="bbox 2157 2211 3736 2282; baseline -0.002 -13"><span class='ocrx_word' id='word_1_516' title='bbox 2157 2212 2274 2271; x_wconf 83' lang='lat' dir='ltr'><strong>Hoc</strong></span> <span class='ocrx_word' id='word_1_517' title='bbox 2301 2215 2606 2272; x_wconf 87' lang='lat' dir='ltr'><strong>secundum</strong></span> <span class='ocrx_word' id='word_1_518' title='bbox 2633 2213 2878 2270; x_wconf 88' lang='lat' dir='ltr'><strong>divinam</strong></span> <span class='ocrx_word' id='word_1_519' title='bbox 2927 2213 3136 2270; x_wconf 89' lang='lat' dir='ltr'><strong>dictum</strong></span> <span class='ocrx_word' id='word_1_520' title='bbox 3179 2220 3267 2269; x_wconf 90' lang='lat' dir='ltr'><strong>est</strong></span> <span class='ocrx_word' id='word_1_521' title='bbox 3313 2213 3382 2269; x_wconf 90' lang='lat' dir='ltr'><strong>de</strong></span> <span class='ocrx_word' id='word_1_522' title='bbox 3433 2211 3615 2280; x_wconf 87' lang='lat' dir='ltr'><strong>Filio;</strong></span> <span class='ocrx_word' id='word_1_523' title='bbox 3659 2213 3736 2282; x_wconf 73' lang='lat' dir='ltr'><strong>qui</strong></span> 
     </span>
    </p>
   </div>
   <div class='ocr_carea' id='block_1_66' title="bbox 2155 2303 3738 2376">
    <p class='ocr_par' dir='ltr' id='par_1_66' title="bbox 2155 2303 3738 2376">
     <span class='ocr_line' id='line_1_66' title="bbox 2155 2303 3738 2376; baseline -0.002 -14"><span class='ocrx_word' id='word_1_524' title='bbox 2155 2307 2330 2363; x_wconf 88' lang='lat' dir='ltr'><strong>Filius</strong></span> <span class='ocrx_word' id='word_1_525' title='bbox 2351 2324 2472 2362; x_wconf 86' lang='lat' dir='ltr'><strong>cum</strong></span> <span class='ocrx_word' id='word_1_526' title='bbox 2499 2308 2572 2362; x_wconf 86' lang='lat' dir='ltr'><strong>sit</strong></span> <span class='ocrx_word' id='word_1_527' title='bbox 2599 2305 2848 2376; x_wconf 76' lang='lat' dir='ltr'><strong>splendor</strong></span> <span class='ocrx_word' id='word_1_528' title='bbox 2869 2305 3074 2376; x_wconf 65' lang='lat' dir='ltr'><strong>gloria,</strong></span> <span class='ocrx_word' id='word_1_529' title='bbox 3103 2305 3157 2360; x_wconf 90' lang='lat' dir='ltr'><strong>id</strong></span> <span class='ocrx_word' id='word_1_530' title='bbox 3173 2313 3260 2362; x_wconf 86' lang='lat' dir='ltr'><strong>est</strong></span> <span class='ocrx_word' id='word_1_531' title='bbox 3281 2305 3484 2361; x_wconf 72' lang='lat' dir='ltr'><strong>divina:</strong></span> <span class='ocrx_word' id='word_1_532' title='bbox 3503 2303 3738 2360; x_wconf 70' lang='lat' dir='ltr'><strong>essentia:</strong></span> 
     </span>
    </p>
   </div>
   <div class='ocr_carea' id='block_1_67' title="bbox 2155 2394 3733 2470">
    <p class='ocr_par' dir='ltr' id='par_1_67' title="bbox 2155 2394 3733 2470">
     <span class='ocr_line' id='line_1_67' title="bbox 2155 2394 3733 2470; baseline -0.004 -16"><span class='ocrx_word' id='word_1_533' title='bbox 2155 2398 2360 2468; x_wconf 82' lang='lat' dir='ltr'><strong>Patris,</strong></span> <span class='ocrx_word' id='word_1_534' title='bbox 2389 2414 2514 2470; x_wconf 68' lang='lat' dir='ltr'><strong>qua:</strong></span> <span class='ocrx_word' id='word_1_535' title='bbox 2539 2398 2802 2454; x_wconf 89' lang='lat' dir='ltr'><strong>divinitas</strong></span> <span class='ocrx_word' id='word_1_536' title='bbox 2833 2411 2933 2468; x_wconf 90' lang='lat' dir='ltr'><strong>per</strong></span> <span class='ocrx_word' id='word_1_537' title='bbox 2960 2397 3338 2454; x_wconf 77' lang='lat' dir='ltr'><strong>excellentiam</strong></span> <span class='ocrx_word' id='word_1_538' title='bbox 3387 2395 3564 2468; x_wconf 86' lang='lat' dir='ltr'><strong>gloria</strong></span> <span class='ocrx_word' id='word_1_539' title='bbox 3611 2394 3733 2449; x_wconf 88' lang='lat' dir='ltr'><strong>dici-</strong></span> 
     </span>
    </p>
   </div>
   <div class='ocr_carea' id='block_1_68' title="bbox 2160 2486 3736 2561">
    <p class='ocr_par' dir='ltr' id='par_1_68' title="bbox 2160 2486 3736 2561">
     <span class='ocr_line' id='line_1_68' title="bbox 2160 2486 3736 2561; baseline -0.004 -15"><span class='ocrx_word' id='word_1_540' title='bbox 2160 2500 2268 2559; x_wconf 86' lang='lat' dir='ltr'><strong>tur,</strong></span> <span class='ocrx_word' id='word_1_541' title='bbox 2297 2499 2354 2547; x_wconf 90' lang='lat' dir='ltr'><strong>et</strong></span> <span class='ocrx_word' id='word_1_542' title='bbox 2379 2489 2819 2548; x_wconf 88' lang='lat' dir='ltr'><strong>consideratione</strong></span> <span class='ocrx_word' id='word_1_543' title='bbox 2843 2487 2990 2544; x_wconf 89' lang='lat' dir='ltr'><strong>illius</strong></span> <span class='ocrx_word' id='word_1_544' title='bbox 3015 2488 3154 2544; x_wconf 87' lang='lat' dir='ltr'><strong>nihil</strong></span> <span class='ocrx_word' id='word_1_545' title='bbox 3183 2489 3488 2561; x_wconf 83' lang='lat' dir='ltr'><strong>gloriosum</strong></span> <span class='ocrx_word' id='word_1_546' title='bbox 3517 2486 3736 2542; x_wconf 89' lang='lat' dir='ltr'><strong>videtur.</strong></span> 
     </span>
    </p>
   </div>
   <div class='ocr_carea' id='block_1_69' title="bbox 2157 2579 3738 2652">
    <p class='ocr_par' dir='ltr' id='par_1_69' title="bbox 2157 2579 3738 2652">
     <span class='ocr_line' id='line_1_69' title="bbox 2157 2579 3738 2652; baseline -0.002 -15"><span class='ocrx_word' id='word_1_547' title='bbox 2157 2581 2352 2649; x_wconf 84' lang='lat' dir='ltr'><strong>Filius,</strong></span> <span class='ocrx_word' id='word_1_548' title='bbox 2379 2581 2628 2652; x_wconf 89' lang='lat' dir='ltr'><strong>inquam,</strong></span> <span class='ocrx_word' id='word_1_549' title='bbox 2661 2579 2920 2652; x_wconf 91' lang='lat' dir='ltr'><strong>splendor</strong></span> <span class='ocrx_word' id='word_1_550' title='bbox 2966 2587 3051 2636; x_wconf 89' lang='lat' dir='ltr'><strong>est</strong></span> <span class='ocrx_word' id='word_1_551' title='bbox 3079 2579 3288 2651; x_wconf 68' lang='lat' dir='ltr'><strong>gloriae,</strong></span> <span class='ocrx_word' id='word_1_552' title='bbox 3319 2579 3452 2650; x_wconf 87' lang='lat' dir='ltr'><strong>quia</strong></span> <span class='ocrx_word' id='word_1_553' title='bbox 3489 2579 3632 2635; x_wconf 89' lang='lat' dir='ltr'><strong>sicut</strong></span> <span class='ocrx_word' id='word_1_554' title='bbox 3658 2593 3738 2634; x_wconf 84' lang='lat' dir='ltr'><strong>ra-</strong></span> 
     </span>
    </p>
   </div>
   <div class='ocr_carea' id='block_1_70' title="bbox 2157 2662 3740 2746">
    <p class='ocr_par' dir='ltr' id='par_1_70' title="bbox 2157 2662 3740 2746">
     <span class='ocr_line' id='line_1_70' title="bbox 2157 2662 3740 2746; baseline -0.004 -15"><span class='ocrx_word' id='word_1_555' title='bbox 2157 2674 2284 2731; x_wconf 89' lang='lat' dir='ltr'><strong>dius</strong></span> <span class='ocrx_word' id='word_1_556' title='bbox 2309 2674 2478 2731; x_wconf 90' lang='lat' dir='ltr'><strong>solem</strong></span> <span class='ocrx_word' id='word_1_557' title='bbox 2509 2673 2782 2746; x_wconf 88' lang='lat' dir='ltr'><strong>signiﬁcat</strong></span> <span class='ocrx_word' id='word_1_558' title='bbox 2807 2673 3010 2741; x_wconf 88' lang='lat' dir='ltr'><strong>lucere,</strong></span> <span class='ocrx_word' id='word_1_559' title='bbox 3041 2672 3117 2728; x_wconf 89' lang='lat' dir='ltr'><strong>ita</strong></span> <span class='ocrx_word' id='word_1_560' title='bbox 3137 2662 3318 2728; x_wconf 81' lang='lat' dir='ltr'><strong>Filius</strong></span> <span class='ocrx_word' id='word_1_561' title='bbox 3345 2672 3532 2727; x_wconf 88' lang='lat' dir='ltr'><strong>radius</strong></span> <span class='ocrx_word' id='word_1_562' title='bbox 3547 2679 3740 2734; x_wconf 61' lang='lat' dir='ltr'><strong>estmo-</strong></span> 
     </span>
    </p>
   </div>
   <div class='ocr_carea' id='block_1_71' title="bbox 2161 2763 3742 2834">
    <p class='ocr_par' dir='ltr' id='par_1_71' title="bbox 2161 2763 3742 2834">
     <span class='ocr_line' id='line_1_71' title="bbox 2161 2763 3742 2834; baseline -0.003 -12"><span class='ocrx_word' id='word_1_563' title='bbox 2161 2765 2374 2823; x_wconf 88' lang='lat' dir='ltr'><strong>tiﬁcans</strong></span> <span class='ocrx_word' id='word_1_564' title='bbox 2401 2765 2641 2834; x_wconf 83' lang='lat' dir='ltr'><strong>Patrem,</strong></span> <span class='ocrx_word' id='word_1_565' title='bbox 2669 2780 2781 2822; x_wconf 88' lang='lat' dir='ltr'><strong>non</strong></span> <span class='ocrx_word' id='word_1_566' title='bbox 2805 2775 2990 2821; x_wconf 87' lang='lat' dir='ltr'><strong>tamen</strong></span> <span class='ocrx_word' id='word_1_567' title='bbox 3017 2763 3169 2820; x_wconf 88' lang='lat' dir='ltr'><strong>aliud</strong></span> <span class='ocrx_word' id='word_1_568' title='bbox 3211 2779 3245 2819; x_wconf 89' lang='lat' dir='ltr'><strong>a</strong></span> <span class='ocrx_word' id='word_1_569' title='bbox 3271 2763 3454 2831; x_wconf 88' lang='lat' dir='ltr'><strong>Patre,</strong></span> <span class='ocrx_word' id='word_1_570' title='bbox 3485 2763 3630 2821; x_wconf 85' lang='lat' dir='ltr'><strong>sicut</strong></span> <span class='ocrx_word' id='word_1_571' title='bbox 3653 2777 3742 2818; x_wconf 86' lang='lat' dir='ltr'><strong>nec</strong></span> 
     </span>
    </p>
   </div>
   <div class='ocr_carea' id='block_1_72' title="bbox 2159 2857 3739 2917">
    <p class='ocr_par' dir='ltr' id='par_1_72' title="bbox 2159 2857 3739 2917">
     <span class='ocr_line' id='line_1_72' title="bbox 2159 2857 3739 2917; baseline -0.004 -1"><span class='ocrx_word' id='word_1_572' title='bbox 2159 2859 2350 2916; x_wconf 86' lang='lat' dir='ltr'><strong>radius</strong></span> <span class='ocrx_word' id='word_1_573' title='bbox 2377 2858 2525 2915; x_wconf 88' lang='lat' dir='ltr'><strong>aliud</strong></span> <span class='ocrx_word' id='word_1_574' title='bbox 2547 2866 2635 2917; x_wconf 87' lang='lat' dir='ltr'><strong>est</strong></span> <span class='ocrx_word' id='word_1_575' title='bbox 2653 2874 2686 2914; x_wconf 93' lang='lat' dir='ltr'><strong>a</strong></span> <span class='ocrx_word' id='word_1_576' title='bbox 2708 2859 2846 2914; x_wconf 91' lang='lat' dir='ltr'><strong>sole.</strong></span> <span class='ocrx_word' id='word_1_577' title='bbox 2867 2857 2984 2916; x_wconf 80' lang='lat' dir='ltr'><strong>Hoc</strong></span> <span class='ocrx_word' id='word_1_578' title='bbox 3009 2865 3194 2914; x_wconf 88' lang='lat' dir='ltr'><strong>autem</strong></span> <span class='ocrx_word' id='word_1_579' title='bbox 3215 2857 3518 2914; x_wconf 87' lang='lat' dir='ltr'><strong>secundum</strong></span> <span class='ocrx_word' id='word_1_580' title='bbox 3543 2865 3739 2912; x_wconf 82' lang='lat' dir='ltr'><strong>utram-</strong></span> 
     </span>
    </p>
   </div>
   <div class='ocr_carea' id='block_1_73' title="bbox 2161 2948 3740 3024">
    <p class='ocr_par' dir='ltr' id='par_1_73' title="bbox 2161 2948 3740 3024">
     <span class='ocr_line' id='line_1_73' title="bbox 2161 2948 3740 3024; baseline -0.003 -17"><span class='ocrx_word' id='word_1_581' title='bbox 2161 2966 2270 3024; x_wconf 91' lang='lat' dir='ltr'><strong>que</strong></span> <span class='ocrx_word' id='word_1_582' title='bbox 2297 2959 2582 3020; x_wconf 89' lang='lat' dir='ltr'><strong>naturam,</strong></span> <span class='ocrx_word' id='word_1_583' title='bbox 2620 2951 2862 3008; x_wconf 85' lang='lat' dir='ltr'><strong>maxime</strong></span> <span class='ocrx_word' id='word_1_584' title='bbox 2909 2950 3214 3008; x_wconf 88' lang='lat' dir='ltr'><strong>secundum</strong></span> <span class='ocrx_word' id='word_1_585' title='bbox 3263 2949 3510 3006; x_wconf 86' lang='lat' dir='ltr'><strong>divinam</strong></span> <span class='ocrx_word' id='word_1_586' title='bbox 3543 2948 3740 3006; x_wconf 88' lang='lat' dir='ltr'><strong>dictum</strong></span> 
     </span>
    </p>
   </div>
   <div class='ocr_carea' id='block_1_74' title="bbox 2161 3041 3744 3114">
    <p class='ocr_par' dir='ltr' id='par_1_74' title="bbox 2161 3041 3744 3114">
     <span class='ocr_line' id='line_1_74' title="bbox 2161 3041 3744 3114; baseline -0.004 -14"><span class='ocrx_word' id='word_1_587' title='bbox 2161 3052 2250 3100; x_wconf 86' lang='lat' dir='ltr'><strong>est</strong></span> <span class='ocrx_word' id='word_1_588' title='bbox 2271 3045 2340 3099; x_wconf 90' lang='lat' dir='ltr'><strong>de</strong></span> <span class='ocrx_word' id='word_1_589' title='bbox 2367 3042 2528 3100; x_wconf 89' lang='lat' dir='ltr'><strong>Filio.</strong></span> <span class='ocrx_word' id='word_1_590' title='bbox 2579 3042 2686 3111; x_wconf 88' lang='lat' dir='ltr'><strong>Qui</strong></span> <span class='ocrx_word' id='word_1_591' title='bbox 2713 3043 2890 3101; x_wconf 89' lang='lat' dir='ltr'><strong>Filius</strong></span> <span class='ocrx_word' id='word_1_592' title='bbox 2915 3043 3082 3100; x_wconf 90' lang='lat' dir='ltr'><strong>etiam</strong></span> <span class='ocrx_word' id='word_1_593' title='bbox 3125 3057 3254 3100; x_wconf 88' lang='lat' dir='ltr'><strong>cum</strong></span> <span class='ocrx_word' id='word_1_594' title='bbox 3303 3043 3376 3100; x_wconf 86' lang='lat' dir='ltr'><strong>sit</strong></span> <span class='ocrx_word' id='word_1_595' title='bbox 3417 3043 3596 3114; x_wconf 78' lang='lat' dir='ltr'><strong>ﬁgura</strong></span> <span class='ocrx_word' id='word_1_596' title='bbox 3629 3041 3744 3095; x_wconf 73' lang='lat' dir='ltr'><strong>sub-</strong></span> 
     </span>
    </p>
   </div>
   <div class='ocr_carea' id='block_1_75' title="bbox 2163 3133 3740 3210">
    <p class='ocr_par' dir='ltr' id='par_1_75' title="bbox 2163 3133 3740 3210">
     <span class='ocr_line' id='line_1_75' title="bbox 2163 3133 3740 3210; baseline 0 -18"><span class='ocrx_word' id='word_1_597' title='bbox 2163 3137 2380 3192; x_wconf 72' lang='lat' dir='ltr'><strong>stantia:</strong></span> <span class='ocrx_word' id='word_1_598' title='bbox 2423 3137 2560 3207; x_wconf 83' lang='lat' dir='ltr'><strong>ejus,</strong></span> <span class='ocrx_word' id='word_1_599' title='bbox 2594 3137 2648 3193; x_wconf 93' lang='lat' dir='ltr'><strong>id</strong></span> <span class='ocrx_word' id='word_1_600' title='bbox 2681 3146 2770 3195; x_wconf 89' lang='lat' dir='ltr'><strong>est</strong></span> <span class='ocrx_word' id='word_1_601' title='bbox 2797 3139 2958 3210; x_wconf 90' lang='lat' dir='ltr'><strong>plena</strong></span> <span class='ocrx_word' id='word_1_602' title='bbox 2988 3133 3233 3196; x_wconf 84' lang='lat' dir='ltr'><strong>ostensio</strong></span> <span class='ocrx_word' id='word_1_603' title='bbox 3263 3139 3518 3196; x_wconf 74' lang='lat' dir='ltr'><strong>essentia:</strong></span> <span class='ocrx_word' id='word_1_604' title='bbox 3555 3137 3740 3194; x_wconf 85' lang='lat' dir='ltr'><strong>Patris.</strong></span> 
     </span>
    </p>
   </div>
   <div class='ocr_carea' id='block_1_76' title="bbox 2163 3228 3740 3302">
    <p class='ocr_par' dir='ltr' id='par_1_76' title="bbox 2163 3228 3740 3302">
     <span class='ocr_line' id='line_1_76' title="bbox 2163 3228 3740 3302; baseline 0 -18"><span class='ocrx_word' id='word_1_605' title='bbox 2163 3228 2364 3302; x_wconf 86' lang='lat' dir='ltr'><strong>Figura</strong></span> <span class='ocrx_word' id='word_1_606' title='bbox 2384 3239 2591 3298; x_wconf 90' lang='lat' dir='ltr'><strong>autem,</strong></span> <span class='ocrx_word' id='word_1_607' title='bbox 2617 3245 2728 3286; x_wconf 90' lang='lat' dir='ltr'><strong>non</strong></span> <span class='ocrx_word' id='word_1_608' title='bbox 2753 3231 2900 3301; x_wconf 89' lang='lat' dir='ltr'><strong>quod</strong></span> <span class='ocrx_word' id='word_1_609' title='bbox 2920 3230 3173 3287; x_wconf 89' lang='lat' dir='ltr'><strong>diversus</strong></span> <span class='ocrx_word' id='word_1_610' title='bbox 3193 3245 3226 3285; x_wconf 92' lang='lat' dir='ltr'><strong>a</strong></span> <span class='ocrx_word' id='word_1_611' title='bbox 3245 3229 3428 3298; x_wconf 88' lang='lat' dir='ltr'><strong>Patre,</strong></span> <span class='ocrx_word' id='word_1_612' title='bbox 3456 3229 3550 3286; x_wconf 85' lang='lat' dir='ltr'><strong>sed</strong></span> <span class='ocrx_word' id='word_1_613' title='bbox 3579 3230 3740 3294; x_wconf 89' lang='lat' dir='ltr'><strong>idem;</strong></span> 
     </span>
    </p>
   </div>
   <div class='ocr_carea' id='block_1_77' title="bbox 2163 3321 3744 3402">
    <p class='ocr_par' dir='ltr' id='par_1_77' title="bbox 2163 3321 3744 3402">
     <span class='ocr_line' id='line_1_77' title="bbox 2163 3321 3744 3402; baseline -0.001 -25"><span class='ocrx_word' id='word_1_614' title='bbox 2163 3321 2354 3377; x_wconf 89' lang='lat' dir='ltr'><strong>eadem</strong></span> <span class='ocrx_word' id='word_1_615' title='bbox 2381 3322 2529 3376; x_wconf 91' lang='lat' dir='ltr'><strong>enim</strong></span> <span class='ocrx_word' id='word_1_616' title='bbox 2580 3322 2892 3378; x_wconf 87' lang='lat' dir='ltr'><strong>substantia</strong></span> <span class='ocrx_word' id='word_1_617' title='bbox 2921 3321 3098 3380; x_wconf 85' lang='lat' dir='ltr'><strong>Filius</strong></span> <span class='ocrx_word' id='word_1_618' title='bbox 3141 3331 3229 3402; x_wconf 83' lang='lat' dir='ltr'><strong>est</strong></span> <span class='ocrx_word' id='word_1_619' title='bbox 3273 3337 3401 3378; x_wconf 90' lang='lat' dir='ltr'><strong>cum</strong></span> <span class='ocrx_word' id='word_1_620' title='bbox 3425 3321 3608 3388; x_wconf 88' lang='lat' dir='ltr'><strong>Patre,</strong></span> <span class='ocrx_word' id='word_1_621' title='bbox 3639 3321 3744 3376; x_wconf 72' lang='lat' dir='ltr'><strong>haec</strong></span> 
     </span>
    </p>
   </div>
   <div class='ocr_carea' id='block_1_78' title="bbox 2166 3400 3742 3480">
    <p class='ocr_par' dir='ltr' id='par_1_78' title="bbox 2166 3400 3742 3480">
     <span class='ocr_line' id='line_1_78' title="bbox 2166 3400 3742 3480; baseline -0.003 -8"><span class='ocrx_word' id='word_1_622' title='bbox 2166 3417 2468 3473; x_wconf 89' lang='lat' dir='ltr'><strong>secundum</strong></span> <span class='ocrx_word' id='word_1_623' title='bbox 2513 3417 2756 3473; x_wconf 84' lang='lat' dir='ltr'><strong>divinam</strong></span> <span class='ocrx_word' id='word_1_624' title='bbox 2809 3425 3044 3473; x_wconf 88' lang='lat' dir='ltr'><strong>tantum.</strong></span> <span class='ocrx_word' id='word_1_625' title='bbox 3093 3400 3330 3474; x_wconf 78' lang='lat' dir='ltr'><strong>Portam</strong></span> <span class='ocrx_word' id='word_1_626' title='bbox 3359 3417 3528 3474; x_wconf 89' lang='lat' dir='ltr'><strong>etiam</strong></span> <span class='ocrx_word' id='word_1_627' title='bbox 3554 3417 3742 3480; x_wconf 78' lang='lat' dir='ltr'><strong>omnia,</strong></span> 
     </span>
    </p>
   </div>
   <div class='ocr_carea' id='block_1_79' title="bbox 2165 3511 3746 3583">
    <p class='ocr_par' dir='ltr' id='par_1_79' title="bbox 2165 3511 3746 3583">
     <span class='ocr_line' id='line_1_79' title="bbox 2165 3511 3746 3583; baseline 0 -18"><span class='ocrx_word' id='word_1_628' title='bbox 2165 3511 2315 3582; x_wconf 88' lang='lat' dir='ltr'><strong>quia,</strong></span> <span class='ocrx_word' id='word_1_629' title='bbox 2345 3511 2490 3567; x_wconf 89' lang='lat' dir='ltr'><strong>sicut</strong></span> <span class='ocrx_word' id='word_1_630' title='bbox 2521 3512 2630 3568; x_wconf 86' lang='lat' dir='ltr'><strong>nisi</strong></span> <span class='ocrx_word' id='word_1_631' title='bbox 2659 3527 2758 3583; x_wconf 88' lang='lat' dir='ltr'><strong>per</strong></span> <span class='ocrx_word' id='word_1_632' title='bbox 2785 3513 2983 3568; x_wconf 84' lang='lat' dir='ltr'><strong>Filium</strong></span> <span class='ocrx_word' id='word_1_633' title='bbox 3015 3513 3193 3569; x_wconf 89' lang='lat' dir='ltr'><strong>creari</strong></span> <span class='ocrx_word' id='word_1_634' title='bbox 3223 3527 3334 3568; x_wconf 88' lang='lat' dir='ltr'><strong>non</strong></span> <span class='ocrx_word' id='word_1_635' title='bbox 3363 3521 3636 3583; x_wconf 87' lang='lat' dir='ltr'><strong>poterant,</strong></span> <span class='ocrx_word' id='word_1_636' title='bbox 3673 3511 3746 3566; x_wconf 88' lang='lat' dir='ltr'><strong>sic</strong></span> 
     </span>
    </p>
   </div>
   <div class='ocr_carea' id='block_1_80' title="bbox 2165 3602 3746 3676">
    <p class='ocr_par' dir='ltr' id='par_1_80' title="bbox 2165 3602 3746 3676">
     <span class='ocr_line' id='line_1_80' title="bbox 2165 3602 3746 3676; baseline -0.002 -17"><span class='ocrx_word' id='word_1_637' title='bbox 2165 3604 2272 3660; x_wconf 89' lang='lat' dir='ltr'><strong>nisi</strong></span> <span class='ocrx_word' id='word_1_638' title='bbox 2305 3619 2404 3675; x_wconf 88' lang='lat' dir='ltr'><strong>per</strong></span> <span class='ocrx_word' id='word_1_639' title='bbox 2429 3603 2628 3660; x_wconf 86' lang='lat' dir='ltr'><strong>Filium</strong></span> <span class='ocrx_word' id='word_1_640' title='bbox 2661 3613 2845 3661; x_wconf 90' lang='lat' dir='ltr'><strong>creata</strong></span> <span class='ocrx_word' id='word_1_641' title='bbox 2877 3605 3180 3663; x_wconf 85' lang='lat' dir='ltr'><strong>subsistere</strong></span> <span class='ocrx_word' id='word_1_642' title='bbox 3209 3620 3320 3661; x_wconf 91' lang='lat' dir='ltr'><strong>non</strong></span> <span class='ocrx_word' id='word_1_643' title='bbox 3346 3611 3591 3676; x_wconf 89' lang='lat' dir='ltr'><strong>possent.</strong></span> <span class='ocrx_word' id='word_1_644' title='bbox 3621 3602 3746 3658; x_wconf 89' lang='lat' dir='ltr'><strong>Por-</strong></span> 
     </span>
    </p>
   </div>
   <div class='ocr_carea' id='block_1_81' title="bbox 2166 3695 3746 3766">
    <p class='ocr_par' dir='ltr' id='par_1_81' title="bbox 2166 3695 3746 3766">
     <span class='ocr_line' id='line_1_81' title="bbox 2166 3695 3746 3766; baseline -0.002 -14"><span class='ocrx_word' id='word_1_645' title='bbox 2166 3705 2294 3753; x_wconf 89' lang='lat' dir='ltr'><strong>tans</strong></span> <span class='ocrx_word' id='word_1_646' title='bbox 2323 3698 2508 3753; x_wconf 90' lang='lat' dir='ltr'><strong>omnia</strong></span> <span class='ocrx_word' id='word_1_647' title='bbox 2539 3697 2712 3766; x_wconf 80' lang='lat' dir='ltr'><strong>uerbo,</strong></span> <span class='ocrx_word' id='word_1_648' title='bbox 2738 3697 2792 3753; x_wconf 90' lang='lat' dir='ltr'><strong>id</strong></span> <span class='ocrx_word' id='word_1_649' title='bbox 2821 3707 2906 3754; x_wconf 91' lang='lat' dir='ltr'><strong>est</strong></span> <span class='ocrx_word' id='word_1_650' title='bbox 2932 3699 3052 3754; x_wconf 89' lang='lat' dir='ltr'><strong>sola</strong></span> <span class='ocrx_word' id='word_1_651' title='bbox 3077 3698 3380 3764; x_wconf 89' lang='lat' dir='ltr'><strong>voluntate,</strong></span> <span class='ocrx_word' id='word_1_652' title='bbox 3409 3695 3552 3753; x_wconf 91' lang='lat' dir='ltr'><strong>sicut</strong></span> <span class='ocrx_word' id='word_1_653' title='bbox 3571 3709 3746 3766; x_wconf 88' lang='lat' dir='ltr'><strong>quem-</strong></span> 
     </span>
    </p>
   </div>
   <div class='ocr_carea' id='block_1_82' title="bbox 2166 3788 3744 3862">
    <p class='ocr_par' dir='ltr' id='par_1_82' title="bbox 2166 3788 3744 3862">
     <span class='ocr_line' id='line_1_82' title="bbox 2166 3788 3744 3862; baseline -0.001 -19"><span class='ocrx_word' id='word_1_654' title='bbox 2166 3788 2299 3844; x_wconf 91' lang='lat' dir='ltr'><strong>libet</strong></span> <span class='ocrx_word' id='word_1_655' title='bbox 2345 3804 2528 3861; x_wconf 88' lang='lat' dir='ltr'><strong>regem</strong></span> <span class='ocrx_word' id='word_1_656' title='bbox 2568 3789 2948 3860; x_wconf 84' lang='lat' dir='ltr'><strong>judicaremus</strong></span> <span class='ocrx_word' id='word_1_657' title='bbox 2980 3797 3278 3862; x_wconf 83' lang='lat' dir='ltr'><strong>petentem,</strong></span> <span class='ocrx_word' id='word_1_658' title='bbox 3317 3789 3416 3862; x_wconf 88' lang='lat' dir='ltr'><strong>qui</strong></span> <span class='ocrx_word' id='word_1_659' title='bbox 3445 3789 3562 3845; x_wconf 87' lang='lat' dir='ltr'><strong>solo</strong></span> <span class='ocrx_word' id='word_1_660' title='bbox 3589 3788 3744 3844; x_wconf 90' lang='lat' dir='ltr'><strong>verbo</strong></span> 
     </span>
    </p>
   </div>
   <div class='ocr_carea' id='block_1_83' title="bbox 2167 3881 3744 3954">
    <p class='ocr_par' dir='ltr' id='par_1_83' title="bbox 2167 3881 3744 3954">
     <span class='ocr_line' id='line_1_83' title="bbox 2167 3881 3744 3954; baseline -0.001 -18"><span class='ocrx_word' id='word_1_661' title='bbox 2167 3881 2502 3954; x_wconf 84' lang='lat' dir='ltr'><strong>gubernaret</strong></span> <span class='ocrx_word' id='word_1_662' title='bbox 2567 3883 2860 3954; x_wconf 87' lang='lat' dir='ltr'><strong>imperium</strong></span> <span class='ocrx_word' id='word_1_663' title='bbox 2931 3899 3115 3940; x_wconf 90' lang='lat' dir='ltr'><strong>suum.</strong></span> <span class='ocrx_word' id='word_1_664' title='bbox 3169 3883 3446 3952; x_wconf 88' lang='lat' dir='ltr'><strong>Portans,</strong></span> <span class='ocrx_word' id='word_1_665' title='bbox 3499 3882 3744 3953; x_wconf 89' lang='lat' dir='ltr'><strong>inquam,</strong></span> 
     </span>
    </p>
   </div>
   <div class='ocr_carea' id='block_1_84' title="bbox 2167 3973 3747 4044">
    <p class='ocr_par' dir='ltr' id='par_1_84' title="bbox 2167 3973 3747 4044">
     <span class='ocr_line' id='line_1_84' title="bbox 2167 3973 3747 4044; baseline 0.001 -16"><span class='ocrx_word' id='word_1_666' title='bbox 2167 3974 2354 4028; x_wconf 90' lang='lat' dir='ltr'><strong>omnia</strong></span> <span class='ocrx_word' id='word_1_667' title='bbox 2405 3973 2574 4030; x_wconf 89' lang='lat' dir='ltr'><strong>verbo</strong></span> <span class='ocrx_word' id='word_1_668' title='bbox 2613 3974 2830 4028; x_wconf 78' lang='lat' dir='ltr'><strong>virtutis</strong></span> <span class='ocrx_word' id='word_1_669' title='bbox 2870 3991 3020 4044; x_wconf 74' lang='lat' dir='ltr'><strong>suta,</strong></span> <span class='ocrx_word' id='word_1_670' title='bbox 3067 3973 3124 4031; x_wconf 89' lang='lat' dir='ltr'><strong>id</strong></span> <span class='ocrx_word' id='word_1_671' title='bbox 3171 3983 3257 4032; x_wconf 90' lang='lat' dir='ltr'><strong>est</strong></span> <span class='ocrx_word' id='word_1_672' title='bbox 3300 3973 3548 4032; x_wconf 88' lang='lat' dir='ltr'><strong>virtuoso</strong></span> <span class='ocrx_word' id='word_1_673' title='bbox 3590 3973 3747 4030; x_wconf 78' lang='lat' dir='ltr'><strong>verba</strong></span> 
     </span>
    </p>
   </div>
   <div class='ocr_carea' id='block_1_85' title="bbox 2169 4083 2354 4123">
    <p class='ocr_par' dir='ltr' id='par_1_85' title="bbox 2169 4083 2354 4123">
     <span class='ocr_line' id='line_1_85' title="bbox 2169 4083 2354 4123; baseline -0.005 0"><span class='ocrx_word' id='word_1_674' title='bbox 2169 4083 2292 4123; x_wconf 73' lang='lat'><strong>3110.</strong></span> <span class='ocrx_word' id='word_1_675' title='bbox 2349 4099 2354 4112; x_wconf 73' lang='grc' dir='ltr'><em>τ</em></span> 
     </span>
    </p>
   </div>
   <div class='ocr_carea' id='block_1_86' title="bbox 2241 4158 3744 4232">
    <p class='ocr_par' dir='ltr' id='par_1_86' title="bbox 2241 4158 3744 4232">
     <span class='ocr_line' id='line_1_86' title="bbox 2241 4158 3744 4232; baseline 0.001 -19"><span class='ocrx_word' id='word_1_676' title='bbox 2241 4158 2367 4216; x_wconf 80' lang='lat' dir='ltr'><strong>Haec</strong></span> <span class='ocrx_word' id='word_1_677' title='bbox 2393 4160 2578 4216; x_wconf 89' lang='lat' dir='ltr'><strong>omnia</strong></span> <span class='ocrx_word' id='word_1_678' title='bbox 2629 4159 2766 4216; x_wconf 89' lang='lat' dir='ltr'><strong>nihil</strong></span> <span class='ocrx_word' id='word_1_679' title='bbox 2811 4159 2995 4216; x_wconf 89' lang='lat' dir='ltr'><strong>adhuc</strong></span> <span class='ocrx_word' id='word_1_680' title='bbox 3027 4160 3094 4216; x_wconf 87' lang='lat' dir='ltr'><strong>ad</strong></span> <span class='ocrx_word' id='word_1_681' title='bbox 3125 4159 3270 4228; x_wconf 89' lang='lat' dir='ltr'><strong>illos,</strong></span> <span class='ocrx_word' id='word_1_682' title='bbox 3305 4160 3439 4232; x_wconf 91' lang='lat' dir='ltr'><strong>quia</strong></span> <span class='ocrx_word' id='word_1_683' title='bbox 3461 4159 3697 4218; x_wconf 84' lang='lat' dir='ltr'><strong>dicerent</strong></span> <span class='ocrx_word' id='word_1_684' title='bbox 3727 4177 3744 4215; x_wconf 85' lang='lat'><strong>:</strong></span> 
     </span>
    </p>
   </div>
   <div class='ocr_carea' id='block_1_87' title="bbox 2174 4249 3746 4324">
    <p class='ocr_par' dir='ltr' id='par_1_87' title="bbox 2174 4249 3746 4324">
     <span class='ocr_line' id='line_1_87' title="bbox 2174 4249 3746 4324; baseline -0.001 -18"><span class='ocrx_word' id='word_1_685' title='bbox 2174 4251 2317 4318; x_wconf 84' lang='lat' dir='ltr'><strong>Quid</strong></span> <span class='ocrx_word' id='word_1_686' title='bbox 2350 4251 2573 4322; x_wconf 89' lang='lat' dir='ltr'><strong>prodest</strong></span> <span class='ocrx_word' id='word_1_687' title='bbox 2601 4253 2761 4308; x_wconf 90' lang='lat' dir='ltr'><strong>nobis</strong></span> <span class='ocrx_word' id='word_1_688' title='bbox 2792 4251 2840 4308; x_wconf 92' lang='lat' dir='ltr'><strong>si</strong></span> <span class='ocrx_word' id='word_1_689' title='bbox 2867 4268 2964 4324; x_wconf 90' lang='lat' dir='ltr'><strong>per</strong></span> <span class='ocrx_word' id='word_1_690' title='bbox 2991 4267 3118 4308; x_wconf 90' lang='lat' dir='ltr'><strong>eum</strong></span> <span class='ocrx_word' id='word_1_691' title='bbox 3150 4250 3294 4308; x_wconf 78' lang='lat' dir='ltr'><strong>facta</strong></span> <span class='ocrx_word' id='word_1_692' title='bbox 3323 4259 3455 4307; x_wconf 91' lang='lat' dir='ltr'><strong>sunt</strong></span> <span class='ocrx_word' id='word_1_693' title='bbox 3479 4251 3680 4318; x_wconf 87' lang='lat' dir='ltr'><strong>omnia,</strong></span> <span class='ocrx_word' id='word_1_694' title='bbox 3701 4249 3746 4306; x_wconf 90' lang='lat' dir='ltr'><strong>si</strong></span> 
     </span>
    </p>
   </div>
   <div class='ocr_carea' id='block_1_88' title="bbox 2171 4343 3742 4416">
    <p class='ocr_par' dir='ltr' id='par_1_88' title="bbox 2171 4343 3742 4416">
     <span class='ocr_line' id='line_1_88' title="bbox 2171 4343 3742 4416; baseline -0.001 -18"><span class='ocrx_word' id='word_1_695' title='bbox 2171 4343 2428 4414; x_wconf 87' lang='lat' dir='ltr'><strong>splendor</strong></span> <span class='ocrx_word' id='word_1_696' title='bbox 2454 4344 2527 4400; x_wconf 89' lang='lat' dir='ltr'><strong>sit</strong></span> <span class='ocrx_word' id='word_1_697' title='bbox 2552 4345 2756 4416; x_wconf 65' lang='lat' dir='ltr'><strong>gloriae,</strong></span> <span class='ocrx_word' id='word_1_698' title='bbox 2785 4352 2889 4400; x_wconf 87' lang='lat' dir='ltr'><strong>etc.</strong></span> <span class='ocrx_word' id='word_1_699' title='bbox 2941 4343 3024 4399; x_wconf 82' lang='lat' dir='ltr'><strong>Ad</strong></span> <span class='ocrx_word' id='word_1_700' title='bbox 3049 4343 3156 4400; x_wconf 89' lang='lat' dir='ltr'><strong>hoc</strong></span> <span class='ocrx_word' id='word_1_701' title='bbox 3185 4343 3392 4400; x_wconf 90' lang='lat' dir='ltr'><strong>Paulus</strong></span> <span class='ocrx_word' id='word_1_702' title='bbox 3420 4343 3702 4416; x_wconf 86' lang='lat' dir='ltr'><strong>respondet</strong></span> <span class='ocrx_word' id='word_1_703' title='bbox 3729 4359 3742 4396; x_wconf 91' lang='lat'><strong>:</strong></span> 
     </span>
    </p>
   </div>
   <div class='ocr_carea' id='block_1_89' title="bbox 481 4434 3748 4510">
    <p class='ocr_par' dir='ltr' id='par_1_89' title="bbox 481 4434 3748 4510">
     <span class='ocr_line' id='line_1_89' title="bbox 481 4434 3748 4510; baseline 0 -21"><span class='ocrx_word' id='word_1_704' title='bbox 481 4435 668 4505; x_wconf 92' lang='lat' dir='ltr'><strong>posuit</strong></span> <span class='ocrx_word' id='word_1_705' title='bbox 695 4434 1028 4505; x_wconf 65' lang='lat' dir='ltr'><strong>praeteritum</strong></span> <span class='ocrx_word' id='word_1_706' title='bbox 1055 4434 1305 4502; x_wconf 90' lang='lat' dir='ltr'><strong>locutus,</strong></span> <span class='ocrx_word' id='word_1_707' title='bbox 1339 4435 1610 4508; x_wconf 84' lang='lat' dir='ltr'><strong>signiﬁcat</strong></span> <span class='ocrx_word' id='word_1_708' title='bbox 1643 4435 1784 4492; x_wconf 91' lang='lat' dir='ltr'><strong>idem</strong></span> <span class='ocrx_word' id='word_1_709' title='bbox 1815 4454 1873 4494; x_wconf 88' lang='lat' dir='ltr'><strong>se</strong></span> <span class='ocrx_word' id='word_1_710' title='bbox 1916 4438 2067 4510; x_wconf 89' lang='lat' dir='ltr'><strong>loqui</strong></span> <span class='ocrx_word' id='word_1_711' title='bbox 2099 4439 2142 4499; x_wconf 93' lang='lat' dir='ltr'><strong>D</strong></span> <span class='ocrx_word' id='word_1_712' title='bbox 2171 4435 2343 4490; x_wconf 84' lang='lat' dir='ltr'><strong>Filius</strong></span> <span class='ocrx_word' id='word_1_713' title='bbox 2371 4435 2494 4492; x_wconf 86' lang='lat' dir='ltr'><strong>dico</strong></span> <span class='ocrx_word' id='word_1_714' title='bbox 2526 4437 2726 4506; x_wconf 80' lang='lat' dir='ltr'><strong>faciens</strong></span> <span class='ocrx_word' id='word_1_715' title='bbox 2768 4437 3137 4508; x_wconf 87' lang='lat' dir='ltr'><strong>purgationem</strong></span> <span class='ocrx_word' id='word_1_716' title='bbox 3178 4445 3546 4506; x_wconf 85' lang='lat' dir='ltr'><strong>peccatorum,</strong></span> <span class='ocrx_word' id='word_1_717' title='bbox 3591 4435 3642 4490; x_wconf 90' lang='lat' dir='ltr'><strong>id</strong></span> <span class='ocrx_word' id='word_1_718' title='bbox 3671 4440 3748 4490; x_wconf 83' lang='lat' dir='ltr'><strong>est</strong></span> 
     </span>
    </p>
   </div>
   <div class='ocr_carea' id='block_1_90' title="bbox 481 4525 2066 4604">
    <p class='ocr_par' dir='ltr' id='par_1_90' title="bbox 481 4525 2066 4604">
     <span class='ocr_line' id='line_1_90' title="bbox 481 4525 2066 4604; baseline 0.005 -24"><span class='ocrx_word' id='word_1_719' title='bbox 481 4542 580 4598; x_wconf 86' lang='lat' dir='ltr'><strong>per</strong></span> <span class='ocrx_word' id='word_1_720' title='bbox 599 4525 795 4581; x_wconf 85' lang='lat' dir='ltr'><strong>Filium</strong></span> <span class='ocrx_word' id='word_1_721' title='bbox 817 4526 965 4598; x_wconf 88' lang='lat' dir='ltr'><strong>quod</strong></span> <span class='ocrx_word' id='word_1_722' title='bbox 989 4529 1206 4583; x_wconf 90' lang='lat' dir='ltr'><strong>locutus</strong></span> <span class='ocrx_word' id='word_1_723' title='bbox 1227 4536 1308 4584; x_wconf 91' lang='lat' dir='ltr'><strong>est</strong></span> <span class='ocrx_word' id='word_1_724' title='bbox 1330 4544 1428 4599; x_wconf 84' lang='lat' dir='ltr'><strong>per</strong></span> <span class='ocrx_word' id='word_1_725' title='bbox 1449 4531 1762 4600; x_wconf 85' lang='lat' dir='ltr'><strong>prephetas,</strong></span> <span class='ocrx_word' id='word_1_726' title='bbox 1789 4531 1892 4586; x_wconf 83' lang='lat' dir='ltr'><strong>nisi</strong></span> <span class='ocrx_word' id='word_1_727' title='bbox 1918 4533 2066 4604; x_wconf 91' lang='lat' dir='ltr'><strong>quod</strong></span> 
     </span>
    </p>
   </div>
   <div class='ocr_carea' id='block_1_91' title="bbox 481 4619 2064 4692">
    <p class='ocr_par' dir='ltr' id='par_1_91' title="bbox 481 4619 2064 4692">
     <span class='ocr_line' id='line_1_91' title="bbox 481 4619 2064 4692; baseline 0.004 -20"><span class='ocrx_word' id='word_1_728' title='bbox 481 4619 539 4674; x_wconf 90' lang='lat' dir='ltr'><strong>in</strong></span> <span class='ocrx_word' id='word_1_729' title='bbox 569 4619 851 4690; x_wconf 86' lang='lat' dir='ltr'><strong>prophetis</strong></span> <span class='ocrx_word' id='word_1_730' title='bbox 874 4621 1086 4676; x_wconf 89' lang='lat' dir='ltr'><strong>occulta</strong></span> <span class='ocrx_word' id='word_1_731' title='bbox 1115 4619 1347 4686; x_wconf 88' lang='lat' dir='ltr'><strong>veritas,</strong></span> <span class='ocrx_word' id='word_1_732' title='bbox 1385 4628 1439 4676; x_wconf 92' lang='lat' dir='ltr'><strong>et</strong></span> <span class='ocrx_word' id='word_1_733' title='bbox 1484 4621 1664 4677; x_wconf 90' lang='lat' dir='ltr'><strong>adhuc</strong></span> <span class='ocrx_word' id='word_1_734' title='bbox 1713 4623 2064 4692; x_wconf 88' lang='lat' dir='ltr'><strong>complenda,</strong></span> 
     </span>
    </p>
   </div>
   <div class='ocr_carea' id='block_1_92' title="bbox 485 4711 2068 4784">
    <p class='ocr_par' dir='ltr' id='par_1_92' title="bbox 485 4711 2068 4784">
     <span class='ocr_line' id='line_1_92' title="bbox 485 4711 2068 4784; baseline 0.005 -21"><span class='ocrx_word' id='word_1_735' title='bbox 485 4711 540 4764; x_wconf 91' lang='lat' dir='ltr'><strong>in</strong></span> <span class='ocrx_word' id='word_1_736' title='bbox 579 4711 718 4766; x_wconf 87' lang='lat' dir='ltr'><strong>Filio</strong></span> <span class='ocrx_word' id='word_1_737' title='bbox 745 4721 928 4767; x_wconf 86' lang='lat' dir='ltr'><strong>autem</strong></span> <span class='ocrx_word' id='word_1_738' title='bbox 975 4721 1165 4782; x_wconf 89' lang='lat' dir='ltr'><strong>aperta</strong></span> <span class='ocrx_word' id='word_1_739' title='bbox 1211 4713 1413 4768; x_wconf 86' lang='lat' dir='ltr'><strong>veritas</strong></span> <span class='ocrx_word' id='word_1_740' title='bbox 1446 4721 1492 4767; x_wconf 90' lang='lat' dir='ltr'><strong>et</strong></span> <span class='ocrx_word' id='word_1_741' title='bbox 1548 4715 1838 4784; x_wconf 91' lang='lat' dir='ltr'><strong>completa.</strong></span> <span class='ocrx_word' id='word_1_742' title='bbox 1871 4713 2068 4771; x_wconf 89' lang='lat' dir='ltr'><strong>Dicens</strong></span> 
     </span>
    </p>
   </div>
   <div class='ocr_carea' id='block_1_93' title="bbox 484 4801 2068 4876">
    <p class='ocr_par' dir='ltr' id='par_1_93' title="bbox 484 4801 2068 4876">
     <span class='ocr_line' id='line_1_93' title="bbox 484 4801 2068 4876; baseline 0.004 -21"><span class='ocrx_word' id='word_1_743' title='bbox 484 4802 647 4857; x_wconf 87' lang='lat' dir='ltr'><strong>etiam</strong></span> <span class='ocrx_word' id='word_1_744' title='bbox 677 4801 818 4859; x_wconf 91' lang='lat' dir='ltr'><strong>Deus</strong></span> <span class='ocrx_word' id='word_1_745' title='bbox 845 4804 1076 4876; x_wconf 88' lang='lat' dir='ltr'><strong>loquens</strong></span> <span class='ocrx_word' id='word_1_746' title='bbox 1099 4805 1345 4874; x_wconf 89' lang='lat' dir='ltr'><strong>patribus</strong></span> <span class='ocrx_word' id='word_1_747' title='bbox 1383 4803 1592 4858; x_wconf 83' lang='lat' dir='ltr'><strong>locutus</strong></span> <span class='ocrx_word' id='word_1_748' title='bbox 1639 4813 1716 4860; x_wconf 83' lang='lat' dir='ltr'><strong>est</strong></span> <span class='ocrx_word' id='word_1_749' title='bbox 1741 4806 1890 4860; x_wconf 84' lang='lat' dir='ltr'><strong>nobis</strong></span> <span class='ocrx_word' id='word_1_750' title='bbox 1937 4807 2068 4876; x_wconf 82' lang='lat' dir='ltr'><strong>ﬁliis</strong></span> 
     </span>
    </p>
   </div>
   <div class='ocr_carea' id='block_1_94' title="bbox 487 4895 2070 4968">
    <p class='ocr_par' dir='ltr' id='par_1_94' title="bbox 487 4895 2070 4968">
     <span class='ocr_line' id='line_1_94' title="bbox 487 4895 2070 4968; baseline 0.004 -20"><span class='ocrx_word' id='word_1_751' title='bbox 487 4895 806 4951; x_wconf 89' lang='lat' dir='ltr'><strong>eorumdem</strong></span> <span class='ocrx_word' id='word_1_752' title='bbox 835 4905 1071 4966; x_wconf 88' lang='lat' dir='ltr'><strong>patrum,</strong></span> <span class='ocrx_word' id='word_1_753' title='bbox 1105 4896 1283 4950; x_wconf 92' lang='lat' dir='ltr'><strong>innuit</strong></span> <span class='ocrx_word' id='word_1_754' title='bbox 1302 4895 1478 4953; x_wconf 88' lang='lat' dir='ltr'><strong>eidem</strong></span> <span class='ocrx_word' id='word_1_755' title='bbox 1495 4898 1697 4968; x_wconf 80' lang='lat' dir='ltr'><strong>pepulo</strong></span> <span class='ocrx_word' id='word_1_756' title='bbox 1723 4914 1832 4953; x_wconf 91' lang='lat' dir='ltr'><strong>non</strong></span> <span class='ocrx_word' id='word_1_757' title='bbox 1853 4899 2070 4954; x_wconf 89' lang='lat' dir='ltr'><strong>diversa</strong></span> 
     </span>
    </p>
   </div>
   <div class='ocr_carea' id='block_1_95' title="bbox 489 4983 2071 5061">
    <p class='ocr_par' dir='ltr' id='par_1_95' title="bbox 489 4983 2071 5061">
     <span class='ocr_line' id='line_1_95' title="bbox 489 4983 2071 5061; baseline 0.005 -24"><span class='ocrx_word' id='word_1_758' title='bbox 489 4983 659 5040; x_wconf 77' lang='lat' dir='ltr'><strong>&#39;uisse</strong></span> <span class='ocrx_word' id='word_1_759' title='bbox 683 4986 926 5041; x_wconf 89' lang='lat' dir='ltr'><strong>locutum</strong></span> <span class='ocrx_word' id='word_1_760' title='bbox 944 5030 958 5053; x_wconf 92' lang='lat'><strong>,</strong></span> <span class='ocrx_word' id='word_1_761' title='bbox 997 4987 1094 5043; x_wconf 90' lang='lat' dir='ltr'><strong>sed</strong></span> <span class='ocrx_word' id='word_1_762' title='bbox 1119 4987 1164 5043; x_wconf 92' lang='lat' dir='ltr'><strong>si</strong></span> <span class='ocrx_word' id='word_1_763' title='bbox 1189 5003 1284 5058; x_wconf 92' lang='lat' dir='ltr'><strong>per</strong></span> <span class='ocrx_word' id='word_1_764' title='bbox 1310 4988 1824 5058; x_wconf 70' lang='lat' dir='ltr'><strong>prophetasJudteis</strong></span> <span class='ocrx_word' id='word_1_765' title='bbox 1855 5007 1950 5061; x_wconf 90' lang='lat' dir='ltr'><strong>per</strong></span> <span class='ocrx_word' id='word_1_766' title='bbox 1977 4989 2071 5045; x_wconf 82' lang='lat' dir='ltr'><strong>Fi-</strong></span> 
     </span>
    </p>
   </div>
   <div class='ocr_carea' id='block_1_96' title="bbox 491 5075 2074 5152">
    <p class='ocr_par' dir='ltr' id='par_1_96' title="bbox 491 5075 2074 5152">
     <span class='ocr_line' id='line_1_96' title="bbox 491 5075 2074 5152; baseline 0.005 -22"><span class='ocrx_word' id='word_1_767' title='bbox 491 5075 623 5131; x_wconf 86' lang='lat' dir='ltr'><strong>lium</strong></span> <span class='ocrx_word' id='word_1_768' title='bbox 649 5077 780 5133; x_wconf 93' lang='lat' dir='ltr'><strong>solis</strong></span> <span class='ocrx_word' id='word_1_769' title='bbox 809 5079 1127 5149; x_wconf 90' lang='lat' dir='ltr'><strong>loqueretur</strong></span> <span class='ocrx_word' id='word_1_770' title='bbox 1149 5081 1422 5151; x_wconf 85' lang='lat' dir='ltr'><strong>gentibus,</strong></span> <span class='ocrx_word' id='word_1_771' title='bbox 1451 5089 1637 5151; x_wconf 91' lang='lat' dir='ltr'><strong>posset</strong></span> <span class='ocrx_word' id='word_1_772' title='bbox 1663 5081 1873 5152; x_wconf 89' lang='lat' dir='ltr'><strong>opinari</strong></span> <span class='ocrx_word' id='word_1_773' title='bbox 1902 5083 1970 5138; x_wconf 90' lang='lat' dir='ltr'><strong>ad</strong></span> <span class='ocrx_word' id='word_1_774' title='bbox 1991 5083 2074 5138; x_wconf 91' lang='lat' dir='ltr'><strong>di-</strong></span> 
     </span>
    </p>
   </div>
   <div class='ocr_carea' id='block_1_97' title="bbox 494 5170 2073 5239">
    <p class='ocr_par' dir='ltr' id='par_1_97' title="bbox 494 5170 2073 5239">
     <span class='ocr_line' id='line_1_97' title="bbox 494 5170 2073 5239; baseline 0.005 -17"><span class='ocrx_word' id='word_1_775' title='bbox 494 5184 678 5224; x_wconf 86' lang='lat' dir='ltr'><strong>versos</strong></span> <span class='ocrx_word' id='word_1_776' title='bbox 703 5170 934 5239; x_wconf 86' lang='lat' dir='ltr'><strong>pepulos</strong></span> <span class='ocrx_word' id='word_1_777' title='bbox 967 5171 1034 5226; x_wconf 93' lang='lat' dir='ltr'><strong>de</strong></span> <span class='ocrx_word' id='word_1_778' title='bbox 1058 5171 1290 5228; x_wconf 88' lang='lat' dir='ltr'><strong>diversis</strong></span> <span class='ocrx_word' id='word_1_779' title='bbox 1334 5171 1504 5229; x_wconf 85' lang='lat' dir='ltr'><strong>fuisse</strong></span> <span class='ocrx_word' id='word_1_780' title='bbox 1534 5175 1799 5229; x_wconf 91' lang='lat' dir='ltr'><strong>locutum.</strong></span> <span class='ocrx_word' id='word_1_781' title='bbox 1832 5173 2073 5230; x_wconf 90' lang='lat' dir='ltr'><strong>Locutus</strong></span> 
     </span>
    </p>
   </div>
   <div class='ocr_carea' id='block_1_98' title="bbox 493 5259 2072 5332">
    <p class='ocr_par' dir='ltr' id='par_1_98' title="bbox 493 5259 2072 5332">
     <span class='ocr_line' id='line_1_98' title="bbox 493 5259 2072 5332; baseline 0.006 -20"><span class='ocrx_word' id='word_1_782' title='bbox 493 5265 576 5314; x_wconf 77' lang='lat' dir='ltr'><strong>est</strong></span> <span class='ocrx_word' id='word_1_783' title='bbox 594 5259 754 5313; x_wconf 85' lang='lat' dir='ltr'><strong>nobis</strong></span> <span class='ocrx_word' id='word_1_784' title='bbox 804 5261 1115 5327; x_wconf 82' lang='lat' dir='ltr'><strong>novissime,</strong></span> <span class='ocrx_word' id='word_1_785' title='bbox 1148 5262 1353 5318; x_wconf 87' lang='lat' dir='ltr'><strong>scilicet</strong></span> <span class='ocrx_word' id='word_1_786' title='bbox 1391 5263 1446 5318; x_wconf 93' lang='lat' dir='ltr'><strong>in</strong></span> <span class='ocrx_word' id='word_1_787' title='bbox 1482 5264 1664 5318; x_wconf 83' lang='lat' dir='ltr'><strong>diebus</strong></span> <span class='ocrx_word' id='word_1_788' title='bbox 1708 5265 1864 5332; x_wconf 82' lang='lat' dir='ltr'><strong>istis,</strong></span> <span class='ocrx_word' id='word_1_789' title='bbox 1893 5259 2072 5323; x_wconf 85' lang='lat' dir='ltr'><strong>adhuc</strong></span> 
     </span>
    </p>
   </div>
   <div class='ocr_carea' id='block_1_99' title="bbox 493 5351 2072 5432">
    <p class='ocr_par' dir='ltr' id='par_1_99' title="bbox 493 5351 2072 5432">
     <span class='ocr_line' id='line_1_99' title="bbox 493 5351 2072 5432; baseline 0.004 -26"><span class='ocrx_word' id='word_1_790' title='bbox 493 5351 637 5406; x_wconf 89' lang='lat' dir='ltr'><strong>enim</strong></span> <span class='ocrx_word' id='word_1_791' title='bbox 668 5351 824 5406; x_wconf 89' lang='lat' dir='ltr'><strong>multi</strong></span> <span class='ocrx_word' id='word_1_792' title='bbox 855 5361 1148 5423; x_wconf 86' lang='lat' dir='ltr'><strong>supersunt</strong></span> <span class='ocrx_word' id='word_1_793' title='bbox 1181 5355 1282 5424; x_wconf 36' lang='lat' dir='ltr'><strong>qui.</strong></span> <span class='ocrx_word' id='word_1_794' title='bbox 1299 5371 1424 5408; x_wconf 92' lang='lat' dir='ltr'><strong>eum</strong></span> <span class='ocrx_word' id='word_1_795' title='bbox 1449 5355 1763 5424; x_wconf 89' lang='lat' dir='ltr'><strong>loquentem</strong></span> <span class='ocrx_word' id='word_1_796' title='bbox 1786 5367 1838 5412; x_wconf 85' lang='lat' dir='ltr'><strong>et</strong></span> <span class='ocrx_word' id='word_1_797' title='bbox 1880 5353 2072 5432; x_wconf 60' lang='lat' dir='ltr'><strong>audio-{-</strong></span> 
     </span>
    </p>
   </div>
   <div class='ocr_carea' id='block_1_100' title="bbox 497 5443 2073 5521">
    <p class='ocr_par' dir='ltr' id='par_1_100' title="bbox 497 5443 2073 5521">
     <span class='ocr_line' id='line_1_100' title="bbox 497 5443 2073 5521; baseline 0.005 -21"><span class='ocrx_word' id='word_1_798' title='bbox 497 5453 622 5500; x_wconf 62' lang='lat' dir='ltr'><strong>runt</strong></span> <span class='ocrx_word' id='word_1_799' title='bbox 655 5453 709 5500; x_wconf 91' lang='lat' dir='ltr'><strong>et</strong></span> <span class='ocrx_word' id='word_1_800' title='bbox 731 5444 1006 5502; x_wconf 74' lang='lat' dir='ltr'><strong>viderunt.</strong></span> <span class='ocrx_word' id='word_1_801' title='bbox 1035 5443 1133 5500; x_wconf 82' lang='lat' dir='ltr'><strong>Vel</strong></span> <span class='ocrx_word' id='word_1_802' title='bbox 1163 5445 1238 5500; x_wconf 88' lang='lat' dir='ltr'><strong>ita</strong></span> <span class='ocrx_word' id='word_1_803' title='bbox 1267 5465 1280 5500; x_wconf 87' lang='lat'><strong>:</strong></span> <span class='ocrx_word' id='word_1_804' title='bbox 1307 5445 1553 5502; x_wconf 91' lang='lat' dir='ltr'><strong>Locutus</strong></span> <span class='ocrx_word' id='word_1_805' title='bbox 1595 5457 1678 5502; x_wconf 90' lang='lat' dir='ltr'><strong>est</strong></span> <span class='ocrx_word' id='word_1_806' title='bbox 1703 5448 1896 5506; x_wconf 89' lang='lat' dir='ltr'><strong>diebus</strong></span> <span class='ocrx_word' id='word_1_807' title='bbox 1923 5449 2073 5521; x_wconf 87' lang='lat' dir='ltr'><strong>istis,</strong></span> 
     </span>
    </p>
   </div>
   <div class='ocr_carea' id='block_1_101' title="bbox 494 5535 996 5593">
    <p class='ocr_par' dir='ltr' id='par_1_101' title="bbox 494 5535 996 5593">
     <span class='ocr_line' id='line_1_101' title="bbox 494 5535 996 5593; baseline -0.002 -1"><span class='ocrx_word' id='word_1_808' title='bbox 494 5535 638 5592; x_wconf 83' lang='lat' dir='ltr'><strong>sicut</strong></span> <span class='ocrx_word' id='word_1_809' title='bbox 657 5537 864 5592; x_wconf 89' lang='lat' dir='ltr'><strong>dictum</strong></span> <span class='ocrx_word' id='word_1_810' title='bbox 893 5545 996 5593; x_wconf 90' lang='lat' dir='ltr'><strong>est.</strong></span> 
     </span>
    </p>
   </div>
   <div class='ocr_carea' id='block_1_102' title="bbox 564 5627 2079 5704">
    <p class='ocr_par' dir='ltr' id='par_1_102' title="bbox 564 5627 2079 5704">
     <span class='ocr_line' id='line_1_102' title="bbox 564 5627 2079 5704; baseline 0.007 -24"><span class='ocrx_word' id='word_1_811' title='bbox 564 5627 798 5684; x_wconf 87' lang='lat' dir='ltr'><strong>Locutus</strong></span> <span class='ocrx_word' id='word_1_812' title='bbox 827 5631 948 5686; x_wconf 91' lang='lat' dir='ltr'><strong>dico</strong></span> <span class='ocrx_word' id='word_1_813' title='bbox 977 5631 1258 5686; x_wconf 80' lang='lat' dir='ltr'><strong>nouissime</strong></span> <span class='ocrx_word' id='word_1_814' title='bbox 1279 5672 1293 5698; x_wconf 90' lang='lat'><strong>,</strong></span> <span class='ocrx_word' id='word_1_815' title='bbox 1325 5645 1446 5700; x_wconf 69' lang='lat' dir='ltr'><strong>quae</strong></span> <span class='ocrx_word' id='word_1_816' title='bbox 1486 5631 1600 5686; x_wconf 76' lang='lat' dir='ltr'><strong>lucc</strong></span> <span class='ocrx_word' id='word_1_817' title='bbox 1627 5631 1831 5687; x_wconf 90' lang='lat' dir='ltr'><strong>locutio</strong></span> <span class='ocrx_word' id='word_1_818' title='bbox 1863 5631 1958 5688; x_wconf 89' lang='lat' dir='ltr'><strong>Dei</strong></span> <span class='ocrx_word' id='word_1_819' title='bbox 1983 5649 2079 5704; x_wconf 90' lang='lat' dir='ltr'><strong>per</strong></span> 
     </span>
    </p>
   </div>
   <div class='ocr_carea' id='block_1_103' title="bbox 498 5717 2077 5792">
    <p class='ocr_par' dir='ltr' id='par_1_103' title="bbox 498 5717 2077 5792">
     <span class='ocr_line' id='line_1_103' title="bbox 498 5717 2077 5792; baseline 0.003 -14"><span class='ocrx_word' id='word_1_820' title='bbox 498 5717 538 5778; x_wconf 68' lang='grc' dir='ltr'><strong>Γ</strong></span> <span class='ocrx_word' id='word_1_821' title='bbox 544 5719 694 5776; x_wconf 87' lang='lat' dir='ltr'><strong>ilium</strong></span> <span class='ocrx_word' id='word_1_822' title='bbox 725 5723 1021 5780; x_wconf 85' lang='lat' dir='ltr'><strong>novissima</strong></span> <span class='ocrx_word' id='word_1_823' title='bbox 1071 5721 1203 5792; x_wconf 84' lang='lat' dir='ltr'><strong>fuit,</strong></span> <span class='ocrx_word' id='word_1_824' title='bbox 1247 5723 1450 5778; x_wconf 90' lang='lat' dir='ltr'><strong>nullius</strong></span> <span class='ocrx_word' id='word_1_825' title='bbox 1501 5723 1740 5779; x_wconf 85' lang='lat' dir='ltr'><strong>novitate</strong></span> <span class='ocrx_word' id='word_1_826' title='bbox 1785 5726 2077 5783; x_wconf 84' lang='lat' dir='ltr'><strong>locutionis</strong></span> 
     </span>
    </p>
   </div>
   <div class='ocr_carea' id='block_1_104' title="bbox 2171 4525 3748 4600">
    <p class='ocr_par' dir='ltr' id='par_1_104' title="bbox 2171 4525 3748 4600">
     <span class='ocr_line' id='line_1_104' title="bbox 2171 4525 3748 4600; baseline -0.001 -18"><span class='ocrx_word' id='word_1_827' title='bbox 2171 4543 2412 4600; x_wconf 84' lang='lat' dir='ltr'><strong>purgans</strong></span> <span class='ocrx_word' id='word_1_828' title='bbox 2442 4528 2694 4584; x_wconf 88' lang='lat' dir='ltr'><strong>homines</strong></span> <span class='ocrx_word' id='word_1_829' title='bbox 2722 4543 2750 4582; x_wconf 92' lang='lat' dir='ltr'><strong>a</strong></span> <span class='ocrx_word' id='word_1_830' title='bbox 2783 4527 3044 4599; x_wconf 88' lang='lat' dir='ltr'><strong>peccatis,</strong></span> <span class='ocrx_word' id='word_1_831' title='bbox 3069 4537 3125 4584; x_wconf 93' lang='lat' dir='ltr'><strong>et</strong></span> <span class='ocrx_word' id='word_1_832' title='bbox 3153 4529 3302 4600; x_wconf 91' lang='lat' dir='ltr'><strong>quod</strong></span> <span class='ocrx_word' id='word_1_833' title='bbox 3323 4543 3557 4600; x_wconf 85' lang='lat' dir='ltr'><strong>purgare</strong></span> <span class='ocrx_word' id='word_1_834' title='bbox 3582 4525 3748 4597; x_wconf 90' lang='lat' dir='ltr'><strong>possit</strong></span> 
     </span>
    </p>
   </div>
   <div class='ocr_carea' id='block_1_105' title="bbox 2171 4620 3748 4692">
    <p class='ocr_par' dir='ltr' id='par_1_105' title="bbox 2171 4620 3748 4692">
     <span class='ocr_line' id='line_1_105' title="bbox 2171 4620 3748 4692; baseline -0.003 -16"><span class='ocrx_word' id='word_1_835' title='bbox 2171 4621 2561 4691; x_wconf 86' lang='lat' dir='ltr'><strong>comprobatur</strong></span> <span class='ocrx_word' id='word_1_836' title='bbox 2587 4637 2654 4676; x_wconf 80' lang='lat' dir='ltr'><strong>ex</strong></span> <span class='ocrx_word' id='word_1_837' title='bbox 2685 4621 3022 4692; x_wconf 67' lang='lat' dir='ltr'><strong>praemissis;</strong></span> <span class='ocrx_word' id='word_1_838' title='bbox 3061 4637 3158 4691; x_wconf 92' lang='lat' dir='ltr'><strong>per</strong></span> <span class='ocrx_word' id='word_1_839' title='bbox 3185 4636 3348 4692; x_wconf 90' lang='lat' dir='ltr'><strong>quem</strong></span> <span class='ocrx_word' id='word_1_840' title='bbox 3379 4620 3522 4676; x_wconf 83' lang='lat' dir='ltr'><strong>facta</strong></span> <span class='ocrx_word' id='word_1_841' title='bbox 3551 4631 3602 4675; x_wconf 89' lang='lat' dir='ltr'><strong>et</strong></span> <span class='ocrx_word' id='word_1_842' title='bbox 3627 4633 3748 4686; x_wconf 87' lang='lat' dir='ltr'><strong>por—</strong></span> 
     </span>
    </p>
   </div>
   <div class='ocr_carea' id='block_1_106' title="bbox 2174 4701 3750 4784">
    <p class='ocr_par' dir='ltr' id='par_1_106' title="bbox 2174 4701 3750 4784">
     <span class='ocr_line' id='line_1_106' title="bbox 2174 4701 3750 4784; baseline -0.003 -16"><span class='ocrx_word' id='word_1_843' title='bbox 2174 4701 2571 4768; x_wconf 58' lang='lat' dir='ltr'><strong>tata-dicuntur</strong></span> <span class='ocrx_word' id='word_1_844' title='bbox 2600 4714 2804 4780; x_wconf 91' lang='lat' dir='ltr'><strong>omnia,</strong></span> <span class='ocrx_word' id='word_1_845' title='bbox 2838 4719 2892 4767; x_wconf 87' lang='lat' dir='ltr'><strong>et</strong></span> <span class='ocrx_word' id='word_1_846' title='bbox 2919 4713 3014 4784; x_wconf 90' lang='lat' dir='ltr'><strong>qui</strong></span> <span class='ocrx_word' id='word_1_847' title='bbox 3066 4725 3190 4768; x_wconf 91' lang='lat' dir='ltr'><strong>cum</strong></span> <span class='ocrx_word' id='word_1_848' title='bbox 3222 4711 3386 4769; x_wconf 90' lang='lat' dir='ltr'><strong>Patre</strong></span> <span class='ocrx_word' id='word_1_849' title='bbox 3430 4727 3612 4768; x_wconf 88' lang='lat' dir='ltr'><strong>eaaem</strong></span> <span class='ocrx_word' id='word_1_850' title='bbox 3669 4717 3750 4765; x_wconf 88' lang='lat' dir='ltr'><strong>est</strong></span> 
     </span>
    </p>
   </div>
   <div class='ocr_carea' id='block_1_107' title="bbox 2174 4799 3748 4874">
    <p class='ocr_par' dir='ltr' id='par_1_107' title="bbox 2174 4799 3748 4874">
     <span class='ocr_line' id='line_1_107' title="bbox 2174 4799 3748 4874; baseline -0.001 -17"><span class='ocrx_word' id='word_1_851' title='bbox 2174 4802 2502 4869; x_wconf 86' lang='lat' dir='ltr'><strong>substantia,</strong></span> <span class='ocrx_word' id='word_1_852' title='bbox 2531 4810 2635 4857; x_wconf 91' lang='lat' dir='ltr'><strong>etc.</strong></span> <span class='ocrx_word' id='word_1_853' title='bbox 2689 4800 2846 4868; x_wconf 91' lang='lat' dir='ltr'><strong>Quod</strong></span> <span class='ocrx_word' id='word_1_854' title='bbox 2899 4801 3062 4856; x_wconf 89' lang='lat' dir='ltr'><strong>etiam</strong></span> <span class='ocrx_word' id='word_1_855' title='bbox 3115 4811 3358 4872; x_wconf 92' lang='lat' dir='ltr'><strong>tempore</strong></span> <span class='ocrx_word' id='word_1_856' title='bbox 3407 4801 3540 4874; x_wconf 83' lang='lat' dir='ltr'><strong>legis</strong></span> <span class='ocrx_word' id='word_1_857' title='bbox 3584 4799 3748 4856; x_wconf 67' lang='grc' dir='ltr'><strong>,Ιυειξεὶ</strong></span> 
     </span>
    </p>
   </div>
   <div class='ocr_carea' id='block_1_108' title="bbox 2176 4891 3748 4962">
    <p class='ocr_par' dir='ltr' id='par_1_108' title="bbox 2176 4891 3748 4962">
     <span class='ocr_line' id='line_1_108' title="bbox 2176 4891 3748 4962; baseline -0.003 -12"><span class='ocrx_word' id='word_1_858' title='bbox 2176 4894 2597 4962; x_wconf 86' lang='lat' dir='ltr'><strong>conﬁtebantur,</strong></span> <span class='ocrx_word' id='word_1_859' title='bbox 2653 4894 2744 4948; x_wconf 92' lang='lat' dir='ltr'><strong>ubi</strong></span> <span class='ocrx_word' id='word_1_860' title='bbox 2774 4893 3029 4949; x_wconf 88' lang='lat' dir='ltr'><strong>dicebant</strong></span> <span class='ocrx_word' id='word_1_861' title='bbox 3061 4895 3239 4950; x_wconf 89' lang='lat' dir='ltr'><strong>eidem</strong></span> <span class='ocrx_word' id='word_1_862' title='bbox 3269 4894 3491 4950; x_wconf 88' lang='lat' dir='ltr'><strong>Christo</strong></span> <span class='ocrx_word' id='word_1_863' title='bbox 3523 4913 3536 4948; x_wconf 87' lang='lat'><strong>:</strong></span> <span class='ocrx_word' id='word_1_864' title='bbox 3571 4913 3588 4944; x_wconf 77' lang='grc' dir='ltr'><strong>ε</strong></span> <span class='ocrx_word' id='word_1_865' title='bbox 3621 4891 3748 4959; x_wconf 85' lang='lat' dir='ltr'><strong>Quis</strong></span> 
     </span>
    </p>
   </div>
   <div class='ocr_carea' id='block_1_109' title="bbox 2179 4983 3746 5056">
    <p class='ocr_par' dir='ltr' id='par_1_109' title="bbox 2179 4983 3746 5056">
     <span class='ocr_line' id='line_1_109' title="bbox 2179 4983 3746 5056; baseline -0.002 -15"><span class='ocrx_word' id='word_1_866' title='bbox 2179 4995 2354 5056; x_wconf 88' lang='lat' dir='ltr'><strong>potest</strong></span> <span class='ocrx_word' id='word_1_867' title='bbox 2385 4985 2658 5041; x_wconf 90' lang='lat' dir='ltr'><strong>dimittere</strong></span> <span class='ocrx_word' id='word_1_868' title='bbox 2688 4993 2909 5056; x_wconf 88' lang='lat' dir='ltr'><strong>peccata</strong></span> <span class='ocrx_word' id='word_1_869' title='bbox 2935 4985 3041 5041; x_wconf 91' lang='lat' dir='ltr'><strong>nisi</strong></span> <span class='ocrx_word' id='word_1_870' title='bbox 3074 4987 3227 5043; x_wconf 92' lang='lat' dir='ltr'><strong>solus</strong></span> <span class='ocrx_word' id='word_1_871' title='bbox 3275 4985 3456 5043; x_wconf 86' lang='lat' dir='ltr'><strong>Deus?</strong></span> <span class='ocrx_word' id='word_1_872' title='bbox 3491 5007 3508 5039; x_wconf 72' lang='grc' dir='ltr'><strong>ο</strong></span> <span class='ocrx_word' id='word_1_873' title='bbox 3559 4983 3746 5056; x_wconf 76' lang='lat' dir='ltr'><strong>(Marc.</strong></span> 
     </span>
    </p>
   </div>
   <div class='ocr_carea' id='block_1_110' title="bbox 2179 5076 3748 5150">
    <p class='ocr_par' dir='ltr' id='par_1_110' title="bbox 2179 5076 3748 5150">
     <span class='ocr_line' id='line_1_110' title="bbox 2179 5076 3748 5150; baseline -0.002 -18"><span class='ocrx_word' id='word_1_874' title='bbox 2179 5085 2241 5145; x_wconf 83' lang='grc' dir='ltr'><strong>ιι,</strong></span> <span class='ocrx_word' id='word_1_875' title='bbox 2266 5077 2341 5150; x_wconf 91' lang='lat'><strong>7.)</strong></span> <span class='ocrx_word' id='word_1_876' title='bbox 2363 5076 2462 5132; x_wconf 70' lang='lat' dir='ltr'><strong>Hic</strong></span> <span class='ocrx_word' id='word_1_877' title='bbox 2493 5077 2651 5148; x_wconf 87' lang='lat' dir='ltr'><strong>plane</strong></span> <span class='ocrx_word' id='word_1_878' title='bbox 2681 5077 3040 5133; x_wconf 89' lang='lat' dir='ltr'><strong>ostendebant</strong></span> <span class='ocrx_word' id='word_1_879' title='bbox 3069 5078 3343 5133; x_wconf 89' lang='lat' dir='ltr'><strong>neminem</strong></span> <span class='ocrx_word' id='word_1_880' title='bbox 3372 5093 3532 5149; x_wconf 88' lang='lat' dir='ltr'><strong>posse</strong></span> <span class='ocrx_word' id='word_1_881' title='bbox 3561 5076 3748 5132; x_wconf 85' lang='lat' dir='ltr'><strong>salvari</strong></span> 
     </span>
    </p>
   </div>
   <div class='ocr_carea' id='block_1_111' title="bbox 2179 5167 3747 5242">
    <p class='ocr_par' dir='ltr' id='par_1_111' title="bbox 2179 5167 3747 5242">
     <span class='ocr_line' id='line_1_111' title="bbox 2179 5167 3747 5242; baseline -0.003 -16"><span class='ocrx_word' id='word_1_882' title='bbox 2179 5187 2208 5225; x_wconf 90' lang='lat' dir='ltr'><strong>a</strong></span> <span class='ocrx_word' id='word_1_883' title='bbox 2239 5169 2476 5242; x_wconf 89' lang='lat' dir='ltr'><strong>peccatis</strong></span> <span class='ocrx_word' id='word_1_884' title='bbox 2505 5185 2601 5239; x_wconf 90' lang='lat' dir='ltr'><strong>per</strong></span> <span class='ocrx_word' id='word_1_885' title='bbox 2631 5169 2824 5240; x_wconf 87' lang='lat' dir='ltr'><strong>legem.</strong></span> <span class='ocrx_word' id='word_1_886' title='bbox 2867 5167 3256 5241; x_wconf 89' lang='lat' dir='ltr'><strong>Purgationem</strong></span> <span class='ocrx_word' id='word_1_887' title='bbox 3288 5181 3630 5240; x_wconf 86' lang='lat' dir='ltr'><strong>peccatorum</strong></span> <span class='ocrx_word' id='word_1_888' title='bbox 3669 5167 3747 5221; x_wconf 79' lang='lat' dir='ltr'><strong>fa-</strong></span> 
     </span>
    </p>
   </div>
   <div class='ocr_carea' id='block_1_112' title="bbox 2177 5261 3746 5320">
    <p class='ocr_par' dir='ltr' id='par_1_112' title="bbox 2177 5261 3746 5320">
     <span class='ocr_line' id='line_1_112' title="bbox 2177 5261 3746 5320; baseline -0.001 -2"><span class='ocrx_word' id='word_1_889' title='bbox 2177 5263 2348 5318; x_wconf 88' lang='lat' dir='ltr'><strong>ciens.</strong></span> <span class='ocrx_word' id='word_1_890' title='bbox 2401 5261 2519 5318; x_wconf 82' lang='lat' dir='ltr'><strong>iloc</strong></span> <span class='ocrx_word' id='word_1_891' title='bbox 2556 5263 2624 5318; x_wconf 91' lang='lat' dir='ltr'><strong>de</strong></span> <span class='ocrx_word' id='word_1_892' title='bbox 2649 5261 2787 5318; x_wconf 89' lang='lat' dir='ltr'><strong>Filio</strong></span> <span class='ocrx_word' id='word_1_893' title='bbox 2813 5263 3019 5318; x_wconf 90' lang='lat' dir='ltr'><strong>dictum</strong></span> <span class='ocrx_word' id='word_1_894' title='bbox 3051 5273 3134 5320; x_wconf 89' lang='lat' dir='ltr'><strong>est</strong></span> <span class='ocrx_word' id='word_1_895' title='bbox 3164 5265 3466 5320; x_wconf 89' lang='lat' dir='ltr'><strong>secundum</strong></span> <span class='ocrx_word' id='word_1_896' title='bbox 3495 5263 3746 5318; x_wconf 88' lang='lat' dir='ltr'><strong>divinam.</strong></span> 
     </span>
    </p>
   </div>
   <div class='ocr_carea' id='block_1_113' title="bbox 2178 5354 3750 5424">
    <p class='ocr_par' dir='ltr' id='par_1_113' title="bbox 2178 5354 3750 5424">
     <span class='ocr_line' id='line_1_113' title="bbox 2178 5354 3750 5424; baseline -0.003 -14"><span class='ocrx_word' id='word_1_897' title='bbox 2178 5355 2284 5424; x_wconf 90' lang='lat' dir='ltr'><strong>Qui</strong></span> <span class='ocrx_word' id='word_1_898' title='bbox 2311 5354 2481 5410; x_wconf 87' lang='lat' dir='ltr'><strong>Filius</strong></span> <span class='ocrx_word' id='word_1_899' title='bbox 2509 5371 2636 5410; x_wconf 90' lang='lat' dir='ltr'><strong>cum</strong></span> <span class='ocrx_word' id='word_1_900' title='bbox 2667 5355 2739 5410; x_wconf 89' lang='lat' dir='ltr'><strong>sit</strong></span> <span class='ocrx_word' id='word_1_901' title='bbox 2765 5355 2890 5410; x_wconf 91' lang='lat' dir='ltr'><strong>talis</strong></span> <span class='ocrx_word' id='word_1_902' title='bbox 2916 5365 2970 5411; x_wconf 90' lang='lat' dir='ltr'><strong>et</strong></span> <span class='ocrx_word' id='word_1_903' title='bbox 3011 5355 3159 5422; x_wconf 89' lang='lat' dir='ltr'><strong>talis,</strong></span> <span class='ocrx_word' id='word_1_904' title='bbox 3197 5357 3340 5410; x_wconf 83' lang='lat' dir='ltr'><strong>sedet</strong></span> <span class='ocrx_word' id='word_1_905' title='bbox 3379 5355 3450 5411; x_wconf 91' lang='lat' dir='ltr'><strong>ad</strong></span> <span class='ocrx_word' id='word_1_906' title='bbox 3491 5357 3750 5410; x_wconf 67' lang='lat' dir='ltr'><strong>dexteram</strong></span> 
     </span>
    </p>
   </div>
   <div class='ocr_carea' id='block_1_114' title="bbox 2181 5443 3752 5520">
    <p class='ocr_par' dir='ltr' id='par_1_114' title="bbox 2181 5443 3752 5520">
     <span class='ocr_line' id='line_1_114' title="bbox 2181 5443 3752 5520; baseline -0.003 -18"><span class='ocrx_word' id='word_1_907' title='bbox 2181 5448 2500 5518; x_wconf 86' lang='lat' dir='ltr'><strong>majestatis,</strong></span> <span class='ocrx_word' id='word_1_908' title='bbox 2543 5446 2598 5502; x_wconf 91' lang='lat' dir='ltr'><strong>id</strong></span> <span class='ocrx_word' id='word_1_909' title='bbox 2647 5456 2733 5504; x_wconf 91' lang='lat' dir='ltr'><strong>est</strong></span> <span class='ocrx_word' id='word_1_910' title='bbox 2761 5449 2829 5504; x_wconf 88' lang='lat' dir='ltr'><strong>ad</strong></span> <span class='ocrx_word' id='word_1_911' title='bbox 2869 5449 3234 5520; x_wconf 73' lang='lat' dir='ltr'><strong>aequalitatem</strong></span> <span class='ocrx_word' id='word_1_912' title='bbox 3269 5457 3509 5519; x_wconf 75' lang='lat' dir='ltr'><strong>paterna:</strong></span> <span class='ocrx_word' id='word_1_913' title='bbox 3535 5443 3752 5515; x_wconf 83' lang='lat' dir='ltr'><strong>majori-</strong></span> 
     </span>
    </p>
   </div>
   <div class='ocr_carea' id='block_1_115' title="bbox 2097 5531 3752 5612">
    <p class='ocr_par' dir='ltr' id='par_1_115' title="bbox 2097 5531 3752 5612">
     <span class='ocr_line' id='line_1_115' title="bbox 2097 5531 3752 5612; baseline -0.004 -14"><span class='ocrx_word' id='word_1_914' title='bbox 2097 5531 2102 5534; x_wconf 60' lang='grc'><em>’</em></span> <span class='ocrx_word' id='word_1_915' title='bbox 2143 5541 2148 5544; x_wconf 74' lang='grc'><em>’</em></span> <span class='ocrx_word' id='word_1_916' title='bbox 2181 5541 2328 5598; x_wconf 89' lang='lat' dir='ltr'><strong>tatis.</strong></span> <span class='ocrx_word' id='word_1_917' title='bbox 2361 5539 2618 5612; x_wconf 86' lang='lat' dir='ltr'><strong>Majestas</strong></span> <span class='ocrx_word' id='word_1_918' title='bbox 2649 5541 2796 5596; x_wconf 90' lang='lat' dir='ltr'><strong>enim</strong></span> <span class='ocrx_word' id='word_1_919' title='bbox 2827 5541 3027 5597; x_wconf 87' lang='lat' dir='ltr'><strong>dicitur</strong></span> <span class='ocrx_word' id='word_1_920' title='bbox 3061 5542 3298 5597; x_wconf 90' lang='lat' dir='ltr'><strong>essentia</strong></span> <span class='ocrx_word' id='word_1_921' title='bbox 3326 5541 3441 5606; x_wconf 89' lang='lat' dir='ltr'><strong>Dei,</strong></span> <span class='ocrx_word' id='word_1_922' title='bbox 3471 5555 3565 5595; x_wconf 88' lang='lat' dir='ltr'><strong>nec</strong></span> <span class='ocrx_word' id='word_1_923' title='bbox 3586 5537 3639 5594; x_wconf 89' lang='lat' dir='ltr'><strong>in</strong></span> <span class='ocrx_word' id='word_1_924' title='bbox 3659 5535 3752 5592; x_wconf 88' lang='lat' dir='ltr'><strong>illo</strong></span> 
     </span>
    </p>
   </div>
   <div class='ocr_carea' id='block_1_116' title="bbox 2179 5632 3752 5705">
    <p class='ocr_par' dir='ltr' id='par_1_116' title="bbox 2179 5632 3752 5705">
     <span class='ocr_line' id='line_1_116' title="bbox 2179 5632 3752 5705; baseline -0.001 -19"><span class='ocrx_word' id='word_1_925' title='bbox 2179 5632 2436 5704; x_wconf 89' lang='lat' dir='ltr'><strong>paradiso</strong></span> <span class='ocrx_word' id='word_1_926' title='bbox 2480 5633 2626 5688; x_wconf 91' lang='lat' dir='ltr'><strong>unde</strong></span> <span class='ocrx_word' id='word_1_927' title='bbox 2671 5633 2864 5705; x_wconf 91' lang='lat' dir='ltr'><strong>pulsus</strong></span> <span class='ocrx_word' id='word_1_928' title='bbox 2909 5643 2994 5690; x_wconf 91' lang='lat' dir='ltr'><strong>est</strong></span> <span class='ocrx_word' id='word_1_929' title='bbox 3042 5633 3239 5700; x_wconf 83' lang='lat' dir='ltr'><strong>Adam,</strong></span> <span class='ocrx_word' id='word_1_930' title='bbox 3270 5633 3366 5688; x_wconf 90' lang='lat' dir='ltr'><strong>sed</strong></span> <span class='ocrx_word' id='word_1_931' title='bbox 3397 5633 3539 5688; x_wconf 81' lang='lat' dir='ltr'><strong>sedet</strong></span> <span class='ocrx_word' id='word_1_932' title='bbox 3573 5645 3628 5683; x_wconf 78' lang='lat' dir='ltr'><strong>in</strong></span> <span class='ocrx_word' id='word_1_933' title='bbox 3655 5642 3752 5684; x_wconf 76' lang='lat' dir='ltr'><strong>ea;-</strong></span> 
     </span>
    </p>
   </div>
   <div class='ocr_carea' id='block_1_117' title="bbox 2183 5721 3752 5791">
    <p class='ocr_par' dir='ltr' id='par_1_117' title="bbox 2183 5721 3752 5791">
     <span class='ocr_line' id='line_1_117' title="bbox 2183 5721 3752 5791; baseline -0.002 -14"><span class='ocrx_word' id='word_1_934' title='bbox 2183 5721 2336 5777; x_wconf 81' lang='lat' dir='ltr'><strong>celsis</strong></span> <span class='ocrx_word' id='word_1_935' title='bbox 2372 5723 2658 5786; x_wconf 72' lang='lat' dir='ltr'><strong>oculorum.</strong></span> <span class='ocrx_word' id='word_1_936' title='bbox 2707 5724 2920 5782; x_wconf 88' lang='lat' dir='ltr'><strong>locatus</strong></span> <span class='ocrx_word' id='word_1_937' title='bbox 2947 5725 3005 5780; x_wconf 89' lang='lat' dir='ltr'><strong>in</strong></span> <span class='ocrx_word' id='word_1_938' title='bbox 3040 5723 3262 5780; x_wconf 77' lang='lat' dir='ltr'><strong>dextera</strong></span> <span class='ocrx_word' id='word_1_939' title='bbox 3309 5723 3506 5791; x_wconf 88' lang='lat' dir='ltr'><strong>Patris,</strong></span> <span class='ocrx_word' id='word_1_940' title='bbox 3535 5721 3636 5776; x_wconf 86' lang='lat' dir='ltr'><strong>hoc</strong></span> <span class='ocrx_word' id='word_1_941' title='bbox 3663 5733 3752 5774; x_wconf 81' lang='lat' dir='ltr'><strong>se-</strong></span> 
     </span>
    </p>
   </div>
  </div>
