3988 6402
216 386 334 443 495

894 379 1260 438 ΕΧῬΟΒΙῚΊΟ
1300 382 1365 437 IN
1404 381 1786 440 EPISTOLAS

1903 382 2052 438 .nu.
2091 417 2163 426 _
2200 384 2266 438 IN
2306 383 2524 439 EPIS’I‘.
2566 382 2654 438 sa
2693 383 2839 441 nso.
2885 347 2888 352 ’

3396 396 3500 456 494

217 500 469 556 cundum
499 463 817 554 humanam.
863 494 1021 553 Nunc
1047 497 1244 553 Filium
1274 487 1557 569 {omparat
1581 498 1812 570 angelis,
1843 502 1889 560 Α
1917 499 2129 569 raphim
2159 543 2172 564 ,
2221 499 2315 568 qui
2359 498 2494 553 ordo
2522 498 2787 569 dignitate
2837 499 2975 556 alios
3020 503 3298 572 praecellit.
3348 506 3503 565 Fami

216 593 297 647 ita
350 601 533 647 tamen
588 599 650 645 ut
691 591 851 660 longe
897 587 1150 659 praeferat
1195 589 1303 645 illis
1348 591 1537 646 dicens
1569 609 1583 645 :
1613 590 1806 657 Filius,

217 685 475 754 inquam,
505 683 722 752 e/fectus
755 689 901 735 tanto
945 681 1134 735 melior
1157 681 1378 753 angelis,
1414 691 1610 754 quanto
1650 683 1808 752 diffe—

217 778 426 832 rentias
472 774 805 830 haereditavit
852 791 1036 828 nomen
1061 814 1076 840 ,
1123 773 1177 828 id
1221 783 1304 830 est
1337 774 1806 830 honoriﬁcentiam

216 875 514 938 postquam
570 865 872 920 resurrexit
900 873 955 920 et
985 865 1247 920 ascendit.
1298 865 1644 921 Diﬁerentius
1687 866 1810 920 ideo

216 961 354 1030 quia
394 974 520 1014 cum
564 958 743 1012 adhuc
777 965 925 1012 esset
951 957 1226 1026 passibilis
1260 966 1316 1013 et
1358 958 1624 1024 mortalis,
1657 957 1811 1013 diﬁ‘e—

216 1069 350 1107 rens
396 1066 598 1105 nomen
645 1049 874 1115 habuit,
915 1050 1044 1118 quia
1095 1048 1274 1119 angeli
1323 1049 1712 1105 ministrabant
1759 1049 1809 1103 ei

219 1143 446 1215 (Matth.
496 1159 570 1209 tv,
620 1143 708 1210 II)
737 1183 754 1209 ,
813 1142 909 1197 sed
938 1143 1239 1198 ascendens
1270 1143 1442 1196 multo
1471 1142 1810 1198 diﬁ‘erentius

217 1250 421 1290 nomen
449 1233 712 1303 possedit.
764 1231 833 1286 Et
875 1231 1005 1302 quia
1055 1232 1397 1288 diﬁ‘erentius
1428 1248 1551 1288 esse
1599 1242 1807 1302 posset,

215 1342 332 1381 non
362 1335 544 1380 tamen
576 1342 688 1396 pra}
726 1326 965 1396 angelis,
1009 1325 1132 1381 ideo
1159 1326 1236 1380 ait
1265 1327 1615 1395 differentias,
1650 1327 1723 1382 ita
1753 1336 1813 1382 ut

214 1417 291 1472 sit
319 1433 432 1486 pra:
460 1417 572 1470 illis
606 1418 836 1488 angelis.
885 1417 1025 1473 Vere
1072 1433 1270 1472 nomen
1319 1417 1658 1473 hmreditavit
1700 1434 1813 1488 prae

214 1509 448 1580 angelis.
493 1507 632 1564 Nam
662 1525 768 1565 vox
796 1509 975 1566 Patris
1001 1511 1078 1565 ait
1105 1511 1174 1566 ad
1204 1510 1358 1565 illum
1397 1530 1410 1565 :
1452 1509 1630 1565 Filius
1665 1529 1811 1566 meus

212 1617 269 1654 es
301 1608 359 1653 tu
389 1600 566 1671 (Psal.
597 1617 658 1667 ιι,
686 1601 738 1671 7)
763 1619 777 1668 ;
811 1603 959 1672 quod
989 1602 1124 1656 nulli
1154 1602 1472 1673 angelorum
1500 1603 1656 1657 dixit.
1705 1602 1812 1658 Sed

144 1700 148 1702 '
213 1692 284 1746 ad
300 1691 569 1761 majorem
600 1691 1073 1748 conﬁrmationem
1107 1693 1210 1749 sub
1237 1693 1678 1764 interrogatione,
1708 1693 1814 1749 hoc

214 1781 292 1835 ita
338 1781 420 1835 ait
450 1801 462 1834 :
492 1781 592 1837 Cui
628 1782 934 1853 angelorum
976 1783 1119 1837 dixit
1156 1783 1446 1854 aliquando
1466 1824 1482 1850 ,
1522 1783 1579 1838 id
1603 1792 1686 1840 est
1715 1799 1814 1840 nec

126 1908 144 1924 .
213 1872 541 1941 priusquam
568 1873 1044 1940 conﬁrmarentur,
1069 1890 1170 1930 nec
1189 1883 1478 1946 postquam
1501 1891 1599 1946 per
1621 1891 1810 1931 casum

213 1964 455 2018 aliorum
502 1966 810 2020 conﬁrmati
860 1974 992 2022 sunt
1042 1985 1055 2020 :
1107 1967 1288 2035 Dixit,
1330 1969 1554 2039 inquam
1591 1986 1604 2023 :
1637 1969 1716 2023 Tu
1759 1987 1813 2025 es

211 2058 361 2126 ﬁlius
390 2075 534 2112 meus
557 2060 1062 2126 consubstantialis,
1087 2076 1195 2116 non
1220 2061 1529 2132 adoptivus,
1551 2080 1642 2134 ego
1665 2064 1812 2119 enim

212 2148 542 2220 Patergenui
566 2159 614 2203 te
638 2150 792 2204 hodie
816 2151 1026 2223 (ibid.),
1052 2152 1106 2206 id
1133 2161 1218 2208 est
1249 2153 1303 2207 in
1330 2155 1649 2210 mternitate.
1674 2155 1812 2211 Pro-

211 2249 336 2310 pter
357 2240 730 2296 inﬁrmilalcm
757 2242 1065 2298 intellectus
1087 2243 1283 2311 nostri,
1307 2259 1432 2299 cum
1455 2245 1617 2300 hodie
1644 2246 1812 2318 (quod

211 2342 346 2386 nuta
385 2333 672 2402 praesentis
705 2334 967 2404 temporis
996 2335 1100 2405 est)
1140 2336 1326 2405 posuit
1359 2337 1691 2406 prmteritum
1720 2356 1811 2409 ge-

212 2424 328 2489 nui,
359 2439 430 2479 ne
457 2424 505 2479 si
533 2424 738 2480 diceret
760 2426 925 2481 hodie
951 2426 1117 2497 gigno
1144 2435 1216 2493 te,
1249 2427 1662 2497 suspicaremur
1683 2445 1811 2484 eum

211 2530 327 2570 mn
377 2516 448 2570 ab
495 2525 700 2572 aeterno
754 2517 996 2589 genitum
1031 2517 1099 2573 de
1141 2517 1322 2573 Patre.
1379 2517 1445 2574 Et
1493 2519 1616 2574 ideo
1658 2522 1812 2591 genui

209 2605 376 2673 dixit,
403 2609 703 2664 secundum
732 2609 1104 2686 inﬁrmitatem
1131 2620 1400 2678 nostram,
1433 2611 1587 2666 hodie
1616 2629 1814 2668 secun-

211 2699 346 2754 ᾶιιιι
377 2698 714 2756 divinitatem
747 2701 801 2756 in
831 2718 938 2772 qua
969 2703 1106 2756 nihil
1157 2703 1515 2772 prieteritum,
1553 2704 1688 2758 nihil
1718 2703 1810 2760 fu-

214 2799 433 2859 turum,
465 2793 558 2848 sed
588 2795 772 2848 omnia
802 2794 873 2848 ibi
918 2795 1079 2850 hodie
1107 2796 1417 2864 praesentia.

286 2882 357 2938 Et
385 2877 718 2939 rursum'cui
747 2885 1053 2957 angelorum
1076 2887 1214 2941 dixit
1239 2888 1347 2944 hoc
1367 2891 1696 2962 aliquando?
1726 2893 1810 2948 vel

210 2976 335 3032 sine
353 2975 800 3047 interrogatione.
815 2977 1045 3032 Rursum
1073 2977 1235 3034 Pater
1245 2979 1352 3035 hoc
1365 2982 1517 3037 aitde
1533 2983 1689 3038 Filio.
1705 2982 1809 3040 Ubi

209 3068 294 3122 ait
325 3085 541 3121 rursum
569 3069 637 3124 de
661 3069 852 3125 eodem
883 3069 1155 3141 signiﬁcat
1178 3086 1300 3126 esse
1327 3071 1554 3127 dictum.
1587 3067 1677 3129 Ait
1705 3075 1810 3131 Pa-

213 3167 299 3213 ter
331 3177 346 3212 :
381 3157 496 3229 Ego
523 3175 611 3214 ero
639 3158 744 3224 illi,
774 3159 827 3214 id
857 3167 943 3216 est
971 3161 1040 3215 ad
1069 3160 1333 3217 honorem
1381 3162 1558 3230 illius,
1607 3179 1702 3220 ero
1729 3166 1804 3220 illi

206 3251 266 3304 in
286 3260 495 3320 patrem
531 3260 580 3305 et
615 3253 724 3322 ipse
753 3252 898 3308 ﬁlius
931 3253 1034 3308 erit
1076 3254 1204 3308 mihi
1239 3256 1293 3309 in
1324 3255 1500 3326 ﬁlium
1546 3256 1643 3327 (ΙΙ
1669 3258 1797 3330 Reg.

205 3355 306 3406 vn,
334 3341 440 3410 14)
495 3341 561 3395 ad
592 3357 678 3396 me
706 3343 1189 3414 magniﬁcandum.
1242 3344 1351 3399 Ero
1377 3355 1432 3401 et
1459 3349 1560 3401 erit
1597 3350 1801 3419 posuit,

205 3445 316 3485 non
370 3431 502 3501 quia
550 3433 639 3487 hic
687 3432 868 3501 Pater,
904 3435 993 3490 ille
1022 3435 1194 3493 Filius
1245 3452 1355 3492 non
1402 3439 1474 3493 sit
1520 3439 1684 3511 360
1733 3441 1803 3496 ab

202 3529 448 3588 :eterno,
498 3523 594 3577 sed
641 3532 908 3595 quantum
939 3526 1008 3581 ad
1039 3541 1389 3582 communem
1419 3529 1671 3585 notitiam
1701 3532 1802 3587 ho-

203 3615 443 3669 minum.
494 3613 605 3672 Nec
629 3619 697 3672 ad
745 3618 850 3674 hoc
877 3619 968 3675 ille
1001 3619 1182 3689 Pater,
1216 3637 1320 3678 nec
1351 3623 1455 3679 iste
1482 3623 1674 3692 Filius,
1705 3627 1801 3682 sed

204 3704 260 3759 in
289 3704 582 3776 diejudicii
601 3707 706 3763 erit
733 3708 911 3778 Pater,
940 3711 1045 3766 erit
1067 3710 1258 3779 Filius,
1283 3729 1408 3769 cum
1439 3730 1630 3772 omnes
1648 3715 1799 3787 impii

205 3807 548 3868 cognoscent
592 3799 874 3878 Christum
923 3818 1046 3858 esse
1092 3803 1373 3860 Christum
1424 3806 1622 3863 Filium
1661 3809 1796 3878 Dei;

202 3891 352 3960 quod
384 3892 630 3949 viventes
659 3877 1012 3967 negaverunt.
1046 3896 1173 3953 Haec
1194 3897 1303 3954 duo
1330 3900 1630 3956 secundum
1659 3903 1800 3958 divi-

215 3991 436 4038 ntatem
463 3985 606 4041 dicta
638 3995 767 4041 sunt
797 3986 864 4042 de
891 3988 1131 4044 Christo.
1168 3987 1236 4043 Et
1259 3992 1452 4046 iterum
1481 3993 1610 4048 dicit
1635 3993 1799 4050 Pater

201 4075 270 4130 de
299 4076 494 4130 eodem
518 4075 678 4145 Filio,
708 4079 929 4134 adorent
955 4097 1074 4135 eum
1099 4098 1276 4138 omnes
1301 4084 1473 4156 angeli
1494 4085 1593 4142 Dei
1618 4087 1792 4160 (Psal.

202 4180 353 4232 xcvi,
379 4165 455 4235 7),
485 4167 579 4222 sed
609 4169 888 4237 praemittit
912 4159 1131 4246 quando
1159 4173 1266 4231 hoc
1293 4174 1499 4232 dictum
1529 4159 1634 4233 sit.
1661 4177 1796 4235 Cum

201 4253 690 4327 Paterintroducit,
722 4260 775 4314 id
803 4271 888 4317 est
914 4263 1153 4320 ostendit
1178 4265 1629 4325 introducendum
1668 4271 1796 4326 Pri-

202 4349 551 4417 mogenitum,
585 4367 747 4406 suum
783 4351 1064 4409 Christum
1101 4356 1158 4410 in
1188 4357 1364 4413 orbem
1392 4366 1562 4415 teme.
1612 4360 1792 4418 Intro-

200 4438 356 4494 ducit
401 4441 524 4497 ideo
571 4443 700 4514 quia
749 4445 807 4499 in
855 4445 1115 4504 interiora
1165 4450 1413 4506 cordium
1441 4451 1638 4510 ductus
1665 4464 1788 4523 est;

1912 592 2183 644 ministros
2215 608 2336 645 suos
2377 591 2540 645 etiam
2574 593 2876 647 secundum
2915 593 3212 651 humanam
3244 607 3496 657 naturam

1912 682 2276 752 obsequentes
2308 683 2402 736 illi.
2453 681 2565 737 Hoc
2594 681 2756 738 Pater
2785 685 2883 750 ait,
2915 687 3196 756 pertinens
3226 689 3294 744 ad
3324 707 3494 762 ange-

1912 772 2016 828 los.
2055 772 2171 828 Hoc
2219 782 2401 828 autem
2449 773 2592 828 idem
2645 775 2722 829 ait
2750 777 2819 831 ad
2847 777 3066 833 Filium.
3117 778 3162 835 Ο
3196 779 3341 838 Deus
3371 783 3497 848 Fili,

1914 863 2131 918 thronus
2164 873 2305 930 tuus,
2339 864 2394 918 id
2422 873 2508 919 est
2531 864 2810 934 judicialis
2835 869 2993 924 sedes
3021 877 3114 924 tua
3145 885 3412 941 permanet
3442 877 3497 928 in

1912 953 2162 1008 swculum
2191 952 2394 1011 steauli.
2426 953 2492 1008 Et
2519 956 2736 1021 merito,
2768 957 2897 1027 quia
2939 959 3087 1030 virga
3130 965 3276 1032 regni
3310 966 3388 1018 tui
3418 974 3504 1022 est

1911 1043 2061 1114 virga
2102 1045 2370 1114 tequitatis
2393 1085 2408 1110 ,
2457 1045 2513 1100 id
2547 1053 2634 1101 est
2681 1047 2888 1103 directa
2937 1050 3170 1119 aequitas
3202 1060 3257 1106 et
3287 1053 3501 1109 inﬂexi-

1911 1133 2056 1188 bilis.
2091 1131 2254 1203 Virga
2283 1133 2428 1204 regis
2453 1143 2623 1201 recta,
2653 1143 2708 1190 et
2739 1136 2860 1192 ideo
2887 1137 2954 1193 de
2978 1153 3087 1194 rere
3113 1141 3250 1196 solet
3279 1143 3416 1209 ﬁeri,
3440 1151 3504 1200 ut

1913 1226 2130 1297 signum
2182 1225 2254 1279 sit
2300 1225 2518 1280 directae
2564 1235 2619 1282 et
2672 1227 2984 1285 inﬂexibilis
3011 1231 3326 1302 aequitatis,
3377 1251 3503 1304 qua:

1913 1317 2144 1388 aequitas
2174 1317 2230 1370 in
2263 1317 2487 1372 Christo
2517 1319 2725 1374 directa
2753 1330 2837 1379 est
2859 1330 2915 1376 et
2943 1322 3273 1381 inﬂexibilis.
3307 1326 3502 1384 Merito

1913 1408 2111 1462 iterum
2167 1407 2397 1464 thronus
2437 1417 2564 1464 tuus
2591 1419 2677 1466 est
2706 1411 2760 1464 in
2802 1421 3064 1468 aeternum
3095 1433 3107 1470 τ
3143 1417 3271 1487 quia
3312 1427 3369 1473 tu
3405 1420 3496 1472 di-

1913 1499 2094 1552 lexisti
2121 1498 2418 1568 justitiam,
2451 1500 2504 1553 id
2535 1509 2622 1555 est
2665 1515 2830 1558 omne
2876 1503 3081 1560 bonum
3116 1523 3226 1562 non
3251 1518 3497 1578 coactus,
3576 1520 3580 1522 '

1915 1587 2009 1641 sed
2035 1603 2104 1642 ex
2128 1587 2419 1643 dilectione
2465 1590 2804 1658 amplexatus
2852 1607 2933 1646 es.
2985 1592 3056 1646 Et
3089 1596 3233 1652 sicut
3259 1597 3500 1655 dilexisti

1908 1679 2178 1749 justitiam
2207 1721 2222 1746 ,
2277 1680 2354 1734 ita
2389 1681 2551 1735 odisti
2601 1683 2958 1752 iniquitatem,
2995 1685 3049 1739 id
3083 1696 3168 1742 est
3193 1705 3354 1745 omne
3382 1705 3503 1747 ma-

1914 1771 2050 1826 lum.
2081 1770 2316 1838 Quidam
2344 1772 2490 1827 enim
2539 1773 2619 1829 sic
2649 1774 2886 1850 diligunt
2909 1776 3181 1846 justitiam
3213 1789 3274 1835 ut
3314 1790 3501 1838 tamen

1845 1840 1890 1900 B
1915 1866 2183 1933 quasdam
2213 1866 2509 1936 injustitias
2539 1867 2666 1921 odio
2696 1840 2806 1923 an
2837 1840 3093 1926 habeant.

1935 1963 1938 1966 ‘
1987 1955 2050 2012 Et
2077 1966 2364 2028 propterea
2393 1966 2457 2012 ut
2483 1958 2714 2014 thronus
2758 1967 2887 2015 tuus
2933 1971 3080 2016 esset
3120 1962 3176 2016 in
3207 1973 3498 2034 aeternum,

1912 2060 1974 2106 ut
2001 2051 2153 2122 virga
2182 2050 2458 2121 aequitatis
2483 2059 2628 2106 esset
2659 2051 2788 2118 tibi,
2820 2061 2882 2106 ut
2921 2052 3173 2123 diligeres
3203 2054 3500 2125 justitiam,

1910 2150 2122 2212 propter
2149 2141 2261 2196 haec
2294 2143 2481 2198 omnia
2511 2151 2572 2198 ut
2613 2143 2911 2198 existerent
2955 2145 3012 2199 in
3044 2156 3111 2212 te,
3143 2161 3178 2200 o
3205 2145 3350 2202 Deus
3375 2147 3498 2216 Fili,

1912 2235 2057 2291 Deus
2084 2235 2247 2290 Pater
2272 2236 2451 2302 unxit,
2498 2251 2602 2308 ego
2629 2237 2840 2293 scilicet
2878 2238 2971 2308 qui
3013 2239 3229 2309 loquor,
3261 2241 3393 2295 unxi
3424 2250 3496 2296 te.

1911 2325 2014 2380 Alii
2048 2342 2146 2396 per
2192 2326 2476 2382 ministros
2527 2335 2590 2381 ut
2640 2326 2812 2382 David
2863 2337 2921 2383 et
2967 2327 3101 2383 Saul
3135 2331 3285 2386 uncti
3329 2340 3498 2398 sunt;

1911 2415 2170 2471 Christus
2197 2424 2380 2470 autem
2405 2415 2624 2486 propria
2653 2417 2970 2487 Operatione
2995 2416 3194 2474 Patris.
3229 2418 3399 2475 Unxit
3425 2429 3499 2487 te,

1911 2507 2159 2576 inquam,
2193 2507 2334 2561 Deus
2364 2516 2485 2562 tuus
2521 2509 3010 2565 consubstantialis
3035 2511 3156 2579 tibi,
3180 2511 3315 2579 oleo,
3344 2512 3396 2568 id
3419 2524 3502 2570 est

1913 2598 2121 2670 Spiritu
2152 2608 2364 2668 sancto,
2393 2600 2522 2671 quia
2556 2600 2700 2656 sicut
2729 2602 2911 2656 oleum
2943 2618 3185 2671 carnem,
3217 2604 3298 2661 sic
3327 2603 3500 2675 Spiri-

1909 2705 2000 2749 tus
2047 2702 2272 2749 sanctus
2323 2693 2469 2749 fovet
2501 2701 2555 2749 et
2597 2694 2872 2751 demulcet
2903 2695 3164 2751 animam.
3217 2695 3349 2753 Oleo
3375 2698 3500 2754 dico

1909 2785 2303 2841 exsultationis.
2350 2786 2418 2842 Et
2448 2788 2644 2843 merito
2692 2788 2895 2844 dicitur
2923 2789 3330 2858 exsultationis,
3366 2791 3498 2862 quia

1911 2878 2078 2933 homo
2118 2879 2209 2934 ille
2256 2893 2355 2949 per
2401 2880 2658 2950 spiritum
2710 2880 2779 2935 de
2825 2895 2938 2951 quo
2985 2891 3283 2952 conceptus
3327 2893 3432 2950 est,
3465 2901 3496 2939 a

1909 2979 2134 3040 peccato
2178 2971 2482 3041 permansit
2529 2971 2812 3027 immunis.
2864 2970 3073 3029 Unctus
3120 2982 3207 3030 est
3242 2974 3498 3032 Christus

1913 3061 2120 3131 Spiritu
2149 3069 2341 3116 sancto
2371 3060 2426 3115 in
2457 3059 2850 3118 utero‘Matris.
2886 3060 3112 3135 Accepit
3140 3065 3338 3121 iterum
3373 3067 3498 3138 Spi-

1910 3153 2077 3208 ritum
2125 3161 2377 3208 sanctum
2429 3152 2486 3208 in
2524 3154 2817 3224 baptismo,
2849 3156 3070 3226 quando
3100 3156 3157 3212 in
3185 3159 3368 3228 specie
3397 3175 3496 3215 co-

1907 3244 2108 3300 lumba:
2132 3259 2298 3316 super
2323 3259 2453 3300 eum
2482 3245 2634 3302 visus
2659 3254 2745 3301 est
2771 3246 2991 3317 (Matth.
3019 3264 3102 3318 ιιι,
3129 3250 3243 3322 I6),
3273 3267 3383 3306 non
3411 3260 3494 3322 tae

1903 3350 2030 3390 men
2061 3336 2118 3391 in
2134 3336 2424 3407 'baptismo
2478 3335 2745 3408 Spiritum
2793 3340 3070 3411 accipiens
3096 3383 3112 3410 ,
3164 3343 3323 3413 quasi
3351 3357 3493 3400 nova

1899 3425 2291 3496 justiﬁcatione
2319 3426 2607 3498 indigeret,
2638 3427 2825 3484 sedut
2849 3431 3166 3487 ostenderet
3190 3432 3339 3503 quod
3369 3430 3492 3503 Spi-

1901 3516 2068 3570 ritum
2096 3524 2347 3572 sanctum
2375 3516 2692 3574 hominibus
2714 3517 2770 3573 in
2792 3519 3066 3590 baptismo
3090 3521 3160 3577 ad
3183 3521 3494 3592 justilican-

1900 3607 2031 3662 dum
2085 3609 2365 3664 tribueret.
2415 3607 2584 3664 Unxit
2608 3618 2664 3665 te
2690 3609 2837 3667 Deus
2860 3612 2983 3668 oleo
3008 3629 3120 3684 pra:
3143 3615 3492 3686 participibus

1902 3700 2028 3768 tuis,
2076 3699 2131 3756 id
2174 3709 2261 3756 est
2302 3715 2415 3771 pne
2444 3703 2710 3772 apostolis
2737 3712 2794 3759 et
2821 3706 3059 3773 ceteris,
3091 3707 3186 3777 qui
3219 3705 3486 3778 Spiritum

1901 3802 2151 3851 sanctum
2178 3802 2527 3864 acceperunt.
2551 3794 2672 3851 Prae
2700 3797 2810 3852 illis
2834 3797 2956 3853 ideo
2983 3799 3112 3868 quia
3138 3797 3394 3855 Christus
3418 3799 3489 3857 de

1902 3885 2108 3958 Spiritu
2137 3895 2349 3954 sancto,
2380 3900 2574 3944 omnes
2604 3888 2700 3944 alii
2732 3889 2800 3945 de
2828 3889 3038 3960 semine
3068 3890 3254 3947 carnis
3281 3906 3476 3949 conce—

1897 3979 1977 4048 pti
2015 3988 2161 4035 sunt.
2212 3979 2338 4037 Haec
2385 3983 2571 4038 omnia
2619 3981 2921 4038 secundum
2973 3982 3370 4040 humanitatem
3416 3986 3488 4043 de

1897 4069 2036 4126 Filio
2055 4071 2199 4128 dicta
2229 4083 2391 4142 sunt;
2423 4075 2541 4130 haec
2565 4071 2729 4130 Pater
2755 4075 2896 4130 dixit
2919 4077 2988 4130 de
3012 4075 3170 4144 Filio,
3197 4086 3254 4133 et
3281 4077 3482 4136 iterum

1895 4164 2159 4234 pr0pheta
2193 4165 2262 4220 ad
2288 4164 2508 4222 Patrem
2536 4166 2605 4222 de
2631 4166 2824 4223 eodem
2859 4165 3019 4236 Filio,
3057 4169 3359 4225 secundum
3390 4171 3480 4226 di-

1895 4258 2100 4312 vinam.
2139 4257 2184 4313 Ο
2223 4258 2451 4316 Domine
2479 4259 2661 4330 Pater,
2692 4270 2750 4316 tu
2796 4262 3039 4332 fundasti
3065 4273 3283 4334 terram,
3316 4265 3370 4322 id
3394 4275 3478 4324 est

1895 4348 2123 4404 ﬁrmiter
2148 4351 2402 4407 stabilisti
2449 4352 2594 4409 hanc
2637 4352 2941 4410 Ecclesiam
2976 4373 2990 4411 :
3018 4371 3142 4427 quae
3172 4365 3316 4414 terra
3343 4359 3482 4417 dici-

1897 4451 1984 4497 tur
2022 4445 2431 4513 comparatione
2478 4447 2778 4516 superioris
2828 4446 3088 4505 Ecclesia:
3133 4445 3476 4522 angelorum.

200 4545 353 4595 cum,
382 4531 632 4602 inquam,
661 4534 1117 4592 introducendum
1149 4541 1405 4608 ostendit,
1453 4543 1602 4598 dicit.
1655 4543 1789 4601 Illud

1903 4534 2155 4590 FundaSti
2183 4536 2308 4591 dico
2337 4537 2394 4590 in
2423 4538 2719 4608 principio,
2768 4539 2821 4595 id
2874 4550 2959 4596 est
3005 4558 3104 4613 per
3145 4543 3474 4615 principium

198 4630 254 4674 et
273 4621 528 4693 jungitur
548 4625 604 4680 in
619 4625 798 4683 littera
824 4629 1041 4699 psalmi,
1072 4631 1288 4686 adorent
1311 4650 1448 4701 eum,
1479 4637 1683 4692 scilicet
1700 4637 1788 4693 Fi-

199 4712 337 4767 lium
362 4716 664 4772 secundum
685 4719 983 4775 humanam
1006 4731 1257 4778 naturam
1274 4741 1452 4779 omnes
1475 4727 1649 4799 angeli
1664 4729 1785 4785 Dei.

198 4802 268 4858 Et
296 4805 404 4860 hoc
428 4807 497 4863 de
521 4825 588 4865 eo
613 4820 740 4880 post
787 4813 1245 4869 resurrectionem
1274 4816 1651 4886 accipiendum
1683 4831 1786 4878 est.

198 4886 339 4948 Illud
370 4897 684 4966 praecedens
714 4917 802 4954 ero
836 4901 920 4955 illi
949 4903 1005 4956 in
1040 4903 1278 4972 Patrem,
1319 4905 1372 4959 in
1403 4905 1540 4962 Isaia
1573 4908 1787 4966 inveni-

197 4991 310 5050 tur,
329 4975 386 5040 in
414 4987 626 5055 psalmo
654 4991 818 5046 etiam
848 5010 860 5047 :
893 4991 1326 5050 «Misericordias
1347 4994 1618 5065 Domini,»
1640 5003 1786 5070 quod

197 5075 347 5131 idem
375 5079 539 5150 valet,
569 5081 644 5136 ibi
671 5083 899 5139 habetur
938 5102 950 5138 :
993 5103 1011 5135 ι
1041 5083 1159 5155 Ipse
1189 5086 1465 5143 invocabit
1492 5105 1598 5155 me,
1628 5089 1789 5146 Pater

197 5181 360 5222 meus
389 5183 451 5222 es
483 5176 539 5223 tu
567 5169 742 5246 (Psal.
765 5189 1032 5243 Lxxxvm,
1058 5176 1172 5249 27).
1210 5197 1228 5230 ι
1263 5176 1399 5234 Illud
1434 5181 1579 5250 quod
1604 5183 1786 5252 sequi-

197 5266 308 5324 tur,
345 5278 365 5311 ι
395 5261 628 5318 adorent
659 5281 806 5333 eum,
839 5286 857 5318 ι
903 5269 1136 5325 habetur
1165 5271 1220 5338 in
1257 5273 1468 5343 psalmo
1503 5292 1515 5328 :
1553 5293 1572 5325 ι
1599 5274 1788 5330 1)οωὶ-

193 5366 303 5406 nus
324 5353 596 5432 regnavit,
615 5356 850 5413 exsultet
863 5367 1005 5414 terra
1025 5360 1199 5431 (Psal.
1219 5379 1362 5431 xcvr,
1381 5364 1487 5435 7),»
1514 5365 1621 5420 nisi
1636 5366 1783 5436 quod

191 5441 268 5496 ibi
313 5451 400 5498 est
443 5446 683 5514 adorato,
715 5451 804 5504 hic
847 5452 1086 5508 adorent.
1134 5453 1275 5510 Dicit
1320 5457 1483 5510 etiam
1525 5457 1686 5513 Pater
1715 5461 1782 5514 de

191 5534 387 5589 eodem
417 5535 556 5592 Filio
585 5540 861 5610 pertinens
889 5544 958 5598 ad
982 5547 1223 5615 angelos.
1257 5545 1391 5614 Hoc,
1425 5549 1654 5616 scilicet,
1689 5553 1781 5621 qui

189 5623 368 5682 Filius
398 5628 530 5698 facit
579 5633 831 5690 caelestes
883 5637 1103 5706 spiritus
1143 5655 1264 5691 suos
1317 5640 1527 5710 angelos
1555 5683 1570 5706 ,
1616 5642 1667 5696 id
1698 5653 1783 5699 est

190 5727 326 5769 suos
360 5717 568 5786 legatos
597 5723 818 5779 mittens
848 5741 942 5781 eos
969 5741 1079 5796 quo
1104 5727 1298 5796 placet.
1329 5726 1439 5783 Nec
1471 5738 1680 5785 tantum
1711 5733 1779 5786 il-

190 5804 274 5861 los
307 5807 599 5870 inferiores
629 5833 640 5866 :
676 5817 769 5874 sed
797 5818 962 5873 etiam
1001 5819 1272 5888 ﬂammam
1303 5821 1460 5892 ignis,
1494 5823 1544 5878 id
1576 5835 1658 5881 est
1689 5841 1778 5882 se-

1891 4627 2038 4696 quod
2063 4635 2147 4682 est
2179 4626 2350 4683 Filius
2390 4629 2549 4706 juxta
2593 4632 2742 4700 quod
2775 4632 2918 4686 idem
2967 4635 3036 4689 de
3066 4651 3125 4690 se
3150 4636 3228 4690 ait
3258 4655 3272 4692 :
3310 4655 3329 4689 ι
3361 4635 3474 4709 Ego

1889 4716 2216 4786 principium
2249 4719 2342 4787 qui
2374 4728 2429 4773 et
2473 4719 2670 4789 loquor
2698 4722 2856 4778 vobis
2904 4722 3105 4794 (Joan.
3143 4740 3262 4793 vni,
3293 4726 3407 4797 25).
3448 4749 3466 4779 ι

1890 4807 2154 4862 Fundasti
2182 4815 2407 4875 terram,
2438 4819 2492 4865 et
2521 4813 2742 4878 coelum,
2772 4813 2826 4869 id
2857 4823 2940 4870 est
2969 4815 3204 4886 majores
3229 4829 3471 4887 sanctos,

1891 4905 1953 4953 ut
1979 4899 2279 4969 apostolos,
2329 4901 2422 4970 qui
2451 4904 2710 4974 mysteria
2741 4913 2832 4959 tua
2865 4906 3188 4976 compluunt
3215 4893 3469 4967 subditis.

1892 4991 2022 5057 Hos,
2053 4991 2297 5061 inquam,
2329 5007 2436 5047 non
2468 4994 2646 5048 solum
2679 4995 2943 5065 fundasti,
2983 4998 3076 5054 sed
3104 4999 3316 5056 dicendi
3345 5014 3474 5060 sunt

1890 5088 2107 5157 propria
2144 5106 2302 5159 opera
2335 5107 2586 5145 manuum
2626 5102 2858 5150 tuarum.
2896 5095 2955 5151 In
2984 5099 3301 5158 excellentia
3322 5104 3470 5158 enim

1889 5177 2084 5234 horum
2117 5193 2340 5252 apparet
2369 5198 2565 5240 manus
2595 5193 2687 5241 tua
2721 5185 2891 5245 fuisse
2914 5200 3157 5261 operata,
3180 5193 3322 5251 sicut
3349 5197 3473 5268 qui—

1886 5269 2018 5324 libet
2063 5272 2256 5326 artifex
2307 5273 2512 5330 diceret
2571 5295 2584 5332 :
2638 5276 2764 5334 Haec
2827 5279 3009 5354 imago
3061 5287 3278 5356 egregia
3331 5304 3470 5359 opus

1888 5376 2069 5416 meum
2120 5373 2204 5419 est
2231 5407 2244 5431 ,
2287 5367 2381 5422 scd
2409 5367 2465 5422 in
2500 5368 2591 5424 illa
2620 5371 2860 5428 deterius
2889 5373 3032 5431 facta
3057 5391 3166 5432 non
3194 5393 3470 5450 cognosco

1889 5470 1998 5522 me,
2027 5472 2149 5511 cum
2177 5467 2358 5514 tamen
2388 5471 2620 5534 utraque
2651 5480 2790 5536 opus
2816 5467 2936 5538 ejus
2969 5469 3059 5526 sit.
3091 5468 3157 5525 Et
3178 5473 3279 5541 ipsi
3304 5473 3463 5546 361

1887 5547 2007 5600 caeli
2043 5550 2302 5617 peribunt,
2331 5552 2386 5607 id
2417 5564 2501 5610 est
2555 5567 2730 5613 morte
2756 5559 3068 5616 destruetur
3104 5562 3367 5633 quidquid
3399 5581 3468 5621 ex

1887 5648 2083 5694 natura
2121 5657 2218 5696 sua
2261 5653 2448 5713 erunt,
2491 5648 2586 5703 sed
2629 5657 2685 5702 tu
2739 5651 3067 5720 permanebis
3124 5653 3180 5706 in
3227 5653 3358 5722 illis,
3411 5659 3468 5715 id

1885 5740 1967 5788 est
1999 5733 2208 5803 justitia
2250 5742 2304 5789 et
2357 5744 2548 5792 castora
2600 5755 2723 5808 qua
2772 5748 2828 5794 tu
2873 5741 3184 5810 operaberis
3217 5785 3231 5812 ,
3266 5745 3319 5800 in
3356 5747 3464 5805 illis

1885 5827 2299 5895 permanebunt,
2331 5835 2379 5881 et
2407 5843 2582 5884 omnes
2620 5831 2733 5887 sive
2775 5833 2920 5901 caeli,
2947 5833 3061 5889 sive
3090 5842 3234 5892 terra
3263 5829 3465 5898 cetera?
