3988 6440
496 389 606 446 495

1036 387 1094 443 S.
1127 345 1484 444 DRUNONIS
1517 377 2159 441 CARTIIUSIANORUM
2201 379 2690 438 INSTITUTORIS
2729 381 2882 438 OPP.
2923 379 3108 438 PARS
3143 380 3209 435 ll.

3665 381 3772 437 μισ

491 507 656 567 scent,
693 497 857 554 idest
884 497 1158 569 pautatim.
1179 505 1596 568 corrumpentur
1627 507 1846 549 miserta
1873 506 2077 548 carnis.
2110 491 2156 550 A
2189 510 2207 542 ι
2245 505 2370 546 eum
2402 505 2567 562 super
2597 505 2759 562 opera
2790 507 3056 548 manuum
3090 501 3334 548 tuarum.
3362 489 3562 546 Omnia
3583 491 3772 562 subje-

559 591 918 648 Veterascent
937 590 1084 658 dico,
1105 598 1160 646 et
1193 591 1448 660 peribunt
1483 597 1542 642 ut
1598 587 1984 652 vestimentum,
2021 585 2077 640 id

494 694 582 743 est
625 683 932 740 secundum
961 697 1162 752 corpus
1183 680 1330 751 quod
1375 680 1431 734 in
1461 678 1544 734 eis
1590 686 1694 745 est,
1731 675 2078 732 circumdans

491 777 734 834 animam
755 783 1018 846 tanquam
1044 773 1451 830 vestimentum.
1503 769 1610 841 Ipsi
1638 770 1912 841 peribunt,-
1945 776 1996 823 et
2018 777 2078 824 tu

492 868 726 924 mutabis
747 885 832 924 eos
855 866 990 922 velut
1009 865 1282 928 amictum,
1308 863 1363 919 id
1395 871 1482 920 est
1499 877 1722 934 corpus,
1747 862 1896 933 quod
1917 861 2078 932 quasi

492 961 729 1016 amictus
761 959 956 1016 animm
982 964 1087 1012 est.
1141 954 1378 1012 Mutabis
1427 953 1766 1025 impassibile
1791 952 1996 1010 factum
2023 961 2078 1010 et

502 1052 829 1108 immortale.
885 1048 1236 1104 Hutabuntur
1279 1047 1448 1102 etiam
1501 1045 1805 1102 secundum
1865 1044 2078 1102 animas

490 1143 841 1215 gloriosiores
869 1140 1064 1207 factas,
1115 1148 1172 1196 et
1211 1139 1268 1194 in
1319 1137 1632 1210 cognitione
1661 1137 1756 1192 Dei
1781 1135 2074 1208 proﬁcien—

491 1245 596 1290 tes.
629 1233 736 1304 ipsi
775 1232 1029 1302 peribunt
1067 1239 1124 1287 et
1167 1237 1528 1296 veterascent,
1561 1237 1618 1284 tu
1654 1237 1832 1284 autem
1859 1245 1914 1283 es
1935 1227 2074 1282 idem

493 1325 624 1393 ipse,
662 1324 718 1379 id
747 1331 832 1379 est
851 1323 1210 1378 immutabilis
1233 1330 1425 1378 contra
1454 1322 1562 1376 hoc
1599 1321 1748 1391 quod
1791 1319 1896 1390 ipsi
1925 1326 2076 1374 vete-

485 1421 734 1480 rascunt,
761 1421 812 1468 et
837 1413 962 1467 anni
975 1414 1056 1468 tui
1076 1427 1180 1468 non
1204 1412 1469 1483 deﬁcient,
1495 1412 1548 1468 id
1577 1419 1662 1468 est
1679 1410 1958 1468 aeternitas
1977 1419 2072 1466 tua

485 1519 812 1576 permanens
835 1515 938 1562 est.
963 1504 1168 1561 Contra
1184 1506 1290 1562 hoc
1315 1505 1466 1576 quod
1487 1504 1564 1559 illi
1593 1511 1770 1560 morte
1793 1502 2070 1573 peribunt,

483 1612 595 1652 non
633 1597 810 1652 solum
839 1613 936 1668 per
964 1598 1244 1668 praemissa
1287 1597 1465 1668 major
1511 1596 1720 1668 angelis
1747 1595 2074 1666 comproba-

491 1695 597 1753 tur,
653 1687 750 1741 sed
784 1687 948 1742 etiam
1001 1703 1100 1758 per
1156 1687 1262 1742 hoc
1315 1686 1521 1742 dictum
1565 1685 1744 1741 Filio:
1799 1703 1818 1735 ι
1865 1682 2006 1740 Sede
2039 1699 2068 1738 a

485 1777 709 1845 dextris,
745 1797 766 1829 ι
798 1779 946 1848 quod
993 1778 1130 1834 nulli
1183 1779 1388 1834 dictum
1437 1787 1520 1834 est
1563 1777 1776 1848 angelo.
1815 1775 1954 1843 Quia
2001 1775 2071 1832 ad

2185 599 2204 633 ι
2247 581 2372 638 cisti
2395 582 2500 638 sub
2522 582 2754 653 pedibus
2779 584 2922 654 ejus.
2953 582 3012 638 ln
3038 597 3105 640 eo
3133 583 3279 639 enim
3309 585 3461 655 quod
3501 587 3692 642 omnia
3717 589 3768 644 ei

2185 688 2204 722 ι
2246 669 2498 742 subjecit,
2547 672 2686 726 nihil
2727 673 2938 730 dimisit
2984 687 3094 736 non
3145 672 3456 744 subjectum
3493 673 3570 729 ei.
3610 671 3771 732 Nunc

2184 783 2204 816 ‹
2240 773 2422 820 autem
2467 765 2702 821 necdum
2736 766 2988 822 videmus
3027 765 3214 821 omnia
3243 765 3492 837 subjecta
3527 765 3600 822 ei.
3629 765 3769 824 Eum

2184 875 2204 909 ‹
2243 865 2428 914 autem
2459 858 2555 930 qui
2605 860 2823 916 modico
2865 875 3032 930 quam
3070 860 3272 930 angeli,
3305 860 3618 915 minoratus
3663 870 3768 924 est,

2183 965 2203 999 ι
2236 947 2486 1006 videmus
2517 947 2730 1018 Iesum,
2755 959 2978 1024 propter
2999 952 3314 1022 passionem
3345 953 3565 1022 mortis,
3593 953 3768 1026 gloria

2183 1057 2202 1092 ι
2239 1047 2294 1095 ει
2332 1040 2544 1098 honore
2584 1051 2931 1112 coronatum,
2953 1053 3018 1100 ut
3043 1043 3218 1116 gratia
3253 1043 3352 1100 Dei
3375 1059 3477 1117 pro
3507 1046 3768 1100 omnibus

2183 1150 2201 1183 ι
2239 1140 2486 1202 gustaret
2529 1131 2784 1192 mortem.
2840 1133 3079 1192 Decebat
3135 1135 3284 1192 enim
3337 1151 3488 1204 eum,
3545 1145 3766 1208 propter

2181 1241 2200 1275 ι
2237 1239 2400 1294 quem
2423 1225 2630 1294 omnia,
2653 1234 2710 1282 et
2731 1241 2830 1298 per
2849 1243 3014 1300 quem
3039 1214 3366 1299 omnia,'qui
3395 1229 3605 1286 multos
3627 1229 3766 1286 filios

2181 1333 2200 1378 ι
2239 1314 2294 1370 in
2321 1316 2552 1388 gloriam
2578 1317 2903 1386 adduxerat,
2927 1327 3211 1376 auctorem
3235 1320 3431 1376 salutis
3453 1337 3648 1378 eorum
3671 1337 3766 1392 per

2180 1425 2200 1460 ι
2245 1406 2560 1478 passionem
2605 1424 3012 1466 consummare.
3045 1409 3150 1478 Qui
3199 1412 3346 1468 enim
3375 1413 3692 1468 sanctificat
3715 1423 3764 1468 et

2179 1515 2200 1550 ι
2235 1497 2333 1568 qui
2369 1498 2804 1568 sanctiﬁcantur,
2847 1515 2914 1556 ex
2941 1516 3055 1556 uno
3083 1515 3296 1558 omnes.
3325 1500 3555 1572 Propter
3599 1518 3766 1574 quam

2180 1610 2198 1645 ι
2237 1607 2459 1648 causam
2488 1607 2600 1648 non
2631 1591 2989 1648 confunditur
3033 1591 3238 1650 fratres
3267 1609 3364 1650 eos
3404 1608 3628 1660 vocare,
3681 1595 3764 1650 di-

2179 1701 2200 1736 r
2233 1698 2366 1740 cens
2399 1701 2414 1738 :
2445 1681 2722 1740 Nuntiabo
2747 1700 2944 1740 nomen
2988 1693 3144 1740 tuum
3199 1683 3464 1742 fratribus
3507 1686 3674 1756 meis,
3711 1686 3764 1742 in

2180 1793 2198 1828 ι
2237 1774 2417 1830 medio
2464 1773 2727 1832 Ecclesiae
2773 1774 3010 1832 laudabo
3050 1784 3123 1832 te.
3153 1774 3222 1832 Et
3247 1775 3450 1832 iterum
3483 1795 3498 1832 :
3533 1775 3653 1848 Ego
3673 1792 3764 1832 ero

485 1883 648 1938 quem
683 1846 998 1939 angelorum
1027 1869 1164 1926 dixit
1197 1869 1359 1925 Pater
1387 1846 1702 1940 aliquando,
1735 1869 1878 1926 sicut
1923 1868 2068 1925 idem
2107 1846 2150 1906 Β
2181 1886 2204 1920 ι
2240 1867 2415 1924 fidens
2447 1869 2502 1922 in
2549 1883 2698 1924 eum.
2728 1867 2794 1924 Et
2817 1868 3018 1926 iterum
3045 1886 3060 1923 :
3087 1867 3229 1926 Ecce
3254 1883 3358 1940 ego
3390 1877 3446 1924 et
3465 1846 3627 1940 pueri
3659 1869 3762 1926 mei

481 1962 713 2018 verbum
761 1979 928 2034 supra
969 1963 1300 2030 notavimus,
1355 1961 1510 2030 Sede,
1557 1963 1610 2018 id
1666 1971 1752 2018 est
1785 1961 1974 2034 judica
2017 1971 2072 2017 et

481 2051 704 2123 quiesce
771 2070 806 2106 a
859 2053 1097 2120 dextris,
1167 2053 1224 2110 id
1279 2059 1366 2109 est
1421 2050 1480 2108 in
1531 2051 1838 2123 potioribus
1903 2052 2068 2118 meis,

479 2142 822 2216 quoadusque
867 2161 1060 2216 ponam
1099 2145 1346 2200 inimicos
1401 2153 1520 2200 tuos
1553 2143 1844 2200 scabellum
1881 2144 2073 2214 pedum

482 2243 696 2288 tuorum
719 2233 896 2305 (Psal.
923 2247 1036 2302 CIX,
1063 2235 1115 2300 i,
1141 2235 1221 2306 2),
1245 2235 1300 2292 id
1327 2242 1414 2291 est
1440 2235 1514 2291 ita
1535 2233 1777 2305 pleuarie
1797 2233 2074 2306 subjectus

481 2325 606 2391 tibi,
657 2331 720 2380 ut
775 2325 1074 2381 scabellum
1125 2327 1413 2397 subjicitur
1461 2327 1723 2396 pedibus?
1765 2325 1869 2382 Per
1908 2327 2073 2397 pedes

483 2423 670 2470 tamen
717 2416 1034 2473 humanitas
1077 2417 1284 2474 Christi
1336 2419 1675 2490 intelligitur,
1723 2434 1848 2488 quae
1881 2419 2074 2476 ultima

481 2523 616 2581 pars
639 2509 696 2564 in
745 2510 858 2566 illo.
911 2509 1039 2567 llaec
1069 2521 1255 2568 autem
1298 2513 1460 2584 plena
1490 2512 1782 2584 subiectio,
1815 2526 2074 2568 consum-

481 2601 682 2658 manda
709 2613 792 2659 est
819 2603 876 2659 in
901 2605 1096 2660 ultimo
1115 2603 1324 2675 judicio
1345 2605 1648 2682 secundum
1675 2605 2072 2662 humanitatem

439 2688 442 2690 ’
483 2691 632 2749 Filii.
693 2693 834 2753 Vere
865 2697 1003 2752 nulli
1047 2696 1370 2768 angelorum
1409 2696 1547 2752 dixit
1597 2696 1703 2753 hoc
1741 2697 1890 2766 quod
1936 2696 2076 2752 dixit

479 2784 642 2854 Filio,
671 2787 794 2842 sede
819 2803 854 2841 α
897 2787 1123 2856 dextris,
1155 2788 1284 2859 quia
1309 2788 1488 2860 angeli
1511 2787 1750 2846 ministri
1777 2798 1906 2845 sunt
1925 2789 2072 2856 Filii,

487 2877 596 2934 hoc
623 2886 806 2934 autem
837 2895 1149 2950 repugnans
1171 2889 1255 2937 est
1275 2889 1336 2937 ut
1359 2880 1597 2938 ministri
1619 2881 1730 2938 sint
1758 2880 1988 2948 Christi,
2019 2891 2074 2940 et

478 2969 730 3040 ejusdem
759 2972 1062 3044 dignitatis.
1111 2972 1270 3040 Quod
1313 2973 1386 3030 ita
1412 2975 1489 3029 ait
1517 2973 1678 3030 :ldeo
1705 2981 1924 3032 constat
1967 2975 2074 3030 hoc

480 3070 592 3113 non
621 3074 744 3116 esse
765 3059 972 3117 dictum
995 3061 1164 3118 alicui
1185 3063 1528 3134 angelOrum,
1558 3064 1684 3135 quia
1703 3081 1878 3120 nonne
1893 3081 2072 3120 omnes

479 3149 708 3220 angelici
731 3152 954 3221 spiritus
983 3160 1256 3224 quotquot
1271 3163 1415 3222 sunt,
1439 3163 1568 3210 sunt
1597 3155 2068 3222 administratorii,

2182 1978 2202 2012 ι
2236 1973 2376 2030 quos
2397 1959 2546 2016 dedit
2569 1959 2706 2016 mihi
2737 1959 2902 2016 Deus.
2929 1958 3068 2028 Quia
3096 1975 3229 2031 ergo
3251 1960 3410 2031 pueri
3449 1961 3762 2016 communi-

2182 2068 2200 2102 ι
2236 2058 2499 2108 caverunt
2526 2049 2680 2106 carni
2713 2058 2768 2106 et
2787 2050 3068 2123 sanguini,
3095 2057 3150 2107 et
3177 2051 3339 2124 362
3369 2051 3490 2124 ipse
3512 2051 3764 2108 similiter

2181 2160 2202 2195 ι
2237 2141 2584 2214 participavit
2634 2143 2865 2212 eisdem,
2917 2152 2978 2199 ut
3022 2158 3120 2214 per
3172 2153 3408 2200 mortem
3458 2144 3766 2200 destrueret

2182 2253 2201 2288 ι
2238 2249 2386 2302 eum,
2416 2235 2510 2306 qui
2553 2235 2788 2292 habebat
2810 2236 3006 2292 mortis
3032 2236 3346 2306 imperium,
3379 2236 3434 2291 id
3457 2246 3545 2294 est
3571 2236 3764 2292 diabo-

2181 2347 2200 2378 ‹
2239 2327 2374 2395 lum,
2400 2335 2454 2383 et
2477 2327 2736 2384 liberaret
2761 2342 2878 2394 eos,
2911 2327 3006 2398 qui
3027 2327 3222 2388 timore
3251 2329 3450 2384 mortis
3471 2344 3571 2400 per
3591 2338 3764 2384 totam

2182 2439 2200 2472 ι
2232 2419 2398 2474 vitam
2429 2419 2652 2475 obnoxii
2676 2427 2834 2474 erant
2861 2419 3132 2476 servituti.
3163 2418 3446 2490 Nusquam
3485 2421 3638 2476 enim
3663 2437 3762 2476 an-

2181 2527 2199 2560 ι
2239 2509 2389 2580 gelos
2411 2509 2790 2582 apprehendit,
2807 2509 2900 2566 sed
2919 2525 3106 2566 semen
3123 2510 3358 2566 Abrahae
3379 2511 3760 2582 apprehendit.

2182 2621 2200 2655 ι
2239 2600 2394 2658 Unde
2423 2603 2611 2658 debuit
2657 2617 2754 2672 per
2795 2601 2982 2657 omnia
3028 2600 3293 2658 fratribus
3341 2603 3668 2668 assimilari,
3705 2613 3766 2660 ut

2181 2714 2198 2746 ι
2233 2693 2550 2750 misericors
2575 2691 2730 2748 fieret
2751 2701 2806 2748 et
2843 2691 3021 2748 ﬁdelis
3061 2691 3318 2748 Pontifex
3359 2692 3428 2748 ad
3465 2691 3666 2760 Deum,
3701 2701 3764 2748 ut

2179 2804 2200 2836 ι
2237 2785 2617 2856 repropitiaret
2663 2784 2862 2840 delicta
2913 2785 3120 2856 populi.
3165 2784 3224 2854 lu
3257 2799 3325 2842 eo
3367 2785 3516 2841 enim
3546 2785 3603 2840 in
3653 2801 3764 2857 quo

2180 2897 2198 2928 ι
2240 2891 2440 2948 passus
2467 2884 2551 2932 est
2572 2876 2688 2946 ipse
2716 2883 2772 2930 et
2799 2883 3062 2944 tentatus,
3109 2884 3306 2946 potens
3357 2883 3442 2932 εει
3479 2885 3534 2932 ει
3557 2876 3645 2932 eis
3667 2875 3766 2948 qui

2239 2973 2518 3040 tentantur
2546 2965 2824 3022 auxiliari.
2863 2984 2883 3018 ι

2811 3070 3122 3112 ειιιοειτιο.

2243 3147 2325 3203 Ex
2375 3149 2634 3204 omnibus
2679 3148 3057 3220 superioribus
3097 3147 3298 3217 infert;
3350 3148 3420 3204 ad
3469 3147 3576 3204 hoc
3613 3147 3764 3204 enim

479 3239 534 3296 id
561 3250 646 3296 est
693 3238 946 3316 dispositi
996 3251 1060 3300 ut
1107 3244 1494 3302 administrent
1539 3245 1799 3302 Christo?
1835 3245 1904 3302 Et
1937 3247 2064 3317 quia
2098 3229 2144 3293 C
2174 3240 2646 3311 comprobandum
2690 3239 2878 3294 omnia
2921 3239 3170 3308 adduxit,
3194 3239 3386 3296 dicens
3413 3258 3428 3296 :
3460 3239 3604 3308 Quia
3627 3240 3676 3296 si
3703 3241 3766 3294 in

479 3331 705 3403 quidam
757 3334 1002 3392 ministri
1045 3337 1332 3394 constituti
1377 3346 1525 3406 sunt,
1569 3339 1770 3410 quibus
1799 3338 2068 3410 imperare

480 3437 590 3478 non
619 3423 822 3479 audent
843 3425 1076 3494 domini,
1111 3427 1180 3483 ad
1207 3429 1312 3486 hoc
1331 3429 1734 3506 removendum,
1771 3430 1940 3490 addit.
1989 3431 2070 3488 Ita

481 3513 610 3570 dico
657 3514 1144 3586 administratorii,
1195 3521 1342 3591 quod
1398 3521 1550 3576 missi
1604 3521 1660 3576 in
1713 3523 2068 3578 ministerium

481 3619 816 3677 quocunque
865 3608 972 3664 sibi
1021 3610 1201 3680 placet
1249 3612 1416 3668 etiam
1463 3623 1680 3684 propter
1723 3631 1832 3682 eos,
1883 3614 1939 3670 id
1987 3624 2072 3672 est

479 3712 704 3774 propter
743 3705 1018 3763 homines.
1069 3707 1301 3765 Multum
1355 3710 1632 3782 subjectos
1679 3719 1896 3768 constat
1947 3728 2070 3770 esse

477 3793 722 3864 Christo,
748 3797 978 3868 imperio
999 3799 1158 3871 cujus
1185 3801 1502 3858 deserviunt
1531 3804 1694 3859 etiam
1731 3804 2068 3874 hominibus,

481 3887 578 3958 qui
607 3889 852 3946 minores
879 3899 1009 3946 sunt
1037 3893 1263 3965 angelis.
1298 3891 1530 3966 Propter
1553 3911 1650 3952 eos
1677 3897 1824 3966 dico,
1857 3898 1948 3969 qui
1977 3915 2069 3952 ca-

476 3980 622 4036 pient
669 3980 1033 4038 hereditatem
1083 3985 1298 4054 salutis,
1354 3986 1411 4043 id
1455 3997 1540 4044 est
1571 3988 1666 4060 qui
1710 3989 2069 4060 possidebunt

479 4079 739 4128 aeternam
765 4074 998 4131 salutem
1023 4076 1082 4131 in
1107 4077 1500 4150 haereditatem,
1531 4080 1586 4138 id
1616 4089 1704 4140 est
1723 4082 1938 4139 firmam
1961 4082 2070 4138 sibi

477 4163 901 4233 possessionem.
1227 4171 1232 4176 '

1118 4295 1348 4353 CAPUT
1385 4297 1453 4354 Il.

562 4443 582 4478 t
619 4423 914 4498 Pr0pterea
954 4428 1326 4487 abundantius
1365 4441 1581 4503 oportet
1633 4434 1926 4493 observare
1965 4451 2068 4494 nos

486 4535 506 4568 ι
541 4530 606 4571 ea
631 4532 756 4587 quae
782 4517 1116 4586 audivimus,
1138 4534 1208 4575 ne
1229 4519 1370 4578 forte
1402 4522 1803 4592 peremuamus.
1837 4525 1894 4581 Si
1919 4527 2064 4584 enim

484 4626 506 4662 ι
543 4609 638 4680 qui
658 4623 754 4680 per
777 4611 1001 4682 angelos
1043 4611 1226 4669 dictus
1264 4621 1350 4670 est
1385 4629 1588 4683 sermo,
1623 4613 1803 4674 factus
1842 4627 1926 4674 est
1963 4618 2062 4674 ﬁr-

485 4719 505 4754 ι
541 4717 686 4770 mus,
712 4710 768 4760 et
791 4701 972 4762 omnis
993 4706 1368 4776 praevaricatio
1389 4715 1444 4762 et
1465 4705 1832 4764 inobedientia
1855 4711 2064 4780 accepit

484 4794 745 4865 «justam
797 4797 1068 4856 mercedis
1123 4800 1572 4870 retributionem,
1623 4803 1902 4873 quomodo
1960 4819 2062 4860 nos

485 4903 506 4958 ι
542 4886 884 4960 eﬂ’ugiemus,
905 4890 952 4946 si
982 4896 1190 4946 tantam
1211 4890 1613 4963 neglexerimus
1631 4892 1904 4948 salutem?
1930 4891 2063 4960 Quae

487 4993 506 5028 ι
543 4991 670 5030 cum
699 4977 915 5034 initium
941 4981 1242 5051 accepisset
1263 4979 1510 5036 enarrari
1531 4996 1629 5052 per
1648 4980 1965 5048 Dominum,
1993 4983 2063 5038 ab

488 5082 507 5118 ι
541 5065 622 5120 eis
661 5067 756 5136 qui
805 5069 1114 5138 audierunt,
1165 5070 1224 5126 in
1267 5087 1370 5128 nos
1415 5071 1738 5128 confirmata
1774 5084 1878 5142 est,
1929 5089 2062 5128 con-

488 5171 508 5206 ι
547 5162 780 5211 testante
801 5155 912 5212 Deo
935 5159 1106 5229 signis
1126 5169 1181 5214 et
1195 5162 1462 5230 portentis
1484 5161 1727 5234 et,variis
1743 5162 2060 5232 virtutibus,

488 5262 507 5296 ι
543 5251 598 5298 ει
627 5242 863 5314 Spiritus
885 5250 1057 5304 sancti
1080 5251 1558 5308 distributionibus
1583 5254 1886 5309 secundum
1904 5269 2060 5310 suam

487 5353 508 5390 ι
543 5337 900 5394 voluntatem.
926 5337 1046 5394 Non
1076 5342 1223 5398 enim
1274 5345 1486 5416 angelis
1535 5345 1770 5417 subjecit
1797 5345 1942 5402 Deus
1972 5363 2063 5402 or-

486 5447 508 5482 ι
542 5427 666 5484 bem
691 5436 848 5486 terrae
864 5427 1130 5500 futurum,
1163 5433 1232 5488 de
1256 5449 1364 5504 quo
1383 5435 1682 5506 loquimur.
1704 5435 1958 5494 Testatus
1979 5447 2064 5494 est

487 5535 506 5571 ι
543 5527 728 5578 autem
757 5518 812 5574 in
835 5520 1075 5592 quodam
1097 5521 1220 5578 loco
1243 5523 1368 5594 quis
1391 5525 1601 5582 dicens.
1626 5525 1769 5594 Quid
1791 5536 1876 5584 est
1896 5529 2063 5584 homo

487 5631 507 5668 ι
542 5613 691 5690 quod
721 5629 934 5670 memor
953 5630 1014 5672 es
1041 5615 1180 5688 ejus,
1203 5625 1300 5672 aut
1336 5617 1484 5674 filius
1529 5618 1772 5676 hominis
1799 5623 2062 5692 quoniam

489 5723 508 5757 ι
545 5707 735 5762 visitas
753 5709 918 5763 eum?
953 5707 1201 5774 Minuisti
1250 5724 1376 5766 eum
1398 5709 1563 5780 paulo
1587 5710 1769 5768 minus
1791 5713 1860 5768 ab
1894 5728 2062 5784 ange-

489 5813 510 5872 t
544 5796 631 5868 lis,
655 5798 827 5870 gloria
845 5808 900 5854 et
928 5797 1137 5857 honore
1169 5799 1446 5858 coronasti
1478 5815 1626 5870 eum,
1655 5809 1710 5857 et
1731 5801 2063 5860 constituisti

2167 3329 2450 3403 prephe'tis
2491 3339 2546 3388 et
2591 3332 2648 3386 in
2693 3329 2833 3386 Filio
2881 3331 3100 3388 locutus
3149 3340 3235 3390 est
3280 3331 3448 3400 Deus,
3494 3331 3628 3404 quia
3665 3346 3766 3401 per

2167 3422 2371 3478 Filium
2412 3423 2597 3480 omnia
2645 3421 2788 3478 facta
2835 3431 2983 3490 sunt,
3035 3423 3164 3495 quia
3195 3424 3374 3495 major
3416 3431 3504 3479 est
3527 3422 3762 3494 angelis,

2166 3512 2296 3586 quia
2319 3513 2522 3568 dictum
2552 3523 2635 3570 est
2662 3511 2802 3568 Filio
2829 3531 2842 3568 :
2874 3531 2893 3565 ι
2926 3511 3065 3570 Sede
3085 3529 3118 3569 a
3138 3513 3365 3583 dextris,
3403 3533 3423 3566 ι
3450 3513 3602 3586 quod
3626 3513 3764 3568 nulii

2167 3606 2375 3660 dictum
2415 3613 2499 3661 est
2533 3605 2748 3678 angelo,
2781 3613 3058 3676 propterea
3111 3613 3316 3678 oportet
3357 3623 3452 3661 nos
3481 3605 3766 3662 observare

2165 3717 2230 3754 ea
2256 3715 2374 3772 quae
2401 3698 2703 3754 audivimus
2735 3714 2765 3754 a
2789 3697 2929 3753 Filio
2955 3698 3323 3756 abundantius
3349 3715 3518 3770 quam
3545 3713 3614 3756 ea
3637 3715 3766 3770 quae

2167 3790 2478 3846 audivimus
2507 3804 2540 3844 a
2564 3789 2864 3860 prophetis.
2889 3787 3194 3860 Prophetas
3227 3789 3448 3861 quidem
3469 3790 3765 3846 abundan-

2167 3892 2270 3950 ter,
2292 3881 2388 3938 sed
2429 3880 2628 3936 Filium
2652 3881 3023 3938 abundantius
3045 3891 3264 3953 oportet
3291 3883 3503 3948 audire,
3532 3899 3597 3936 ne
3623 3883 3764 3952 forte

2169 3989 2280 4029 non
2303 3973 2580 4030 audiendo
2602 3971 2824 4040 Filium,
2849 3973 3232 4044 peremuamus.
3251 3971 3362 4030 Nos
3384 3973 3575 4030 multis
3599 3974 3766 4030 mise-

2171 4067 2266 4122 riis
2289 4074 2343 4122 et
2365 4064 2603 4137 peccatis
2623 4065 2868 4138 quotidie
2887 4064 3182 4132 eﬂluimus,
3207 4064 3324 4132 sed,
3351 4065 3398 4122 si
3423 4079 3534 4120 non
3559 4066 3760 4122 obser-

2170 4175 2362 4216 vemus
2411 4158 2670 4214 mandata
2711 4155 2939 4225 Christi,
2991 4155 3384 4228 perelﬂuimus,
3427 4155 3561 4228 quia
3591 4171 3764 4212 omne

2169 4253 2374 4308 bonum
2422 4251 2665 4308 elabetur
2690 4266 2724 4308 a
2757 4249 2940 4317 nobis,
2999 4257 3055 4305 et
3089 4264 3263 4330 poena
3311 4249 3482 4306 totius
3527 4249 3765 4320 iustitiae

2169 4344 2330 4400 nobis
2365 4343 2584 4402 residua
2605 4343 2728 4398 erit.
2750 4341 3012 4398 Probavit
3029 4341 3230 4398 Filium
3250 4357 3374 4398 esse
3393 4341 3762 4406 audiendum,

2171 4445 2284 4492 tum
2309 4436 2438 4508 quia
2461 4437 2518 4492 in
2539 4435 2680 4491 Filio
2701 4435 2916 4492 locutus
2938 4442 3023 4490 est
3065 4433 3230 4504 Deus,
3263 4433 3408 4490 sicut
3430 4433 3488 4490 in
3517 4434 3764 4506 prophe-

2173 4529 2261 4596 tis,
2292 4536 2408 4583 tum
2435 4527 2564 4598 quia
2597 4525 2772 4582 Filius
2815 4523 2994 4598 major
3036 4533 3120 4581 est
3159 4525 3389 4598 angelis,
3439 4534 3496 4582 et
3527 4525 3639 4581 hoc
3663 4541 3762 4596 per

2169 4617 2524 4674 auctoritates
2572 4615 2890 4671 earumdem
2945 4616 3226 4686 probavit;
3283 4615 3450 4672 modo
3497 4617 3764 4674 mandata

2169 4707 2293 4764 Filii
2314 4707 2656 4764 observanda
2672 4706 2805 4762 dicit
2826 4707 2949 4762 ideo
2975 4707 3104 4780 quia
3120 4723 3232 4762 non
3251 4705 3514 4778 effugient
3534 4723 3762 4779 prunam

2169 4798 2264 4867 qui
2308 4797 2645 4868 neglexerint
2684 4797 3020 4868 propositam
3069 4797 3173 4852 sibi
3225 4813 3257 4852 a
3305 4795 3446 4852 Filio
3495 4798 3760 4854 salutem.

2169 4891 2326 4959 Quod
2370 4891 2446 4948 ita
2475 4892 2671 4963 probat
2701 4909 2715 4946 :
2745 4889 2884 4947 Vere
2913 4907 3036 4962 qua:
3077 4891 3392 4950 audivimus
3413 4907 3448 4946 a
3475 4889 3624 4948 Filio
3654 4893 3762 4949 nisi

2169 4981 2664 5050 observaverimus,
2681 4982 3082 5052 perellluemus,
3107 4982 3162 5038 id
3187 4993 3272 5038 est
3293 4983 3616 5054 puniemur,
3631 4987 3760 5057 quia

2171 5074 2218 5132 si
2251 5089 2434 5130 sermo
2465 5074 2783 5145 angelorum
2833 5090 2943 5130 non
3003 5075 3257 5144 impletus
3305 5090 3528 5146 ptenam
3577 5076 3762 5134 intulit

2169 5178 2279 5218 non
2331 5163 2772 5230 observantibus,
2804 5171 2938 5219 tunc
2992 5165 3143 5220 salus
3191 5163 3314 5219 Filii
3359 5165 3636 5238 neglecta,
3666 5165 3758 5236 qui

2169 5252 2346 5332 major
2395 5261 2480 5308 est
2528 5253 2756 5326 angelis,
2804 5269 3024 5325 poenam
3075 5253 3274 5312 inferet
3329 5257 3754 5328 negligentibus.

2168 5341 2327 5410 Quod
2356 5344 2430 5398 ita
2455 5362 2470 5398 :
2499 5342 2559 5400 Si
2581 5361 2772 5412 sermo,
2804 5345 2858 5401 id
2887 5354 2973 5402 est
3000 5348 3248 5404 ostensio
3295 5347 3602 5404 voluntatis
3641 5347 3754 5412 Dei,

2169 5449 2265 5488 seu
2293 5433 2348 5488 in
2378 5433 2516 5504 lege,
2553 5450 2650 5490 seu
2691 5435 2750 5490 in
2791 5435 3096 5506 prophetis,
3125 5438 3216 5508 qui
3253 5451 3439 5492 sermo
3461 5438 3643 5491 dictus
3679 5447 3754 5492 est

2162 5542 2254 5595 per
2275 5525 2508 5597 angelos.
2538 5527 2728 5599 Angeli
2751 5524 2900 5582 enim
2945 5537 3002 5583 et
3021 5525 3195 5599 Moysi
3231 5527 3408 5602 legem
3439 5537 3498 5584 et
3544 5527 3756 5604 caeteris

2162 5617 2442 5688 prophetis
2485 5619 2890 5687 ministrabant,
2946 5636 3288 5691 quaecunque
3329 5620 3408 5675 illi
3460 5619 3754 5686 docebant,

2163 5711 2232 5778 si,
2262 5711 2508 5783 inquam,
2537 5711 2628 5769 hic
2657 5727 2840 5768 sermo
2865 5712 3041 5783 factus
3069 5721 3144 5766 est
3171 5713 3382 5783 ﬁrmus,
3415 5713 3469 5768 id
3493 5722 3582 5770 est
3617 5727 3752 5769 con-

2163 5804 2416 5862 ﬁrmatus
2466 5815 2571 5875 est,
2606 5806 2749 5864 sicut
2795 5806 2883 5864 lex
2935 5803 3064 5862 data
3111 5803 3309 5880 Moysi,
3358 5821 3457 5878 per
3501 5805 3752 5882 quaedam
