3988 6406
250 387 365 444 49³1

902 385 1273 444 EXPOSITIO
1309 385 1377 442 IN
1418 384 1804 443 EPISTOLAS
1841 387 2069 443 PAULI.
2110 419 2180 429 -—
2217 387 2284 443 IN
2321 387 2540 445 EPIST.
2580 389 2674 445 AD
2709 388 2864 447 IIEB.

3412 393 3517 451 498

248 500 545 567 miracula,
601 499 657 557 id
708 508 795 556 est
836 514 934 571 per
981 502 1227 556 tonitrua
1287 500 1363 557 ibi
1411 500 1618 568 audita,
1660 501 1830 557 etiam
1861 504 1909 559 Α
2003 500 2100 558 IIis
2152 503 2411 559 omnibus
2451 502 2611 560 factis
2671 504 2957 560 secundum
3002 505 3324 561 voluntatem
3364 523 3517 564 suam

246 592 584 662 quibusdam
623 591 790 647 minis
841 600 898 647 et
948 591 1441 662 pollicitationibus
1490 593 1835 649 conﬁrmata.

248 682 335 749 Si,
367 682 616 754 inquam,
642 697 823 739 sermo
848 698 947 753 per
980 683 1203 756 angelos
1229 683 1409 740 factus
1436 694 1521 741 est
1541 683 1756 752 ﬁrmus,
1778 693 1835 739 et

247 774 377 830 ideo
405 774 578 829 omnis
599 774 975 845 pravaricatio
1004 785 1055 830 et
1081 775 1460 831 inobedientia.
1507 776 1840 832 Praevarica-

244 866 462 921 tionem
483 874 664 933 vocat,
686 881 799 922 non
839 866 1018 923 solum
1043 866 1318 924 dimittere
1347 868 1495 939 quod
1525 869 1841 940 praecipitur

246 956 305 1010 in
333 957 475 1028 lege,
499 958 598 1013 sed
623 958 790 1014 etiam
819 965 1014 1015 contra
1048 958 1223 1031 legem
1246 958 1447 1029 facere,
1479 969 1542 1017 ut
1561 960 1657 1031 qui
1673 960 1837 1032 jube-

244 1058 342 1104 tur
362 1048 596 1121 diligere
616 1050 952 1121 proximum,
982 1065 1093 1107 non
1121 1059 1336 1107 tantum
1378 1067 1488 1108 non
1514 1052 1709 1125 diligit,
1740 1053 1837 1109 sed

242 1139 414 1195 etiam
465 1141 686 1198 occidit.
743 1140 1117 1199 Inobedientia
1165 1142 1370 1199 dicitur
1415 1158 1527 1200 non
1605 1144 1833 1215 implere

242 1233 395 1303 quod
418 1232 477 1288 in
497 1233 617 1305 lege
633 1234 984 1305 praecipitur;
1018 1236 1183 1291 etiam
1216 1237 1264 1293 si
1292 1235 1430 1292 nihil
1453 1245 1644 1293 contra
1662 1238 1835 1309 legem

242 1334 506 1395 operetur
531 1342 547 1381 :
570 1334 632 1381 ut
669 1328 765 1398 qui
784 1326 1011 1398 jubetur
1034 1328 1262 1400 diligere
1312 1345 1423 1385 non
1472 1330 1682 1401 diligat.
1710 1328 1837 1387 Ideo

243 1416 323 1469 ait
344 1416 532 1472 omnis
554 1418 934 1488 praevaricatio
960 1426 1016 1475 et
1040 1419 1427 1488 inobedientia,
1442 1429 1498 1477 et
1523 1436 1635 1476 non
1655 1421 1836 1477 omnis

242 1508 641 1577 praevaricator
668 1519 723 1566 et
742 1510 1083 1579 inobediens,
1116 1511 1437 1584 signiﬁcans
1463 1529 1629 1569 unam
1662 1514 1834 1570 solam

241 1598 779 1669 praevaricationem,
828 1601 915 1657 vel
965 1602 1392 1659 inobedientiam
1445 1620 1557 1660 non
1598 1604 1837 1677 eﬁ‘ugere

240 1705 490 1761 pinnam.
515 1690 915 1750 Praevaricator
938 1702 1121 1751 autem
1150 1696 1237 1752 vel
1276 1696 1597 1753 inobediens
1630 1698 1834 1753 multa-

241 1797 369 1837 rum
393 1784 914 1855 praevaricationum
936 1786 1022 1843 vel
1049 1786 1541 1845 inobedientiarum
1561 1804 1689 1846 reus
1710 1804 1833 1846 esse

240 1884 448 1945 potest.
503 1875 586 1944 Si,
622 1877 871 1949 inquam,
919 1879 1099 1936 omnis
1126 1880 1502 1951 praevaricatio
1546 1891 1603 1939 et
1645 1882 1834 1938 inobe-

238 1967 453 2025 dientia
477 1970 681 2040 accepit
713 1970 1114 2026 retributionem
1143 1972 1417 2039 mercedis,
1467 1973 1522 2029 id
1565 1983 1650 2030 est
1692 1989 1838 2030 mer-

239 2060 436 2116 cedem
478 2062 826 2118 retributam.
860 2062 1069 2120 Merces
1112 2064 1314 2121 dicitur
1350 2080 1493 2136 quae,
1529 2082 1629 2137 pro
1657 2068 1838 2137 quali-

238 2160 355 2207 tate
388 2152 542 2221 facti,
573 2152 690 2209 sive
730 2154 939 2209 malum
991 2154 1107 2211 sive
1160 2155 1365 2211 bonum
1413 2156 1505 2222 sit,
1567 2157 1832 2213 redditur.

239 2242 558 2299 Retributio
604 2244 881 2316 signiﬁcat
923 2255 1191 2317 quantum
1237 2247 1438 2302 meruit
1473 2258 1685 2304 tantum
1715 2263 1839 2305 esse

238 2335 525 2392 redditum
546 2336 618 2392 ei.
664 2334 1121 2404 Retributionem,
1148 2337 1294 2405 dico,
1330 2338 1559 2409 justam,
1582 2339 1712 2410 quia
1757 2340 1838 2396 sic

238 2427 603 2483 retribuendo
631 2426 777 2485 Deus
805 2429 916 2501 agit
963 2445 1030 2485 ex
1071 2430 1305 2501 iustitia,
1338 2447 1439 2487 nec
1483 2432 1685 2502 putetis
1709 2448 1836 2489 eum

240 2518 326 2577 sic
348 2519 767 2576 misericordem
792 2536 916 2578 esse
944 2530 1003 2577 ut
1032 2522 1388 2578 obliviscatur
1410 2523 1656 2594 justitiae.

316 2609 402 2677 Si,
433 2610 685 2682 inquam,
711 2613 1092 2684 praevaricatio
1119 2614 1205 2670 vel
1227 2614 1593 2672 inobedientia
1627 2631 1836 2672 sermo-

239 2699 334 2757 nis
357 2700 494 2758 dicti
517 2718 616 2775 per
653 2704 877 2777 angelos
905 2706 1115 2777 accepit
1150 2707 1474 2764 retributam
1506 2708 1834 2777 mercedem,

237 2795 509 2863 quomodo
537 2812 631 2852 nos
655 2797 965 2869 eﬂ'ugiemus
998 2798 1131 2856 illud
1155 2800 1473 2871 pereﬁluere
1510 2803 1558 2856 si
1600 2801 1838 2874 neglexe-

242 2886 444 2955 rimus,
494 2903 607 2945 non
652 2889 778 2946 dico
826 2891 1274 2963 praevaricatores
1298 2892 1692 2961 exstiterimus,
1740 2895 1834 2951 sed

242 2979 420 3048 (quod
464 2980 649 3039 minus
699 2984 806 3054 est)
851 2984 898 3039 si
938 2983 1133 3040 saltem
1182 2985 1606 3058 neglexerimus,
1654 2985 1709 3042 id
1749 2998 1837 3044 est

241 3069 554 3142 intelligere
574 3082 1015 3142 contemnamus,
1043 3091 1156 3131 non
1198 3076 1322 3133 dico
1379 3092 1709 3145 sermonem,
1739 3079 1832 3134 sed

240 3159 517 3217 salutem?
544 3160 785 3219 Verbum
831 3165 980 3220 enim
1024 3164 1228 3221 Christi
1258 3167 1525 3223 creditum
1568 3168 1835 3225 credenti-

1942 594 2076 664 (uon
2100 593 2247 648 enim
2280 593 2661 649 considerabat
2683 594 2957 660 meritum,
2996 596 3091 651 sed
3119 596 3517 669 beneplacitum

1940 683 2329 741 misericordia:
2370 686 2506 757 suaa)
2529 686 2669 741 dixit
2714 686 2862 756 quod
2909 687 3241 759 negligentes
3284 691 3515 752 salutem

1939 772 2144 831 Christi
2164 790 2273 831 non
2305 776 2563 848 eﬁ'ugient
2608 776 2728 848 ejus
2754 777 3068 833 vindictam.
3094 776 3251 836 Nunc
3284 781 3517 852 subjun-

1939 867 2037 937 git,
2074 866 2221 937 quod
2267 867 2578 923 vindicandi
2617 867 2675 924 in
2714 884 2904 927 omnes
2951 869 3149 925 habeat
3196 873 3513 942 potentiam.

1939 960 2062 1016 Dixi
2095 981 2108 1016 :
2148 960 2420 1028 Quomodo
2440 978 2533 1017 nos
2566 963 2898 1034 eﬂ'ugiemus,
2926 972 2981 1019 et
3004 980 3130 1021 vere
3163 980 3271 1020 non
3296 966 3515 1038 effugie-

1940 1068 2066 1109 mus
2086 1052 2385 1109 vindictam
2420 1054 2755 1125 negligentes
2778 1056 3009 1111 salutem
3039 1054 3182 1123 Filii,
3215 1072 3340 1112 cum
3375 1073 3516 1127 pra:-

1937 1144 2272 1201 varicatores
2323 1146 2595 1201 sermonis
2643 1146 2961 1217 angelorum
3012 1147 3188 1218 puniti
3210 1148 3340 1215 sint,
3386 1150 3517 1219 quia

1938 1236 2078 1293 Filio
2100 1237 2352 1308 subjiciet
2373 1238 2560 1293 orbem
2594 1247 2754 1294 terra:
2784 1254 2949 1309 quem
2992 1239 3198 1311 angelis
3242 1254 3350 1295 non
3386 1241 3519 1296 sub—

1933 1330 2085 1401 jecit.
2119 1328 2218 1385 Hic
2244 1330 2399 1386 locus
2427 1330 2588 1387 ﬁdem
2630 1329 2812 1386 facita
2853 1331 3073 1387 minori.
3106 1330 3262 1398 Quod
3297 1332 3372 1387 ita
3393 1333 3468 1386 ait
3500 1351 3514 1387 :

1936 1419 2079 1474 Deus
2109 1427 2264 1490 pater
2292 1436 2395 1474 non
2424 1419 2649 1490 subjecit
2677 1424 2853 1474 orbem
2891 1429 3045 1475 terra:
3089 1420 3314 1492 angelis,
3350 1420 3517 1475 mini-

1936 1512 2103 1568 sterio
2124 1511 2343 1583 quidem
2367 1526 2559 1567 eorum
2588 1510 2759 1566 multa
2784 1510 2840 1565 in
2859 1510 2992 1566 orbe
3015 1510 3169 1565 ﬁunt.
3205 1509 3310 1566 Sed
3333 1510 3516 1567 omnia

1936 1613 2185 1675 spectant
2208 1602 2275 1658 ad
2298 1602 2393 1658 Dei
2437 1600 2750 1673 imperium.
2781 1600 2980 1657 Orbem
3021 1610 3178 1656 terra:
3212 1601 3336 1656 dico
3365 1602 3517 1672 futu-

1936 1710 2056 1749 rum
2077 1694 2382 1765 subjectum
2413 1692 2463 1748 ei
2494 1694 2558 1747 de
2585 1709 2686 1763 quo
2723 1692 3010 1763 loquimur,
3049 1691 3254 1748 scilicet
3275 1691 3514 1748 Christo.

1940 1785 2033 1841 Vel
2056 1788 2131 1841 ita
2156 1805 2169 1841 :
2194 1784 2395 1841 Orbem
2436 1799 2545 1839 non
2583 1784 2814 1854 subjecit
2839 1782 3067 1853 angelis,
3091 1781 3259 1853 quod,
3289 1781 3517 1847 scilicet,

1936 1886 1998 1933 ut
2043 1876 2388 1946 subjiciatur,
2425 1874 2669 1929 futurum
2704 1884 2788 1929 est
2830 1874 2901 1940 ei,
2946 1874 3013 1928 de
3060 1889 3171 1942 quo
3221 1872 3519 1942 loquimur,

1936 1968 2178 2025 Christo.
2210 1967 2368 2034 Quod
2385 1974 2568 2021 autem
2594 1965 2743 2020 orbis
2771 1962 3145 2034 subjiciendus
3170 1963 3242 2019 sit
3274 1962 3516 2030 Christo,

1936 2058 2134 2129 probat
2162 2056 2487 2113 auctoritate
2520 2054 2724 2121 David;
2766 2053 2861 2123 qui
2886 2062 3067 2107 tamen
3090 2053 3157 2107 de
3196 2052 3301 2107 hac
3336 2051 3521 2121 subje-

1936 2152 2118 2207 ctione
2141 2149 2325 2206 futura
2346 2148 2611 2219 loquitur,
2646 2145 2805 2217 quasi
2839 2145 2907 2200 de
2927 2143 3218 2214 praeterita,
3247 2142 3390 2197 sicut
3414 2141 3514 2196 ad-

1937 2245 2141 2300 missus
2170 2242 2226 2298 in
2252 2242 2439 2298 divino
2466 2239 2713 2295 consilio.
2738 2236 2805 2291 Et
2829 2246 2890 2292 ut
2910 2236 3114 2291 certius
3133 2235 3519 2289 exaltatlonem

1934 2336 2141 2392 Christi
2170 2349 2335 2405 super
2361 2332 2546 2389 omnia
2567 2330 2841 2402 probaret,
2863 2328 3142 2399 przemittit
3158 2326 3521 2382 humilitatem

1935 2430 2078 2501 ejus,
2113 2445 2184 2484 ne
2210 2429 2255 2484 si
2293 2427 2481 2500 (tacita
2522 2422 2850 2495 humilitate)
2884 2420 3269 2477 exaltationem
3308 2433 3522 2474 assere-

1934 2531 2038 2589 ret,
2075 2520 2440 2591 ambigeretur
2468 2518 2637 2573 alium
2666 2530 2789 2571 esse
2825 2513 2920 2585 qui
2966 2513 3307 2578 humiliatus,
3351 2510 3521 2565 alium

1935 2613 2031 2685 qui
2060 2613 2333 2668 exaltatus
2362 2618 2465 2666 est.
2495 2605 2652 2664 Unde
2685 2607 2765 2663 sic
2786 2606 2863 2661 ait
2904 2624 2917 2660 :
2951 2602 3069 2659 Non
3091 2618 3192 2674 ego
3212 2602 3364 2659 solus
3399 2600 3523 2656 dico

1934 2705 2123 2761 orbem
2152 2701 2551 2775 subjiciendum
2582 2699 2825 2765 Christo,
2857 2697 2952 2753 sed
2991 2696 3155 2751 etiam
3194 2702 3415 2749 testatus
3444 2702 3523 2747 est

1936 2796 2082 2852 idem
2133 2809 2347 2851 mecum
2404 2794 2520 2865 quis
2542 2792 2722 2846 dicens
2767 2790 2824 2843 in
2873 2787 3103 2859 quodam
3152 2786 3267 2840 loco
3318 2784 3519 2855 (Psal.,

1934 2902 2055 2954 vui,
2079 2886 2133 2953 5,
2162 2885 2240 2957 6).
2268 2883 2395 2940 Haec
2428 2871 2727 2939 auctoritas
2759 2879 2895 2935 adeo
2917 2887 3045 2933 nota
3072 2884 3210 2942 erat,
3239 2874 3385 2947 quod
3421 2889 3523 2929 nec

1935 2976 2196 3042 auctoris,
2246 2991 2347 3030 nec
2395 2974 2500 3029 loci
2549 2973 2606 3027 in
2654 2987 2765 3042 quo
2801 2977 2919 3025 erat
2964 2967 3185 3023 nomine
3233 2965 3518 3036 indigeret.

1936 3066 2356 3137 Haec,inquam,
2382 3073 2611 3120 testatur
2632 3062 2806 3117 David
2833 3062 3063 3132 loquens
3094 3059 3164 3118 ad
3203 3057 3441 3113 Patrem.
3475 3055 3522 3113 Ο

1936 3159 2185 3223 Domine,
2217 3157 2370 3211 homo
2398 3156 2487 3211 ille
2518 3153 2775 3211 Christus
2795 3154 2922 3226 quid
2948 3161 3048 3222 est,
3071 3151 3416 3219 admirative,
3462 3150 3521 3206 id

243 3248 375 3317 bus,
395 3264 564 3309 causa
588 3252 828 3311 eﬁiciens
1861 3219 1903 3277 C
1935 3258 2020 3306 est
2052 3219 2310 3319 magnum
2361 3247 2493 3317 quid
2522 3245 2741 3303 futurus
2773 3255 2878 3315 est,
2926 3246 3022 3303 sed
3058 3253 3325 3318 quantum
3385 3244 3520 3316 quid

244 3341 299 3396 id
323 3351 413 3398 est
439 3343 864 3402 indeﬁcientem.
897 3346 1060 3403 Salus
1085 3349 1231 3403 enim
1252 3349 1369 3405 haec
1390 3350 1612 3420 quando
1640 3351 1832 3406 remit-

242 3441 439 3489 tuntur
481 3444 703 3505 peccata
753 3437 1083 3509 principium
1116 3439 1307 3507 habet;
1343 3440 1673 3511 positionem
1718 3442 1833 3497 vir-

241 3533 427 3581 tutum
467 3527 631 3584 habet
680 3528 1100 3597 incrementum,
1146 3532 1201 3587 in
1250 3541 1453 3588 aiterna
1496 3533 1834 3591 beatitudine

242 3621 800 3677 consummationem.
857 3621 969 3679 Nec
1025 3637 1121 3679 eos
1167 3624 1345 3680 reddit
1405 3625 1831 3695 inexcusabiles,

240 3710 394 3781 quod
435 3722 713 3783 nequeant
756 3728 1032 3785 opponere
1090 3733 1169 3783 se,
1211 3718 1371 3786 quasi
1409 3728 1650 3776 remotos
1689 3721 1833 3778 hanc

241 3802 469 3859 audisse
500 3805 733 3862 salutem
785 3807 1017 3865 dicens:
1047 3808 1180 3876 Qua:
1222 3812 1372 3868 salus
1424 3830 1545 3867 cum
1595 3816 1832 3885 accepis-

240 3904 321 3948 set
372 3896 591 3951 initium
657 3914 767 3954 non
820 3902 1252 3971 constitutionis,
1304 3904 1435 3975 quia
1494 3906 1564 3961 ab
1627 3906 1833 3962 aeterno

238 3985 407 4057 363
442 3988 524 4044 sic
546 3988 664 4045 ﬁeri
685 4000 804 4047 erat
829 3992 1187 4065 dispositum;
1225 3996 1319 4053 sed
1343 3996 1560 4052 initium
1589 4000 1833 4054 enarrari

238 4091 334 4145 per
364 4076 651 4135 Dominum
677 4084 1019 4155 angelorum,
1049 4086 1104 4141 id
1133 4095 1219 4143 est
1243 4102 1340 4158 per
1369 4086 1651 4143 Christum
1686 4088 1834 4159 quod

238 4165 500 4224 Christus
530 4185 789 4229 enarrare
835 4176 1001 4246 coepit
1030 4176 1175 4233 hanc
1214 4180 1465 4235 salutem.
1510 4179 1686 4248 Tunc,
1747 4181 1834 4238 in-

238 4276 435 4331 quam,
470 4280 597 4322 cum
625 4269 927 4339 accepisset
956 4271 1062 4326 hoc
1092 4270 1309 4327 initium
1332 4274 1649 4343 conﬁrmata
1670 4283 1748 4328 est
1776 4274 1833 4329 in

238 4369 359 4421 nos,
385 4354 440 4411 id
462 4365 547 4413 est
573 4358 629 4413 in
654 4374 751 4417 vos
779 4358 997 4418 Iudaeos
1017 4362 1082 4416 ab
1096 4362 1171 4417 eis
1191 4364 1281 4434 qui
1305 4364 1586 4419 audierunt
1621 4365 1691 4421 ab
1712 4365 1831 4435 ipso

237 4460 337 4503 ore
368 4446 596 4519 Christi,
623 4452 833 4510 scilicet
882 4468 981 4524 per
1000 4454 1300 4524 apostolos,
1339 4470 1576 4526 quorum
1615 4456 1829 4528 justitia

1935 3342 2171 3408 sit;hoc
2221 3348 2402 3395 tamen
2449 3347 2624 3396 totum
2672 3354 2769 3410 per
2798 3341 2905 3396 hoc
2937 3340 3085 3412 quod
3127 3349 3188 3397 tu
3230 3356 3428 3395 memor
3460 3355 3517 3394 es

1932 3434 2047 3504 ejus
2100 3432 2360 3488 hominis.
2422 3431 2630 3488 Memor
2658 3431 2761 3488 fuit
2819 3431 2965 3489 Deus
3014 3434 3257 3490 hominis
3290 3432 3515 3499 Christi,

1933 3527 2152 3598 quando
2175 3542 2299 3583 eum
2323 3526 2623 3582 immunem
2646 3541 2675 3581 a
2697 3534 2922 3596 peccato
2944 3525 3304 3581 conservavit.
3330 3524 3519 3580 Homi-

1933 3635 2060 3675 nem
2106 3636 2234 3676 eum
2276 3620 2510 3691 appello,
2557 3628 2741 3675 autut
2769 3619 3087 3690 expressius
3120 3618 3300 3674 dicam
3351 3619 3520 3673 homo

1933 3711 2023 3766 ille
2046 3710 2218 3767 Filius
2248 3712 2489 3767 hominis
2526 3726 2785 3783 magnum
2810 3710 2943 3781 quid
2982 3719 3069 3766 est
3097 3711 3153 3765 in
3182 3725 3248 3765 eo
3274 3710 3412 3780 quod
3458 3718 3516 3764 tu

1932 3805 2118 3860 uisitas
2150 3821 2287 3859 eum.
2324 3803 2477 3861 Sicut
2505 3804 2749 3860 medicus
2780 3812 2839 3859 ut
2866 3803 3067 3869 visitet,
3102 3801 3406 3873 ingreditur
3447 3801 3517 3855 ad

1934 3896 2235 3963 inﬁrmum,
2267 3897 2348 3951 sic
2383 3898 2527 3952 Deus
2557 3896 2800 3952 visitavit
2830 3894 3109 3950 Christum
3148 3895 3205 3948 in
3239 3893 3513 3963 sepulcro,

1933 3988 2286 4058 ingrediendo
2322 3986 2391 4042 ad
2439 4003 2567 4042 eum
2618 3998 2678 4043 ut
2712 3986 3143 4057 incorruptibilis
3183 3994 3512 4057 resurgeret.

1935 4079 2040 4137 Ubi
2069 4081 2145 4135 ait
2164 4079 2342 4135 Filius
2391 4080 2618 4135 hominis
2644 4089 2699 4135 et
2742 4095 2933 4136 verum
2961 4079 3261 4145 hominem,
3300 4087 3359 4134 et
3404 4092 3514 4132 non

1933 4174 2001 4230 de
2029 4173 2240 4229 semine
2271 4172 2378 4229 viri
2397 4181 2584 4228 natum
2608 4174 2869 4240 ostendit,
2891 4171 3130 4228 hominis
3151 4170 3299 4227 enim
3320 4169 3514 4236 Filius,

1934 4284 2044 4323 non
2069 4268 2376 4322 hominum.
2406 4266 2469 4321 Et
2496 4268 2639 4322 sicut
2658 4266 2886 4338 cognovi
2908 4266 3028 4336 ejus
3059 4263 3513 4329 incarnationem,

1932 4361 2015 4426 sic
2036 4359 2455 4415 minorationem
2470 4359 2713 4429 ejusdem
2724 4400 2737 4425 ,
2756 4357 2996 4416 minuisti
3018 4357 3167 4414 enim
3180 4373 3298 4411 eum
3315 4354 3515 4411 Filium

1934 4455 2029 4511 Dei
2051 4455 2110 4510 in
2141 4455 2345 4510 virtute
2371 4468 2468 4524 per
2494 4460 2834 4523 assumptam
2863 4459 3115 4507 naturam
3139 4450 3517 4521 passibilitatis

237 4546 293 4593 ct
336 4540 637 4601 auctoritas
686 4542 1001 4601 ﬁrmitatem
1051 4545 1218 4617 hujus
1258 4546 1452 4603 salutis
1488 4547 1642 4605 vobis
1683 4564 1834 4603 com-
1862 4561 1912 4622 ι)
1936 4554 1990 4603 et
2023 4546 2396 4601 mortalitatis.
2448 4543 2694 4600 Minuisti
2741 4544 2867 4599 dico
2895 4544 3056 4613 paulo
3078 4542 3273 4610 minus,
3325 4542 3379 4596 id
3430 4550 3515 4597 est

236 4632 540 4691 mendavit.
601 4634 938 4695 Conﬁrmata
979 4639 1128 4706 dico,
1176 4638 1287 4696 Deo
1317 4650 1660 4695 contestante.
1721 4641 1828 4712 Ipsi

238 4723 651 4796 enimapostoli
672 4731 999 4787 auctoritate
1023 4747 1123 4787 sua
1149 4732 1286 4789 satis
1322 4732 1465 4788 hanc
1496 4733 1828 4789 attestaban-

237 4824 353 4881 tur,
394 4817 492 4873 sed
534 4818 681 4878 Deus
733 4822 878 4879 idem
922 4822 1230 4881 testabatur
1276 4839 1403 4879 cum
1442 4822 1548 4879 illis
1589 4825 1754 4895 signis
1784 4833 1835 4879 et

238 4909 524 4975 portentis.
569 4909 737 4983 Signa
770 4922 947 4982 vocat,
978 4922 1044 4970 ut
1084 4912 1309 4969 morbos
1349 4912 1638 4983 depellere,
1684 4912 1832 4983 Quod

239 5018 335 5057 ars
360 4999 703 5060 medicinalis
724 5014 911 5074 posset
933 5005 1162 5062 edicere.
1193 5004 1449 5061 Portenta
1476 5013 1681 5073 autem,
1711 5019 1834 5075 qua:

241 5101 441 5149 contra
472 5101 727 5148 naturam
751 5103 927 5164 erant,
954 5105 1015 5151 ut
1043 5111 1188 5153 cazco
1210 5106 1340 5152 nato
1361 5097 1553 5152 oculos
1598 5095 1830 5165 aperire,

241 5185 523 5241 Lazarum
565 5186 834 5243 suscitare
876 5205 888 5242 :
943 5203 1066 5258 quae
1111 5197 1164 5243 et
1217 5188 1364 5244 aliud
1425 5186 1829 5261 signiﬁcabant.

237 5278 599 5335 Contestante
645 5286 830 5335 autem
873 5278 1039 5335 etiam
1074 5277 1185 5333 Deo
1218 5281 1380 5334 uariis
1415 5278 1720 5346 virtutibus,
1742 5278 1832 5335 hic

239 5386 405 5428 veras
447 5372 678 5429 virtutes
719 5370 1010 5444 signiﬁcat,
1049 5380 1108 5427 ut
1139 5372 1431 5442 justitiam,
1462 5372 1829 5442 prudentiam,

236 5470 294 5520 et
333 5462 678 5534 huiusmodi,
705 5478 830 5534 quae
858 5462 1210 5518 ministrabat
1239 5462 1488 5520 ﬁdelibus
1517 5463 1654 5519 suis.
1679 5461 1829 5517 Con-

238 5559 481 5609 testante
504 5553 671 5610 etiam
710 5554 1199 5621 distributionibus,
1231 5554 1284 5609 id
1310 5562 1396 5610 est
1434 5569 1531 5626 per
1561 5554 1797 5611 distribu

238 5644 423 5700 tiones
456 5643 692 5714 Spiritus
722 5647 920 5712 sancti,
950 5644 1078 5701 huic
1104 5646 1250 5702 enim
1273 5662 1469 5718 genera
1498 5646 1828 5719 linguarum,

241 5735 318 5790 illi
344 5735 708 5792 revelationes
770 5736 1209 5809 Scripturarum,
1260 5748 1311 5795 et
1358 5741 1566 5797 caeteris
1606 5749 1830 5797 caeteras

242 5827 447 5899 gratias
467 5828 847 5885 distribuebat.

1935 4639 2119 4694 minus
2146 4653 2244 4708 per
2274 4637 2522 4707 paulum,
2574 4636 2701 4706 quia
2747 4635 2873 4690 licet
2918 4633 3189 4701 mortalis,
3227 4642 3408 4688 tamen
3456 4633 3514 4688 in

1934 4732 2039 4787 hac
2080 4731 2409 4785 mortalitate
2449 4728 2749 4797 imperabat
2796 4727 3022 4796 angelis.
3068 4725 3312 4781 Minuisti
3350 4729 3513 4796 paulo

1935 4827 2119 4882 minus
2149 4834 2461 4895 separatum
2490 4824 2556 4878 ab
2583 4824 2806 4893 angelis,
2831 4824 2884 4877 id
2918 4834 3002 4878 est
3034 4823 3103 4877 ab
3124 4822 3215 4877 illa
3250 4824 3514 4894 dignitate

1932 4918 2061 4985 loci,
2093 4917 2237 4973 Deus
2266 4916 2413 4972 enim
2436 4916 2603 4971 homo
2625 4914 2801 4971 factus
2828 4916 2969 4970 inter
2994 4916 3243 4971 homines
3264 4925 3348 4972 est
3375 4931 3510 4973 con-

1931 5015 2201 5064 versatus.
3482 5008 3489 5011 ’

2004 5098 2193 5154 Posita
2240 5096 2619 5153 humiliatione
2655 5093 2904 5162 Christi,
2951 5096 3141 5167 incipit
3180 5096 3248 5152 de
3298 5097 3510 5152 exalta-

1933 5190 2081 5245 tione
2100 5189 2289 5245 dicens
2316 5206 2328 5241 :
2364 5187 2649 5244 Coronasti
2678 5204 2799 5242 eum
2828 5187 3019 5258 gloria,
3059 5187 3111 5242 id
3140 5196 3223 5243 est
3266 5188 3511 5243 claritate

1934 5279 2363 5336 immortalitatis
2391 5288 2442 5335 et
2476 5280 2673 5335 honore
2695 5295 2715 5334 .·
2746 5281 2874 5351 quia
2919 5279 3021 5349 ipsi
3070 5278 3305 5335 ﬂectitur
3349 5294 3510 5334 omne

1934 5387 2098 5443 genu.
2148 5372 2436 5429 Coronasti
2468 5372 2538 5428 ab
2565 5387 2629 5427 ea
2662 5372 3017 5428 similitudine
3050 5371 3203 5437 dicit,
3232 5384 3341 5440 qua
3370 5370 3513 5425 sicut

1934 5465 2106 5520 victor
2126 5472 2405 5520 revertens
2425 5464 2493 5520 de
2521 5464 2818 5535 triumpho,
2843 5478 3105 5521 coronam
3137 5461 3391 5532 suscipit;
3428 5460 3511 5517 sic

1930 5554 2185 5613 Christus
2210 5557 2544 5628 triumphata
2580 5566 2775 5624 morte,
2808 5558 2977 5630 gloria
3006 5564 3062 5612 et
3112 5555 3319 5609 honore
3350 5567 3501 5608 coro.

1931 5647 2051 5702 nari
2098 5648 2317 5704 meruit.
2357 5647 2419 5703 Et
2458 5665 2585 5705 eum
2613 5660 2936 5705 coronatum
2985 5644 3312 5700 constituisti
3353 5659 3509 5713 super

1933 5757 2093 5812 opera
2129 5757 2381 5796 manuum
2424 5750 2635 5795 tuarum
2669 5755 2834 5809 super
2876 5738 3124 5792 homines
3166 5744 3220 5791 et
3262 5735 3504 5806 angelos,

1933 5834 2282 5905 aurcpropric
2298 5834 2552 5889 dicuntur
2573 5846 2737 5899 opera
2760 5844 3020 5884 manuum
3044 5827 3158 5895 Dei,
3183 5836 3235 5883 et
3256 5827 3329 5884 ita
3347 5841 3507 5899 super
