3988 6406
479 357 580 414 ιω

1003 355 1064 412 S.
1105 351 2132 434 BRUNONIS,CARTi-lUSIANORUM
2170 353 2674 412 INSTITUTORIS
2709 353 2862 412 OPP.
2897 355 3086 414 PARS
3117 356 3182 414 ll.

473 483 662 540 opera,
685 469 832 539 quod
863 471 1040 524 omnia
1059 467 1331 542 subjecisti
1353 473 1445 526 sub
1474 472 1690 541 pedibus
1723 472 1886 544 364
1909 473 2048 542 ejus,
2079 472 2128 530 Α
2151 471 2301 526 nullo
2337 470 2750 541 gloriﬁcaretur,
2793 471 3052 530 damnato
3077 473 3316 548 homine.
3344 471 3412 528 Et
3451 489 3580 532 cum
3615 491 3744 547 pro-

477 559 532 614 id
559 568 646 615 est
673 559 776 630 ipsi
821 561 1063 630 plenaria
1099 561 1448 631 subiectione.
1491 561 1678 618 Posset
1713 564 1860 618 enim
1891 579 2055 634 supe-

475 651 592 706 rior
614 667 737 706 esse
765 652 1056 723 dignitate;
1085 654 1227 723 quod
1253 668 1362 710 non
1387 663 1570 708 tamen
1593 654 1849 710 inferiora
1875 656 2058 726 aliqua

481 744 824 813 subjectione
869 753 1052 800 essent
1077 744 1126 799 ei
1163 745 1416 800 obnoxia.
1463 745 1621 800 Modo
1668 745 1872 802 Paulus
1911 748 2056 817 quod

485 834 656 890 David
687 837 764 890 ait
799 837 978 890 omnia
1011 837 1300 905 subjecisti,
1339 838 1616 906 quomodo
1649 837 2058 909 intelligendum

483 926 580 994 sit,
611 927 836 994 exponit
871 925 1077 992 dicens,
1130 925 1208 980 ait
1259 926 1428 982 David
1461 945 1476 981 z
1509 925 1704 982 Omnia
1753 926 2055 996 subjecisti.

480 1015 552 1072 lu
573 1035 631 1072 eo
659 1026 834 1072 autem
856 1017 993 1088 quod
1025 1016 1306 1087 Scriptura
1334 1018 1577 1088 subjecit,
1617 1017 1672 1072 id
1711 1026 1796 1074 est
1821 1018 2059 1074 ostendit

479 1109 720 1178 subjecta
747 1109 796 1162 ei
825 1108 1021 1176 omnia,
1066 1109 1200 1162 nihil
1245 1109 1452 1164 dimisit
1497 1126 1602 1164 non
1653 1109 1942 1178 subjectum
1983 1111 2058 1178 ei,

479 1198 610 1269 quia
637 1199 726 1253 ubi
747 1199 822 1254 ait
859 1199 1037 1258 oznnia
1081 1199 1218 1254 nihil
1259 1199 1484 1270 excipit.
1515 1198 1572 1254 Si
1630 1199 1777 1254 enim
1803 1199 2056 1268 habetur,

478 1290 728 1359 superius
741 1289 1014 1360 jungitur.
1036 1291 1308 1346 Benedico
1343 1292 1530 1346 orbem
1561 1290 1808 1346 futurum
1837 1289 2058 1346 Christo

476 1380 802 1450 subjectum,
831 1382 966 1452 quia
989 1383 1046 1436 in
1072 1397 1136 1438 eo
1163 1383 1311 1452 quod
1341 1382 1576 1453 subjecit
1595 1383 1647 1438 ei
1677 1382 1882 1449 omnia,
1919 1382 2059 1438 nihil

477 1471 688 1526 dimisit
709 1487 818 1528 non
849 1473 1156 1544 subjectum
1171 1474 1242 1530 ei.
1272 1472 1334 1529 Et
1355 1473 1482 1530 licet
1500 1474 1700 1538 dixerit
1719 1473 1906 1528 omnia
1927 1473 2060 1528 sub-

471 1560 679 1630 jecisti,
729 1577 871 1618 nunc
921 1571 1104 1618 tamen
1158 1562 1390 1616 nondum
1435 1563 1666 1618 videmus
1722 1564 1902 1616 omnia
1938 1578 2060 1619 esse

473 1651 712 1722 subjecta
739 1654 808 1720 ei,
840 1668 1012 1724 quare
1057 1653 1301 1708 dicebam
1357 1653 1601 1708 futurum
1650 1655 1956 1724 subjectum
1982 1653 2056 1709 ei.

475 1743 647 1800 liodie
669 1745 812 1800 enim
839 1746 1044 1816 aliquid
1090 1747 1402 1817 subjicitur,
1443 1747 1538 1802 sed
1585 1745 1818 1802 necdum
1847 1746 2056 1814 omnia,

475 1851 598 1892 cras
619 1837 818 1892 iterum
847 1815 1074 1908 aliquid,
1100 1847 1155 1892 et
1181 1815 1414 1894 necdum
1439 1839 1644 1904 omnia,
1677 1847 1732 1892 et
1755 1838 1900 1894 istud
1925 1855 2056 1894 uee-
2089 1815 2131 1871 Β

475 1926 606 1980 dum
631 1926 740 1982 dici
769 1927 994 1996 poterit,
1026 1927 1202 1982 donec
1230 1929 1284 1982 in
1319 1928 1530 1998 judicio
1563 1929 1728 1984 etiam
1756 1929 2054 1999 subjicien—

474 2031 561 2076 tur
582 2020 684 2090 ipsi
711 2021 887 2091 impii.

455 2149 463 2160 .
543 2110 854 2182 Opponeret
876 2113 1119 2184 aliquis:
1163 2111 1317 2168 Sicut
1357 2113 1590 2169 necdum
1629 2112 1875 2182 subjecta
1905 2120 2054 2176 sunt,

474 2203 558 2260 sic
580 2219 681 2260 nec
701 2205 756 2260 in
779 2215 1044 2261 aeternum
1067 2207 1444 2277 subjicientur.
1469 2207 1550 2260 Ad
1575 2207 1679 2262 hoc
1691 2205 1896 2262 Paulus
1925 2225 1937 2260 :
1967 2205 2057 2258 Li-

473 2303 562 2350 cet
603 2296 836 2350 necdum
890 2298 1135 2367 subjecta
1191 2299 1302 2354 sint
1339 2299 1388 2353 ei
1427 2299 1644 2364 omnia,
1699 2307 1882 2354 tamen
1925 2298 2054 2368 quia

473 2391 686 2452 partem
721 2384 1018 2454 prophetiae
1051 2386 1108 2439 in
1137 2401 1204 2442 eo
1233 2387 1562 2456 completam
1610 2388 1876 2454 videmus,
1910 2388 2056 2442 scili-

477 2482 566 2528 cet
600 2485 924 2530 coronatum
957 2477 1130 2547 gloria
1151 2486 1208 2532 et
1231 2478 1460 2544 honore,
1480 2479 1612 2533 certi
1635 2495 1826 2535 sumus
1847 2488 2056 2549 partem

477 2581 602 2636 qua:
650 2576 822 2622 restat
863 2568 1214 2638 implendam,
1269 2569 1478 2626 scilicet
1535 2581 1596 2626 ut
1619 2570 1981 2640 subjiciuntur
2005 2571 2058 2626 ei

475 2655 682 2712 omnia.
706 2655 864 2722 Quod
883 2657 958 2714 ita
979 2658 1058 2713 ait
1081 2677 1094 2713 :
1123 2657 1264 2714 Eum
1289 2661 1379 2731 qui
1409 2661 1700 2716 minoratus
1728 2671 1806 2716 est
1828 2663 2056 2731 modico,

473 2747 530 2802 id
567 2756 652 2803 est
671 2763 769 2818 per
803 2748 1082 2804 modicum
1129 2767 1288 2822 quam
1329 2750 1537 2822 angeli;
1579 2763 1764 2822 posset
1794 2754 1942 2810 enim
1987 2754 2055 2808 ab

471 2855 540 2896 eo
577 2842 724 2912 quod
746 2850 864 2898 erat
895 2843 1180 2912 minorari,
1223 2853 1284 2900 ut
1321 2847 1504 2900 tamen
1543 2857 1851 2903 remaneret
1882 2847 2056 2917 major

470 2935 698 3005 angelis,
731 2935 807 2990 ait
851 2937 1034 2991 minor
1082 2935 1260 2992 factus
1299 2954 1466 3008 quam
1510 2939 1706 3009 angeli.
1757 2939 1916 3006 Eunt,
1969 2941 2054 2996 in-

471 3041 658 3094 quam,
691 3028 923 3082 ridemus
951 3026 1066 3097 jam
1093 3026 1299 3094 Jesum,
1351 3028 1404 3082 id
1436 3037 1522 3083 est
1559 3030 1860 3086 salvantem
1899 3045 2052 3099 suos,

469 3129 778 3174 coronatum
800 3120 974 3190 gloria
1001 3129 1052 3175 et
1087 3119 1304 3188 honore,
1333 3119 1390 3174 id
1417 3128 1504 3177 est
1541 3121 1790 3178 claritate
1833 3122 2055 3178 immor-

468 3212 714 3279 talitatis,
747 3221 802 3268 et
836 3214 986 3284 quod
1025 3229 1189 3270 omne
1217 3229 1362 3283 genu
1397 3214 1648 3271 ﬂectatur
1669 3216 1770 3272 illi.
1799 3215 2050 3274 Corona-

471 3312 612 3370 tum,
642 3303 889 3375 inquam,
923 3320 1038 3360 non
1065 3305 1186 3361 sine
1213 3306 1430 3374 merito,
1463 3308 1558 3364 sed
1593 3317 1807 3378 propter
1844 3310 2054 3379 passio-

471 3411 612 3462 nem,
647 3411 771 3465 qua:
799 3396 985 3465 pass-io
1015 3411 1127 3451 non
1161 3398 1552 3468 quoquomodo
1589 3399 1919 3468 tolerabilis;
1955 3401 2052 3456 sed

471 3487 660 3558 passio
687 3488 892 3541 mortis.
921 3485 1021 3542 liic
1043 3487 1158 3558 jam
1181 3489 1468 3546 ostendere
1487 3490 1698 3560 incipit,
1729 3507 1838 3546 non
1873 3492 2053 3547 solum

471 3587 695 3648 propter
717 3579 1018 3648 potentiam
1049 3587 1106 3635 et
1135 3580 1396 3636 ultionem
1434 3581 1688 3637 mandata
1717 3583 1922 3638 Christi
1952 3583 2050 3640 de-

473 3669 602 3724 bere
627 3670 932 3738 observari,
961 3670 1054 3726 sed
1079 3671 1164 3743 (ut
1191 3671 1280 3726 illa
1305 3673 1806 3745 praetermittamus)
1833 3684 2054 3745 propter

473 3765 822 3822 dilectionem
864 3781 973 3836 qua
1003 3781 1106 3822 nos
1144 3765 1280 3822 adeo
1321 3766 1508 3822 dilexit
1531 3774 1592 3822 ut
1630 3782 1730 3838 pro
1745 3768 2052 3847 salvatione

468 3867 658 3912 nostra
682 3865 914 3912 mortem
935 3859 1175 3930 eligeret.
1208 3858 1514 3914 Minoratus
1546 3859 1689 3926 ideo,
1734 3867 1790 3912 ut
1815 3870 2053 3930 gustaret

469 3960 689 4004 mortem
707 3968 802 4021 pro
825 3952 1066 4006 onmibus
1103 3951 1520 4022 prmdestinatis,
1544 3951 1630 4006 vel
1663 3967 1762 4021 pro
1795 3951 2054 4008 omnibus

470 4042 870 4098 universaliter.
902 4042 1146 4098 Pretium
1179 4043 1326 4098 enim
1355 4043 1542 4098 datum
1577 4052 1663 4098 est
1688 4044 1966 4110 omnibus,
2003 4045 2052 4106 si

469 4132 662 4198 velint,
682 4132 978 4188 suliiciens.
1007 4133 1267 4188 Gustaret
1291 4135 1442 4200 dicit,
1475 4142 1700 4205 pr0pter
1727 4135 2051 4190 amaritudi-

477 4238 602 4278 nem
625 4223 842 4291 mortis,
879 4239 1004 4298 quae
1044 4224 1274 4280 interius
1305 4225 1383 4278 illi
1425 4225 1625 4294 sapuit.
1659 4225 1756 4282 Vel
1785 4237 2048 4298 gustaret,

473 4315 602 4384 quia
627 4327 778 4371 mors
806 4315 900 4370 illa
931 4315 1044 4371 cito
1067 4315 1404 4386 praeteriens,
1434 4317 1594 4386 quasi
1635 4317 1690 4372 in
1726 4328 1888 4388 gustu
1928 4317 2052 4388 fuit,

475 4423 586 4462 non
625 4407 906 4464 inebrians
951 4422 1047 4478 per
1095 4423 1330 4464 moram.
1381 4407 1658 4476 Gustaret,
1707 4411 1952 4480 inquam,
1999 4420 2055 4468 et

2160 573 2279 633 pter
2305 562 2478 618 Deum
2501 563 2936 633 gloriﬁcandum,
2975 574 3032 620 et
3058 581 3156 635 per
3197 564 3366 620 Deum
3388 565 3532 624 facta
3561 579 3742 625 essent

2159 655 2674 720 omnia,consilium
2703 656 2825 726 ejus
2857 657 3070 727 impleri
3107 658 3384 728 oportuit,
3429 667 3492 713 ut
3533 658 3742 730 gloriﬁ-

2159 755 2373 800 carctur
2397 746 2454 800 in
2487 748 2779 814 creaturis,
2809 763 2900 815 ne,
2943 763 3053 803 non
3077 748 3360 818 providere
3391 751 3630 805 salutem
3658 751 3742 808 his

2158 853 2282 908 quae
2305 837 2527 906 fecerat,
2557 839 2856 896 absurdum
2887 849 3055 896 esset.
3083 840 3504 900 Consummatio
3537 841 3742 898 Christi

2159 927 2214 984 in
2238 930 2640 986 resurrectione
2686 930 2900 1002 incipit,
2943 930 3330 1001 perfectionem
3385 933 3648 990 habitura
3689 935 3742 990 in

2157 1021 2248 1076 die
2273 1022 2485 1092 judicii,
2512 1021 2736 1093 quando
2759 1023 2945 1078 omnia
2983 1023 3350 1094 subjicientur
3375 1026 3448 1080 ei.

2225 1115 2430 1172 Probat
2467 1117 2616 1187 quod
2665 1117 2848 1174 decuit
2895 1133 3278 1174 consummare
3323 1118 3608 1174 Christum
3649 1135 3748 1191 per

2156 1207 2446 1278 passiones
2471 1248 2490 1274 ,
2515 1207 2645 1276 quia
2683 1207 2930 1262 dicerent
2949 1208 3030 1262 illi
3050 1207 3185 1264 satis
3209 1208 3470 1264 indecens
3515 1225 3644 1264 esse
3685 1219 3744 1266 ut

2157 1299 2306 1370 quod
2331 1308 2523 1354 auctor
2533 1308 2650 1354 erat
2671 1299 2884 1366 salutis,
2903 1299 2996 1356 cui
3017 1299 3206 1356 omnia
3231 1299 3498 1356 deberent
3519 1301 3744 1370 subjici,

2155 1404 2284 1444 eum
2312 1390 2366 1446 in
2393 1391 2726 1462 ignominias
2763 1391 3041 1461 passionis
3079 1392 3374 1462 deponere.
3412 1391 3574 1448 Unde
3612 1395 3688 1448 ait
3723 1413 3742 1448 :

2167 1478 2305 1534 Vere
2337 1480 2418 1534 sic
2459 1495 2586 1535 eum
2615 1495 3000 1536 consummare
3044 1496 3156 1536 non
3189 1481 3444 1540 dedecuit
3489 1485 3620 1554 quia
3653 1487 3744 1554 qui

2157 1571 2456 1640 sanctiﬁcat
2479 1571 2894 1640 praedestinatos
2916 1572 2985 1628 ad
3007 1573 3258 1643 gloriam,
3282 1574 3338 1630 id
3361 1585 3450 1630 est
3467 1574 3748 1644 Christus,

2161 1671 2212 1715 et
2245 1662 2336 1732 qui
2367 1662 2796 1732 sanctiﬁcantur,
2818 1662 2872 1717 id
2899 1671 2984 1719 est
3009 1663 3384 1733 prmdestinati
3409 1681 3592 1720 omnes
3621 1683 3748 1736 peu-

2161 1751 2291 1808 dent
2311 1769 2375 1807 ea:
2395 1769 2522 1820 uno,
2551 1753 2605 1808 id
2629 1761 2716 1808 est
2741 1768 2810 1808 ex
2831 1751 2944 1818 Deo
2989 1752 3176 1810 Patre.
3207 1753 3300 1811 Sic
3319 1757 3466 1810 enim
3491 1756 3744 1814 Christus

2157 1843 2323 1898 homo
2343 1843 2598 1913 potestati
2617 1841 2714 1898 Dei
2727 1843 3008 1913 subjectus
3027 1851 3134 1913 est,
3153 1843 3300 1900 sicut
3315 1845 3374 1899 hi
3393 1845 3609 1916 quiper
3621 1863 3744 1902 eum

2158 1934 2459 1991 salvantur.
2485 1933 2694 1990 Etcum
2715 1932 2966 1990 Christus
2986 1949 3052 1990 ex
3074 1934 3186 1990 Deo
3213 1936 3471 2005 pendeat,
3501 1953 3614 1992 non
3647 1939 3748 1993 de-

2156 2026 2339 2082 decuit
2367 2026 2414 2081 si
2444 2025 2720 2095 disposuit
2738 2024 2804 2081 de
2826 2039 2892 2080 eo
2914 2025 3193 2096 quomodo
3219 2026 3325 2082 sibi
3351 2027 3582 2097 placuit.
3613 2027 3748 2082 Pro-

2155 2115 2250 2170 bat
2276 2115 2422 2186 quod
2444 2114 2794 2170 sanetilicans
2815 2123 2867 2170 et
2891 2115 3216 2171 sanctiﬁcati
3237 2131 3306 2172 ex
3337 2133 3451 2172 uno
3473 2119 3748 2188 pendeant

2155 2223 2254 2279 per
2310 2207 2684 2272 auctoritates,
2707 2206 2788 2262 sic
2811 2207 2997 2262 dicens
3025 2225 3040 2261 :
3065 2206 3294 2278 Propter
3317 2225 3478 2279 quam
3501 2227 3748 2275 causam,

2156 2299 2282 2369 quia
2315 2298 2662 2354 sanctiﬁcans
2691 2305 2746 2353 et
2773 2298 3098 2354 sanctiﬁcati
3117 2314 3186 2354 ex
3207 2315 3324 2355 uno
3345 2309 3498 2368 sunt,
3523 2313 3748 2371 propter

2157 2391 2281 2457 hoc,
2306 2389 2553 2460 inquam,
2589 2406 2694 2444 non
2727 2389 3092 2460 confunditur,
3121 2391 3176 2446 id
3197 2399 3285 2446 est
3321 2406 3434 2446 non
3463 2391 3746 2454 erubescit

2155 2483 2318 2554 365
2346 2483 2599 2540 Christus
2629 2499 2718 2538 eos
2740 2501 2923 2539 vocare
2951 2485 3170 2554 fratres,
3192 2484 3380 2541 dicens
3401 2486 3457 2540 in
3481 2486 3698 2556 psalmo
3727 2505 3748 2540 :

2159 2574 2432 2630 Nuntiabo
2457 2591 2644 2630 nomen
2669 2584 2817 2630 tuum
2849 2575 2926 2648 (id
2954 2584 3040 2634 est
3057 2575 3536 2632 honoriﬁcentiam
3565 2579 3746 2646 tuam)

2156 2665 2416 2735 fratribus
2456 2667 2606 2734 meis,
2631 2673 2686 2721 et
2703 2665 2936 2720 laudabo
2963 2675 3010 2720 te
3030 2665 3240 2738 positus
3267 2667 3324 2720 in
3355 2665 3527 2720 medio
3555 2665 3750 2720 Eccle-

2155 2756 2250 2810 site
2278 2755 2454 2828 (Psal.
2489 2773 2604 2823 xxx,
2634 2755 2752 2827 25),
2779 2756 2938 2826 quasi
2968 2756 3222 2812 columna
3253 2755 3536 2812 sustinens
3557 2767 3614 2812 et
3639 2757 3750 2811 fui-

2155 2848 2308 2904 eiens
2341 2848 2592 2916 domum,
2617 2864 2687 2904 ne
2715 2848 2846 2920 quid
2874 2848 2930 2903 in
2959 2863 3024 2904 ea
3047 2857 3190 2902 ruat.
3229 2847 3298 2902 Et
3323 2847 3526 2918 iterum
3549 2849 3752 2918 probat

2155 2941 2300 2997 idem
2329 2942 2652 2998 auctoritate
2675 2940 2829 2998 Isaiae
2857 2942 3132 3012 loquentis
3157 2939 3214 2995 in
3254 2956 3492 3012 persona
3539 2940 3750 2995 Christi

2155 3035 2238 3090 sic
2265 3053 2277 3089 :
2308 3033 2419 3105 Ego
2447 3033 2702 3092 Christus
2731 3051 2820 3090 ero
2853 3035 3020 3106 ﬁdens
3049 3036 3106 3088 in
3131 3051 3253 3088 eum
3279 3034 3456 3107 (Psal.
3489 3050 3628 3102 ιιι-ιι,
3663 3034 3748 3104 5),

2155 3126 2210 3182 id
2239 3135 2323 3182 est
2354 3127 2410 3181 in
2441 3125 2613 3182 Deum
2637 3125 2876 3183 Patrem.
2908 3126 3158 3198 Cumque
3187 3127 3242 3182 in
3273 3125 3444 3182 Deum
3489 3141 3548 3181 se
3597 3125 3752 3182 dicat

2159 3219 2456 3285 conlidere,
2483 3228 2706 3290 apparet
2745 3235 2872 3274 eum
2903 3219 3046 3274 sicut
3071 3212 3212 3274 alios
3241 3233 3310 3272 ex
3338 3217 3448 3272 Deo
3479 3217 3742 3287 pendere.

2157 3311 2229 3366 Et
2254 3313 2448 3368 iterum
2495 3314 2690 3383 probat
2717 3312 2863 3383 quod
2887 3309 3237 3368 sanctiﬁcans
3257 3318 3312 3364 et
3331 3309 3658 3366 sanctiﬁcati
3677 3325 3750 3364 ex

2155 3421 2267 3460 uno
2289 3405 2420 3473 sint,
2441 3406 2630 3462 dicens
2657 3405 2712 3459 in
2741 3405 2880 3460 Isaia
2908 3402 3078 3460 :Ecce
3107 3419 3202 3473 ego
3225 3400 3484 3456 Christus
3514 3409 3750 3470 paratus

2155 3513 2276 3554 sum
2298 3497 2564 3568 obsequio
2589 3497 2684 3552 Dei
2704 3505 2753 3550 et
2774 3497 2924 3566 pueri
2945 3495 3070 3562 mei,
3104 3509 3232 3565 quos
3261 3492 3402 3547 Deus
3432 3493 3584 3546 dedit
3613 3493 3748 3545 mihi

2155 3589 2312 3662 (lsai.
2343 3604 2461 3656 VIII,
2506 3586 2615 3657 18).
2673 3584 2776 3642 Ubi
2821 3587 2933 3642 ait:
2969 3583 3104 3639 Ecce
3149 3600 3262 3654 ego,
3301 3592 3356 3638 et
3401 3582 3544 3636 Deus
3597 3583 3748 3636 dedit

2155 3681 2306 3747 mihi,
2349 3680 2586 3736 ostendit
2629 3693 2690 3736 se
2729 3693 2798 3735 ex
2843 3678 2955 3734 Deo
2995 3677 3248 3748 pendere.
3287 3674 3544 3730 Probavit
3593 3673 3752 3744 quod.

2154 3789 2264 3829 non
2301 3773 2573 3840 dedecuit,
2605 3772 2881 3829 concludit
2919 3769 3258 3840 modoquod
3303 3783 3400 3838 per
3425 3765 3748 3838 passionem

2154 3865 2395 3935 oportuit
2423 3865 2705 3921 Christum
2729 3871 3008 3920 auctorem
3031 3877 3154 3918 esse
3193 3859 3388 3916 salutis
3425 3857 3746 3922 hominum,

2154 3959 2380 4014 dicens:
2418 3955 2556 4025 Quia
2587 3956 2841 4012 Christus
2880 3955 2975 4026 qui
3017 3951 3343 4018 sanctificat,
3384 3961 3440 4008 et
3487 3951 3750 4005 homines

2153 4049 2250 4120 qui
2277 4047 2686 4104 sanctiﬁcantur
2713 4063 2782 4102 ex
2807 4061 2919 4101 uno
2960 4053 3106 4100 sunt.
3143 4043 3284 4116 Ergo
3327 4041 3588 4098 Christus
3615 4057 3748 4110 par-

2153 4141 2397 4211 ticipavit
2417 4139 2626 4196 eisdem
2656 4137 2993 4204 hominibus,
3021 4135 3270 4192 similiter
3299 4143 3358 4189 ut
3385 4131 3668 4203 passibilis
3691 4139 3754 4186 et

2154 4231 2402 4287 mortalis
2442 4231 2615 4286 ﬁeret.
2654 4228 2722 4284 Et
2745 4243 2914 4300 quare
2943 4226 3042 4297 qui
3069 4224 3372 4282 sanctiﬁcat
3399 4221 3752 4294 participat-it

2155 4325 2404 4382 eisdem?
2441 4323 2573 4378 Idea
2607 4324 2734 4394 quia
2780 4321 2930 4392 pueri
2977 4334 3117 4391 quos
3165 4315 3545 4374 sanctiﬁcabat
3601 4329 3750 4367 cons-

2156 4417 2550 4472 municaverunt
2591 4414 2740 4468 carni
2784 4421 2834 4466 et
2873 4409 3146 4482 sanguini,
3191 4408 3248 4464 id
3293 4415 3378 4464 est
3419 4403 3644 4476 corpori
3697 4411 3752 4470 et

475 4499 577 4554 hoc
600 4499 797 4569 gratia,
826 4499 882 4554 id
909 4511 994 4556 est
1023 4515 1119 4570 per
1142 4500 1395 4570 gratiam,
1439 4499 1557 4568 Dei,
1603 4517 1720 4571 non
1757 4503 1904 4558 enim
1951 4505 2056 4562 hoc
2084 4512 2132 4570 ί)
2157 4505 2373 4560 animm.
2414 4504 2517 4559 Per
2545 4503 2866 4576 sanguinem
2907 4500 3054 4557 enim
3099 4499 3338 4556 animam
3383 4495 3607 4564 accipit,
3639 4508 3750 4548 non

472 4597 846 4648 ordmeruerat
871 4593 1058 4648 homo.
1095 4591 1220 4649 Ideo
1261 4602 1506 4664 gustaret
1536 4604 1762 4650 mortem
1795 4610 1896 4665 pro
1935 4611 2026 4650 om

473 4685 634 4741 nibus
664 4685 792 4755 quia
811 4685 1027 4740 decebat
1055 4701 1193 4752 eum,
1225 4685 1280 4742 id
1300 4694 1384 4742 est
1404 4684 1577 4740 Deum
1593 4685 1810 4742 Patrem
1840 4697 2052 4757 propter

480 4791 621 4846 juem
655 4774 1069 4846 glorificandum
1095 4773 1238 4832 facta
1283 4785 1410 4832 sunt
1445 4778 1645 4844 omnia,
1677 4785 1727 4831 et
1765 4793 1856 4846 per
1903 4794 2055 4848 quem

475 4865 620 4920 facta
649 4873 780 4920 sunt
817 4867 1016 4921 omnia.
1062 4865 1203 4922 Eum
1234 4865 1358 4922 dico
1401 4867 1489 4938 qui
1525 4867 1842 4934 adduxerat,
1873 4867 1925 4920 id
1972 4875 2056 4922 est

480 4955 818 5012 adducendos
837 4958 1318 5028 praedestinaverat
1345 4958 1536 5012 multas
1561 4958 1724 5027 ﬁlios,
1753 4958 1808 5012 id
1838 4967 1922 5014 est
1949 4958 2051 5012 ho-

478 5047 653 5102 mines
672 5047 1000 5117 justilicatos
1027 5049 1096 5102 ad
1119 5050 1365 5120 gloriam,
1383 5049 1445 5114 id
1467 5057 1551 5106 est
1585 5049 1654 5104 ad
1675 5048 2049 5103 salvationem.

477 5138 636 5207 Eum,
671 5155 914 5210 Inquam,
944 5141 1168 5198 decebat
1208 5151 1474 5198 auctorem
1538 5131 1729 5196 salutis
1769 5157 1950 5196 eorum
1985 5140 2052 5196 ﬁ-

477 5231 678 5285 liorum
715 5231 945 5302 (scilicet
976 5231 1278 5304 Christum)
1311 5250 1676 5289 consummare
1711 5249 1803 5302 per
1843 5233 2054 5304 passio-

475 5337 594 5378 nem
621 5323 816 5377 mortis
849 5323 992 5378 sicut
1021 5325 1292 5393 promisit.
1332 5325 1558 5382 Frustra
1598 5325 1744 5380 enim
1786 5324 1928 5380 facta
1963 5339 2054 5380 es-

475 5422 597 5472 sent
619 5413 826 5481 omnia,
858 5414 903 5470 si
935 5414 1100 5469 homo
1134 5431 1244 5470 non
1274 5417 1582 5486 redemptus
1617 5417 1835 5486 periret.
1865 5413 2057 5472 Omnis

475 5505 624 5560 enim
651 5514 904 5560 creatura
934 5515 1148 5560 terrena
1179 5505 1386 5560 homini
1415 5507 1679 5573 deservit;
1709 5517 1770 5562 ut
1803 5508 1968 5562 homo
2005 5507 2060 5562 in

477 5599 586 5654 illis
640 5598 923 5654 materiam
971 5598 1169 5654 habeat
1207 5597 1470 5654 laudandi
1521 5597 1714 5654 Deum.
1758 5599 1815 5654 Si
1879 5610 2060 5656 autem

482 5706 646 5744 nomo
685 5705 791 5744 non
825 5691 1147 5756 salvaretur,
1177 5689 1466 5760 dispositio
1502 5688 1596 5744 Dei
1645 5687 1940 5758 falleretur,
1965 5692 2059 5760 qui

480 5795 700 5856 propter
723 5801 781 5852 se
831 5786 1241 5856 glutjilicandnm
1293 5785 1496 5841 iecerat
1557 5785 1738 5840 omnia
1768 5826 1780 5850 ,
1823 5801 1946 5838 cum
2002 5787 2054 5838 in

2159 4597 2306 4668 quod
2335 4599 2414 4670 usit
2445 4596 2650 4661 anima,
2673 4593 2768 4649 sed
2787 4593 2916 4664 quia
2947 4592 3102 4648 sedes
3123 4599 3206 4645 est
3231 4587 3447 4644 animm.
3485 4586 3752 4640 Commu-

2161 4688 2348 4744 nicare‘
2371 4686 2524 4742 carni
2553 4694 2606 4740 et
2638 4684 2893 4756 sanguini
2928 4680 3080 4748 dicit,
3118 4695 3279 4736 veros
3319 4676 3574 4732 homines
3605 4691 3750 4730 esse.

2159 4780 2225 4835 Et
2279 4793 2450 4849 quare
2495 4776 2748 4832 Christus
2799 4775 2922 4830 ideo
2971 4771 3316 4844 participavit
3371 4767 3754 4824 humanitati!

2159 4870 2288 4940 quia
2316 4868 2472 4940 pueri
2513 4883 2653 4938 quos
2699 4865 3076 4935 sanctiﬁcabat
3106 4861 3358 4918 homines
3391 4869 3588 4926 erant;
3629 4875 3754 4928 pro—

2160 4971 2363 5032 pterea,
2393 4960 2602 5016 scilicet
2635 4968 2692 5012 ut
2729 4974 2822 5028 per
2858 4965 3080 5010 mortem
3105 4970 3206 5024 pro
3235 4967 3542 5024 puerorum
3577 4951 3754 5006 salute

2159 5069 2375 5124 passam
2401 5053 2688 5107 destrueret
2714 5067 2852 5116 eum,
2875 5049 2966 5120 qui
2992 5045 3214 5102 habebat
3235 5045 3519 5116 imperium
3541 5050 3751 5107 mortis,

2162 5147 2214 5200 id
2247 5155 2330 5200 est
2360 5144 2637 5198 diabolum
2659 5183 2674 5208 ,
2719 5141 2816 5212 qui
2855 5139 3156 5218 imperabat
3199 5139 3316 5210 lege
3359 5137 3564 5193 mortis
3603 5135 3754 5192 omni

2162 5237 2390 5292 homini.
2427 5235 2542 5291 Nisi
2567 5233 2715 5289 enim
2739 5247 2837 5304 per
2856 5242 3083 5312 mortem
3113 5247 3226 5288 non
3252 5239 3440 5301 posset
3467 5231 3754 5286 destruere

2163 5337 2424 5392 mortem;
2464 5323 2606 5379 mori
2629 5331 2810 5378 autem
2839 5338 2950 5378 non
2975 5329 3181 5393 posset,
3225 5321 3334 5376 nisi
3371 5320 3546 5400 homo
3580 5320 3750 5384 ﬁeret,

2161 5427 2211 5473 et
2257 5417 2373 5471 ideo
2425 5414 2820 5486 oportuit‘eum
2859 5413 3188 5484 participare
3233 5412 3432 5466 eisdem
3477 5411 3746 5466 similiter.

2163 5511 2308 5566 Deus
2329 5512 2474 5566 enim
2505 5509 2782 5564 hominem
2811 5507 3050 5577 primum
3075 5520 3274 5575 purum
3318 5513 3372 5558 et
3414 5503 3470 5558 in
3507 5504 3747 5558 libertate

2162 5603 2385 5668 creavit,
2427 5617 2587 5673 quem
2637 5599 2888 5655 diabolus
2931 5597 3218 5653 seductum
3259 5595 3408 5666 (quia
3459 5594 3744 5664 imperium

2168 5693 2258 5748 Dei
2300 5703 2679 5764 transgressus
2718 5689 2822 5760 est)
2861 5689 3092 5758 imperio
3121 5703 3224 5742 suo
3251 5695 3310 5740 ut
3339 5702 3559 5741 servum
3593 5699 3736 5738 man-

2165 5785 2382 5856 cipavit.
2425 5784 2598 5838 Homo
2636 5791 2815 5837 autem
2839 5788 3127 5850 corruptus
3149 5795 3246 5849 per
3273 5787 3556 5848 porculum
3603 5773 3739 5830 null)
