3988 6402
193 391 302 450 501

881 386 1248 446 ΕΧΡοδιτιο
1287 387 1355 444 ΙΝ
1394 387 1778 444 EPISTOLAS

1888 387 2043 444 lULl.
2087 419 2157 430 —
2195 389 2262 444 ΙΝ
2301 389 2518 446 EPIST.
2563 391 2654 446 AD
2695 393 2848 450 ΗΕΒ.

3363 383 3472 440 502

188 507 404 562 virtute
434 505 578 560 hanc
603 503 919 561 servitutem
946 505 1177 562 evadere
1211 505 1404 577 potuit.
1447 503 1586 560 Cum
1609 512 1792 559 autem
1822 509 1869 564 Α
1900 523 1918 553 ι
1965 502 2382 562 fabricaturab
2429 507 2631 579 aliquo.
2674 507 2779 576 Qui
2822 519 3004 567 autem
3050 513 3234 580 omnia
3268 509 3483 573 'creavi‘

190 595 358 651 home
388 611 488 666 per
509 610 569 650 se
597 609 789 650 servus
810 594 988 651 factus
1013 604 1176 663 esset,
1201 597 1249 652 si
1275 611 1373 666 per
1401 595 1568 649 alium
1595 594 1796 649 libera-

189 699 352 742 retur
371 703 538 758 quam
562 703 660 758 per
682 687 981 755 hominem,
1007 689 1263 743 violentia
1279 695 1444 755 esset,
1471 693 1525 742 et
1544 686 1795 744 diabolus

189 779 460 852 injuriam
496 779 600 835 sibi
628 778 746 834 ﬁeri
775 779 926 851 juste
953 780 1293 836 reclamaret.
1540 787 1542 790 '

261 869 567 941 Propterea
611 879 672 925 ut
714 872 880 926 homo
908 871 1288 940 redimeretur,
1329 871 1614 943 oportebat
1639 871 1792 925 inve-

189 961 304 1016 niri
339 961 620 1016 hominem
651 962 706 1017 in
727 976 838 1034 quo
877 971 1160 1034 peccatum
1186 978 1294 1016 non
1321 971 1487 1030 esset,
1513 971 1574 1018 ut
1604 963 1779 1019 diabo

187 1057 304 1124 lus,
347 1058 405 1113 in
445 1073 513 1114 eo
547 1074 823 1130 usurpans
862 1059 967 1114 sibi
1017 1067 1340 1130 potestatem
1380 1060 1438 1115 in
1485 1075 1618 1130 quo,
1663 1059 1793 1130 quia

187 1157 482 1219 peccatum
524 1165 634 1205 non
669 1160 838 1220 esset,
868 1151 1074 1206 nullam
1102 1151 1346 1220 haberet,
1387 1167 1486 1222 per
1517 1152 1621 1207 hoc
1644 1152 1792 1223 quod

187 1239 407 1294 homini
438 1240 558 1296 sine
577 1250 802 1312 peccato
831 1250 1064 1297 mortem
1094 1243 1238 1313 (quae
1263 1257 1426 1313 poena
1450 1251 1534 1298 est
1557 1243 1790 1314 peccati)

185 1333 441 1402 inferret,
471 1337 788 1406 usurpando
818 1336 965 1407 quod
1000 1353 1162 1394 suum
1193 1351 1308 1392 non.
1339 1337 1653 1408 erat,'juste
1689 1352 1790 1409 pro

185 1423 294 1478 hac
324 1425 752 1494 praesumptione
779 1426 1030 1495 perderet
1069 1441 1289 1482 omnem
1325 1427 1604 1483 hominem
1625 1443 1788 1500 quem

181 1513 333 1584 juste
358 1516 700 1585 possederat.
742 1514 919 1572 Homo
944 1527 1126 1574 autem
1163 1519 1283 1574 sine
1308 1527 1531 1590 peccato
1553 1519 1788 1575 inveniri

182 1622 297 1662 non
328 1609 514 1679 potuit
556 1610 700 1666 inter
749 1611 1022 1679 homines,
1070 1613 1200 1683 quia
1247 1628 1440 1669 omnes
1481 1613 1539 1668 in
1579 1628 1787 1668 concu-

179 1700 460 1770 piscentia
490 1701 622 1757 nati.
667 1701 724 1758 Si
765 1713 948 1759 autem
976 1705 1058 1776 (ut
1083 1705 1307 1775 quidam
1349 1703 1652 1777 opponunt)
1682 1721 1786 1760 an-

177 1791 361 1862 gelica
385 1803 584 1849 natura
616 1794 1017 1865 incarnaretur,
1045 1813 1169 1852 cum
1202 1807 1431 1870 uterque
1476 1799 1703 1871 angelus
1733 1806 1787 1855 et

1903 612 1922 645 σ
1963 593 2109 650 Deus
2143 605 2245 652 est.
2285 595 2354 651 Et
2382 595 2596 670 Moyses
2623 600 2843 669 quidem
2895 601 3068 658 ﬁdelis
3105 613 3225 659 erat
3272 605 3328 660 in
3368 615 3478 662 tota

1903 703 1921 735 ι
1965 684 2130 740 domo
2157 685 2298 756 ejus,
2326 695 2588 758 tanquam
2615 687 2872 758 famulus,
2897 691 2954 746 in
2983 693 3354 749 testimonium
3381 710 3479 750 eo-

1902 795 1920 828 r
1965 792 2089 830 rum
2129 791 2252 848 quae
2283 779 2512 835 dicenda
2555 791 2746 850 erant;
2775 781 3030 840 Christus
3062 800 3194 843 vero
3217 794 3481 857 tanquam

1902 886 1920 919 ι
1965 867 2111 925 filius
2135 869 2191 924 in
2213 871 2376 926 domo
2399 887 2518 927 sua.
2560 871 2694 940 Quae
2727 874 2924 931 domus
2949 892 3141 934 sumus
3186 893 3310 946 nos,
3339 879 3386 933 si
3412 879 3481 934 ll-

1901 979 1920 1012 (
1961 961 2178 1016 duciam
2203 971 2256 1017 et
2277 962 2504 1031 gloriam
2535 965 2651 1035 spei
2672 982 2848 1037 usque
2871 968 2935 1023 ad
2963 970 3126 1024 tinem
3154 969 3366 1026 firmam
3391 986 3483 1026 re-

1901 1069 1919 1102 ι
1962 1050 2255 1110 tineamus.
2316 1051 2660 1124 QuaprOpter
2707 1056 2852 1112 sicut
2891 1057 3024 1113 dicit
3071 1057 3309 1129 Spiritus
3353 1075 3484 1114 san-

1900 1148 2086 1228 cetus
2117 1159 2130 1196 :
2158 1140 2328 1198 Hodie
2352 1143 2399 1198 si
2422 1159 2610 1201 vocem
2637 1148 2758 1218 ejus
2780 1148 3080 1217 audieritis,
3108 1151 3276 1208 nolite
3301 1152 3478 1209 obdu-

1899 1252 1919 1287 r
1959 1249 2082 1289 rare
2107 1235 2275 1291 corda
2301 1245 2502 1305 vestra,
2531 1239 2675 1295 sicut
2722 1241 2778 1296 in
2813 1244 3230 1300 exacerbatione
3275 1261 3476 1302 secun-

1901 1344 1919 1379 i
1963 1326 2095 1382 dum
2128 1326 2274 1383 diem
2308 1329 2626 1386 tentationis
2649 1332 2707 1387 in
2733 1334 2971 1402 deserto,
2998 1336 3090 1391 ubi
3133 1345 3480 1393 teutaveruut

1898 1437 1918 1470 ι
1959 1433 2047 1473 me
2071 1426 2254 1489 patres
2281 1421 2469 1488 vestri,
2505 1423 2871 1492 probaverunt
2912 1435 2968 1481 et
3015 1428 3268 1484 viderunt
3312 1445 3480 1500 opera

1897 1529 1916 1564 ι
1958 1525 2081 1566 mea
2107 1512 2504 1584 quadringenta
2546 1517 2725 1572 annis.
2767 1515 2994 1588 Propter
3037 1521 3185 1590 quod
3235 1522 3482 1578 oti‘cnsus

1895 1620 1916 1654 ‹
1957 1600 2254 1677 [infensus]
2284 1603 2363 1659 fui
2405 1608 2743 1677 generationi
2777 1609 2929 1677 huic,
2971 1618 3026 1668 et
3066 1612 3177 1668 dixi
3210 1630 3224 1668 :
3256 1611 3482 1684 Semper

1895 1712 1913 1746 ι
1960 1693 2018 1747 hi
2038 1701 2224 1749 errant
2245 1697 2430 1752 corde.
2472 1697 2579 1768 Ipsi
2605 1707 2789 1755 autem
2819 1715 2930 1756 non
2959 1711 3330 1774 cognoverunt
3358 1705 3474 1758 vias

1903 1801 1918 1838 ς
1959 1800 2134 1853 meas,
2179 1787 2380 1858 quibus
2413 1788 2596 1858 juravi
2633 1791 2686 1845 in
2716 1792 2797 1847 ira
2834 1809 2974 1862 mea,
3005 1795 3050 1854 si
3077 1795 3379 1851 introibunt
3423 1795 3478 1850 in

177 1883 358 1940 homo
392 1885 448 1941 in
480 1895 677 1942 natura
724 1886 922 1944 habeat
965 1905 1215 1961 peccare,
1248 1865 1505 1946 facillime
1548 1865 1784 1958 caderet,
1818 1865 1867 1931 3
1897 1891 1915 1926 ‘
1959 1875 2209 1945 ml“iam
2255 1892 2456 1932 meam-
2507 1878 2710 1948 Videte,
2760 1880 2981 1952 fratres.
3025 1901 3096 1941 ne
3129 1885 3268 1941 forte
3303 1887 3376 1942 Sil
3421 1887 3476 1941 in

176 1991 313 2030 eum
345 1985 640 2049 utramque
661 1986 913 2034 naturam
937 1994 1033 2051 per
1055 1995 1115 2035 se
1135 1988 1349 2036 constet
1374 1979 1656 2036 cecidisse.
1698 1979 1790 2037 Sic

172 2067 516 2140 relinquitur
538 2071 836 2126 humanam
871 2080 1124 2126 naturam
1147 2073 1298 2128 nullo
1323 2073 1485 2128 modo
1518 2072 1637 2127 sine
1657 2087 1788 2143 pec-

173 2170 310 2216 cato
356 2177 526 2232 posse
577 2163 912 2232 consistere,
967 2164 1075 2219 nisi
1120 2164 1368 2220 uniretur
1410 2164 1462 2220 ei
1508 2163 1784 2220 divinitas.

173 2249 313 2307 Ideo
354 2253 522 2309 etiam
565 2255 732 2326 (sicut
772 2256 928 2310 aiunt
975 2256 1173 2328 sancti)
1212 2255 1358 2312 Deus
1405 2255 1579 2311 voluit
1622 2256 1788 2312 homo

174 2343 304 2400 fieri
339 2354 401 2400 ut
442 2361 538 2416 per
572 2346 678 2403 hoc
704 2348 957 2404 homines
1003 2348 1258 2405 redderet
1299 2349 1476 2420 magis
1519 2349 1787 2405 obnoxios

173 2451 300 2493 sua:
344 2437 641 2494 dilectioni.
699 2436 949 2496 Ostendit
984 2438 1266 2496 Christum
1308 2455 1420 2496 non
1467 2441 1646 2496 solum
1689 2456 1788 2512 per

175 2539 423 2586 mortem
472 2531 813 2589 destruxisse
872 2533 1068 2590 mortis
1115 2532 1431 2605 imperium,
1476 2535 1572 2591 sed
1618 2535 1785 2591 etiam

176 2623 387 2678 merito
411 2624 606 2680 mortis
627 2640 741 2680 sua:
762 2624 937 2696 legem
978 2625 1123 2698 (quae
1163 2623 1380 2682 Judaeos
1423 2626 1479 2682 in
1524 2627 1786 2683 servitute

176 2715 459 2786 tenuerat)
493 2729 810 2772 evacuasse.
857 2715 1009 2773 Unde
1035 2718 1116 2774 sic
1149 2717 1226 2773 ait
1259 2736 1273 2772 :
1305 2717 1374 2773 Ut
1426 2735 1520 2788 per
1562 2727 1784 2774 mortem

178 2807 479 2861 destrueret
505 2808 801 2876 diabolum,
833 2817 884 2865 et
906 2819 964 2865 ut
990 2825 1087 2881 per
1123 2818 1354 2866 mortem
1384 2809 1633 2866 liberaret
1672 2827 1783 2880 eos,

176 2896 406 2954 Iudaeos
432 2899 500 2954 ad
527 2915 666 2971 quos
695 2900 786 2957 hic
812 2916 994 2957 sermo
1019 2909 1158 2971 erat,
1184 2903 1276 2973 qui
1302 2919 1396 2972 per
1417 2911 1588 2958 totam
1614 2903 1784 2959 vitam

179 2992 377 3048 timore
419 2993 605 3047 mortis
632 2993 846 3048 obnoxii
875 2993 1088 3064 fuerant
1117 2993 1378 3063 servituti,
1423 2995 1477 3051 id
1521 3003 1606 3050 est
1655 2996 1779 3068 legi,

179 3099 306 3153 qua:
336 3092 401 3138 ut
425 3099 613 3140 servos
639 3085 868 3157 cogebat
892 3101 1010 3155 eos,
1044 3086 1232 3143 dicens
1261 3105 1274 3142 :
1306 3087 1364 3142 Si
1414 3087 1521 3144 hoc
1562 3086 1780 3157 feceris,

182 3183 363 3229 morte
401 3175 675 3231 morieris.
719 3176 833 3232 Sed”
863 3174 1139 3244 Christus,
1192 3177 1385 3232 nolens
1431 3191 1532 3232 vos
1575 3176 1781 3233 servire

183 3265 387 3320 timore
426 3266 642 3334 mortis,
681 3266 854 3338 legem
880 3267 1184 3336 evacuavit,
1209 3275 1271 3322 ut
1297 3267 1440 3323 sicut
1465 3268 1605 3322 servi
1629 3268 1781 3338 prius

181 3357 483 3426 timebatis,
513 3358 595 3415 sic
617 3358 898 3430 modo'per
919 3359 1152 3430 gratiam
1174 3358 1330 3415 liberi
1343 3359 1602 3430 diligatis.
1643 3359 1783 3415 Vere

180 3449 531 3518 participavit
563 3449 816 3503 similiter
851 3456 914 3505 ut
944 3449 1196 3504 homines
1237 3449 1622 3517 sanetilicaret,
1653 3467 1781 3505 nus-

180 3555 344 3608 quam
364 3540 504 3593 enim
526 3539 890 3611 apprehendit,
925 3540 979 3596 id
1010 3549 1094 3597 est
1119 3541 1175 3596 in
1201 3541 1348 3596 nulla
1395 3540 1676 3612 Scriptura
1699 3544 1780 3599 le-

182 3631 330 3702 gitur
357 3632 784 3702 apprehendisse
819 3633 1054 3705 angelos,
1094 3633 1150 3689 id
1179 3642 1264 3689 est
1291 3634 1592 3706 angelicam
1619 3643 1782 3691 natu-

181 3731 390 3790 turam,
416 3731 479 3778 ut
504 3724 729 3795 angelos
767 3724 1080 3793 redimeret,
1106 3725 1197 3780 sed
1227 3725 1588 3798 apprehendit,
1621 3726 1675 3782 id
1698 3735 1783 3782 est

177 3813 383 3885 lcgitur
400 3816 824 3887 apprehendisse
848 3834 1019 3873 semen
1045 3818 1295 3888 Abralue,
1313 3835 1532 3877 carnem
1560 3836 1784 3879 sumens

180 3905 246 3962 de
271 3907 578 3977 Abraham,
607 3909 785 3981 utqui
810 3926 907 3981 per
932 3910 1096 3966 fidem
1143 3926 1332 3968 semen
1363 3919 1493 3968 sunt
1525 3912 1778 3982 Abrahae,

180 4014 277 4056 eos
304 4000 562 4057 salvaret.
606 4001 754 4059 Unde
774 4004 901 4075 quia
925 4019 1112 4060 semen
1141 4005 1377 4061 Abrahae
1402 4007 1776 4077 apprehendit,

179 4094 366 4149 debuit
401 4095 637 4150 similari
671 4096 929 4166 fratribus
960 4113 1053 4167 per
1083 4098 1261 4151 omnia
1296 4098 1574 4170 passibilis
1601 4098 1779 4156 factus

179 4195 233 4240 et
257 4187 531 4254 mortalis,
556 4196 612 4241 ut
636 4189 932 4243 misericors
960 4189 1127 4261 (quod
1150 4197 1268 4245 erat
1294 4190 1351 4246 in
1377 4190 1595 4262 natura)
1629 4192 1780 4261 ﬁeret

180 4279 370 4350 aperis
393 4279 750 4348 exhibitione,
779 4291 828 4336 et
860 4281 1024 4354 366
1060 4283 1320 4354 pontifex,
1370 4283 1424 4338 id
1469 4290 1555 4339 est
1599 4281 1777 4340 factus

178 4373 342 4428 nobis
395 4388 558 4443 pons,
609 4389 719 4444 quo
768 4383 1113 4429 transeamus
1162 4374 1230 4429 ad
1272 4373 1466 4430 Deum.
1526 4373 1778 4433 Pontifex

176 4464 305 4520 dico
333 4463 531 4534 ﬁdelis,
557 4465 688 4536 quia
729 4479 830 4521 nec
875 4465 944 4520 ab
989 4464 1078 4521 his
1122 4480 1263 4536 quos
1302 4466 1554 4536 ducebat,
1603 4483 1704 4523 nec
1744 4483 1775 4524 a

1897 1983 1916 2017 ι
1960 1964 2147 2036 aliquo
2169 1975 2410 2023 vestrum
2453 1983 2550 2024 cor
2591 1971 2817 2040 malum,
2866 1973 3260 2031 incredulitatis
3304 1977 3482 2032 disce—

1896 2073 1916 2109 c
1961 2056 2124 2113 dendi
2160 2073 2193 2113 a
2225 2057 2338 2115 Deo
2366 2060 2510 2116 vivo.
2553 2060 2659 2117 Sed
2705 2062 3075 2119 adhortamini
3120 2068 3480 2136 vosmetipsos

1895 2166 1915 2201 ι
1958 2163 2058 2220 per
2082 2149 2328 2222 singulos
2352 2151 2490 2220 dies,
2517 2152 2692 2208 donec
2725 2153 2886 2210 hodie
2935 2157 3376 2227 cognominatur,
3422 2167 3481 2213 ut

1895 2259 1914 2292 ι
1955 2257 2065 2296 non
2092 2241 2392 2298 obduretur
2409 2244 2534 2314 quis
2568 2259 2636 2299 ex
2654 2245 2810 2301 vobis
2835 2243 3052 2302 fallacia
3074 2249 3302 2318 peccati.
3341 2247 3447 2303 Par
3471 2285 3481 2293 .

1893 2351 1912 2386 ι
1959 2331 2148 2403 ticipes
2172 2333 2318 2389 enim
2348 2332 2552 2391 Christi
2582 2335 2759 2392 eﬂ‘ecti
2786 2351 3009 2406 sumus;
3047 2340 3095 2395 si
3142 2349 3324 2395 tamen
3368 2341 3477 2395 ini--

1893 2442 1912 2476 (
1954 2425 2090 2480 tium
2117 2426 2440 2483 substantiae
2463 2427 2584 2499 ejus
2613 2444 2789 2500 usque
2814 2430 2883 2486 ad
2910 2430 3075 2486 linem
3103 2431 3323 2487 llrmum
3349 2434 3480 2488 reti-

1893 2535 1913 2568 ‹
1955 2533 2204 2588 neamus,
2240 2520 2373 2576 dum
2405 2520 2606 2576 dicitur
2637 2538 2652 2575 :
2693 2520 2866 2578 Hodie
2909 2526 2958 2578 si
2988 2538 3180 2580 vocem
3209 2524 3330 2596 ejus
3374 2541 3478 2580 au-

1893 2625 1912 2659 c
1953 2608 2189 2680 dieritis,
2242 2611 2410 2667 nolite
2455 2611 2729 2668 obdurare
2776 2612 2942 2668 corda
2981 2623 3182 2683 vestra,
3217 2616 3482 2686 quemad-

1893 2719 1910 2753 ι
1955 2701 2182 2757 modum
2224 2703 2282 2757 in
2330 2703 2423 2759 illa
2461 2704 2898 2761 exacerbatione.
2941 2704 3176 2773 Quidam
3201 2707 3347 2762 enim
3373 2703 3474 2763 au;

1891 2813 1911 2846 ι
1951 2795 2166 2852 dientes
2189 2797 2674 2868 exacerbaverant,
2706 2799 2799 2856 sed
2825 2815 2937 2855 non
2962 2801 3204 2856 universi
3225 2802 3318 2872 qui
3349 2817 3473 2872 pro-

1891 2904 1911 2938 ι
1955 2885 2084 2943 fecti
2114 2898 2244 2944 sunt
2268 2889 2338 2944 ab
2364 2889 2600 2964 (Egypt!)
2627 2907 2725 2964 per
2757 2892 2998 2966 Moysen.
3041 2893 3250 2962 Quibus
3295 2903 3477 2950 autem

1889 2975 2202 3034 «infensus
2267 2989 2352 3036 est
2405 2983 2770 3054 quadraginta
2838 2985 3044 3040 annis?
3120 2982 3314 3040 Nonne
3368 2986 3478 3042 illis

1890 3085 1910 3120 ς
1952 3069 2047 3140 qui
2074 3080 2456 3139 peccaverunt,
2488 3088 2723 3143 quorum
2754 3074 3020 3128 cadavera
3051 3083 3324 3145 prostrata
3348 3088 3478 3130 sunt

1891 3177 1910 3211 ι
1958 3159 2015 3214 in
2059 3161 2321 3217 deserto?
2376 3162 2587 3232 Quibus
2629 3172 2810 3219 autem
2846 3165 3052 3236 juravit
3097 3182 3207 3222 non
3250 3167 3478 3222 introire

1892 3268 1912 3303 ι
1959 3250 2185 3324 [quibus
2229 3262 2412 3309 autem
2437 3255 2643 3325 juravit
2677 3265 2736 3311 ut
2780 3272 2889 3312 non
2932 3258 3242 3330 introirent)
3287 3259 3342 3313 in
3389 3275 3477 3314 re-

1891 3361 1910 3396 i
1951 3345 2136 3417 quiem
2185 3346 2377 3417 ipsius,
2417 3348 2523 3403 nisi
2553 3349 2660 3405 illis
2693 3349 2789 3420 qui
2813 3350 3079 3406 increduli
3108 3351 3374 3407 fuerunt?
3407 3351 3476 3407 Et

1890 3455 1909 3489 ι
1953 3438 2202 3494 videmus
2233 3439 2364 3510 quia
2392 3455 2501 3495 non
2535 3449 2830 3512 potuerunt
2857 3442 3085 3500 introire
3129 3445 3184 3499 in
3231 3445 3475 3516 requiem

1890 3549 1910 3582 ι
1957 3530 2132 3600 ipsius
2168 3542 2390 3604 propter
2424 3533 2883 3592 incredulitatem.
2930 3554 2949 3588 ι

2524 3643 2828 3689 EXPOSITIO.

1953 3721 2000 3773 A
2028 3720 2403 3791 superioribus
2428 3720 2594 3778 infert
2627 3725 2776 3794 quod
2801 3740 2868 3780 ex
2890 3725 3128 3782 vindicta
3151 3735 3204 3781 et
3230 3729 3470 3796 potentia

1882 3813 2138 3870 Christus
2182 3814 2460 3870 timendus
2508 3824 2612 3882 est,
2653 3816 2783 3886 Quia
2824 3817 3022 3872 iterum
3068 3833 3136 3873 ex
3181 3818 3474 3875 dilectione

1881 3919 1982 3978 pro
2015 3905 2169 3960 vobis
2191 3914 2421 3961 mortem
2445 3907 2683 3978 gustavit
2710 3907 3075 3980 rediligendus
3094 3926 3125 3964 a
3147 3910 3316 3979 vobis,
3341 3912 3472 3982 quia

1881 4005 2076 4068 potens
2105 4006 2158 4052 et
2185 4007 2386 4069 priesto
2413 4007 2498 4054 est
2524 3999 2748 4056 tentatis
2777 4001 3049 4056 auxiliari.
3095 4001 3264 4070 Unde,
3299 4003 3350 4056 id
3388 4015 3472 4060 est

1880 4105 1978 4160 per
2004 4090 2120 4145 hinc
2147 4091 2352 4158 omnia,
2380 4105 2414 4146 0
2444 4105 2540 4148 vos
2567 4093 2740 4146 sancti
2762 4093 2976 4163 fratres,
3014 4095 3146 4164 facti
3184 4097 3469 4167 participes

1881 4179 2106 4235 caelestis
2150 4181 2462 4236 vocationis.
2500 4183 2583 4237 Ad
2616 4184 2989 4255 participanda
3034 4184 3179 4241 enim
3223 4189 3469 4244 caelestia

1878 4272 2022 4328 bona
2047 4272 2228 4328 vocati
2256 4273 2408 4330 estis.
2453 4272 2584 4342 Vos,
2633 4276 2879 4346 inquam,
2921 4277 3194 4349 diligendo
3234 4289 3289 4334 et
3332 4295 3466 4350 ope-

1877 4365 2052 4421 rando
2073 4379 2198 4435 quae
2219 4367 2483 4437 prmeipit,
2509 4369 2837 4423 considerate
2859 4367 3069 4438 Jesum,
3094 4371 3148 4427 id
3169 4381 3256 4428 est
3279 4371 3470 4427 Sulca-

1879 4461 2064 4522 torem,
2093 4454 2405 4526 Apostolum
2424 4472 2586 4528 quem
2615 4457 2778 4515 Pater
2799 4459 2995 4531 legavit
3017 4462 3086 4516 ad
3116 4477 3229 4530 vos,
3260 4473 3314 4518 et
3335 4479 3468 4533 pon-

176 4555 292 4612 Deo
319 4557 410 4612 cui
437 4556 686 4612 tradebat
733 4572 960 4612 munera
1011 4573 1126 4612 suae
1173 4557 1452 4614 ductionis
1499 4559 1768 4630 quaesivit.

1888 4547 2093 4616 ziﬁccm,
2120 4547 2175 4603 id
2195 4556 2281 4604 est
2300 4547 2504 4605 factum
2535 4552 2692 4607 nobis
2713 4563 2953 4623 pontem,
2985 4570 3096 4626 quo
3121 4564 3466 4612 transeamus

178 4645 429 4702 Similari
475 4647 642 4704 etiam
683 4647 826 4714 ideo,
869 4656 927 4702 ut
957 4649 1344 4719 repropitiaret,
1379 4649 1433 4704 id
1467 4657 1551 4705 est
1587 4650 1771 4720 propi-

177 4737 371 4793 tiando
393 4738 714 4806 remitteret,
749 4739 942 4794 delicta
967 4741 1168 4811 populi.
1210 4738 1276 4796 Et
1304 4756 1430 4797 vere
1464 4750 1659 4812 potens
1689 4750 1774 4798 est

177 4827 542 4900 repropitiare
567 4827 764 4885 delicta
792 4829 997 4900 populi,
1036 4846 1158 4884 nam
1180 4831 1236 4884 in
1261 4847 1340 4898 eo,
1372 4831 1425 4886 id
1458 4839 1544 4887 est
1590 4831 1646 4885 in
1688 4831 1772 4886 in—
1800 4844 1803 4846 '

176 4919 369 4976 feriori
395 4920 515 4991 ejus
540 4921 846 4978 substantia
886 4922 941 4975 in
970 4937 1074 4992 qua
1102 4923 1212 4992 ipse
1233 4939 1422 4992 passus
1444 4932 1522 4978 est
1547 4924 1649 4978 sub
1675 4921 1769 4978 Pi-

176 5013 311 5082 lato,
349 5020 582 5085 tentatus
608 5029 640 5068 a
666 5013 903 5081 diabolo,
929 5022 1111 5084 potens
1138 5022 1216 5068 est
1247 5013 1362 5085 ipse
1398 5015 1651 5070 auxiliari
1695 5016 1771 5070 eis

175 5084 498 5174 quicunque
523 5110 816 5170 tentantur,
842 5112 896 5160 et
921 5119 952 5158 a
979 5084 1373 5160 tentationibus
1399 5103 1651 5160 liberare.

798 5193 1030 5251 CAPUT
1066 5194 1152 5250 Ill.

253 5305 274 5338 ι
325 5284 502 5354 Unde,
539 5286 760 5355 fratres,
803 5287 981 5344 sancti
1006 5287 1310 5344 vocationis
1330 5287 1569 5344 cmlestis
1597 5301 1643 5361 p:
1670 5289 1770 5344 rti-

179 5395 200 5429 c
245 5377 421 5450 cipcs,
458 5379 796 5435 considerate
824 5381 1132 5452 apostolum
1180 5388 1236 5436 et
1278 5380 1590 5453 pontiﬁcem
1631 5397 1770 5438 con-

178 5489 198 5521 ‹
243 5469 505 5528 fessionis
529 5481 731 5529 nostra:
758 5472 946 5530 Jesum
979 5492 992 5528 :
1035 5474 1128 5546 qui
1161 5474 1336 5530 fidelis
1357 5481 1444 5532 est
1466 5475 1538 5543 ei,
1571 5475 1665 5547 qni
1692 5475 1771 5532 fe-

178 5580 198 5614 ι
245 5562 324 5617 cit
369 5561 546 5632 illum,
575 5565 718 5620 sicut
757 5574 813 5622 et
859 5564 1072 5639 Moyses
1117 5566 1175 5621 in
1221 5567 1372 5623 omni
1413 5567 1578 5622 domo
1626 5568 1765 5639 ejus.

146 5655 148 5657 ’
181 5671 200 5704 ς
248 5653 548 5724 Amplioris
573 5656 720 5712 enim
755 5657 941 5728 gloriae
979 5657 1080 5713 iste
1105 5673 1217 5728 pra:
1241 5657 1424 5731 Moyse
1448 5659 1646 5732 dignus
1669 5660 1768 5714 ha-

182 5763 199 5794 ι
249 5744 400 5799 bitus
425 5754 529 5811 est,
555 5755 764 5817 quanto
786 5747 1106 5818 ampliorem
1145 5749 1410 5803 honorem
1463 5750 1625 5806 habet
1668 5749 1762 5805 do-

185 5851 201 5882 ι
251 5850 376 5888 mus
404 5835 498 5890 aui
527 5835 808 5894 fabricavit
842 5838 1011 5893 illam.
1053 5836 1243 5894 Omnis
1289 5847 1524 5911 namque
1567 5841 1765 5896 domus

1877 4639 1933 4694 in
1973 4640 2222 4710 gloriam,
2270 4639 2452 4696 Iesum
2501 4644 2812 4712 pontificem
2856 4649 3197 4719 confessionis
3225 4659 3418 4703 nostra:
3443 4663 3464 4702 :

1876 4732 2006 4802 quia
2027 4733 2294 4804 quidquid
2323 4735 2415 4789 alii
2445 4733 2671 4803 faciant,
2710 4753 2812 4793 nos
2849 4754 2973 4793 eum
3003 4739 3108 4794 [ide
3137 4741 3464 4796 confitemur

1878 4822 2217 4881 Salvatorem
2243 4834 2513 4881 nostrum.
2554 4826 2906 4898 Comparavit
2939 4827 3124 4884 Jesum
3159 4830 3460 4900 prophetis,

1877 4917 2213 4988 comparavit
2239 4933 2364 4973 eum
2397 4920 2624 4990 angelis,
2655 4920 2729 4974 ita
2764 4928 2822 4974 ut
2857 4920 2964 4976 illis
2989 4921 3245 4976 omnibus
3283 4924 3460 4993 majo-

1875 5023 1994 5064 rem
2021 5009 2349 5065 ostenderet.
2387 5009 2543 5066 Nunc
2573 5027 2698 5066 eum
2733 5020 3013 5082 comparat
3039 5011 3234 5082 Moysi,
3260 5013 3331 5070 ita
3361 5016 3463 5072 ite-

1876 5115 2002 5156 rum
2045 5108 2104 5157 ut
2143 5099 2448 5172 digniorem
2480 5102 2663 5176 Moyse
2687 5113 2918 5171 asserat,
2947 5113 3154 5177 quanto
3192 5107 3336 5165 lilius
3373 5109 3459 5163 di-

1876 5193 2035 5265 gnior
2069 5200 2154 5247 est
2189 5191 2565 5263 dispensatore
2609 5209 2786 5252 servo.
2829 5193 2984 5252 Unde
3021 5197 3102 5254 sic
3130 5197 3204 5254 ait
3229 5218 3242 5254 :
3265 5199 3461 5255 Consi-

1873 5284 2060 5340 derate
2086 5283 2295 5353 Jesum,
2323 5287 2412 5357 qui
2441 5285 2602 5342 Iesus
2621 5287 2795 5358 ﬁdelis
2829 5298 2907 5343 est
2928 5291 2997 5358 ei,
3029 5289 3081 5345 id
3109 5297 3194 5347 est
3219 5289 3329 5346 Deo
3349 5289 3424 5345 Pa
3444 5321 3458 5332 -

1872 5379 1942 5434 tri
1982 5379 2073 5449 qui
2118 5379 2249 5448 facit
2287 5377 2463 5445 illum,
2516 5380 2570 5435 id
2611 5389 2696 5436 est
2735 5381 2830 5452 qui
2861 5381 3129 5439 facturam
3157 5383 3455 5441 humanam

1867 5469 2045 5525 univit
2071 5468 2228 5526 Filio.
2266 5469 2466 5527 Fidelis
2491 5471 2612 5528 ideo
2634 5473 2762 5545 quia
2796 5490 2907 5529 non
2941 5490 3121 5544 suam,
3151 5475 3244 5529 sed
3275 5475 3456 5532 Patris

1874 5561 2103 5634 gloriam
2135 5577 2352 5634 semper
2391 5563 2659 5635 quesivit,
2695 5581 2795 5622 nec
2837 5568 3033 5624 timore
3083 5568 3320 5636 territus,
3367 5568 3454 5622 vel

1874 5670 2061 5711 amore
2095 5655 2353 5712 seductus
2383 5657 2637 5712 mandata
2676 5655 2854 5714 Patris
2880 5659 3187 5714 occultavit.
3227 5655 3448 5724 Fidelis,

1873 5747 2119 5819 inquam,
2142 5758 2226 5804 est
2263 5749 2336 5815 ei,
2372 5749 2512 5803 sicut
2552 5758 2602 5802 et
2642 5749 2846 5819 Moyses
2876 5748 3046 5804 fidelis
3076 5751 3180 5807 fuit
3215 5765 3271 5803 in
3307 5751 3452 5803 omni

1871 5841 2027 5896 domo
2048 5840 2195 5895 illius
2230 5840 2379 5911 lesu,
2411 5840 2494 5895 vel
2531 5838 2623 5894 Dei
2659 5839 2852 5908 Patris,
2891 5841 2944 5894 in
2972 5853 3074 5910 qua
3103 5841 3312 5914 Moyses
3341 5857 3449 5896 non
