3988 6396
525 365 636 422 505

517 479 799 545 dominus,
844 478 939 534 sed
971 477 1222 534 minister
1263 487 1400 534 erat.
1443 477 1510 532 lu
1550 480 1694 534 omni
1720 479 1862 544 ideo,
1889 495 2018 549 qu:a
2051 479 2110 534 in
2137 484 2182 540 Α
2213 486 2298 534 εει
2327 477 2718 549 perdurantem
2745 491 2914 547 usque
2943 477 3015 530 ad
3045 478 3204 548 ﬁnem
3225 477 3374 546 vitat,
3401 479 3628 551 quando
3665 485 3804 554 quod
3893 525 3896 527 .

517 571 777 628 omnibus
804 585 929 640 quae
953 571 1262 626 necessaria
1287 581 1442 626 erant
1471 579 1526 626 et
1557 570 1612 624 in
1640 570 1903 634 docendo,
1947 580 2002 625 et
2049 571 2104 624 in

515 663 816 734 pascendo,
835 672 886 717 et
905 663 962 716 in
981 662 1228 718 ducendo
1243 662 1466 717 domum
1487 663 1658 728 illam,
1679 663 1732 717 id
1749 671 1834 718 est
1845 663 2106 733 populum

515 755 853 821 Judzeorum,
881 755 1108 810 ﬁdeliter
1128 755 1454 808 enutriebat.
1479 753 1574 810 Vel
1597 756 1672 810 ita
1697 763 2104 810 construamus.

519 847 679 904 Iesus
735 847 912 902 ﬁdelis
971 856 1056 902 εει
1111 845 1242 912 Deo,
1307 847 1450 902 sicut
1499 846 1714 918 Moyses
1757 847 1930 902 ﬁdelis
1979 845 2104 901 fuit.

517 939 846 1013 367Jesus
875 941 998 996 dico
1019 939 1190 1010 ﬁdelis
1203 941 1258 993 in
1282 941 1592 994 omuidomo
1613 939 1910 1006 illius,tam
1933 939 1988 994 in
2009 938 2110 994 Ju-

515 1032 650 1086 daais
669 1047 834 1102 quam
865 1031 920 1086 in
945 1032 1236 1102 gentilibus
1263 1049 1280 1086 :
1304 1047 1412 1086 non
1437 1033 1491 1086 in
1523 1033 1758 1102 quadam
1783 1033 1948 1088 domo
1969 1034 2108 1086 sicut

519 1121 727 1193 Moyses
773 1123 829 1178 in
871 1121 1098 1179 Iudaeis.
1143 1122 1279 1178 illud
1331 1125 1470 1178 sicut
1521 1123 1936 1179 similitudinem
1981 1135 2108 1180 tan-

517 1222 634 1268 tum
681 1221 862 1280 notat,
881 1228 992 1268 non
1045 1215 1442 1284 quantitatem;
1487 1215 1684 1285 probat
1713 1231 1812 1285 per
1853 1215 2108 1272 eii‘ectum

515 1304 660 1373 quod
689 1304 806 1358 ait:
839 1303 980 1360 Vere
1008 1301 1170 1360 Jcsus
1201 1305 1378 1361 ﬁdelis
1406 1315 1510 1372 est,
1538 1305 1680 1362 sicut
1701 1305 1934 1379 Moyses.
1962 1305 2108 1362 Nam

512 1393 673 1452 Jesus
704 1395 919 1450 habitus
958 1405 1038 1450 est
1080 1397 1310 1467 dignus;
1357 1397 1482 1464 iste,
1515 1397 1760 1468 inquam,
1791 1396 1972 1465 Jesus,
2011 1399 2106 1470 qui

513 1486 661 1543 ﬁlius
689 1487 854 1558 longe
893 1488 1156 1557 praecellit
1191 1489 1504 1544 ministrum
1549 1489 1748 1561 dignus
1785 1497 1870 1546 est
1899 1491 2108 1562 gloriae,

512 1577 658 1634 sicut
693 1578 928 1650 Moyses,
959 1579 1052 1650 qui
1076 1580 1238 1635 etiam
1271 1579 1548 1650 amplioris
1591 1580 1777 1652 gloriae
1805 1581 2004 1654 dignus
2023 1591 2111 1637 est

517 1685 630 1737 pra:
657 1669 860 1740 Moyse,
886 1669 940 1725 id
963 1681 1048 1726 est
1073 1655 1240 1743 quam
1287 1671 1506 1746 Moyses
1535 1674 1616 1728 vel
1649 1690 1760 1744 pra:
1781 1673 1966 1746 Moyse
1987 1674 2108 1730 exi-

517 1768 670 1816 stens
701 1761 758 1816 in
801 1763 1084 1818 merendo.
1127 1763 1301 1820 Tanto
1341 1767 1530 1836 utique
1581 1767 1880 1837 amplioris,
1911 1775 2106 1837 quanto

517 1851 830 1920 ampliorem
853 1852 1100 1908 honorem
1122 1854 1332 1920 domus,
1363 1855 1417 1908 id
1439 1864 1520 1909 est
1545 1855 1598 1909 in
1621 1857 1788 1911 domo
1819 1857 1961 1926 apud
1986 1872 2104 1924 eos,

515 1941 726 1996 scilicet
746 1943 842 2012 qui
867 1943 924 1998 iu
945 1945 1108 1999 domo
1133 1955 1280 2000 sunt.
1309 1945 1406 2001 Vel
1425 1946 1645 2012 domus,
1671 1947 1724 2002 id
1746 1948 1920 2002 estde
1941 1948 2110 2004 domo

515 2031 782 2086 fabricata
809 2032 966 2087 habet
989 2033 1084 2088 ille
1107 2034 1197 2104 qui
1217 2036 1498 2104 fabricavit
1519 2035 1676 2090 illam
1701 2037 1948 2092 domum.
1975 2037 2108 2092 Am‘

513 2123 744 2192 pliorcm
795 2123 920 2180 dico
969 2139 1136 2196 quam
1174 2125 1266 2183 ille
1309 2128 1406 2198 qui
1433 2129 1780 2199 dispensator
1811 2137 1896 2185 est
1923 2130 1980 2184 in
2017 2144 2104 2186 ea.

512 2211 672 2270 Nunc
692 2215 806 2271 duo
835 2215 1054 2272 residua
1081 2227 1211 2274 sunt
1240 2219 1307 2274 ad
1354 2219 1717 2290 probandum,
1741 2229 1796 2275 ct
1821 2221 1970 2290 quod
2001 2221 2106 2276 do-

513 2319 640 2360 mus
663 2320 772 2360 non
797 2321 830 2360 a
853 2321 937 2374 se,
959 2308 1054 2362 sed
1079 2309 1150 2363 ab
1171 2309 1279 2366 alio
1303 2308 1568 2365 fabricata
1593 2309 1682 2376 sit,
1703 2309 1924 2380 etquod
1945 2309 2108 2366 Chri-

511 2405 634 2452 stus
656 2411 776 2452 eam
807 2397 1161 2456 fabricaverit

583 2487 714 2544 Haec
751 2499 936 2546 autem
981 2493 1170 2548 omnia
1197 2507 1266 2548 ue
1305 2493 1536 2563 spiritali
1577 2493 1742 2550 domo
1791 2494 2106 2565 accipienda

513 2591 662 2637 sunt.
691 2580 846 2652 Stepe
865 2583 1012 2638 enim
1033 2585 1262 2656 contigit
1289 2594 1368 2652 ut,
1401 2585 1456 2640 in
1479 2585 1736 2642 domibus
1773 2587 1978 2643 nostris
2005 2587 2108 2642 ho-

513 2671 816 2728 norabilior
838 2681 986 2730 es'set
1007 2673 1102 2745 qui
1125 2673 1184 2730 in
1211 2689 1276 2730 ea
1306 2674 1654 2732 ministrabat
1680 2691 1846 2745 quam
1893 2675 1984 2731 ille
2005 2691 2106 2730 cu-

509 2761 604 2834 jus
627 2774 747 2822 crat
775 2767 993 2824 domus.
1027 2765 1197 2834 Quasi
1227 2767 1436 2824 diceret
1461 2785 1474 2822 :
1503 2767 1646 2825 Bene
1669 2768 1796 2824 dico
1817 2769 1914 2840 qui
1943 2768 2108 2824 fabri-

511 2855 658 2912 cavit
685 2856 870 2925 illam;
903 2875 1002 2930 per
1035 2875 1097 2916 se
1139 2861 1286 2916 enim
1318 2876 1426 2917 non
1473 2869 1654 2932 potest
1681 2859 1960 2928 fabricari,
1991 2877 2108 2916 om-

513 2949 596 3002 nis
617 2965 844 3020 namque
863 2949 1050 3006 domus
1081 2951 1381 3022 fabricatur
1394 2955 1460 3008 ab
1495 2953 1699 3026 aliquo.
1727 2953 1809 3010 Ad
1839 2955 1948 3010 hoc
1967 2954 2058 3010 ille
2087 2973 2102 3010 :

515 3039 572 3094 Si
619 3041 689 3095 ab
729 3042 936 3112 aliquo,
971 3059 1080 3098 non
1111 3051 1294 3100 tamen
1335 3061 1368 3102 a
1409 3044 1542 3101 Deo.
1579 3029 1662 3102 Ad
1704 3047 1810 3102 hoc
1849 3045 2052 3102 Paulus
2085 3064 2100 3100 :

514 3131 656 3189 Vere
703 3133 903 3191 domus
955 3133 1257 3192 fabricatur
1283 3153 1316 3192 a
1357 3137 1496 3206 Deo;
1549 3153 1678 3194 nam
1729 3137 1874 3192 Deus
1901 3141 2098 3210 estqui

509 3227 708 3282 creavit
743 3228 945 3294 omnia,
987 3229 1136 3300 quod
1157 3230 1204 3285 si
1243 3231 1428 3285 omnia
1457 3231 1684 3298 creavit,
1712 3239 1928 3288 constat
1947 3231 2096 3302 quod

510 3329 566 3373 et
593 3317 854 3386 domum;
881 3335 1048 3390 quam
1084 3321 1216 3392 quia
1261 3321 1568 3389 fabricavit,
1617 3324 1868 3394 sequitur
1893 3331 1954 3378 ut
1978 3338 2098 3378 am-

511 3409 708 3479 plioris
751 3410 937 3481 gloriae
987 3411 1256 3468 habeatur
1297 3413 1354 3468 in
1395 3415 1487 3468 illa
1531 3429 1698 3484 quam
1723 3414 1902 3486 quiin
1929 3413 2098 3470 domo

510 3505 725 3559 tantum
754 3503 1052 3560 ministrat.
1071 3503 1364 3575 Propterea
1387 3507 1518 3580 quia
1543 3507 1829 3566 fabricavit
1849 3510 2096 3576 domum,

513 3596 568 3650 in
609 3611 715 3670 qua
749 3594 967 3667 Moyses
1006 3597 1362 3668 dispensavit,
1386 3615 1499 3669 pra:
1541 3597 1726 3671 Moyse
1745 3599 1868 3656 ideo
1899 3601 2097 3671 dignus

511 3687 734 3745 habitus
768 3695 874 3744 est.
921 3686 1214 3760 Propterea
1245 3689 1410 3746 etiam
1455 3691 1738 3762 amplioris
1781 3692 1966 3764 gloriae
1989 3701 2094 3758 est,

510 3780 640 3851 quia
673 3773 881 3851 Moyses
927 3781 1140 3854 quidem
1171 3791 1231 3836 ut
1265 3781 1506 3838 famulus
1537 3783 1592 3838 in
1621 3783 1786 3840 domo
1828 3798 1938 3839 non
1961 3799 2094 3852 sua;

509 3873 766 3930 Christus
793 3891 922 3930 vero
961 3875 1135 3934 Filius
1159 3875 1215 3932 in
1233 3877 1400 3934 domo
1435 3894 1556 3934 sua.
1581 3875 1834 3946 Quidem,
1861 3886 1916 3934 et
1945 3893 2096 3947 vero,

510 3967 875 4024 distributiva
907 3968 1330 4038 conjunctioues
1362 3979 1512 4026 sunt.
1543 3969 1757 4042 Moyses
1785 3969 2004 4040 quidem
2027 3971 2098 4040 ﬁ-

513 4059 654 4113 delis
683 4067 801 4114 erat
827 4061 884 4114 iu
907 4069 1018 4114 tota
1041 4061 1228 4114 domus
1255 4061 1392 4131 ejus,
1425 4063 1635 4120 scilicet
1681 4063 1776 4119 Dei
1807 4063 1986 4120 Patris
2014 4065 2100 4118 vel

511 4149 738 4217 Christi,
771 4159 1024 4222 tanquam
1045 4151 1300 4222 famulus,
1329 4155 1458 4226 quia
1492 4155 1834 4210 solummodo
1861 4154 2098 4210 famula-

513 4241 677 4296 batur
701 4241 757 4298 in
787 4253 872 4298 ea.
899 4241 1164 4299 Famuius
1192 4253 1374 4300 autem
1410 4245 1506 4315 qui
1533 4246 1696 4302 hodie
1713 4255 1798 4302 est
1825 4246 1880 4302 in
1915 4247 2098 4312 domo,

515 4349 639 4390 cras
665 4331 918 4392 fortassis
939 4335 1259 4407 expelletur,
1299 4353 1592 4410 nunquam
1615 4339 1752 4394 adeo
1779 4339 1954 4395 ﬁdelis
1973 4339 2098 4405 erit,

513 4425 658 4483 sicut
683 4427 830 4483 ﬁlius
868 4428 964 4500 qui
1005 4427 1322 4485 hereditate
1361 4445 1722 4502 possessurus
1741 4440 1828 4488 est
1853 4433 2100 4488 domum.

1061 363 1120 419 S.
1161 361 1512 419 BRUNONIS
1549 359 2194 418 CAR'i'iiUSlANORUM
2241 357 2738 418 lNSTlTUTORlS
2774 355 2926 416 OPP.
2963 357 3148 418 PARS
3183 357 3248 415 il.

3705 363 3806 422 εει

2207 571 2372 626 modo
2401 584 2688 640 speramus
2737 570 3015 640 accepturi
3043 585 3263 626 sumus.
3291 569 3644 644 Quapropter
3683 576 3804 648 quis

2208 659 2490 716 retinendo
2527 661 2784 716 ﬁduciam
2823 669 2882 716 et
2909 660 3136 732 gloriam
3193 663 3310 733 spei
3357 679 3558 720 sumus
3613 665 3806 724 domus

2207 751 2430 808 Christi.
2475 752 2702 822 Propter
2747 753 2854 808 hoc
2882 753 3080 819 videte,
3115 753 3334 822 fratres,
3367 772 3440 812 ne
3486 755 3634 812 forte
3667 759 3802 828 quod

2209 843 2528 914 contingere
2567 849 2770 912 potest,
2813 843 2886 898 sit
2919 843 2975 896 in
3011 843 3198 913 aliquo
3234 853 3502 901 vestrum.
3533 845 3594 901 In
3627 848 3804 920 aliquo

2209 933 2330 989 ideo
2357 933 2435 988 ait
2481 934 2610 1004 quia
2641 934 2825 1004 plures
2861 933 3072 990 sciebat
3097 935 3153 990 in
3189 935 3438 992 Ecclesia
3479 953 3654 1008 posse
3683 956 3800 996 esse

2207 1026 2502 1096 perfectos,
2535 1042 2618 1094 ne,
2647 1025 2896 1096 inquam,
2921 1026 2994 1080 sit
3035 1027 3094 1080 in
3121 1027 3302 1098 aliqua
3343 1039 3576 1084 oestrum
3605 1047 3700 1086 cor
3721 1033 3800 1086 in-

2208 1117 2566 1185 credulitatis,
2613 1125 2676 1171 ut
2723 1117 2992 1174 increduli
3037 1118 3180 1185 sitis,
3225 1129 3484 1190 putantes
3519 1121 3800 1180 Christum

2208 1226 2319 1266 non
2355 1209 2604 1266 suiiicere
2631 1209 2702 1266 ad
2727 1210 3204 1280 justiticationem,
3229 1211 3324 1268 sed
3347 1212 3524 1284 legem
3551 1228 3680 1268 esse
3703 1231 3794 1269 ne-

2209 1301 2530 1358 cessariam.
2563 1301 2676 1358 Cor
2711 1301 2838 1358 dico
2869 1301 3270 1359 incredulitatis
3293 1303 3520 1368 malum,
3551 1305 3610 1360 id
3629 1315 3716 1362 est
3747 1305 3798 1362 in

2207 1393 2384 1450 multa
2427 1394 2572 1448 mala
2597 1393 3016 1465 praecipitatum.
3057 1392 3142 1448 Ex
3165 1409 3280 1465 quo
3305 1395 3454 1450 enim
3483 1397 3800 1452 incredulus

2208 1495 2294 1542 est
2321 1479 2542 1557 aliquis,
2569 1499 2813 1556 praceps
2851 1485 2966 1541 ruit
3007 1485 3065 1540 in
3094 1495 3278 1542 actum
3305 1488 3537 1558 peccati.
3563 1487 3680 1545 Nec
3705 1503 3798 1560 pa-

2209 1593 2332 1632 rum
2367 1586 2530 1632 nocet
2567 1593 2664 1633 cor
2707 1577 3132 1644 incredulitatis,
3173 1578 3322 1648 quod
3345 1588 3430 1634 est
3473 1580 3680 1636 habere
3711 1595 3800 1636 cor

2209 1669 2512 1724 discedendi
2552 1687 2586 1724 α
2623 1669 2754 1724 Deo.
2773 1668 2849 1724 Et
2873 1669 3018 1725 male
3043 1670 3200 1726 vobis
3221 1669 3269 1726 si
3298 1685 3330 1725 a
3361 1669 3476 1726 Deo
3501 1671 3796 1740 disceditis,

2209 1761 2338 1832 quia
2371 1760 2482 1818 Deo
2510 1761 2636 1822 dico
2657 1762 2796 1828 vivo,
2821 1776 2854 1818 a
2876 1776 2990 1832 quo
3011 1761 3105 1834 qui
3128 1761 3382 1830 discedit,
3405 1763 3578 1818 vitam
3607 1765 3797 1836 perdit,

2207 1855 2302 1926 qui
2327 1855 2394 1910 ad
2429 1870 2556 1910 eum
2591 1854 2816 1922 incedit,
2840 1854 3010 1912 vitam
3035 1854 3264 1908 invenit.

2279 1944 2470 2002 Videte
2491 1961 2559 2002 ne
2581 1945 2654 2001 sit
2680 1946 2735 2000 in
2759 1945 2944 2016 aliquo
2973 1961 3071 2002 cor
3101 1945 3506 2002 incredulitatis
3531 1948 3682 2018 quod
3704 1961 3800 2020 ego

2205 2038 2494 2108 prohibeo,
2542 2039 2684 2092 sicut
2726 2037 2870 2093 idem
2901 2037 3202 2114 prohibens
3247 2039 3382 2094 dicit
3425 2037 3668 2110 Spiritus
3689 2057 3802 2094 san-

2205 2139 2321 2186 ctus
2363 2130 2418 2184 in
2443 2129 2614 2186 David
2636 2129 2725 2186 his
2758 2129 2944 2186 verbis
2969 2129 3146 2202 (Psal.
3177 2145 3322 2198 χειν,
3357 2129 3414 2196 8,
3441 2132 3532 2202 ii)
3559 2147 3574 2184 :
3611 2129 3798 2200 Hodie,

2206 2229 2260 2286 id
2285 2238 2370 2286 est
2396 2229 2452 2285 in
2477 2236 2725 2299 tempore
2747 2227 2958 2300 gratiae,
2983 2227 3067 2283 sic
3091 2226 3238 2282 enim
3279 2226 3448 2282 David
3477 2227 3804 2298 loquebatur

2205 2319 2366 2391 quasi
2411 2319 2608 2392 spiritu
2633 2333 2878 2390 praesens
2903 2318 2960 2374 in
3001 2317 3198 2376 diebus
3237 2317 3468 2374 Christi.
3515 2318 3625 2376 Per
3645 2319 3798 2373 hodie

2204 2420 2388 2466 autem
2415 2419 2592 2466 totum
2646 2418 2864 2480 tempus
2891 2408 3102 2480 gratiae,
3125 2423 3158 2463 a
3188 2407 3410 2464 Christo
3431 2425 3618 2480 usque
3659 2409 3712 2464 in
3735 2409 3798 2464 ti-

2205 2516 2331 2556 nem
2379 2499 2572 2556 mundi
2601 2499 2946 2571 intelligitur.
2979 2497 3172 2566 Hodie,
3213 2499 3462 2569 inquam,
3511 2501 3570 2554 in
3611 2500 3800 2554 diebus

2203 2591 2430 2660 Christi,
2457 2591 2619 2646 nolite
2661 2591 2924 2646 obdurare
2956 2590 3120 2646 corda
3165 2599 3372 2656 ucstra;
3421 2592 3471 2644 si
3517 2591 3798 2645 audieritis

2205 2701 2380 2740 vocem
2407 2685 2541 2754 ejus,
2573 2684 2716 2740 sicut
2733 2699 2924 2740 revera
2952 2682 3207 2738 audietis.
3235 2681 3372 2737 illud
3411 2681 3464 2736 si
3514 2681 3798 2738 aiiirmati—

2203 2791 2330 2830 vum
2373 2783 2477 2831 est.
2509 2773 2688 2830 Nolite
2729 2769 3004 2831 ebdurare
3037 2789 3154 2840 cor,
3183 2774 3354 2846 368-
3393 2781 3630 2846 agentes
3665 2775 3798 2828 sicut

2203 2867 2262 2920 in
2300 2863 2722 2932 exacerbatione,
2765 2864 2820 2922 id
2847 2871 2935 2920 est
2971 2863 3254 2920 multoties
3295 2863 3688 2920 exacerbando
3713 2879 3800 2930 me

2204 2955 2438 3025 fecerunt
2477 2963 2655 3025 patres
2707 2955 2886 3008 vestri.
2929 2953 3007 3010 De
3054 2952 3243 3008 multis
3281 2953 3800 3010 exacerbationibus

2203 3062 2378 3102 unam
2427 3047 2663 3118 reponit,
2695 3046 2932 3102 dicens:
2969 3044 3148 3102 Nolite
3191 3046 3468 3102 obdurare
3509 3047 3800 3101 δεικηάιιιι

2203 3141 2366 3208 diem,
2389 3141 2441 3196 id
2481 3149 2567 3195 est
2609 3139 2754 3195 sicut
2787 3138 2865 3195 illi
2896 3137 3151 3196 obdurati
3173 3147 3304 3195 sunt
3339 3138 3398 3194 in
3432 3137 3526 3194 die
3547 3139 3802 3194 tentatio—

2199 3233 2306 3300 nis,
2351 3233 2566 3304 quando
2615 3239 2948 3286 tentaoerunt
2983 3245 3092 3299 me,
3137 3231 3384 3287 dicentes
3419 3247 3434 3284 :
3481 3249 3504 3282 ς
3537 3229 3800 3300 Nunquid

2197 3325 2398 3398 poterit
2437 3325 2528 3381 hic
2569 3339 2768 3398 parare
2809 3339 3062 3379 mensam
3119 3323 3326 3394 populo
3371 3323 3519 3378 suo?
3559 3341 3582 3375 ι
3615 3322 3794 3392 (Ρωι.

2197 3432 2404 3482 Lxxvu,
2435 3415 2548 3488 i9.)
2590 3415 2934 3472 Tentationis
2977 3415 3103 3472 dico
3153 3413 3312 3470 facta:
3337 3414 3396 3467 in
3437 3412 3674 3480 deserto,
3703 3414 3798 3468 ubi

2198 3511 2375 3581 magis
2425 3508 2854 3580 confugiendum
2903 3508 3014 3564 illis
3049 3515 3200 3566 esset
3248 3505 3318 3564 ad
3357 3507 3632 3562 auxilium
3681 3506 3796 3574 Dei,

2197 3618 2364 3673 quam
2419 3601 2486 3658 ad
2533 3601 2942 3672 provocandam
2985 3615 3112 3656 eum
3141 3614 3240 3670 per
3267 3599 3660 3654 tentationcm.
3691 3597 3800 3656 Vos

2198 3703 2380 3750 autem
2415 3693 2580 3766 positi
2609 3694 2666 3749 in
2700 3693 2916 3749 deserto
2953 3692 3144 3748 mundi
3173 3692 3364 3762 hujus,
3401 3691 3585 3748 videte
3607 3707 3684 3748 ne
3705 3707 3798 3764 per

2199 3785 2524 3842 teutationes
2545 3785 2716 3840 Deum
2739 3784 2988 3850 irritatis,
3017 3783 3130 3852 ubi,
3169 3783 3224 3839 id
3245 3793 3330 3840 est
3355 3784 3410 3838 in
3437 3798 3552 3854 quo
3579 3783 3798 3840 deserto

2201 3887 2532 3934 tentaverunt
2553 3885 2824 3948 mepatres
2849 3875 3028 3930 vestri.
3053 3872 3243 3930 Videte
3269 3875 3318 3930 si
3343 3873 3654 3930 secundum
3679 3889 3796 3930 car-

2199 3987 2325 4026 nem
2352 3979 2538 4042 patres
2567 3977 2717 4036 sunt,
2745 3983 2814 4024 ne
2842 3968 2956 4024 sint
2989 3975 3174 4038 patres
3197 3967 3506 4024 secundum
3531 3967 3796 4024 imitatio-

2199 4077 2348 4118 nem.
2397 4061 2790 4127 Tentaverunt,
2835 4059 3084 4130 inquam,
3114 4067 3170 4115 et
3215 4059 3594 4130 probauerunt,
3633 4059 3690 4115 id
3717 4069 3794 4115 est

2199 4153 2538 4226 probabilem
2584 4166 2675 4206 me
2705 4151 3066 4218 invenerunt;
3103 4149 3308 4205 etenim
3347 4149 3598 4202 viderunt
3641 4163 3794 4218 opera

2199 4261 2318 4300 meo
2349 4244 2707 4316 quadraginta
2738 4243 2914 4309 annis,
2945 4241 3002 4296 in
3045 4241 3249 4311 quibus
3279 4255 3368 4294 me
3397 4239 3590 4296 omnia
3635 4253 3794 4310 posse

2197 4335 2408 4408 experti
2441 4343 2590 4392 sunt.
2619 4333 2847 4404 Propter
2871 4332 3032 4404 quod,
3063 4333 3269 4388 scilicet
3289 4331 3418 4404 quia
3447 4339 3794 4388 tentaverunt

2201 4441 2311 4494 me,
2339 4426 2570 4494 offensus
2595 4425 2696 4496 fui,
2727 4423 2782 4480 id
2819 4432 2903 4479 est
2927 4423 3101 4478 iratus
3133 4423 3256 4476 huic
3291 4431 3404 4478 tam
3429 4423 3692 4492 pessima:
3715 4439 3792 4494 ge-

509 4515 728 4590 Moyses
779 4525 1042 4590 tanquam
1089 4517 1330 4576 famulus
1381 4530 1500 4576 erat
1531 4521 1589 4575 in
1627 4521 1984 4576 testimonium
2012 4538 2102 4578 eo-
2128 4516 2178 4578 D
2203 4519 2490 4584 nerationi,
2527 4525 2582 4572 et
2608 4516 2722 4572 dixi
2751 4517 2815 4570 de
2849 4515 2984 4570 illis.
3009 4514 3112 4568 Isti
3143 4531 3345 4586 semper
3363 4525 3576 4582 errant,
3607 4523 3664 4570 et
3691 4515 3792 4568 hoc

511 4625 650 4674 rum,
683 4608 736 4664 id
770 4617 856 4664 est
880 4617 942 4664 ut
985 4609 1330 4668 solummodo
1368 4611 1754 4669 testiﬁcaretur
1771 4627 1857 4680 ea,
1887 4629 1997 4670 non
2037 4621 2100 4670 ut

510 4699 743 4770 gratiam
773 4698 1098 4770 adiutricem
1122 4701 1192 4756 ad
1215 4703 1489 4772 operanda
1529 4703 1790 4759 mandata
1818 4703 1950 4760 dare
1969 4719 2100 4775 pos-

509 4797 628 4856 set;
657 4803 874 4858 eorum,
896 4790 1045 4859 dico,
1063 4807 1181 4862 quae
1199 4792 1423 4848 dicenda
1446 4802 1620 4861 erant,
1645 4793 1698 4850 id
1713 4803 1798 4850 est
1816 4809 1940 4865 quae
1963 4810 2100 4850 con--

509 4881 800 4938 veniebant
821 4881 930 4940 dici
955 4883 1036 4938 illi
1081 4884 1268 4940 carnal
1337 4883 1558 4956 populo,
1584 4885 1679 4956 qui
1714 4886 1976 4956 spiritalia
2005 4903 2098 4943 ca-

511 4985 637 5038 pere
660 4989 770 5030 non
791 4985 998 5044 posset.
1033 4973 1248 5048 Moyses
1275 4985 1539 5048 tanquam
1569 4976 1809 5034 famulus
1837 4978 1892 5034 in
1929 4979 2098 5034 domo

511 5077 624 5117 non
653 5079 787 5131 sua;
819 5064 1064 5122 Christus
1109 5085 1230 5124 vero
1261 5069 1343 5126 sic
1381 5079 1502 5126 erat
1545 5069 1720 5126 ﬁdelis
1747 5077 2000 5140 tanquam
2029 5071 2098 5140 [i-

511 5149 638 5220 lius,
679 5171 842 5224 quem
867 5157 1014 5215 illius
1041 5159 1238 5216 domus
1265 5163 1524 5218 manebat
1559 5161 1872 5218 haereditas.
1899 5161 2094 5229 Filius,

510 5244 657 5312 dico,
689 5245 744 5300 in
770 5247 926 5304 domo
971 5265 1082 5306 non
1132 5253 1381 5321 alterius,
1431 5253 1530 5310 sed
1561 5270 1680 5309 sua.
1725 5254 1858 5319 Quae
1906 5254 2092 5308 domus

511 5335 717 5392 Christi
753 5353 846 5394 nos
879 5343 1054 5396 renati
1087 5359 1186 5414 per
1219 5345 1450 5415 gratiam
1503 5359 1707 5412 sumus,
1763 5346 1868 5400 hac
1902 5345 2094 5402 condi-

511 5429 662 5486 tione
712 5430 864 5499 dico,
905 5447 1100 5490 sumus
1139 5436 1360 5504 domus,
1401 5437 1450 5490 si
1494 5439 1812 5492 retineamus
1841 5437 2096 5508 fiduciam

511 5523 644 5594 spei,
671 5523 726 5578 id
767 5532 854 5580 est
897 5539 1052 5595 spem
1091 5525 1291 5584 futura:
1335 5527 1692 5585 beatitudinis
1715 5545 1842 5586 cum
1873 5529 2092 5596 ﬁducia,

511 5623 573 5670 nt
619 5616 942 5672 ﬁduciaiiter
987 5633 1304 5688 speremus;
1335 5629 1390 5676 et
1419 5619 1464 5676 si
1507 5621 1838 5676 retineamus
1867 5621 2095 5692 gloriam

511 5707 650 5775 spei,
684 5707 736 5762 id
786 5717 871 5766 est
918 5709 1212 5782 gloriosam
1266 5725 1439 5783 spem,
1482 5711 1610 5782 quia
1655 5713 1722 5768 de
1755 5713 2098 5782 jucunditato

510 5797 738 5854 cmlesﬁ.
785 5799 1136 5858 Retineamus
1165 5803 1288 5860 dico
1335 5805 1590 5870 ﬁduciam
1629 5795 1742 5872 spei
1773 5803 2002 5872 ﬁrmam,
2043 5803 2092 5858 id

2199 4611 2376 4679 corde,
2421 4609 2475 4664 id
2509 4617 2596 4666 est
2637 4623 2706 4664 ex
2751 4607 2974 4679 propria
3015 4606 3426 4672 deliberatione,
3467 4607 3604 4678 quia
3651 4605 3788 4661 serio

2199 4711 2451 4774 peccant,
2483 4708 2734 4772 potentes
2763 4707 2818 4754 et
2846 4699 3084 4755 scientes
3131 4705 3278 4753 recte
3305 4712 3490 4768 agere.
3529 4696 3622 4764 Et,
3669 4697 3790 4752 licet

2200 4796 2282 4852 sic
2313 4795 2550 4850 dicerem
2593 4793 2721 4860 illis,
2771 4801 2955 4852 tamen
2997 4791 3102 4860 ipsi
3131 4805 3236 4844 non
3279 4799 3640 4860 cognouerunt
3679 4789 3786 4842 uias

2199 4903 2365 4953 ineas,
2409 4885 2464 4941 id
2489 4893 2574 4940 est
2599 4898 2931 4956 cognossem
2981 4883 3278 4938 noluerunt
3319 4897 3490 4954 Opera
3541 4897 3686 4948 mea,
3731 4881 3786 4936 in

2198 4979 2398 5050 quibus
2425 4977 2710 5032 ambulare
2753 4975 3108 5040 debuissent;
3141 4975 3236 5032 sed
3265 4975 3396 5046 quia
3437 4989 3558 5030 non
3589 4987 3786 5045 cogno-

2199 5079 2416 5138 verunt,
2463 5070 2512 5124 si
2543 5067 2648 5139 ipsi
2675 5068 2969 5122 introibant
3014 5068 3072 5122 in
3101 5067 3330 5138 requiem
3375 5083 3576 5134 meam,
3623 5079 3782 5136 quam

2196 5163 2305 5218 illis
2333 5161 2610 5232 pollicitus
2641 5160 2831 5215 eram?
2874 5158 3118 5216 Deiectio
3163 5158 3453 5224 orationis,
3497 5169 3564 5213 ut
3591 5155 3784 5212 intelli-

2195 5261 2396 5326 gantur
2445 5251 2700 5324 quaelibet
2743 5249 3208 5322 inconvenientia,
3240 5249 3402 5320 quasi
3447 5247 3656 5326 diceret
3681 5266 3700 5301 :
3725 5245 3782 5300 Si

2195 5319 2522 5410 introibuut,
2563 5357 2725 5399 nemo
2755 5319 2902 5398 mihi
2921 5341 3108 5398 credat
3133 5319 3386 5396 ulterius.
3416 5319 3510 5393 τρι
3533 5336 3784 5408 qualibet

2195 5437 2536 5510 hujusmodi.
2567 5435 2702 5492 Illud
2729 5437 2776 5491 si
2796 5435 3020 5507 quidam
3059 5432 3254 5488 dicunt
3297 5445 3422 5486 esse
3451 5430 3612 5502 quasi
3657 5443 3778 5492 non,

2196 5528 2536 5584 attendentes
2561 5526 2674 5582 vim
2703 5525 3008 5590 sentcntiae,
3037 5539 3149 5578 non
3181 5519 3458 5578 dictionis.
3501 5519 3562 5574 Si
3593 5516 3780 5572 introi-

2195 5619 2336 5674 bunt
2374 5617 2498 5674 dico
2525 5625 2584 5670 ut
2605 5632 2706 5688 ego
2726 5616 2934 5686 juravi,
2965 5615 3018 5670 id
3051 5621 3135 5669 est
3166 5611 3396 5667 ﬁrmiter
3425 5607 3660 5666 stabiliri
3683 5621 3778 5662 eos

2198 5725 2308 5766 non
2355 5709 2687 5776 intraturos;
2743 5707 2924 5778 juravi
2987 5705 3178 5776 utique
3219 5705 3275 5758 in
3313 5703 3398 5758 ira
3427 5717 3562 5764 mea,
3605 5697 3660 5754 id
3697 5705 3778 5752 est

2200 5803 2420 5872 quando
2447 5801 2617 5858 iratus
2657 5815 2808 5856 cram
2835 5799 2974 5866 illis;
3005 5795 3152 5868 quod
3191 5805 3484 5865 utrumque
3519 5801 3570 5847 et
3607 5791 3688 5844 ira
3723 5793 3778 5843 et
