3988 6394
873 346 1239 404 EXPOSITIO
1277 347 1340 404 IN
1380 345 1762 404 EPISTULAS
1797 346 2026 402 PAULI.
2065 377 2136 388 --
2173 347 2242 404 ΙΝ
2279 347 2496 404 EPlS'l‘.
2539 349 2632 405 AD
2666 349 2819 406 ΗΕΒ.

3345 358 3450 417 506

179 467 572 539 juramentum
594 463 773 521 aufert
801 463 882 522 eis
910 465 1138 520 introire
1166 466 1219 520 in
1251 464 1516 534 requiem.
1548 463 1632 530 Si,
1653 461 1776 532 qui-
1806 463 1852 520 Α
1879 479 1981 515 non
2005 473 2284 532 potuerunt
2324 464 2526 521 intrare
2573 465 2630 517 in
2662 465 2886 535 requiem
2923 475 3134 535 propter
3163 468 3447 526 inci-admi-

185 559 315 627 bus,
360 559 458 626 ibi,
483 559 556 614 sit
587 558 777 615 eadem
805 566 992 618 manet
1030 557 1086 612 in
1127 557 1390 612 sententia
1439 557 1520 613 sic
1553 576 1566 612 :
1599 555 1655 612 Si
1690 557 1775 612 in-

185 653 426 708 trabunt
475 651 532 705 in
575 651 820 721 requiem
847 665 1026 705 meam
1059 649 1157 718 illi,
1196 649 1398 720 quibus
1442 648 1499 704 in
1543 649 1623 704 ira
1652 664 1772 704 mea

181 743 375 814 iuravi
387 742 534 814 quod
557 758 668 798 non
689 751 877 799 essent
895 742 951 798 in
973 741 1216 813 requiem
1239 740 1512 796 intraturi.
1537 739 1604 796 Et
1623 741 1772 810 quia,

184 835 420 902 fratres,
452 845 674 906 propter
709 850 807 890 cor
834 836 892 890 in
928 833 1305 891 incredulitate
1325 833 1649 888 obduratum
1673 848 1774 902 pa-

187 926 376 982 tribus
418 926 620 981 vestris
652 925 870 995 requies
899 933 1092 994 negata
1127 933 1234 992 est,
1280 923 1421 992 ideo,
1451 921 1671 990 fratres,
1696 921 1777 976 vi-

185 1018 316 1074 dete
351 1033 421 1074 ne
455 1017 594 1074 forte
627 1018 698 1074 sit
739 1018 796 1073 in
830 1017 1018 1088 aliquo
1045 1025 1288 1072 vestrum
1328 1030 1426 1073 cor
1451 1014 1658 1071 malum
1685 1013 1775 1069 iu-

188 1108 538 1164 credulitatis
565 1108 878 1165 discedendi
923 1125 956 1164 a
988 1107 1100 1164 Deo
1125 1107 1270 1174 vivo,
1300 1107 1443 1163 sicut
1469 1105 1776 1178 expositum

188 1208 298 1255 est.
352 1197 451 1266 Ne,
505 1201 750 1272 inquam,
783 1201 904 1262 sitis
939 1200 1223 1267 increduli,
1268 1199 1365 1256 sed
1409 1198 1778 1254 adhortamini

189 1293 562 1363 vosmetipsos
604 1293 672 1348 de
713 1293 1054 1350 incremento
1092 1293 1359 1349 virtutum
1403 1291 1648 1349 dicentes
1680 1305 1779 1362 per

190 1385 447 1454 singulos
463 1384 581 1440 dies
605 1403 620 1439 :
655 1383 855 1451 Venite,
871 1385 1217 1451 exsultemus,
1247 1384 1586 1450 etc.,donec,
1617 1382 1674 1438 id
1693 1390 1780 1438 est

186 1477 435 1547 quandiu
455 1476 860 1547 cognominatur
879 1476 937 1531 in
967 1476 1122 1532 vobis
1167 1476 1341 1542 hodie,
1375 1475 1430 1532 id
1458 1484 1544 1532 est
1561 1484 1777 1546 tempus

189 1569 402 1640 gratiae.
449 1564 889 1639 Cognominatur,
917 1567 1041 1623 ideo
1067 1568 1165 1634 ait,
1188 1581 1258 1622 ne
1285 1567 1480 1624 remoti
1520 1582 1551 1623 a
1580 1567 1776 1624 diebus

186 1657 400 1714 Christi
432 1666 685 1728 putarent
702 1657 887 1717 minus
907 1657 1010 1711 sibi
1031 1657 1279 1712 conferre
1305 1656 1584 1714 Christum
1609 1671 1776 1728 quam

185 1750 586 1820 temporaneis.
630 1749 826 1818 Hodie,
876 1751 1122 1822 inquam,
1173 1751 1597 1822 cognominatur,
1642 1751 1772 1820 quia

185 1816 323 1895 haec
342 1839 522 1912 gratia
545 1855 669 1910 quae
693 1816 858 1897 etiam
899 1816 1113 1897 ultimis
1127 1816 1407 1907 tribuitur,
1437 1816 1677 1911 cognata
1689 1848 1776 1895 est
1803 1816 1848 1872 Β

185 1931 383 2001 gratiae
405 1929 550 1986 datae
575 1931 633 1986 in
661 1930 856 1988 diebus
884 1932 1111 1999 Christi,
1133 1940 1347 1988 tantum
1376 1931 1562 1986 valens
1586 1936 1774 1999 poste-

184 2039 263 2080 ris
291 2032 564 2096 quantum
585 2024 898 2095 primitivis.

252 2115 667 2184 Adhortamini,
691 2116 936 2187 inquam,
966 2125 1025 2170 ut
1049 2131 1154 2170 non
1182 2115 1468 2171 obduretur
1491 2113 1685 2185 aliquis
1710 2129 1776 2168 ea;

183 2209 334 2263 vobis
380 2207 628 2279 fallacia.
660 2207 867 2266 Scitote
898 2209 1046 2265 enim
1074 2209 1224 2279 quod
1262 2207 1516 2264 diabolus
1537 2221 1636 2262 vos
1667 2203 1773 2260 fal-

184 2300 274 2367 lit,
311 2300 361 2357 si
394 2299 540 2356 {orte
572 2299 944 2357 obduramini.
993 2300 1231 2357 Fallacia
1280 2299 1405 2355 dico
1443 2313 1610 2355 causa
1653 2313 1776 2368 pec-

183 2395 322 2461 cati,
349 2394 508 2466 quia,
531 2403 824 2465 postquam
859 2395 1118 2465 deceptus
1141 2401 1226 2450 est
1257 2392 1479 2463 aliquis,
1506 2390 1682 2462 magis
1710 2403 1776 2446 ac

187 2487 372 2558 magis
398 2473 599 2543 dehinc
625 2487 1000 2558 praecipitatur
1027 2487 1083 2541 in
1105 2493 1411 2557 peccatum.
1437 2483 1656 2540 Debetis
1673 2497 1774 2539 vos

186 2580 478 2637 adhortari
511 2588 566 2636 et
587 2596 699 2636 non
732 2581 1025 2646 obdurare,
1055 2579 1205 2650 quia,
1221 2577 1368 2651 quod
1388 2592 1500 2633 non
1525 2591 1772 2642 eramus,

185 2672 369 2741 eiecti
417 2688 598 2727 sumus
625 2687 720 2742 per
742 2671 994 2744 gratiam,
1028 2671 1314 2742 participes
1357 2667 1580 2736 Christi,
1616 2667 1670 2723 id
1690 2674 1777 2723 est

184 2774 406 2834 partem
455 2763 733 2834 capientes
755 2779 880 2820 cum
902 2763 1123 2821 Christo
1153 2763 1209 2818 in
1233 2761 1548 2818 haereditate
1569 2759 1770 2817 Patris.

187 2852 307 2908 liae
336 2861 522 2910 tamen
546 2853 863 2927 conditione
885 2854 1008 2909 dico
1038 2854 1349 2924 participes,
1371 2854 1419 2908 si
1452 2853 1774 2908 retineamus

187 2947 410 3016 ﬁrmum
451 2961 614 3016 usque
636 2945 707 2998 ad
733 2946 890 3015 ﬁnem
912 2947 1055 3013 vita,
1082 2946 1230 3017 quod
1251 2961 1530 3016 nunquam
1559 2945 1776 3002 deserad

187 3054 316 3095 mus
351 3038 571 3092 initium
611 3037 927 3093 substantia:
973 3037 1111 3108 ejus,
1154 3037 1210 3096 id
1241 3047 1326 3095 est
1356 3039 1517 3094 ﬁdem
1542 3053 1665 3109 qua
1688 3045 1774 3094 est

1876 569 2039 615 tatem
2062 576 2233 614 suam.

2481 647 2708 703 CAPUT
2747 647 2836 704 IV.

1953 761 1973 795 ‹
2010 742 2326 799 Timeamus
2353 758 2504 816 ergo,
2547 760 2615 798 ne
2658 748 2798 800 forte
2828 744 3015 801 relicta
3063 746 3451 818 pollicitatione

1882 853 1900 886 ε
1935 833 2247 888 introeundi
2274 834 2330 888 in
2365 835 2609 904 requiem
2633 836 2754 906 ejus
2784 836 3127 892 existimetur
3159 839 3356 910 aliquis
3381 857 3452 896 ex

1882 943 1900 978 ε
1936 925 2094 981 nobis
2151 926 2360 981 deesse.
2406 926 2620 982 Etenim
2659 937 2714 984 et
2771 929 2928 986 nobis
2980 931 3287 988 nuntiatum
3336 943 3448 1003 est,

1883 1036 1902 1069 ι
1938 1017 2394 1088 quemadmodum
2417 1027 2470 1074 et
2489 1018 2596 1074 illis
2621 1038 2634 1074 :
2659 1019 2754 1075 sed
2777 1035 2882 1076 non
2907 1021 3112 1091 profuit
3137 1024 3242 1080 illis
3270 1040 3450 1081 sermo

1883 1127 1903 1162 ε
1937 1109 2179 1177 auditus,
2210 1123 2320 1164 non
2347 1109 2614 1168 admistus
2636 1111 2760 1167 ﬁdei
2780 1128 2848 1168 ex
2881 1113 2968 1170 his
2995 1129 3116 1184 (pne
3135 1116 3446 1172 audierunt.

1884 1220 1904 1253 ς
1942 1199 2313 1272 lngrediemur
2359 1201 2506 1258 enim
2564 1202 2622 1257 in
2676 1205 2922 1274 requiem
2971 1207 3068 1277 qui
3117 1208 3391 1264 credimus
3431 1227 3446 1265 :

1886 1311 1905 1344 ι
1938 1292 2398 1362 quemadmodum
2439 1293 2596 1349 dixit.
2643 1314 2662 1346 ι
2703 1294 2855 1351 Sicut
2886 1297 3066 1367 juravn
3103 1298 3159 1353 in
3192 1299 3272 1354 ira
3305 1316 3448 1367 mea,

1886 1400 1905 1434 ι
1947 1382 1994 1438 si
2025 1381 2332 1438 introibunt
2350 1382 2405 1436 in
2434 1383 2679 1452 requiem
2709 1399 2888 1442 meam
2915 1385 3089 1457 (Psal.
3121 1404 3263 1453 xcrv,
3293 1388 3399 1458 ll).
3424 1407 3443 1440 ι

1883 1492 1904 1526 ε
1940 1473 2008 1529 Ει
2030 1474 2252 1544 quidem
2282 1474 2540 1545 operibus
2581 1475 2651 1530 ab
2678 1475 3022 1532 institutione
3053 1479 3243 1534 mundi
3273 1478 3452 1549 perle-

1883 1584 1902 1619 ι
1935 1565 2040 1622 ctis
2067 1585 2080 1620 :
2111 1565 2248 1622 dixit
2277 1566 2422 1621 enim
2447 1567 2686 1637 quodam
2711 1568 2830 1623 loco
2847 1567 2914 1623 de
2944 1569 3033 1624 die
3075 1571 3304 1640 septima
3329 1571 3409 1625 sic
3433 1588 3446 1625 :

1881 1676 1902 1712 ι
1937 1657 2006 1714 Et
2027 1658 2293 1729 requievit
2311 1657 2455 1714 Deus
2475 1659 2562 1715 die
2580 1659 2810 1729 septima
2833 1660 2902 1715 ab
2923 1661 3176 1716 omnibus
3197 1662 3452 1730 operibus

1881 1768 1900 1804 ι
1935 1751 2053 1806 suis
2086 1749 2238 1822 (Gen.
2271 1766 2332 1818 ιι,
2362 1750 2440 1820 2).
2471 1769 2490 1802 ι
2529 1749 2597 1804 Et
2624 1749 2680 1804 in
2719 1750 2824 1806 isto
2865 1767 3085 1806 rursum
3113 1769 3127 1805 :
3171 1749 3227 1804 Si
3262 1750 3454 1804 introi-

1882 1860 1901 1894 ι
1938 1842 2077 1898 bunt
2115 1842 2171 1896 in
2210 1842 2457 1911 requiem
2496 1857 2697 1898 meam.
2725 1841 2992 1909 Quoniam
3045 1858 3175 1913 ergo
3206 1848 3455 1911 superest

1882 1951 1902 1986 ι
1937 1933 2165 1992 introire
2195 1932 2462 2002 quosdam
2489 1931 2546 1988 in
2577 1932 2750 2000 illam,
2781 1943 2836 1987 et
2856 1933 2913 1987 bi
2949 1933 3148 2003 quibus
3177 1931 3454 2002 prioribus

1881 2043 1901 2078 ι
1937 2024 2323 2080 annuntiatum
2359 2032 2463 2092 est,
2499 2039 2609 2077 non
2649 2024 2974 2078 introierunt
3013 2033 3235 2092 propter
3275 2022 3452 2076 incre-

1881 2134 1902 2169 ‹
1936 2116 2241 2184 dulitatem,
2270 2117 2468 2172 iterum
2495 2114 2752 2170 terminat
2780 2114 2924 2170 diem
2946 2113 3261 2184 quemdam,
3291 2112 3454 2172 hodie,

1881 2225 1902 2260 ί
1935 2208 1993 2262 in
2027 2207 2219 2276 David,
2267 2207 2520 2275 dicendo,
2563 2215 2688 2278 post
2725 2215 2936 2262 tantum
2972 2204 3233 2274 temporis
3274 2203 3452 2274 (sicut

1880 2319 1901 2354 ι
1937 2315 2103 2370 supra
2124 2299 2330 2355 dictum
2351 2300 2456 2370 est)
2485 2318 2498 2354 :
2523 2298 2693 2354 Hodie
2715 2297 2762 2354 si
2789 2313 2976 2354 vocem
3003 2297 3123 2367 ejus
3143 2297 3446 2361 audieritis,

1881 2409 1900 2443 ι
1934 2391 2100 2446 nolite
2120 2391 2393 2447 obdurare
2417 2391 2582 2446 corda
2612 2398 2811 2445 vestra.
2841 2387 2979 2444 Nam
3008 2389 3057 2444 si
3083 2389 3164 2443 eis
3182 2386 3346 2452 Jesus
3372 2402 3453 2442 re-

1881 2502 1901 2537 s
1937 2485 2122 2554 quiem
2155 2485 2518 2554 praestitisset,
2553 2497 2836 2553 nunquam
2867 2481 2935 2537 de
2995 2481 3102 2536 alia
3136 2481 3451 2550 loqueretur

1880 2595 1901 2628 ι
1933 2578 2166 2647 posthac
2199 2577 2306 2633 die.
2351 2576 2539 2648 Itaque
2585 2575 2911 2646 relinquitur
2939 2573 3320 2629 Sabbatismus
3353 2589 3454 2642 po-

1880 2690 1901 2725 ι
1942 2673 2073 2743 pulo
2096 2671 2214 2728 Dei.
2246 2671 2351 2740 Qui
2372 2673 2520 2729 enim
2549 2671 2832 2743 ingressus
2851 2670 3009 2727 estin
3035 2668 3278 2738 requiem
3305 2667 3448 2736 ejus,

1881 2783 1901 2818 ι
1937 2765 2103 2821 etiam
2140 2764 2256 2835 ipse
2286 2763 2553 2835 requievit
2585 2764 2656 2818 ab
2688 2762 2947 2833 operibus
2975 2761 3110 2826 suis,
3155 2759 3301 2815 sicut
3332 2767 3387 2814 et
3417 2774 3452 2813 a

1880 2877 1900 2912 ι
1937 2858 2056 2915 suis
2087 2858 2252 2914 Deus.
2295 2856 2640 2912 Festinamus
2679 2869 2810 2926 ergo
2850 2852 3057 2924 ingredi
3084 2852 3142 2906 in
3177 2851 3325 2906 illam
3363 2865 3454 2903 re-

1878 2969 1900 3005 s
1938 2950 2165 3022 quiem:
2197 2957 2259 3006 ut
2301 2965 2370 3004 ne
2395 2949 2451 3002 in
2486 2947 2723 3018 idipsum
2757 2945 2882 3016 quis
2907 2944 3111 2999 incidat
3154 2941 3452 2997 increduli-

1878 3061 1899 3096 ς
1937 3043 2066 3099 tatis
2088 3041 2420 3112 exemplum.
2458 3039 2630 3095 Vivus
2658 3046 2745 3094 est
2780 3037 2927 3093 enim
2953 3049 3136 3091 sermo
3166 3033 3262 3088 Dei
3287 3043 3342 3087 et
3367 3031 3452 3086 cf-

188 3131 416 3186 initium
467 3129 763 3197 bonorum,
795 3137 850 3185 et
881 3145 980 3200 per
1014 3128 1162 3200 quod
1193 3127 1311 3200 jam
1355 3128 1695 3195 deiﬁcamur,
1719 3135 1774 3184 et

1883 3155 1899 3190 l
1939 3136 2102 3203 ﬁcax,
2124 3142 2179 3192 et
2200 3133 2590 3206 penetrabilior
2612 3130 2764 3188 omni
2788 3127 2967 3202 gladio
2987 3125 3232 3197 ancipiti,
3256 3133 3310 3216 et
3329 3138 3454 3195 per-

187 3222 394 3278 divinc
422 3221 746 3278 substantiae
775 3220 1181 3293 quodammodo
1221 3221 1634 3292 participamus.
1660 3219 1772 3276 Re-

187 3316 490 3382 tineamus,
521 3314 665 3382 dico,
689 3313 840 3382 dum,
878 3313 933 3368 id
953 3321 1040 3370 est
1061 3313 1326 3385 quaudiu,
1357 3313 1556 3368 dicitur
1581 3313 1637 3368 in
1668 3328 1772 3368 no-

187 3408 314 3464 bis:
346 3406 524 3462 Hodie
547 3407 596 3462 si
622 3423 798 3462 vocem
821 3406 937 3476 ejus
974 3407 1277 3473 audieritis,
1308 3405 1470 3460 nolite
1512 3405 1774 3462 obdurare

186 3500 356 3555 corda
401 3509 594 3567 vestra,
621 3498 1062 3571 quemadmodum
1087 3508 1264 3570 patres
1291 3498 1447 3553 vestri
1470 3497 1774 3554 obdurave-

187 3604 321 3650 runt
341 3596 402 3648 in
429 3594 530 3650 illa
558 3596 957 3652 meorbatione
980 3592 1224 3665 praefata.
1254 3591 1399 3646 Bene
1416 3580 1543 3646 'dico
1563 3589 1618 3643 in
1639 3603 1768 3644 exa.

188 3689 527 3745 cerbatione.
557 3687 790 3754 Quidam
811 3689 952 3742 enim
979 3702 1192 3754 eorum,
1223 3685 1496 3740 audientes
1519 3684 1775 3739 mandata

189 3780 434 3847 Domini,
465 3780 907 3835 eaacerbaverunt
947 3779 1140 3834 Deum.
1190 3777 1315 3832 Non
1350 3786 1526 3832 tamen
1545 3778 1774 3832 universi

188 3873 281 3943 qui
302 3872 528 3942 profecti
555 3880 679 3926 sunt
707 3871 774 3927 ab
816 3870 1050 3943 Egypto
1074 3887 1168 3941 per
1210 3869 1445 3940 Moysen,
1492 3869 1548 3924 id
1577 3878 1662 3926 est
1679 3885 1777 3939 per

188 3966 452 4021 ducatum
469 3965 636 4038 Moysi
649 3965 1114 4022 esacerbaverunt
1123 3964 1315 4032 Deum,
1331 3963 1460 4034 quia
1472 3977 1574 4018 nec
1587 3963 1774 4029 Caleb,

189 4073 293 4113 nec
313 4056 503 4113 Iosue.
535 4056 798 4114 Similiter
833 4067 887 4114 et
921 4073 1021 4114 vos
1061 4057 1287 4128 profecti
1322 4056 1392 4111 ab
1417 4054 1654 4127 Egypto
1679 4070 1778 4126 per

189 4149 439 4222 Moysen,
466 4149 518 4205 id
547 4159 632 4206 est
655 4165 686 4205 a
733 4150 973 4206 tenebris
1013 4149 1348 4205 inﬁdelitatis
1375 4164 1470 4218 per
1494 4146 1777 4203 Christum

188 4249 610 4297 consecrantem
622 4242 779 4297 vobis
791 4257 988 4312 aquam
1004 4241 1364 4307 remissionis,
1381 4239 1551 4295 nolite
1561 4253 1779 4294 exacer-

187 4335 322 4388 bare
343 4332 540 4389 Deum.
578 4333 719 4390 Vere
745 4334 968 4405 quidam
1006 4335 1484 4398 exacerbaverunt,
1508 4332 1636 4403 quia
1658 4333 1777 4403 qui-

1880 3246 1900 3282 ‹
1936 3228 2153 3299 tingens
2180 3239 2357 3296 usque
2386 3224 2454 3280 ad
2479 3221 2802 3279 divisionem
2844 3218 3040 3284 animae
3079 3232 3145 3273 ac
3184 3215 3454 3286 spiritus;

1879 3339 1900 3374 ι
1941 3334 2269 3390 compagum
2313 3331 2536 3389 quoque
2571 3331 2638 3372 ac
2665 3312 3046 3379 medullarum,
3085 3318 3140 3366 et
3183 3310 3454 3366 discretor

1879 3430 1900 3464 ι
1935 3411 2350 3483 cogitationum,
2371 3403 2992 3463 etintentiouumcordis
3009 3401 3202 3474 (Eccli.
3229 3399 3450 3470 xv,20).

1880 3522 1900 3556 ι
1933 3503 2003 3560 Et
2037 3517 2148 3559 non
2177 3510 2263 3559 est
2293 3501 2404 3556 ulla
2441 3507 2693 3556 creatura
2735 3495 3026 3552 invisibilis
3064 3494 3121 3548 in
3157 3500 3455 3562 conspectu

1880 3613 1901 3649 ι
1938 3595 2080 3665 ejus.
2115 3591 2312 3649 Omnia
2361 3599 2541 3646 autem
2595 3587 2744 3644 nuda
2787 3595 2844 3642 et
2888 3593 3074 3656 aperta
3112 3593 3239 3639 sunt
3278 3582 3456 3638 oculis

1881 3703 1902 3738 ι
1938 3685 2078 3756 ejus,
2103 3683 2171 3740 ad
2206 3696 2374 3752 quem
2396 3678 2557 3735 nobis
2582 3692 2784 3734 sermo.
2813 3673 3088 3730 Habentes
3115 3685 3245 3742 ergo
3272 3669 3454 3740 ponti-

1881 3798 1901 3830 ι
1937 3777 2090 3832 licem
2117 3787 2376 3845 magnum
2397 3771 2493 3843 qui
2516 3767 2816 3842 penetravit
2837 3767 3024 3830 celos,
3046 3761 3232 3818 Jesum
3256 3760 3454 3814 Filium

1882 3886 1902 3918 s
1936 3867 2063 3931 Dei,
2105 3874 2390 3920 teneamus
2439 3861 2555 3932 spei
2608 3867 2812 3915 nostra:
2859 3853 3280 3912 confessionem.
3333 3849 3456 3904 Non

1882 3979 1902 4014 ι
1937 3960 2084 4016 enim
2113 3958 2378 4013 habemus
2401 3951 2735 4026 pontiﬁcem,
2759 3949 2856 4020 qui
2879 3962 2990 4003 non
3019 3944 3195 4016 possit
3219 3941 3457 4012 compati

1884 4071 1905 4105 ι
1941 4051 2351 4107 inﬁrmitatibus
2373 4048 2602 4113 nostris,
2635 4052 2906 4102 tentatum
2943 4049 3123 4097 autem
3145 4053 3242 4110 per
3269 4035 3454 4103 omnia

1883 4162 1903 4196 s
1933 4159 2034 4214 pro
2085 4141 2444 4198 similitudine
2489 4139 2697 4209 absque
2737 4142 2982 4207 peccato.
3018 4131 3296 4187 Adeamus
3325 4143 3456 4198 ergo

1881 4259 1902 4293 ί
1938 4253 2064 4296 cum
2110 4234 2311 4290 fiducia
2351 4233 2418 4288 ad
2445 4231 2704 4287 thronum
2745 4227 2933 4300 gratia:
2965 4224 3105 4295 ejus,
3139 4232 3198 4277 ut
3238 4219 3456 4276 miseri-

1883 4349 1902 4382 ι
1938 4327 2182 4384 cordiam
2219 4335 2648 4393 consequamur,
2678 4327 2733 4375 et
2772 4317 3004 4390 gratiam
3033 4312 3373 4370 inveniamus
3401 4308 3458 4362 in

188 4429 286 4479 bus
351 4425 590 4495 infensus
631 4435 712 4480 est
755 4425 900 4481 Deus
941 4426 1296 4497 quadraginta
1355 4425 1509 4478 annis
1535 4465 1551 4491 ,
1606 4439 1776 4478 nonne
1809 4493 1837 4497 Α
1884 4440 1904 4475 ι
1946 4419 2152 4476 auxilio
2184 4423 2510 4488 opportuno.
2544 4432 2564 4466 ι

186 4514 302 4569 illis
325 4493 419 4585 qui
442 4500 783 4584 peccauerunt
808 4515 884 4584 (et
905 4493 1016 4569 non
1037 4493 1279 4585 impune)
1307 4529 1375 4569 ne
1396 4513 1772 4584 impunitatem
1807 4493 1854 4554 ί)

188 4607 526 4677 promittatis
545 4608 722 4675 vobis,
753 4606 882 4678 quia
902 4607 1161 4661 cadavera
1181 4622 1402 4678 quorum
1426 4605 1772 4676 peccantium

186 4708 463 4768 prostrata
489 4709 611 4754 sunt
635 4701 692 4754 in
711 4699 916 4754 deserto
939 4700 964 4754 2
991 4697 1102 4754 Illis
1130 4698 1318 4767 utique
1346 4697 1491 4753 Deus
1524 4696 1775 4753 infensus

188 4789 314 4846 fuit.
327 4789 708 4862 3691termn
727 4791 796 4847 ad
810 4792 980 4848 idem:
1005 4789 1208 4855 Quibus
1227 4798 1400 4843 autem
1410 4789 1615 4858 juraril
1631 4787 1776 4844 Deus

187 4900 294 4937 non
336 4883 559 4937 introire
587 4884 646 4939 in
693 4885 924 4954 requiem
968 4883 1156 4954 ipsius,
1200 4880 1252 4936 id
1281 4889 1364 4936 est
1399 4881 1455 4935 in
1495 4880 1773 4936 caelestem

187 4974 558 5042 Hierusalem,
589 4973 684 5029 ubi
713 4983 798 5030 est
824 4990 952 5028 vera
991 4973 1228 5043 requies,
1262 4971 1364 5025 nisi
1399 4969 1511 5024 illis
1537 4971 1628 5042 qui
1658 4970 1775 5040 {ue-

186 5075 316 5121 runt
345 5063 653 5120 increduli:
691 5071 750 5118 et
778 5064 834 5118 in
872 5063 1052 5118 verbis
1093 5061 1307 5117 Domini
1349 5059 1508 5115 ﬁdem
1539 5075 1648 5114 non
1676 5059 1776 5113 ha-

185 5157 466 5214 buerunt?
495 5155 708 5224 Quibus
728 5170 830 5226 pro
857 5163 1078 5224 peccato
1110 5151 1395 5224 prostratis
1416 5151 1559 5207 sicut
1581 5151 1773 5207 abstu-

185 5251 251 5306 lit
279 5259 489 5306 terram
528 5247 1006 5319 repromissionis;
1034 5247 1115 5302 sic
1151 5260 1338 5302 veram
1378 5243 1622 5315 requiem
1654 5257 1777 5315 quae

185 5342 610 5414 signiﬁcabatur
654 5356 752 5411 per
776 5339 926 5396 illam
965 5349 1204 5395 terram:
1251 5337 1441 5393 Videte
1479 5337 1662 5407 itaque
1707 5351 1777 5394 ne

183 5450 287 5492 vos
313 5434 583 5491 increduli
608 5433 777 5505 (quod
805 5433 994 5503 utique
1021 5430 1175 5501 estis)
1212 5429 1260 5485 si
1290 5430 1463 5501 legem
1488 5429 1647 5500 quasi
1674 5444 1772 5485 nc-

183 5529 496 5584 eessariam
521 5527 644 5584 ﬁdei
672 5526 934 5583 reducitis
963 5539 1071 5579 non
1097 5524 1378 5579 credentes
1410 5536 1569 5592 posse
1607 5520 1773 5591 justi-

183 5623 356 5678 ﬁcare
398 5618 574 5676 Deum
614 5633 715 5690 pro
751 5617 1132 5675 incredulitate
1176 5628 1284 5668 non
1333 5613 1548 5668 intretis
1581 5612 1636 5666 in
1681 5627 1772 5668 re-

183 5714 401 5784 quiem.
442 5711 586 5767 Deus
625 5711 843 5781 quidem
877 5709 1082 5780 j'uravit
1112 5721 1208 5762 eos
1235 5721 1343 5761 non
1388 5706 1687 5760 intraturos
1716 5705 1772 5760 in

185 5806 439 5880 requiem
470 5826 482 5838 ο
519 5815 572 5861 et
603 5805 742 5860 sicut
774 5803 997 5877 juravit.
1028 5801 1306 5870 impletum
1333 5799 1576 5854 videmus
1603 5817 1614 5850 :
1645 5797 1772 5866 quia

2520 4517 2824 4561 EXPOSITIO.

1949 4603 2018 4658 Et
2043 4602 2175 4674 quia
2203 4607 2426 4672 propter
2451 4595 2884 4652 incredulitatem
2909 4591 3113 4647 intrare
3139 4603 3248 4642 non
3271 4594 3463 4656 potue-

1878 4705 2009 4752 runt
2039 4696 2096 4750 in
2127 4693 2397 4763 requiem,
2433 4689 2596 4760 igitur
2621 4687 2901 4740 timeamus
2922 4699 2986 4736 ne
3007 4682 3148 4752 forte
3176 4677 3370 4748 aliquis
3391 4689 3460 4728 ea:

1879 4787 2037 4842 nobis
2072 4784 2407 4839 existimetur
2435 4777 2734 4836 secundum
2765 4773 3044 4828 veritatem
3069 4770 3240 4824 deesse
3269 4768 3340 4820 ab
3365 4765 3460 4820 illa

1879 4877 2088 4947 requie.
2123 4873 2228 4930 Sed
2257 4870 2536 4944 prtemittit
2568 4865 2984 4940 possibilitatem
3024 4859 3329 4916 introeundi
3360 4873 3460 4912 no-

1876 4970 1963 5024 bis
1985 4981 2302 5024 concessam
2322 4965 2530 5021 dicens.
2556 4961 2892 5024 Timeamus,
2915 4957 3161 5026 inquam,
3185 4969 3247 5006 ne
3271 4951 3459 5006 relicta

1877 5059 2282 5132 pollicitatione,
2303 5057 2356 5112 id
2374 5063 2460 5112 est
2482 5051 2752 5123 frequenti
2777 5047 3138 5121 promissione
3159 5043 3459 5098 introeundi

1878 5154 1936 5206 in
1961 5150 2192 5221 requiem
2222 5148 2364 5217 ejus,
2389 5144 2598 5201 scilicet
2626 5142 2720 5198 Dei
2746 5162 2759 5196 :
2793 5140 2936 5197 unde
2967 5154 3068 5195 nos
3096 5136 3297 5192 habere
3327 5149 3461 5188 con-

1880 5251 1990 5300 stat
2027 5241 2340 5297 facultatem
2367 5235 2700 5301 introeundi,
2726 5249 2814 5300 ne,
2850 5232 3094 5302 inquam,
3132 5230 3236 5285 hac
3269 5227 3459 5282 relicta

1880 5351 1979 5407 per
2018 5331 2452 5389 incredulitatem
2479 5327 2820 5385 existimetur
2853 5323 3052 5395 aliquis
3087 5330 3338 5377 nostrum
3366 5319 3463 5374 de-

1878 5442 2003 5484 esse
2023 5441 2055 5480 a
2080 5424 2288 5495 requie.
2314 5423 2461 5478 Bene
2483 5421 2606 5478 dico
2645 5417 3070 5491 pollicitatione;
3097 5415 3288 5469 etenim
3311 5410 3461 5464 nobis

1879 5520 2186 5574 nuntiatum
2237 5524 2314 5572 est
2364 5512 2835 5587 (quemadmodum
2879 5519 2930 5565 et
2973 5499 3119 5578 illis)
3162 5520 3259 5576 per
3298 5503 3461 5558 ﬁdem

1879 5625 2042 5682 posse
2084 5609 2290 5664 intrare
2326 5607 2382 5662 in
2424 5605 2689 5676 requiem.
2733 5601 2846 5657 lllis
2881 5599 3103 5671 quidem
3149 5593 3461 5650 nuntiatum

1877 5701 2002 5766 fuit,
2033 5702 2124 5756 sed
2157 5709 2336 5756 tamen
2381 5715 2483 5752 non
2512 5695 2714 5768 profuit
2744 5693 2854 5748 illis
2883 5705 3054 5745 sermo
3100 5684 3463 5742 nuntiationis

1879 5797 2094 5850 auditus
2129 5804 2362 5859 tantum,
2395 5800 2450 5846 et
2481 5805 2582 5844 non
2611 5787 2873 5841 admittas
2903 5782 3056 5853 ﬁdei,
3088 5788 3146 5834 ut
3177 5777 3460 5834 crederent
