3988 6394
437 343 734 418 ”507,

1111 350 1170 408 S.
1209 350 1555 409 BRUNONIS
1591 345 2236 409 CARTIIUSIANORUM
2275 347 2765 408 INSTITUTORIS
2799 343 2951 407 OPP.
2989 351 3172 408 PARS
3207 351 3269 408 ιι.

497 455 500 458 Α
537 471 629 528 his
657 433 810 541 quia
833 467 947 522 Deo
992 467 1303 522 audiebant.
1337 468 1488 523 Fidei
1517 468 1640 522 dico
1675 475 1911 538 acceptae
1937 482 2002 522 ea:
2035 467 2120 523 his
2145 467 2198 529 Δ
2225 465 2381 521 fectis
2427 459 2684 536 operibus
2739 467 3051 523 nuntiatum
3108 477 3195 524 est
3244 469 3422 523 nobis.
3473 468 3628 523 Dixit
3675 471 3811 524 enim
3873 503 3878 505 -

537 579 656 634 quae
681 561 987 627 audierunt,
1025 569 1086 615 ut
1120 560 1262 615 sicut
1283 560 1593 625 audiebant,
1623 557 1704 614 sic
1733 557 1904 613 Deum
1929 559 2121 628 imple-

539 663 722 710 turum
749 653 1054 710 crederent.
1083 651 1178 708 Vel
1204 652 1276 706 ita
1305 670 1318 705 :
1350 649 1543 706 Sermo
1568 652 1789 707 auditus
1811 659 1864 706 et
1889 668 2002 706 non
2023 651 2119 707 ad-

522 749 738 816 ,mistns
767 747 891 804 ﬁdei
919 787 934 813 ,
972 761 1038 800 ex
1081 746 1184 810 his,
1224 745 1278 800 id
1301 753 1386 800 est
1428 752 1650 814 propter
1679 759 1744 798 ea
1775 759 1898 814 quae
1932 743 2117 799 audie-

537 847 669 892 runt
684 838 752 892 ab
773 837 880 892 illis
895 835 1327 905 exploratoribus
1347 834 1603 902 reversis,
1628 849 1734 888 non
1759 831 1968 904 profuit
1987 833 2114 888 illis.

539 925 854 982 Secundum
877 925 1020 979 hanc
1041 923 1366 980 sententiam
1390 923 1458 978 ad
1482 922 1768 977 historiam
1805 937 1908 976 nos
1929 921 2113 988 mittit,

537 1018 758 1088 quando
779 1015 1066 1072 duodecim
1087 1016 1460 1085 exploratores
1481 1014 1638 1070 missi
1665 1030 1696 1068 a
1725 1014 1910 1085 Moyse
1935 1029 2117 1069 rever-

537 1119 712 1165 tentes
753 1116 1065 1163 terruerunt
1097 1108 1238 1164 lilios
1268 1107 1457 1172 Israel,
1490 1107 1732 1162 dicentes
1762 1106 1962 1177 (Num.
1991 1123 2114 1174 xm,

535 1201 626 1268 28,
651 1199 738 1270 54)
767 1219 779 1253 :
807 1199 1030 1254 Terram
1056 1199 1276 1270 quidem
1303 1213 1428 1254 esse
1446 1198 1788 1253 fructiferam
1816 1217 1828 1252 :
1861 1199 1954 1254 sed
1975 1198 2116 1254 ﬁlios

535 1289 800 1346 Enachim
835 1291 910 1346 ibi
941 1307 1064 1348 esse
1086 1292 1352 1362 giganteae
1375 1299 1618 1356 staturae,
1643 1305 1878 1360 quorum
1907 1290 1963 1343 in
1983 1305 2116 1346 con-

531 1390 721 1451 spectu
752 1387 898 1438 stare
939 1397 1049 1438 non
1079 1393 1332 1452 possent;
1361 1383 1562 1453 quibus
1597 1391 1650 1437 et
1675 1382 1987 1452 huiusmodi
2013 1397 2116 1436 au-

530 1472 664 1528 ditis
699 1473 996 1529 dixerunt:
1050 1493 1068 1526 ι
1099 1472 1392 1529 Faciamus
1431 1474 1594 1544 370
1629 1474 1787 1529 nobis
1833 1474 2028 1529 ducem
2063 1481 2117 1527 et

533 1575 876 1622 revertamur
895 1567 952 1620 in
972 1565 1265 1638 Egyptnm
1289 1567 1478 1636 (Num.
1505 1583 1614 1633 xiv,
1636 1566 1714 1638 4),
1745 1585 1762 1619 ›
1785 1567 1838 1622 in
1861 1567 2116 1622 incredu-

533 1659 762 1714 dulitate
810 1658 1200 1714 exacerbantes
1244 1657 1434 1713 Deum.
1484 1657 1623 1714 Vere
1673 1674 1854 1714 sermo
1895 1659 2115 1714 auditus

535 1757 750 1805 tantum
779 1751 909 1821 quia
951 1767 1060 1806 non
1088 1759 1171 1807 est
1199 1751 1466 1808 admistus
1495 1751 1638 1818 ﬁdei,
1669 1767 1779 1808 non
1813 1753 2020 1824 profuit
2049 1755 2115 1806 il-

537 1839 605 1896 lis
633 1860 646 1895 :
679 1857 806 1896 nam
844 1843 971 1912 quia
1010 1843 1065 1897 in
1095 1843 1253 1897 nobis
1291 1851 1375 1898 est
1402 1843 1670 1900 admistus
1709 1845 1832 1900 ﬁdei
1874 1846 2114 1914 proderit

535 1933 714 1989 nobis.
739 1933 916 1990 Locus
937 1951 968 1989 a
991 1936 1298 1990 contrariis.
1331 1936 1486 2002 Quod
1513 1937 1585 1991 ita
1613 1939 1689 1991 ait
1715 1957 1726 1991 :
1750 1937 1862 1993 Nos
1890 1940 1980 2008 qui
2003 1955 2116 1992 cre-

533 2025 786 2092 didimus,
819 2026 874 2080 id
898 2033 980 2081 est
1014 2027 1108 2096 qui
1139 2027 1296 2081 ﬁdem
1343 2028 1543 2083 auditis
1575 2029 1992 2096 admiseuimus,
2030 2031 2114 2083 in-

531 2116 829 2186 grediemur
871 2103 929 2171 in
971 2133 1157 2172 veram
1207 2120 1437 2189 requiem
1461 2135 1479 2172 :
1521 2121 1681 2189 cujus
1709 2129 1765 2175 et
1797 2120 2025 2191 ﬁguram
2061 2129 2116 2175 et

531 2206 812 2262 veritatem
849 2206 925 2261 illi
967 2207 1118 2278 (quia
1144 2209 1432 2278 increduli)
1465 2209 1831 2278 perdiderunt.
1865 2209 1996 2276 Nos,
2026 2210 2113 2263 in-

531 2313 720 2368 quam,
765 2298 1159 2369 ingrediemur;
1209 2301 1651 2371 quemadmodum
1691 2301 1834 2354 dixit
1875 2316 1976 2356 nos
2015 2317 2115 2372 per

532 2389 692 2442 ﬁdem
719 2389 1095 2460 ingressuros;
1119 2390 1213 2445 ubi
1237 2391 1346 2444 ait:
1385 2389 1536 2445 Sicut
1551 2391 1735 2459 juraoi
1765 2392 1820 2444 in
1845 2393 1930 2446 ira
1953 2409 2068 2446 mea
2095 2411 2110 2448 :

534 2478 598 2534 Si
622 2480 917 2534 introibunt
957 2482 1015 2534 iu
1055 2483 1284 2552 requiem
1330 2499 1520 2537 meam.
1557 2481 1623 2537 Et
1653 2483 1759 2538 hoc
1799 2483 1980 2539 dicere
2011 2484 2113 2539 fuit

532 2586 630 2642 per
677 2573 1038 2640 contrarium,
1085 2574 1214 2644 quia
1259 2574 1354 2629 ubi
1397 2575 1522 2630 illos
1559 2583 1777 2646 propter
1815 2575 2110 2632 increduli-

532 2669 699 2716 tatem
735 2677 845 2716 non
877 2663 1176 2720 intraturos
1210 2663 1347 2720 dixit
1377 2665 1432 2719 in
1471 2665 1736 2735 requiem,
1783 2667 1984 2722 ibidem
2015 2683 2114 2738 per

531 2753 868 2808 contrarium
899 2769 1022 2822 nos,
1051 2755 1182 2826 quia
1203 2755 1478 2813 credimus
1503 2757 1640 2812 dixit
1677 2759 2023 2830 ingressurus
2053 2760 2110 2816 in

529 2845 796 2915 requiem.
824 2845 922 2902 Vel
949 2847 1162 2919 singula
1193 2849 1484 2905 reddamus
1509 2849 1759 2921 singulis.
1783 2848 1953 2906 Nobis
1977 2867 2112 2907 nun-

529 2937 725 2994 tiatum
757 2949 844 2996 est
876 2941 944 2997 de
970 2942 1160 3012 requie
1202 2943 1314 3009 illa,
1347 2941 1473 3013 quia
1505 2957 1608 2998 nos
1647 2943 1742 3013 qui
1777 2943 2110 3000 credidimus

529 3031 902 3101 ingrediemur
939 3034 1182 3105 requiem
1212 3053 1224 3089 :
1259 3035 1366 3090 illis
1403 3051 1511 3089 non
1547 3035 1754 3106 profuit
1787 3051 1967 3092 sermo
2007 3053 2109 3092 au-

529 3123 675 3180 ditus
697 3133 931 3194 tantum,
961 3129 1424 3198 quemadmodum
1452 3127 1589 3183 dixit
1613 3147 1626 3183 :
1673 3130 1818 3185 sicut
1841 3130 2019 3202 iuravi
2052 3131 2106 3186 in

529 3215 610 3272 ira
635 3233 756 3272 mea
791 3219 837 3274 si
861 3219 1166 3275 introibant
1190 3221 1244 3274 in
1274 3222 1520 3292 requiem
1547 3237 1746 3277 meam.

605 3307 750 3365 Dixit
783 3311 1037 3380 superius
1071 3331 1084 3367 :
1115 3311 1304 3368 Videte
1344 3328 1414 3368 ne
1445 3313 1517 3369 sit
1560 3313 1614 3368 in
1648 3314 1834 3385 aliquo
1861 3325 2109 3372 vestrum

529 3413 626 3456 cor
639 3400 1054 3474 incredulitatis,
1081 3403 1206 3472 quia
1222 3413 1442 3474 propter
1458 3403 1890 3460 incredulitatem
1907 3421 2016 3462 non
2033 3406 2112 3461 in-

531 3498 813 3546 traverunt
833 3492 887 3546 in
911 3493 1157 3561 requiem
1179 3494 1499 3562 pollicitam,
1530 3495 1598 3549 de
1624 3511 1731 3565 qua
1753 3495 1943 3566 requie
1969 3512 2111 3552 nun-

530 3581 726 3636 tiatum
752 3589 839 3637 est
878 3583 1051 3651 vobis,
1089 3585 1236 3653 quod
1273 3584 1320 3639 si
1353 3585 1512 3640 ﬁdem
1543 3586 1810 3653 habeatis,
1849 3587 1990 3643 hanc
2019 3603 2110 3642 reo

527 3671 712 3740 quiem
742 3671 942 3729 habere
963 3673 1209 3743 potestis.
1245 3673 1455 3742 Quibus
1478 3683 1658 3730 autem
1683 3675 1882 3742 modis,
1914 3685 1970 3732 et
1987 3678 2106 3748 qui-

527 3763 632 3818 bus
663 3765 1003 3834 temporibus
1033 3767 1344 3822 nuntiatum
1379 3767 1450 3823 sit
1479 3767 1780 3840 subiungit,
1817 3769 2110 3826 ostendens

527 3857 665 3912 duas
700 3857 1075 3914 nuntiationes
1119 3857 1187 3914 de
1217 3859 1320 3915 hac
1367 3859 1558 3930 requie
1588 3858 1761 3916 factas
1789 3875 1913 3917 esse
1953 3861 2006 3916 in
2046 3862 2111 3917 ﬁ-

525 3961 684 4016 gura,
711 3947 842 4018 quia
875 3963 1038 4004 nemo
1063 3949 1242 4004 adhuc
1267 3951 1510 4020 requiem
1537 3951 1684 4006 illam
1707 3951 1908 4008 habere
1949 3961 2107 4022 pote-

525 4049 614 4094 rat
639 4057 652 4094 :
683 4041 842 4110 cuius
873 4041 1082 4111 requiei
1107 4043 1268 4096 tertia
1306 4043 1578 4098 nuntiatio
1605 4041 1747 4098 facta
1775 4053 1880 4112 est,
1915 4060 2025 4100 non
2051 4046 2110 4100 in

527 4130 720 4200 ﬁgura,
751 4133 846 4187 sed
885 4131 942 4186 in
983 4134 1102 4202 ipsa
1141 4134 1388 4200 veritate,
1425 4135 1645 4204 quando
1679 4135 1793 4205 iam
1831 4144 1886 4191 et
1921 4136 2109 4192 haberi

526 4229 766 4288 poterat,
805 4230 861 4277 et
887 4221 1192 4278 habebatur
1222 4222 1339 4292 ipsa
1374 4223 1609 4293 requies,
1640 4224 1848 4280 scilicet
1885 4225 1942 4280 in
1995 4225 2110 4282 die-

527 4311 632 4366 bus
653 4312 860 4383 gratiae.
895 4312 1102 4368 Littera
1127 4314 1209 4370 sic
1232 4314 1482 4386 jungitur
1509 4333 1520 4368 :
1553 4314 1632 4372 De
1651 4315 1841 4386 requie
1869 4317 1960 4372 illa
2001 4319 2108 4372 uti.-

525 4419 635 4476 que
663 4406 977 4460 nuntiatum
1002 4414 1087 4462 est
1113 4408 1271 4463 nobis
1299 4427 1312 4463 :
1341 4423 1471 4462 nam
1505 4415 1562 4463 et
1590 4407 1646 4462 in
1673 4409 1780 4464 hoc
1807 4409 1928 4466 loco
1963 4418 2018 4466 et
2051 4411 2108 4464 in

525 4499 639 4566 illo,
664 4507 719 4556 et
748 4499 803 4554 in
833 4499 961 4556 alio.
1005 4500 1142 4556 lllud
1179 4509 1231 4556 et
1253 4501 1600 4557 diversitates
1627 4501 1874 4557 locorum
1905 4503 2000 4557 ubi
2035 4502 2102 4558 de

523 4590 713 4661 requie
743 4591 924 4662 agitur
956 4591 1226 4663 signiﬁcat
1257 4611 1272 4647 :
1318 4591 1449 4646 illud
1477 4592 1688 4662 quidem
1718 4593 2098 4648 discretionem

489 4745 492 4748 ,
519 4683 784 4752 temporis
815 4702 828 4739 :
857 4683 989 4754 quia
1018 4691 1232 4754 tempus
1277 4699 1388 4754 quo
1411 4683 1650 4754 primum
1677 4685 1746 4739 de
1773 4684 1962 4754 requie
1999 4684 2104 4739 hac

519 4775 826 4829 nuntiatum
857 4781 956 4840 est,
985 4773 1194 4830 scilicet
1227 4773 1546 4830 constitutio
1587 4773 1800 4841 mundi,
1828 4773 1988 4845 longe
2015 4774 2102 4830 di-

519 4865 701 4922 stabat
711 4881 744 4922 a
759 4873 1006 4938 tempore
1017 4865 1370 4939 impletionis,
1393 4865 1602 4923 scilicet
1617 4882 1648 4921 a
1661 4867 1858 4924 diebus
1875 4866 2099 4923 Christi.

525 4953 678 5011 Unde
699 4957 781 5013 sic
817 4957 932 5013 ait:
973 4957 1295 5016 Nuntiatum
1333 4959 1555 5031 quidem
1597 4959 1758 5015 nobis
1795 4955 1882 5015 est
1921 4957 1990 5014 de
2014 4973 2102 5015 re-

523 5046 652 5116 quie
677 5067 692 5102 ε
721 5055 776 5103 et
800 5050 1020 5119 quidem
1040 5053 1283 5123 operibus
1310 5053 1558 5125 perfectis
1585 5052 1897 5124 incipiendo
1925 5053 1990 5106 ab
2013 5052 2102 5104 in-

523 5135 796 5192 stitutione
817 5141 1000 5194 mundi
1023 5157 1042 5194 :
1063 5143 1376 5198 nuntiatum
1397 5151 1484 5199 est
1504 5143 1664 5200 nobis
1684 5143 1754 5199 de
1772 5142 1960 5212 requie
1989 5139 2102 5194 illa.

521 5225 692 5284 Facto
738 5229 979 5299 homine,
1023 5233 1263 5302 perfecta
1315 5233 1576 5292 dicuntur
1615 5250 1737 5292 esse
1775 5247 1942 5304 opera
1984 5231 2102 5300 Dei,

521 5334 649 5375 cum
677 5321 859 5377 omnis
881 5324 1086 5379 creatio
1115 5326 1306 5380 mundi
1339 5325 1504 5382 fuerit
1535 5334 1756 5398 propter
1780 5325 2058 5381 hominem
2083 5343 2098 5380 :

521 5411 568 5468 si
603 5411 770 5468 homo
799 5422 963 5484 caput
1001 5423 1374 5472 creaturarum
1402 5418 1635 5484 deesset,
1665 5415 1982 5489 imperfecta
2017 5431 2104 5471 es-

519 5511 644 5564 sent
669 5505 853 5562 omnia
881 5516 1104 5579 propter
1132 5509 1412 5573 hominem
1439 5519 1642 5566 creata.
1672 5509 1742 5565 Et
1770 5511 1901 5581 quia
1931 5526 1962 5564 a
1988 5508 2102 5564 Deo

519 5599 704 5668 perlici
748 5607 802 5655 et
837 5601 1211 5658 consummari
1257 5603 1560 5658 secundum
1603 5603 1918 5673 opinionem
1963 5616 2104 5671 quo-

521 5688 772 5744 rumdam
803 5699 1044 5762 possent,
1073 5701 1127 5748 et
1165 5707 1278 5748 non
1309 5691 1636 5764 principium
1663 5693 1864 5748 habere
1903 5709 1934 5748 a
1969 5693 2100 5758 Deo,

521 5777 644 5836 ideo
670 5779 748 5836 ait
775 5782 1084 5857 incipiendo
1106 5787 1174 5844 ab
1197 5785 1542 5844 institutione
1565 5785 1774 5842 mundi.
1810 5784 1947 5840 Vere
1975 5799 2098 5854 per-

2223 557 2502 627 Scriptura
2532 559 2618 612 vel
2647 557 2864 630 Moyses
2891 559 2948 612 in
2973 559 3202 630 quodam
3237 558 3354 614 loco
3381 560 3448 613 de
3477 561 3708 630 septima
3731 563 3812 617 die

2217 649 2314 702 sic.
2361 648 2486 703 Ideo
2530 665 2640 704 non
2679 649 3050 705 determinans
3086 651 3269 705 locum
3307 651 3445 706 dicit
3483 651 3540 705 in
3573 653 3806 722 quodam

2219 739 2358 807 loco,
2390 741 2520 810 quia
2557 749 2612 796 et
2649 741 2738 795 hic
2771 741 2926 797 locus
2965 740 3263 812 Scriptum
3305 743 3445 798 satis
3493 751 3662 798 notus
3699 755 3810 798 erat

2219 831 2346 897 illis,
2369 841 2423 886 et
2446 832 2575 901 quia
2605 832 2695 888 hic
2724 833 2880 888 locus
2904 833 3177 889 discretus
3199 842 3254 888 et
3275 834 3532 906 egregius
3553 843 3696 900 erat,
3719 835 3806 890 ubi

2216 924 2284 978 de
2315 923 2616 978 salvatione
2649 939 2834 979 sermo
2862 925 3166 980 habebatur
3191 944 3205 979 :
3233 926 3521 996 dignitate,
3559 927 3804 997 inquam,

2217 1015 2486 1070 discretus
2516 1016 2586 1070 ab
2615 1016 2745 1082 illis,
2787 1017 2882 1070 ubi
2911 1017 2978 1072 de
3009 1024 3170 1071 tauro
3197 1017 3534 1072 immolando
3578 1017 3806 1074 habetur

2216 1120 2418 1162 sermo.
2454 1105 2552 1162 Vel
2574 1107 2619 1162 si
2652 1107 2728 1161 ibi
2755 1123 2866 1163 non
2896 1108 2987 1175 sit,
3031 1109 3199 1174 enim,
3229 1108 3368 1163 nihil
3405 1116 3626 1179 oportet
3651 1125 3802 1182 repe-

2215 1207 2348 1267 tere,
2374 1199 2474 1255 sed
2497 1199 2750 1256 dicamus
2773 1200 3034 1270 operibus
3069 1199 3349 1272 perfectis.
3391 1201 3546 1255 Dixit
3575 1201 3632 1256 in
3669 1219 3805 1272 quo-

2215 1288 2343 1344 dam
2377 1288 2498 1344 loco
2525 1287 2593 1344 de
2622 1289 2710 1344 die
2735 1289 2985 1358 septima,
3017 1290 3098 1345 sic
3127 1289 3260 1344 illud
3287 1297 3342 1345 et
3381 1291 3530 1360 quod
3559 1293 3806 1361 sequitur

2215 1383 2324 1435 vim
2363 1381 2526 1436 habet
2573 1381 2630 1435 in
2671 1380 2864 1436 ordine
2907 1380 3120 1446 litterae,
3169 1382 3314 1436 unde
3356 1389 3642 1452 sumptum
3689 1395 3800 1446 est;

2215 1474 2374 1544 quasi
2419 1473 2664 1529 diceret:
2695 1472 2812 1528 Hoc
2851 1483 2904 1529 et
2933 1481 3036 1528 hoc
3083 1473 3212 1529 fecit
3240 1473 3406 1542 Deus;
3431 1483 3484 1529 et
3523 1475 3618 1530 his
3649 1474 3804 1530 factis

2215 1564 2466 1634 requievit
2499 1563 2586 1617 die
2621 1564 2868 1634 septima.
2897 1562 3014 1619 Non
3038 1563 3242 1618 dicitur
3269 1561 3414 1619 Deus
3443 1565 3800 1634 requievisse,

2215 1655 2374 1725 quasi
2403 1655 2498 1724 qui
2536 1655 2724 1708 labore
2763 1653 2948 1724 aliquo
2987 1661 3307 1720 vexaretur;
3351 1653 3451 1710 sed
3488 1664 3552 1709 ut
3575 1671 3676 1725 per
3703 1655 3804 1710 hoc

2217 1744 2554 1816 signiﬁcaret
2577 1745 2822 1816 requiem
2849 1743 3089 1800 futuram
3119 1747 3195 1800 ait
3221 1765 3234 1800 :
3265 1745 3408 1800 Deus
3437 1749 3720 1817 requievit,
3753 1749 3802 1803 id

2167 1811 2300 1891 gest
2335 1837 2570 1892 cessavit
2610 1811 2675 1891 at;
2721 1837 2978 1893 omnibus
3019 1838 3262 1908 operibus
3285 1839 3418 1905 suis,
3475 1811 3630 1909 quod
3673 1811 3804 1894 nihil

2215 1937 2404 1997 postea
2437 1935 2761 1998 operaturus
2793 1928 2893 1996 sit;
2919 1929 3080 1999 cuius
3116 1929 3348 1984 materia
3375 1929 3466 1984 vel
3503 1930 3804 1986 similitudo

2213 2019 2269 2074 in
2297 2020 2462 2088 priori
2487 2020 2762 2076 creatione
2783 2035 2892 2074 non
2916 2020 3276 2090 praecesserit,
3299 2021 3534 2076 materia
3565 2021 3622 2076 in
3643 2023 3804 2077 rebus

2213 2111 2522 2181 corporeis;
2559 2111 2860 2167 similitudo
2887 2113 2941 2166 in
2977 2113 3256 2182 corporeis
3289 2119 3352 2168 ut
3387 2113 3446 2167 in
3491 2114 3800 2170 animabus.

2216 2203 2410 2258 Statim
2439 2212 2593 2259 sexta
2621 2203 2756 2261 feria
2779 2205 2924 2260 facto
2955 2205 3193 2272 homine,
3229 2203 3474 2260 Sabbato
3501 2207 3802 2277 requievit,

2213 2295 2372 2365 quasi
2418 2310 2516 2366 per
2557 2296 2664 2351 hoc
2695 2296 2903 2352 diceret
2944 2295 3194 2352 homini:
3247 2295 3306 2350 Si
3350 2297 3620 2354 obediens
3667 2297 3804 2352 mihi

2211 2385 2404 2453 fueris,
2425 2385 2542 2442 haec
2564 2387 2754 2442 eadem
2781 2387 3001 2457 requies
3021 2395 3244 2458 peracta
3269 2386 3586 2442 obedientia
3615 2397 3804 2458 parata

2213 2487 2298 2534 est
2325 2478 2443 2532 tibi.
2477 2477 2582 2532 Ubi
2613 2478 2729 2532 ait:
2771 2479 3040 2548 requievit
3071 2478 3162 2533 die
3203 2478 3468 2548 septima,
3505 2479 3590 2535 sic
3619 2479 3688 2533 de
3721 2494 3804 2534 re-

2212 2570 2340 2640 quie
2361 2570 2671 2624 nuntiatum
2701 2577 2803 2635 est,
2847 2579 2908 2624 ut
2927 2579 2982 2624 et
3013 2569 3188 2640 ﬁgura
3217 2571 3424 2639 requiei
3455 2581 3806 2640 exspectareb

2215 2667 2322 2728 tur,
2350 2659 2560 2716 scilicet
2601 2668 2746 2715 terra
2777 2659 3246 2729 repromissionis.
3289 2658 3358 2714 Et
3383 2661 3592 2716 veritas
3619 2661 3810 2730 ﬁgura

2212 2749 2272 2804 in
2299 2749 2493 2805 diebus
2530 2748 2756 2816 Christi,
2793 2759 2920 2805 ante
2959 2765 3124 2820 quem
3168 2765 3332 2806 nemo
3375 2767 3564 2806 veram
3613 2752 3808 2808 habuit

2210 2841 2477 2912 requiem.
2519 2839 2674 2896 Sicut
2715 2842 2770 2896 in
2805 2841 3034 2912 praefato
3073 2843 3218 2910 loco,
3263 2843 3346 2898 sic
3385 2845 3556 2900 etiam
3603 2846 3662 2900 in
3683 2847 3808 2908 ,isto

2212 2948 2434 2988 rursum
2472 2933 2784 2988 nuntiatum
2823 2943 2926 2988 est.
2972 2932 3068 2988 Vel
3111 2933 3248 2990 dicit
3293 2932 3584 3004 Scriptura
3619 2937 3692 2992 de
3725 2953 3808 2994 re-

2211 3024 2338 3094 quie
2363 3025 2455 3082 illa
2485 3025 2578 3080 ubi
2599 3025 2676 3080 ait
2707 3039 2930 3082 rursum
2967 3024 3033 3081 de
3053 3025 3250 3082 eodem
3275 3027 3548 3099 signiﬁcat
3567 3043 3694 3084 esse
3719 3029 3806 3084 di-

2213 3126 2384 3172 ctum.

2136 3169 2177 3228 α
2220 3169 2393 3276 νεώ,
2423 3208 2670 3279 inquam,
2711 3210 3022 3266 nuntiatum
3049 3219 3172 3266 est:
3205 3209 3267 3266 Si
3295 3211 3596 3266 introibant
3627 3213 3684 3266 in
3709 3231 3806 3268 re-

2207 3301 2383 3371 quiem
2403 3315 2594 3354 meam.
2611 3298 2716 3356 Ubi
2727 3301 2874 3356 enim
2887 3301 2994 3356 hoc
3009 3301 3244 3358 dicendo
3251 3301 3550 3358 incredulis
3565 3303 3808 3374 negabat

2207 3391 2476 3463 requiem,
2501 3390 2846 3462 signiﬁcabat
2855 3407 2979 3448 esse
2989 3392 3238 3462 requiem
3253 3392 3507 3448 ﬁdelibus
3519 3394 3808 3464 possiden-

2208 3484 2356 3540 dam.
2373 3483 2498 3540 Haae
2515 3492 2698 3541 autem
2713 3483 3000 3556 Scriptura
3011 3485 3287 3542 invenitur
3303 3485 3360 3541 in
3369 3486 3560 3552 David,
3571 3487 3670 3557 qui
3681 3487 3804 3557 iam

2207 3576 2366 3647 371
2385 3577 2452 3633 de
2471 3578 2666 3649 ﬁgura,
2693 3578 2902 3634 scilicet
2919 3579 2987 3633 de
3008 3587 3152 3634 terra
3174 3577 3668 3649 illajpromissionis
3685 3595 3804 3636 non

2207 3677 2421 3740 poterat
2441 3671 2764 3742 prophetare
2787 3688 2801 3726 :
2837 3685 3004 3741 quam
3024 3669 3122 3724 ﬁlii
3137 3668 3306 3726 israel
3318 3669 3434 3741 iam
3459 3671 3636 3726 multo
3659 3679 3806 3726 tem-

2207 3777 2340 3833 pore
2358 3763 2736 3833 possederant.
2757 3761 2826 3817 Et
2853 3763 2930 3817 ita
2961 3762 3260 3818 secundum
3285 3761 3456 3818 David
3477 3777 3594 3818 non
3631 3763 3698 3818 de
3737 3763 3808 3819 ﬁ-

2209 3869 2344 3926 gura
2369 3870 2494 3924 quae
2505 3855 2619 3926 iam
2646 3854 2968 3922 habebatur,
2997 3855 3092 3910 sed
3115 3855 3182 3910 de
3209 3853 3440 3910 veritate
3473 3854 3556 3910 rei
3587 3870 3716 3924 qua:
3745 3855 3808 3910 in

2207 3945 2430 4003 Christo
2461 3948 2881 4018 exspectabatur
2921 3949 3040 4004 haec
3092 3947 3380 4018 prOphetia
3409 3955 3550 4002 erat.
3599 3945 3812 4002 Secun-

2211 4037 2344 4093 dum
2365 4036 2588 4108 Moysen
2609 4045 2792 4092 autem
2827 4037 3041 4108 quihoc
3067 4039 3210 4094 idem
3237 4038 3458 4094 dicebat
3483 4039 3614 4094 ﬁliis
3635 4037 3810 4094 Israel

2205 4131 2492 4204 praphetia
2523 4137 2662 4196 erat,
2698 4138 2754 4184 et
2771 4129 2840 4184 de
2877 4129 3053 4200 ﬁgura
3087 4130 3333 4186 nondum
3377 4130 3588 4197 habita,
3633 4141 3690 4186 et
3735 4131 3810 4186 de

2206 4225 2434 4279 veritate
2455 4222 2510 4276 in
2533 4221 2756 4276 Christo
2791 4221 3128 4292 accipienda.
3170 4221 3480 4281 Praemissis
3511 4222 3582 4278 de
3605 4223 3808 4278 eadem

2205 4318 2398 4390 requie
2424 4317 2639 4372 duabus
2681 4316 3118 4373 nuntiationibus
3141 4317 3198 4372 in
3249 4315 3464 4388 ﬁguris,
3513 4319 3806 4388 subiungit

2206 4410 2424 4466 tertiam
2481 4407 2784 4464 secundum
2837 4407 3172 4477 impletionis
3203 4393 3516 4474 veritatem,
3561 4409 3802 4464 dicens:

2133 4509 2176 4564 D
2201 4503 2340 4570 Quia
2353 4504 2521 4558 hocet
2535 4495 2628 4556 illo
2639 4501 2802 4557 modo
2815 4501 2882 4556 de
2905 4499 3194 4569 requieilla
3215 4501 3530 4554 nuntiatum
3551 4511 3804 4572 θεμιτςο

2207 4605 2270 4653 ιιι
2289 4595 2646 4665 implerentur
2669 4593 2948 4664 praedicta,
2995 4592 3252 4648 terminat
3305 4593 3504 4646 iterum
3531 4609 3702 4663 agens
3731 4595 3804 4649 de

2205 4689 2394 4746 eadem
2413 4686 2620 4757 requie,
2645 4687 2786 4742 diem
2809 4685 3099 4756 quemdam
3113 4683 3350 4754 Spiritus
3373 4683 3554 4740 sancti
3565 4684 3804 4740 dicendo

2209 4780 2372 4836 hodie
2399 4779 2456 4834 in
2483 4777 2674 4834 David.
2723 4775 2876 4832 Diem
2909 4776 3056 4832 hunc
3101 4775 3232 4831 dicit
3254 4774 3578 4844 quemdam,
3611 4773 3666 4829 id
3715 4783 3804 4830 est

2208 4870 2508 4927 discretum
2531 4875 2588 4924 et
2613 4867 2872 4923 omnibus
2897 4865 2992 4938 qui
3043 4873 3170 4922 ante
3221 4863 3446 4920 fuerunt
3473 4865 3800 4935 praecellen.

2211 4972 2322 5019 tem
2351 4981 2366 5017 :
2393 4962 2524 5032 quia
2546 4961 2601 5016 in
2627 4961 2733 5016 hoc
2777 4959 2866 5016 die
2891 4958 3151 5028 impletur
3177 4957 3350 5025 salus,
3399 4971 3530 5027 qua:
3555 4955 3618 5012 in
3645 4965 3802 5012 ante-

2207 5057 2346 5112 actis
2377 5055 2572 5111 diebus
2591 5052 2836 5109 nuntiari
2861 5059 3072 5106 tantum
3087 5049 3266 5121 potuit
3285 5063 3576 5118 nunquam
3607 5048 3800 5120 impie-

2205 5146 2274 5200 ri.
2298 5143 2538 5200 Dicendo
2565 5144 2726 5200 hodie
2780 5142 2836 5197 in
2883 5141 3055 5196 David
3105 5147 3230 5210 post
3263 5147 3478 5195 tantum
3505 5139 3796 5211 temporis.

2207 5236 2438 5293 Multum
2473 5235 2618 5290 enim
2657 5244 2872 5305 tempus
2907 5232 3244 5305 praeterierat
3283 5247 3314 5286 a
3357 5229 3534 5286 Josue
3565 5230 3666 5302 qui
3691 5239 3798 5286 ter-

2206 5343 2326 5384 ram
2356 5325 2744 5398 promissionis
2766 5323 2968 5380 Judaeis
3014 5322 3314 5390 distribuit,
3345 5337 3526 5392 usque
3557 5323 3632 5377 ad
3653 5321 3794 5376 diem

2204 5419 2374 5476 David
2399 5437 2413 5474 :
2445 5417 2590 5473 unde
2609 5423 2834 5486 apparet
2869 5415 3038 5470 David
3081 5415 3246 5470 aliam
3279 5413 3530 5483 requiem
3583 5411 3796 5468 intend:

2203 5512 2352 5568 xisse
2379 5510 2643 5577 futuram,
2685 5523 2852 5578 quam
2904 5507 3054 5562 illam
3107 5514 3312 5561 terram
3334 5517 3502 5574 quam
3545 5503 3663 5574 iam
3695 5501 3790 5556 diu

2205 5601 2576 5674 possederant.
2609 5597 2866 5664 Dicenda,
2893 5597 3140 5667 inquam,
3163 5595 3338 5650 hodie.
3357 5595 3503 5652 sicut
3525 5607 3692 5662 supra
3705 5591 3790 5646 di-

2197 5701 2352 5750 ctum
2375 5700 2462 5748 est
2487 5691 2583 5746 ibi.
2609 5689 2784 5746 Hodie
2809 5687 2858 5744 si
2905 5703 3092 5744 vocem
3115 5687 3238 5756 eius
3279 5683 3591 5760 audieritis,
3621 5681 3788 5738 nolite

2204 5783 2474 5840 obdurare
2523 5783 2684 5840 corda
2717 5790 2916 5850 vestra,
2967 5779 3094 5852 quia
3141 5778 3284 5836 sicut
3337 5776 3552 5847 priores
3603 5781 3786 5846 patres
