3988 6402
103 340 238 400 509

827 343 1194 412 EXPOSITIO
1232 346 1301 404 IN
1334 336 1718 408 EPISTOLAS
1744 348 1982 412 PAULI.
2024 383 2095 394 —
2135 351 2205 411 IN
2241 351 2462 412 EPIST.
2500 355 2594 412 AD
2621 355 2802 424 ΗΕΒ(

3290 326 3399 428 5·ίο

95 463 366 527 propter
389 453 826 513 incredulitatem
859 457 1024 518 etiam
1055 458 1286 532 ﬁguram
1328 459 1681 531 perdiderunt
1714 479 1728 515 :
1759 470 1805 526 Α
1833 470 1891 518 et
1915 479 2040 520 cum
2071 473 2278 521 tantam
2301 467 2500 525 habeat
2525 471 2844 541 potentiam,
2874 489 2984 530 non
3007 477 3275 536 minorem
3311 483 3415 540 ha-

97 550 202 606 sic
227 558 300 606 et
320 565 422 605 vos
448 549 520 621 (si
550 548 817 606 increduli
843 548 1079 622 fueritis)
1113 567 1296 608 veram
1341 552 1585 624 requiem
1620 569 1730 610 non

98 642 517 711 possidebitis.
550 641 681 699 Post
712 650 927 698 tantum
962 645 1224 715 temporis
1269 645 1392 700 ideo
1419 647 1675 702 terminat
1715 666 1728 702 :

98 735 394 802 quoniam
441 743 706 806 superest,
740 735 796 792 id
835 745 921 792 est
954 745 1126 793 restat
1175 737 1352 793 adduc
1369 739 1623 810 quosdam
1641 741 1730 794 in-

100 825 300 880 troire
329 826 384 879 in
401 825 554 880 illam
587 828 834 898 requiem.
852 827 978 886 ideo
997 829 1164 885 etiam
1187 829 1264 886 ait
1282 830 1450 886 nolite
1463 829 1733 886 obdurare

101 917 306 973 corda
340 937 355 973 :
378 919 509 989 quia
531 919 590 974 hi
613 919 817 989 quibus
845 921 1123 990 prioribus
1143 923 1530 978 annuntiatum
1547 930 1632 978 est
1653 922 1722 980 de

101 1011 332 1080 requie
373 1020 598 1083 propter
653 1012 1091 1069 incredulitatem
1124 1030 1282 1071 suam
1321 1033 1335 1070 :
1389 1030 1492 1072 nec
1535 1016 1728 1072 saltem

105 1099 473 1158 introierunt
497 1103 555 1158 in
607 1103 864 1176 ﬁguram,
893 1105 1096 1160 nedum
1125 1106 1183 1161 in
1221 1106 1398 1176 ipsam
1418 1106 1724 1163 veritatem.

105 1190 222 1248 Vel
250 1193 341 1250 ita
381 1204 638 1251 manente
677 1195 871 1251 eadem
913 1197 1209 1253 sententia.
1243 1196 1385 1265 Quia
1434 1198 1515 1254 sic
1537 1207 1594 1254 et
1647 1199 1728 1255 sic

102 1285 384 1354 pollicita
427 1294 513 1342 est
550 1286 770 1358 requies
821 1287 914 1342 illa
948 1307 962 1344 :
993 1303 1126 1360 ergo
1149 1297 1211 1344 ut
1242 1289 1574 1359 impleantur
1599 1305 1728 1360 pro-

105 1377 305 1434 missa
347 1397 361 1433 :
388 1385 640 1450 superest
659 1377 930 1450 quosdam
952 1378 1179 1436 introire
1201 1381 1258 1435 in
1283 1379 1430 1436 illam
1454 1379 1722 1450 requiem.

105 1467 184 1525 Et
207 1470 491 1540 quoniam
513 1479 764 1542 superest
785 1472 1057 1546 quosdam
1091 1473 1318 1529 introire
1336 1515 1351 1540 ,
1376 1473 1497 1530 ideo
1531 1472 1725 1528 iterum

109 1565 392 1617 terminat
421 1565 704 1634 quemdam
721 1564 884 1631 diem,
916 1573 1042 1636 post
1074 1573 1288 1622 tantum
1323 1564 1607 1636 temporis,
1649 1563 1732 1619 di-

106 1653 308 1710 modo
329 1654 488 1709 ltodie
532 1655 591 1710 in
627 1653 824 1711 Dauid.
857 1653 926 1710 Et
961 1657 1222 1726 quoniam
1263 1655 1320 1710 hi
1348 1656 1549 1726 quibus
1578 1654 1728 1726 prio-

107 1746 284 1803 ribus
311 1747 704 1803 annuntiatum
733 1747 904 1803 estde
932 1749 1121 1819 requie
1142 1748 1266 1816 illa,
1294 1757 1516 1819 propter
1540 1748 1724 1804 incre-

1833 554 1925 610 bet
1952 557 2293 626 sapientiam.
2321 559 2418 616 Est
2445 562 2591 617 enim
2617 565 2992 632 penetrabilior
3028 572 3173 625 omni
3209 571 3414 645 gladio,

1832 646 1887 702 id
1907 656 1991 703 est
2012 649 2164 703 omni
2192 650 2435 707 humano
2459 654 2679 726 ingenio
2711 674 2725 710 :
2749 659 2894 727 quod
2920 659 3047 729 quia
3073 665 3287 720 occulta
3315 681 3414 736 po—

1831 745 2044 806 netrat,
2073 738 2275 795 dicitur
2307 743 2523 815 gladius
2575 745 2864 815 perforans
2915 750 3192 809 interiora.
3221 755 3416 814 Gladio
3481 737 3500 756 κ

1831 825 1976 894 dico,
2001 830 2229 899 ancipiti
2257 847 2276 885 :
2305 833 2433 903 quia
2455 835 2598 891 sicut
2626 837 2838 908 gladius
2867 855 3066 912 anceps
3100 846 3194 915 qui
3219 847 3273 901 in
3297 865 3416 906 me-

1831 919 1924 974 dio
1957 929 2172 976 tenetur
2206 932 2332 979 ante
2357 935 2412 981 et
2442 937 2589 982 retro
2609 931 2869 999 percutit;
2900 933 3292 994 Sichumanum
3323 939 3414 996 in-

1831 1013 2051 1081 genium
2080 1024 2173 1069 :et
2199 1015 2268 1070 de
2297 1018 2564 1088 sapientia
2594 1020 2844 1090 spiritali,
2867 1031 2922 1077 et
2965 1025 3033 1080 de
3055 1027 3282 1084 scientia
3305 1031 3414 1086 hu-

1830 1118 1995 1158 mana
2021 1104 2291 1176 intelligit.
2319 1106 2512 1164 Sermo
2553 1111 2720 1166 etiam
2755 1110 2851 1168 Dei
2877 1122 2962 1170 est
3004 1118 3300 1188 pertingens
3322 1137 3416 1176 us-

1829 1211 1928 1267 que
1955 1196 2025 1250 ad
2050 1198 2362 1253 divisionem
2387 1202 2581 1256 anima:
2610 1219 2673 1256 ac
2692 1205 2932 1274 spiritus,
2958 1208 3087 1278 quia
3131 1211 3235 1265 scit
3275 1211 3418 1270 bene

1828 1287 2137 1345 discernere
2163 1304 2286 1360 qua:
2307 1290 2420 1346 sint
2462 1293 2680 1361 animae,
2729 1295 2782 1350 id
2807 1307 2890 1352 est
2911 1301 3283 1359 sensualitatis
3314 1322 3326 1359 :
3357 1313 3418 1362 et

1828 1395 1952 1449 quae
1981 1381 2090 1436 sint
2119 1382 2366 1452 spiritus,
2392 1383 2446 1440 id
2494 1394 2582 1441 est
2626 1387 2876 1444 rationis.
2926 1390 3202 1450 Discernit
3244 1396 3413 1452 etiam

1830 1472 1980 1542 ipsos
2001 1482 2157 1530 actus
2199 1477 2575 1534 sensualitatis
2609 1479 2755 1535 inter
2775 1497 2834 1536 se
2884 1492 2939 1538 et
2977 1483 3368 1555 dispositiones
3391 1505 3414 1546 :

1825 1564 1957 1634 quia
1987 1565 2284 1636 aliquando
2307 1569 2640 1625 sensualitas
2659 1572 2927 1628 rationem
2951 1588 3138 1631 secum
3162 1578 3328 1632 trahit
3354 1579 3414 1636 in

1824 1665 2133 1726 peccatum,
2172 1659 2337 1715 modo
2364 1659 2504 1717 bene
2541 1664 2822 1733 operando
2876 1667 3148 1722 consentit
3169 1669 3410 1738 spiritui.

1827 1746 1944 1802 Scit
1969 1749 2135 1804 etiam
2158 1749 2471 1808 discernere
2500 1767 2566 1807 ea
2610 1768 2735 1824 qua:
2760 1765 2890 1811 sunt
2915 1756 3141 1826 spiritus
3163 1758 3303 1813 inter
3331 1774 3414 1828 se,

107 1839 424 1895 dulitatem
473 1854 586 1895 non
626 1839 956 1896 introierunt
1013 1841 1070 1896 in
1104 1856 1225 1896 eam
1253 1859 1267 1896 :
1300 1839 1425 1896 ideo
1468 1841 1630 1896 hodie
1675 1840 1723 1896 si
1754 1823 1798 1883 Β
1826 1840 2103 1912 quomodo
2141 1857 2290 1898 nunc
2333 1853 2599 1915 repugnet
2630 1823 2978 1902 sensualitati
3005 1890 3020 1915 ,
3084 1823 3418 1921 quandoque

109 1947 323 1988 vocem
341 1930 470 2002 ejus
489 1932 776 1988 audieritis
799 1933 969 1989 nolite
993 1932 1269 1989 obdurare
1302 1933 1471 1990 corda
1496 1941 1677 1988 vestra
1709 1951 1724 1988 :

109 2023 271 2080 sicut
291 2039 468 2095 supra
493 2022 701 2080 dictum
723 2033 809 2080 est
828 2024 1076 2095 patribus
1108 2025 1326 2082 vestris.
1371 2023 1511 2080 Vere
1537 2039 1728 2094 super-

108 2126 202 2172 est
226 2117 514 2188 quosdam
543 2116 753 2173 intrare
796 2117 854 2172 in
901 2118 1050 2173 illam
1103 2126 1306 2174 terram
1355 2133 1524 2173 :nam
1563 2117 1725 2185 (sicut

112 2210 268 2266 falso
287 2220 525 2281 putatur
543 2228 575 2267 a
595 2212 950 2283 quibusdam)
999 2211 1180 2280 Iesus,
1205 2213 1260 2268 id
1289 2221 1374 2269 est
1418 2211 1585 2268 Iosue
1614 2227 1727 2268 non

115 2301 391 2369 praestitit
413 2301 495 2358 eis
518 2301 668 2357 illam
693 2303 960 2374 requiem.
993 2301 1054 2358 Si
1079 2304 1220 2358 enim
1243 2303 1334 2360 hic
1365 2302 1543 2370 Iesus,
1568 2303 1621 2357 id
1643 2311 1731 2358 est

111 2391 292 2449 Iosue
317 2394 665 2464 praestitisset
686 2395 764 2450 eis
787 2394 931 2451 hanc
958 2397 1187 2467 requiem
1207 2437 1222 2463 ,
1259 2413 1528 2468 nunquam
1555 2394 1727 2450 David

113 2485 440 2556 loquentur
460 2485 527 2540 de
554 2484 667 2540 alia
693 2485 886 2557 requie
932 2486 1090 2558 longe
1113 2495 1230 2558 post
1256 2485 1424 2544 Iosue
1451 2505 1464 2542 :
1491 2486 1726 2542 dicendo

114 2577 222 2630 hac
245 2577 367 2645 die,
402 2577 460 2633 id
485 2585 572 2633 est
590 2585 675 2634 est
701 2577 888 2634 hodie.
922 2577 1022 2634 Vel
1049 2579 1124 2635 ita
1154 2597 1168 2634 :
1203 2577 1495 2650 Nunquam
1555 2577 1726 2634 David

114 2668 455 2740 loqueretur
473 2670 541 2726 de
566 2669 676 2724 alia
703 2669 792 2726 die
809 2671 1078 2741 posthac,
1101 2671 1157 2727 id
1188 2680 1273 2727 est
1295 2674 1341 2729 si
1369 2671 1730 2728 intellexisset

116 2777 149 2816 a
176 2760 360 2819 Iosue
390 2779 577 2820 veram
597 2765 844 2837 requiem
865 2765 1215 2822 distributam
1229 2781 1370 2822 esse.
1397 2766 1727 2822 Assumatur

118 2855 197 2910 ita
235 2874 252 2910 :
287 2853 406 2912 Sed
440 2854 603 2914 Iesus
628 2857 798 2916 Iosue
822 2874 934 2915 non
975 2858 1230 2930 praestitit
1275 2859 1382 2914 illis
1407 2874 1593 2914 veram
1633 2874 1724 2914 re-

117 2947 341 3018 quiem.
373 2947 445 3003 Et
501 2949 634 3020 quia
663 2952 939 3021 promissa
967 2959 1073 3018 est,
1109 2959 1164 3006 et
1193 2951 1434 3006 nondum
1458 2951 1725 3020 praestita,

117 3039 317 3112 itaque
351 3040 464 3096 hoc
481 3041 660 3098 solum
681 3057 752 3098 ex
793 3043 1095 3114 praemissis
1140 3042 1479 3114 relinquitur,
1520 3043 1725 3098 scilicet

121 3131 506 3187 Sabbatismus
528 3133 724 3204 populo
751 3132 871 3189 Dei.
906 3133 1286 3190 Sabbatismus
1307 3135 1510 3190 dicitur
1524 3135 1726 3205 jucun-

119 3223 319 3281 ditatis
352 3243 368 3280 :
395 3233 450 3281 et
467 3224 559 3282 illa
580 3225 872 3282 delectatio
901 3241 1024 3296 qua:
1057 3227 1119 3282 ﬁt
1157 3227 1213 3282 in
1249 3226 1490 3282 Sabbato
1516 3227 1726 3298 signiti-

120 3332 263 3374 cans
283 3316 688 3389 iucunditatem
705 3319 824 3374 veri
851 3317 1097 3374 Sabbati.
1135 3317 1202 3374 Et
1221 3319 1361 3374 bene
1393 3319 1518 3374 dico
1582 3317 1724 3374 Sab-

121 3408 426 3464 batismus.
455 3406 600 3463 Nam
639 3410 937 3480 quicunque
981 3409 1251 3479 ingressus
1278 3417 1357 3463 est
1402 3409 1460 3464 in
1494 3410 1724 3480 requiem

119 3500 269 3570 ejus,
298 3500 419 3556 sive
463 3499 765 3568 Abraham,
815 3501 932 3557 sive
981 3501 1214 3572 quilibet
1243 3509 1494 3568 sanctus,
1518 3501 1726 3558 invenit

122 3593 284 3648 hunc
312 3590 746 3648 Sabbatismum.
782 3592 938 3660 Quod
970 3593 1044 3648 ita
1066 3593 1146 3648 ait
1167 3610 1184 3648 :
1209 3590 1330 3648 Non
1361 3592 1540 3647 solum
1563 3590 1724 3647 Chr-iv

122 3693 251 3740 stus
282 3683 386 3739 sed
409 3684 572 3738 etiam
598 3684 710 3754 ipse
765 3683 861 3753 qui
910 3684 1194 3756 ingressus
1239 3691 1325 3739 est
1362 3683 1614 3754 requievit
1657 3681 1722 3737 ab

123 3775 384 3845 operibus
408 3775 544 3840 suis,
570 3774 625 3830 id
647 3783 733 3831 est
761 3775 831 3831 ab
849 3776 1002 3830 omni
1031 3775 1218 3830 labore
1267 3793 1281 3829 :
1313 3775 1452 3829 sicut
1477 3783 1532 3830 et
1581 3773 1723 3829 Deus

125 3867 345 3938 quiavit
375 3883 408 3920 a
434 3867 545 3921 suis
574 3867 854 3938 operibus.
877 3866 1043 3935 Quies
1068 3867 1216 3923 enim
1238 3866 1476 3934 Domini,
1507 3867 1725 3938 signum

126 3969 180 4013 et
202 3971 386 4015 causa
412 3957 518 4014 fuit
542 3967 747 4015 nostra:
805 3959 1026 4030 quietis.
1071 3958 1218 4015 Deus
1246 3959 1391 4014 enim
1441 3965 1590 4014 sexta
1638 3958 1728 4014 die

128 4047 419 4103 hominem
441 4036 590 4114 fecit,
645 4057 798 4104 sexta
851 4055 1012 4104 aetate
1057 4048 1326 4105 redimere
1376 4046 1544 4114 venit,
1574 4057 1728 4106 sexta

127 4139 243 4206 die,
281 4147 341 4195 et
367 4139 615 4210 ejusdem
651 4140 760 4196 diei
785 4148 940 4196 sexta
963 4140 1100 4196 hora
1137 4155 1264 4196 eum
1299 4139 1548 4206 redemit,
1572 4139 1726 4210 quie-

129 4246 302 4287 scene
331 4229 580 4287 Sabbato
605 4232 662 4286 in
696 4232 970 4303 sepulcro,
992 4232 1310 4304 signiﬁcans
1347 4247 1536 4288 secum
1571 4231 1628 4286 in
1654 4246 1728 4286 ae-

131 4331 294 4378 terno
318 4319 563 4377 Sabbato
583 4323 886 4394 quieturos.
914 4321 982 4377 Et
1009 4323 1138 4392 quia
1159 4322 1380 4394 requies
1399 4321 1730 4392 relinquitur

131 4413 346 4485 populo
366 4413 486 4480 Dei,
508 4419 564 4469 et
592 4413 906 4485 quicunque
950 4414 1262 4486 ingrediens
1287 4415 1344 4469 in
1389 4414 1561 4481 illam,
1587 4413 1731 4469 sicut

132 4503 283 4607 Deus
312 4506 391 4607 ita
423 4505 720 4607 requiescit
749 4523 910 4578 :ergo
954 4507 1095 4607 bene
1134 4509 1432 4607 operando,
1487 4517 1544 4565 et
1596 4522 1728 4564 sane
1756 4547 1806 4607 Β

131 4595 436 4662 caedendo,
474 4595 780 4666 festinemus
827 4598 1034 4669 ingredi
1082 4599 1140 4653 in
1186 4599 1340 4654 illam
1364 4600 1728 4672 requiem:ita

131 4688 468 4746 festinemus
489 4697 623 4743 utne
641 4690 759 4760 quis
781 4700 1032 4746 nostrum
1073 4691 1276 4746 incidat
1293 4693 1350 4746 in
1376 4692 1607 4762 idipsum
1635 4708 1730 4747 ea:-

129 4781 372 4852 emplum
393 4781 809 4849 incredulitatis,
842 4783 896 4838 id
927 4791 1013 4840 est
1048 4783 1106 4839 in
1144 4783 1393 4840 eamdem
1435 4785 1729 4841 increduli-

132 4883 302 4929 tatem
322 4915 338 4940 ,
364 4873 422 4927 in
446 4887 612 4944 quam
659 4883 846 4945 patres
889 4876 1065 4931 nostri
1111 4876 1439 4932 inciderunt.
1482 4876 1594 4933 Nos
1643 4878 1730 4934 di-

131 4981 222 5034 co,
254 4966 486 5038 gravius
539 4981 688 5023 nunc
722 4967 1078 5036 oﬁ‘endentes,
1123 4970 1252 5041 quia
1313 4986 1416 5026 nos
1464 4971 1730 5027 habemus

133 5057 260 5113 illos
286 5073 348 5111 Ill
367 5056 683 5128 exemplum
732 5058 961 5114 cavendi
1019 5059 1198 5127 nobis,
1255 5060 1335 5115 illi
1357 5061 1477 5116 sine
1529 5077 1732 5133 praece-

132 5150 285 5204 denti
305 5150 563 5219 exemplo
584 5150 918 5206 ceciderunt.
965 5150 1248 5207 Festinate
1284 5168 1386 5208 nos
1412 5163 1625 5223 oportet
1672 5154 1729 5208 in

131 5241 414 5312 requiem,
457 5249 515 5297 et
570 5257 682 5297 non
731 5242 974 5300 incidere
1009 5243 1068 5298 in
1096 5244 1531 5300 incredulitatem
1559 5263 1573 5299 :
1605 5247 1731 5316 quia

133 5348 313 5385 sermo
339 5330 461 5397 Dei,
486 5331 542 5386 id
571 5341 656 5388 set
680 5333 908 5388 verbum
933 5334 1107 5404 patris
1121 5334 1278 5404 juxta
1301 5335 1435 5390 illud
1463 5353 1518 5388 τι
1535 5332 1730 5389 Omni-

133 5413 960 5496 potenssermotuus,Domine,
985 5428 1302 5498 aregalibus
1337 5427 1556 5484 sedibus
1587 5427 1735 5483 venit

133 5515 294 5588 (Sap.
340 5534 476 5584 m1,
496 5518 607 5588 15).
631 5517 1412 5590 s372Hic,inquam,sermo
1444 5518 1540 5574 Dei
1553 5520 1728 5574 estvi-

135 5611 326 5677 sus,id
346 5619 433 5667 est
467 5611 633 5666 vitam
659 5612 887 5677 habens,
912 5612 1134 5682 suisque
1167 5613 1331 5666 vitam
1387 5613 1726 5666 ministrans.

137 5704 392 5776 Cumque
404 5705 478 5760 sit
487 5704 740 5761 vivusest
757 5705 921 5760 etiam
944 5705 1148 5774 eﬁicaat,
1163 5703 1218 5758 id
1233 5713 1318 5759 est
1330 5702 1536 5760 faciens
1553 5703 1729 5773 quod-

136 5813 359 5871 cunque
387 5799 524 5868 vult,
549 5799 950 5854 remunerando
980 5797 1120 5870 pios,
1155 5797 1464 5855 damnando
1493 5795 1724 5868 impios:

1827 1933 2135 1988 consentiat
2162 1953 2175 1988 :
2201 1935 2531 2006 quandoque
2556 1938 2694 1994 bene
2723 1940 2938 2008 operari
2992 1956 3180 1996 secum
3231 1951 3412 2013 cogat,

1824 2024 2140 2095 pertingens
2187 2041 2363 2097 usque
2427 2027 2495 2082 ad
2565 2028 2878 2083 divisionem
2926 2047 3258 2102 compagum.
3313 2032 3408 2088 Vel

1827 2115 1996 2185 (quod
2034 2117 2177 2172 idem
2205 2117 2372 2189 valet)
2397 2136 2410 2172 :
2441 2117 2720 2174 Discretor
2747 2121 2912 2176 etiam
2935 2137 3260 2194 compagum
3295 2124 3416 2177 ani-

1827 2223 1931 2263 ma:
1958 2215 2013 2262 et
2041 2209 2268 2279 spiritus
2297 2228 2312 2264 :
2341 2210 2469 2280 quia
2492 2211 2596 2265 scit
2617 2211 2815 2267 seriem
2840 2212 2992 2268 illam
3037 2215 3276 2285 quodam
3323 2229 3416 2270 or-

1826 2297 1954 2355 dine
1975 2310 2317 2372 compactam
2347 2321 2361 2358 :
2391 2317 2542 2357 nunc
2565 2304 2620 2357 in
2646 2305 3019 2374 sensualitate,
3043 2321 3191 2360 nunc
3217 2307 3275 2360 in
3310 2306 3418 2376 spi-

1825 2393 1934 2448 ritu
1968 2395 2152 2450 zsicut
2177 2395 2401 2466 quando
2437 2397 2770 2452 sensualitas
2795 2398 2994 2452 desinit
3039 2399 3182 2454 male
3231 2414 3412 2470 agere,

1827 2490 1882 2538 et
1904 2482 2104 2539 dehinc
2123 2483 2260 2539 bene
2285 2484 2563 2554 operando
2611 2485 2926 2541 consentire
2951 2486 3190 2557 spiritui,
3233 2498 3290 2542 et
3335 2487 3418 2544 sic

1827 2573 2094 2645 gradatim
2151 2576 2400 2631 ascendit
2440 2576 2607 2632 etiam
2657 2577 2883 2647 spiritus
2909 2619 2925 2645 ,
2979 2580 3217 2648 primum
3275 2579 3418 2634 bene

1827 2666 2041 2735 Operari
2055 2667 2244 2738 incipit
2279 2687 2293 2723 :
2322 2667 2521 2724 dehinc
2549 2667 2910 2738 contemplari
2969 2668 3064 2722 illa
3085 2669 3355 2735 ctelestia,
3381 2685 3416 2726 a

1828 2760 2142 2818 ctelestibus
2168 2762 2462 2828 transiens,
2502 2761 2618 2833 ﬁgit
2639 2761 2861 2817 oculum
2923 2761 2980 2816 in
3003 2763 3182 2832 ipsum
3219 2763 3412 2818 Deum.

1826 2850 2102 2908 Discretor
2121 2854 2286 2908 etiam
2308 2852 2684 2920 medullarum,
2735 2853 2789 2908 id
2819 2861 2906 2908 est
2928 2854 3113 2908 omnis
3137 2853 3415 2909 subtilita-

1826 2946 1898 3002 tis
1922 2947 2121 3002 animae
2145 2955 2202 3002 et
2230 2946 2456 3016 spiritus
2489 2963 2504 3000 :
2527 2945 2659 3016 quia
2685 2944 2833 3000 nulla
2882 2944 3159 3000 subtilitas
3177 2959 3302 2999 eum
3333 2945 3416 2998 la-

1825 3044 1940 3093 tere
1966 3045 2162 3107 potest.
2193 3035 2470 3092 DiScretor
2489 3036 2656 3091 etiam
2686 3035 2932 3091 omnium
2981 3035 3364 3106 cogitationum
3396 3051 3412 3088 :

1827 3128 1955 3196 quia
1989 3128 2139 3182 novit
2162 3127 2426 3198 quidquid
2454 3127 2618 3183 homo
2653 3125 2877 3197 cogitat,
2892 3140 2997 3181 nec
3037 3125 3217 3181 solum
3257 3124 3415 3197 cogi-

1828 3219 2120 3287 tationum,
2177 3220 2269 3275 sed
2301 3219 2467 3274 etiam
2510 3219 2778 3275 discretor
2821 3217 3176 3273 intentionum
3214 3217 3411 3284 cordis,

1829 3311 1958 3381 quia
1980 3310 2133 3366 novit
2157 3311 2421 3382 quidquid
2446 3327 2542 3382 per
2568 3309 2929 3383 cogitationes
2952 3309 3219 3378 intendat.
3245 3308 3311 3363 Et
3332 3311 3418 3380 (ut

1827 3403 2154 3474 sapientiam
2199 3402 2322 3474 ejus
2354 3403 2591 3459 breviter
2641 3402 3126 3474 comprehendam)
3180 3418 3286 3456 non
3336 3410 3416 3456 est

1826 3493 1942 3548 ulla
1978 3502 2228 3548 creatura
2256 3493 2564 3561 invisibilis,
2615 3494 2668 3549 id
2696 3502 2783 3550 est
2821 3509 2946 3564 qua:
2998 3507 3110 3548 non
3155 3500 3418 3563 appareat

1824 3585 1882 3639 in
1920 3596 2198 3657 conspectu
2252 3585 2390 3656 ejus,
2437 3585 2534 3656 qui
2594 3593 2780 3642 tantus
2817 3595 2902 3641 est
2937 3592 3000 3640 ut
3041 3584 3206 3640 simul
3227 3584 3414 3640 omnia

1825 3679 2271 3748 comprehendat.
2315 3677 2384 3732 Et
2428 3693 2552 3733 cum
2590 3693 2773 3734 sermo
2801 3676 2897 3733 Dei
2935 3678 3010 3732 ita
3039 3676 3112 3731 sit
3133 3675 3320 3731 ellicax
3354 3685 3416 3730 ut

1825 3772 2124 3842 potentiam
2167 3771 2431 3826 eﬂiciendi
2475 3771 2739 3841 quidquid
2792 3770 2921 3825 velit
2959 3769 3180 3834 habeat,
3209 3777 3414 3823 etcum

1827 3864 1964 3920 adeo
1985 3863 2054 3918 sit
2068 3863 2308 3932 sapiens,
2331 3863 2470 3917 bene
2494 3872 2548 3917 et
2575 3861 2792 3932 poterit,
2838 3868 2895 3916 et
2919 3859 3055 3915 sciet
3094 3858 3227 3929 quid
3289 3857 3415 3912 uni-

1827 3957 2028 4026 cuique
2054 3956 2250 4011 debeat
2268 3956 2590 4010 retribuere.
2651 3955 2709 4010 In
2747 3963 3044 4024 conspectu
3106 3952 3227 4023 ejus
3264 3950 3415 4006 nulla

1828 4061 2079 4104 creatura
2127 4047 2418 4102 invisibilis
2455 4047 2588 4102 :sed
2609 4047 2790 4101 omnia
2828 4055 2958 4102 sunt
3011 4045 3177 4110 nuda,
3234 4042 3418 4126 idest

1829 4143 2068 4197 revelata
2097 4149 2152 4197 et
2177 4139 2346 4211 (quod
2374 4139 2555 4209 majus
2582 4138 2686 4210 est)
2720 4137 2887 4194 etiam
2949 4137 3179 4193 interius
3231 4142 3417 4205 aperta

1829 4234 2019 4301 oculis,
2049 4234 2102 4289 id
2125 4243 2209 4289 est
2249 4232 2650 4304 perspicacitati
2684 4231 2798 4302 ejus
2822 4273 2838 4298 ,
2865 4231 2936 4285 ad
2972 4247 3126 4302 quem
3174 4238 3285 4284 tam
3319 4243 3421 4298 po-

1829 4334 2056 4392 tentem,
2079 4333 2189 4380 tam
2202 4324 2474 4380 subtiliter
2497 4323 2682 4379 omnia
2703 4323 3144 4392 prospicientem,
3163 4319 3312 4374 nobis
3333 4328 3421 4374 est

1831 4435 2001 4474 sermo
2025 4434 2044 4472 :
2073 4417 2202 4472 huic
2225 4417 2372 4472 enim
2396 4415 2658 4472 reddituri
2685 4429 2880 4470 sumus
2908 4412 3177 4468 rationem
3201 4409 3272 4465 de
3297 4409 3417 4464 sin-

1832 4511 1994 4582 gulis.
2021 4509 2302 4565 Festinate
2347 4524 2479 4580 ergo
2505 4509 2573 4564 ad
2601 4524 2727 4563 eum
2759 4507 2950 4562 relicto
2985 4505 3130 4560 malo
3169 4501 3421 4559 incredu-

1829 4604 2020 4659 litatis.
2045 4601 2399 4672 Comparavit
2444 4601 2664 4672 quidem
2693 4599 2902 4664 Iesum,
2927 4607 2982 4652 et
3025 4597 3290 4666 majorem
3325 4610 3419 4651 es—

1830 4697 2003 4752 tendit
2025 4695 2327 4767 prophetis,
2348 4703 2402 4749 et
2425 4693 2652 4762 angelis,
2681 4691 2870 4746 dicens
2895 4704 3025 4744 eum
3074 4687 3276 4741 Filium
3299 4683 3415 4751 Dei,

1831 4790 1925 4846 sed
1951 4788 2227 4859 quomodo
2285 4786 2341 4841 in
2390 4799 2458 4840 eo
2489 4783 2745 4854 penderet
2795 4789 2906 4836 tota
2933 4779 3085 4836 salus
3107 4777 3416 4842 hominum,

1830 4881 2064 4937 necdum
2092 4879 2307 4936 dixerat
2345 4895 2360 4933 :
2414 4874 2674 4944 adquod
2706 4882 2932 4944 possent
2985 4872 3064 4926 illi
3131 4869 3415 4939 objicere:

1832 4973 1976 5038 Quid
1999 4972 2220 5042 prodest
2248 4969 2406 5026 nobis
2443 4968 2492 5024 si
2532 4966 2709 5036 major
2733 4965 2942 5035 angelis
2964 4965 3052 5018 sit
3075 4962 3248 5018 Filius
3288 4961 3414 5028 Dei,

1831 5079 1958 5118 cum
1982 5062 2126 5118 Deus
2143 5061 2198 5116 in
2220 5076 2288 5116 eo
2316 5075 2426 5117 non
2449 5055 2784 5128 disposuerit
2809 5070 2920 5110 non
2949 5053 3186 5111 salvari?
3208 5053 3288 5106 Ad
3305 5052 3420 5107 haec

1833 5153 2126 5224 respondet
2149 5153 2355 5208 Paulus
2380 5151 2606 5217 dicens,
2653 5148 2801 5219 quod
2827 5148 2972 5202 ineo
3004 5145 3150 5201 Deus
3196 5158 3418 5199 omnem

1833 5246 2063 5301 salutem
2091 5245 2374 5315 proposuit
2397 5259 2495 5314 per
2549 5241 2916 5299 sacerdotium
2955 5238 3182 5304 Christi,
3213 5237 3418 5292 Levitis

1833 5354 1958 5392 cum
1991 5336 2280 5392 destruens
2314 5334 2681 5390 sacerdotium
2707 5375 2722 5401 ,
2749 5342 2805 5390 et
2825 5348 2922 5403 per
2942 5331 3170 5403 gratiam
3211 5328 3418 5383 Christi

1834 5430 2027 5484 inutile
2072 5428 2288 5499 pondus
2340 5427 2542 5484 veteris
2591 5426 2744 5499 legis.
2782 5425 2987 5481 Littera
3010 5424 3090 5479 sic
3119 5417 3414 5492 jungitur:

1835 5517 1972 5586 Quia
1991 5518 2058 5572 ad
2090 5518 2254 5575 istum
2286 5525 2400 5573 tam
2423 5523 2722 5587 potentem,
2773 5527 2887 5570 tam
2925 5513 3228 5582 sapientem
3256 5507 3416 5563 nobis

1831 5622 1918 5668 est
1949 5628 2171 5670 sermo:
2201 5628 2324 5684 ergo
2354 5621 2620 5666 temamus
2645 5609 3024 5678 confessionem
3050 5603 3164 5673 spei
3191 5613 3414 5664 nostrai.

1833 5705 1888 5760 id
1911 5713 1996 5761 est
2025 5705 2186 5761 ﬁdem
2221 5720 2318 5774 per
2339 5719 2505 5775 quam
2529 5702 2687 5758 nobis
2725 5698 3045 5756 conceditur
3073 5708 3296 5763 sperare
3335 5689 3418 5745 lu-

1831 5806 2011 5852 turam
2038 5798 2287 5869 gloriatur.
2311 5795 2646 5860 Tcncamns,
2676 5793 2922 5863 inquam,
2966 5788 3212 5842 habentes
3238 5783 3417 5855 ponti.-
