3988 6408
555 323 687 381 511·

1125 323 1186 380 S.
1211 322 1576 389 BRUNONIS
1611 323 2261 384 CARTHUSIANORUM
2297 328 2792 393 INSTITUTORIS
2829 335 2982 396 OPP.
3014 338 3199 397 PARS
3235 340 3300 398 ll.

3755 345 3868 402 5|,

553 439 728 510 ﬂeam,
752 437 847 508 qui
877 434 1058 494 factus
1086 446 1172 494 est
1205 439 1366 495 nobis
1388 454 1524 510 pons
1555 439 1612 494 in
1637 439 1892 496 salutem.
1913 439 2144 496 Pontiﬁ-
2173 445 2221 503 Α
2255 462 2274 496 ‹
2317 450 2681 518 terprelabilis
2703 452 3108 522 addicendum,
3143 454 3405 526 quoniam
3431 455 3751 514 immitte;
3775 458 3862 516 ta-
3888 508 3892 510 γ

552 545 676 587 cem
707 529 832 587 dico
859 546 1120 602 magnum
1143 531 1300 602 longe
1320 547 1432 601 prae
1463 532 1722 587 omnibus
1744 531 2004 588 Leviticis
2023 533 2144 603 :qui

554 623 803 695 pontifex
845 632 1036 680 noster
1082 626 1370 695 penetravit
1417 625 1575 680 ctelos
1598 627 1654 682 in
1681 626 2018 683 sublimitate
2041 643 2143 698 po-

554 714 760 782 tentiae,
803 715 1114 771 sacerdotes
1162 724 1345 771 autem
1403 715 1472 772 de
1522 715 1653 772 Levi
1701 717 1870 773 semel
1908 718 1966 773 in
1995 733 2144 774 anno

558 806 760 862 licebat
793 807 1020 863 introire
1045 807 1102 862 in
1131 815 1319 863 sancta
1345 816 1685 876 sanctorum,
1710 809 1804 866 ubi
1831 819 2012 865 tamen
2033 826 2146 865 non

556 899 833 956 erantnisi
864 899 1198 957 manufacta.
1232 899 1334 957 Hic
1355 909 1540 958 autem
1576 903 1948 972 potentialiter
1979 918 2149 973 pene-

557 1001 580 1049 t
613 993 718 1048 atis
737 993 910 1059 caelis,
938 993 1091 1049 sedet
1131 993 1187 1048 in
1213 993 1436 1050 dextera
1467 995 1660 1065 patris.
1703 995 2025 1052 Pontiﬁcem
2067 996 2146 1051 is-

555 1092 672 1138 tum
703 1084 826 1140 dico
842 1083 1028 1138 Iesum
1049 1127 1062 1151 ,
1088 1085 1143 1140 id
1163 1093 1249 1141 est
1270 1086 1596 1142 salvatorem
1609 1095 1858 1143 nostrum
1882 1097 1938 1142 et
1956 1097 2148 1158 poten-

555 1183 664 1230 tem
686 1175 926 1242 salvare,
971 1177 1102 1247 quia
1143 1175 1352 1232 Filium
1404 1178 1525 1234 Dei.
1558 1177 1670 1234 Nos
1693 1180 1857 1234 talem
1886 1180 2148 1236 habentes

553 1267 890 1337 pontiﬁcem,
911 1276 1198 1325 teneamus
1224 1270 1341 1340 spei
1371 1278 1574 1326 nostrae
1593 1269 2016 1326 confessionem.
2046 1269 2151 1326 lte-

551 1373 674 1412 rum
691 1374 758 1414 ne
768 1375 882 1431 prae
894 1360 1272 1432 magnitudine
1281 1360 1413 1416 Iesu
1429 1361 1785 1433 desperarent
1805 1365 2006 1420 inﬁrmi
2037 1362 2151 1418 fra-

549 1455 685 1518 tres,
699 1451 934 1508 dicendo
943 1452 1074 1522 quia
1085 1451 1260 1509 Filius
1271 1462 1357 1509 est
1373 1453 1489 1521 Dei,
1504 1456 1632 1526 quia
1647 1457 1816 1512 caelos
1829 1457 2148 1527 penetravit.

551 1556 838 1613 nunquam
867 1545 1186 1616 dignabitur
1229 1549 1670 1608 condescendere
1734 1553 2148 1608 inﬁrmitatibus

553 1634 763 1690 nostris
774 1634 851 1690 ait
860 1633 1086 1694 Paulus.
1109 1638 1239 1696 Sine
1249 1640 1544 1698 difﬁdentia
1557 1653 1842 1700 teneamus
1853 1643 2155 1700 confessio-

474 1753 479 1759 -
555 1739 684 1779 nens
722 1728 878 1795 :quia
909 1745 1014 1784 non
1043 1730 1294 1787 habemus
1332 1736 1652 1805 pontiﬁcem,
1697 1737 1786 1808 qui
1824 1737 1950 1792 licet
1977 1735 2152 1794 Filius

555 1813 719 1887 373
739 1815 834 1874 Dei
861 1819 951 1888 sit,
973 1836 1078 1876 non
1098 1829 1279 1878 tamen
1299 1801 1466 1894 possit
1483 1801 1719 1896 compati
1736 1835 1792 1882 et
1816 1828 2149 1883 condescen-
2179 1801 2224 1860 Β

555 1904 685 1960 dere
710 1906 1113 1978 inﬁrmitatibus
1137 1915 1356 1983 nostris,
1381 1924 1436 1970 et
1465 1917 1768 1972 secundum
1799 1916 2149 1989 fragilitatem

554 2008 682 2050 natu
692 2013 784 2064 rte,
806 2009 860 2056 et
884 2001 1050 2058 etiam
1073 2002 1262 2074 lapsis,
1289 2007 1384 2062 sed
1405 2008 1673 2065 habemus
1694 2011 2003 2081 pontiﬁcem
2033 2020 2149 2066 ten-

554 2097 727 2145 tatum
755 2092 810 2147 in
839 2109 1007 2152 carne
1042 2114 1138 2168 per
1173 2087 1361 2154 omnia.
1383 2117 1581 2172 genera
1622 2105 1962 2160 tentationis.
2001 2103 2149 2159 Ten-

547 2188 728 2237 tatum
761 2185 1006 2258 dicopro
1035 2190 1409 2259 similitudine,
1447 2195 1500 2248 id
1529 2204 1616 2251 est
1655 2197 1783 2266 quia
1824 2195 2021 2253 similis
2045 2196 2151 2252 fuit

555 2274 738 2343 nobis,
761 2281 1012 2336 manalis
1038 2291 1094 2337 et
1113 2285 1411 2353 passibilis.
1437 2285 1554 2354 Vel,
1578 2295 1845 2344 tentatum
1867 2305 1968 2359 pro
1989 2288 2148 2344 simi-

553 2363 807 2434 litudine,
839 2369 897 2424 id
920 2381 1006 2427 est
1045 2382 1106 2427 ut
1130 2376 1438 2445 exemplum
1471 2377 1526 2432 in
1562 2393 1619 2433 se
1647 2379 1802 2434 daret
1823 2380 1984 2436 nobis
2007 2378 2148 2436 resi-a

555 2457 737 2512 stendi
771 2461 1185 2532 tentationibus,
1228 2477 1282 2522 et
1318 2467 1398 2523 sic
1427 2477 1692 2526 tentatum
1733 2479 1914 2527 tamen
1957 2473 2150 2544 absque

556 2557 791 2617 peccato.
823 2549 906 2608 Ex
931 2567 1000 2608 eo
1020 2555 1167 2609 enim
1183 2558 1328 2627 quod
1355 2567 1598 2616 tentatus
1622 2569 1724 2628 est,
1749 2562 1855 2618 scit
1875 2564 2146 2634 compati;

557 2653 625 2695 ex
647 2655 715 2696 eo
737 2649 920 2698 autem
941 2646 1091 2716 quod
1106 2647 1224 2704 sine
1241 2659 1486 2720 peccato,
1513 2661 1692 2722 potest
1708 2654 1958 2711 liberare.
1982 2655 2146 2728 Ergo,

556 2731 686 2801 quia
709 2741 765 2790 et
786 2737 1209 2808 compatientem
1234 2751 1289 2797 et
1317 2751 1593 2813 potentem
1621 2746 1856 2804 liberare
1883 2749 2149 2808 habemus

555 2823 869 2892 pontiﬁcem
891 2867 908 2896 ,
949 2842 1082 2901 ergo
1130 2846 1250 2886 cum
1282 2833 1486 2903 fiducia
1521 2836 1773 2892 adeamus
1803 2839 1872 2892 ad
1904 2840 2150 2896 thronum

556 2915 768 2985 gratiis,
793 2917 958 2991 idest
975 2920 1046 2978 ad
1067 2919 1371 2992 Christum,
1399 2926 1455 2981 in
1476 2943 1586 2998 quo
1608 2945 1719 2984 non
1745 2932 1996 3001 quaedam
2021 2949 2148 3004 gra-

555 3005 654 3071 tia,
676 3006 772 3063 sed
793 3009 1026 3068 thronus
1053 3021 1109 3068 et
1129 3015 1288 3072 sedes
1311 3027 1398 3073 est
1421 3019 1602 3075 omnis
1631 3022 1838 3094 gratim.
1871 3022 1948 3078 De
1970 3025 2148 3094 pleni-

2252 558 2272 592 ‹
2316 542 2392 598 cti
2416 543 2549 600 estis
2571 544 2639 600 ad
2660 545 3015 602 audiendum.
3041 546 3256 603 Etenim
3278 563 3407 609 cum
3430 548 3719 606 deberetis
3745 568 3872 607 Ina-

2252 651 2271 685 ε
2317 634 2477 705 gistri'
2495 649 2619 692 esse
2636 648 2858 710 propter
2873 647 3111 711 tempus,
3134 657 3356 698 rursum
3381 642 3648 716 indigetis
3675 655 3747 700 ut
3765 661 3870 702 vos

2253 744 2272 777 ι
2313 727 2616 784 doceamini
2664 746 2788 801 quae
2833 732 2946 789 sint
2972 733 3242 790 elementa
3282 735 3495 790 exordii
3526 751 3868 794 sermonum

2252 837 2273 871 ι
2317 817 2434 887 Dei,
2461 828 2517 876 et
2543 819 2672 878 facti
2698 823 2834 880 estis
2859 825 3059 894 quibus
3087 825 3227 882 lacte
3247 841 3386 897 opus
3413 826 3507 896 sit,
3535 843 3652 886 non
3678 830 3868 887 solido

2253 928 2272 962 ς
2316 911 2460 966 cibo.
2492 911 2686 970 Omnis
2717 915 2864 969 enim
2899 915 2994 986 qui
3033 915 3192 974 lactis
3215 925 3302 972 est
3324 917 3627 988 particeps,
3657 933 3866 988 expers

2253 1020 2273 1054 ι
2317 1010 2402 1056 est
2423 1003 2696 1059 sermonis
2713 1004 2962 1074 iustitiae,
2985 1006 3246 1076 parvulus
3267 1008 3417 1063 enim
3436 1017 3543 1064 est.
3571 1006 3866 1066 Perfecto

2254 1111 2274 1144 ι
2318 1108 2442 1146 rum
2471 1101 2653 1149 autem
2682 1101 2767 1150 est
2790 1094 2999 1150 solidus
3024 1095 3203 1162 cibus,
3233 1111 3426 1152 eorum
3455 1098 3555 1167 qui
3583 1113 3694 1168 pro
3723 1114 3862 1154 cou-

2255 1202 2274 1237 c
2317 1184 2607 1240 suetudine
2634 1185 2962 1241 exercitatos
2990 1185 3194 1242 habent
3225 1201 3424 1244 sensus
3455 1187 3529 1244 ad
3556 1187 3861 1245 discretio-

2256 1294 2275 1327 ‹
2318 1291 2442 1330 nem
2470 1275 2601 1331 boni
2629 1267 2696 1332 ac
2723 1277 2874 1332 mali.
2913 1295 2934 1330 ι

2896 1384 3204 1428 εινοειτιο.

2323 1459 2471 1514 Dixit
2503 1459 2756 1530 superius
2781 1461 3034 1516 adeamus
3069 1462 3351 1520 Christum
3381 1478 3506 1517 cum
3537 1462 3775 1534 fidus—ia,
3803 1472 3864 1517 ut

2250 1567 2349 1622 per
2393 1552 2539 1607 hunc
2567 1554 2882 1622 pontiﬁcem
2922 1571 3306 1626 consequamur
3341 1556 3784 1610 misericordiam
3809 1565 3860 1609 es

2252 1645 2484 1715 gratiam
2522 1645 2581 1698 in
2623 1644 2849 1699 auxilio.
2899 1644 3059 1701 Nunc
3106 1653 3289 1702 autem
3319 1646 3522 1717 probat
3565 1661 3599 1701 a
3626 1646 3858 1710 minari,

2253 1736 2399 1806 quod
2428 1751 2527 1806 per
2549 1736 2697 1793 hunc
2715 1736 3024 1808 pontiﬁcem
3053 1735 3332 1794 Christum
3357 1752 3669 1808 possumus
3693 1737 3862 1792 mist.h

2251 1828 2545 1884 ricordiam
2569 1830 2852 1899 consequi,
2875 1829 3062 1886 dicens
3091 1847 3104 1884 :
3130 1827 3271 1885 Vere
3289 1844 3389 1900 per
3409 1828 3710 1885 Christum
3733 1843 3863 1899 pos—

2252 1937 2446 1978 sumus
2478 1922 2740 1992 consequi
2767 1921 3202 1978 misericordiam
3248 1921 3304 1976 in
3339 1921 3572 1977 auxilio.
3605 1919 3862 1991 Namque

2251 2028 2349 2083 per
2386 2012 2754 2068 ministerium
2801 2013 2985 2069 omnis
3029 2011 3306 2084 pontiﬁcis
3347 2013 3609 2068 homines
3651 2012 3769 2068 sub
3795 2028 3862 2066 eo

2250 2112 2485 2172 possunt
2520 2102 2960 2158 misericordiam
2984 2102 3268 2173 consequi,
3295 2103 3392 2174 qui
3421 2101 3674 2174 pontifex
3701 2103 3864 2172 longe

2251 2193 2436 2248 minor
2462 2192 2591 2262 quia
2619 2199 2874 2261 sumptus
2907 2207 2974 2246 ex
3001 2191 3352 2259 hominibus;
3378 2191 3644 2248 Christus
3671 2201 3860 2246 autem

2250 2282 2498 2354 pontifex
2527 2298 2595 2338 ex
2618 2281 2748 2338 Deo.
2784 2281 2854 2338 Et
2882 2283 2937 2338 in
2964 2283 3297 2352 quibusdam
3325 2284 3511 2341 verbis
3532 2285 3860 2356 pontiﬁcem

2249 2375 2418 2431 istum
2443 2372 2666 2430 Christo
2688 2374 3048 2445 comparabit,
3071 2384 3127 2431 et
3144 2376 3203 2430 in
3225 2375 3349 2432 aliis
3370 2376 3645 2432 minorem
3672 2387 3856 2433 osten-

2250 2467 2360 2524 det.
2385 2464 2497 2521 Nec
2538 2466 2645 2522 hoc
2671 2480 2977 2537 repugnare
3018 2466 3272 2523 videatur
3289 2469 3437 2538 quod
3467 2468 3548 2524 ait
3578 2488 3592 2523 :
3620 2468 3862 2525 Omnem

2249 2560 2564 2631 pontiﬁcem
2584 2560 2868 2628 constitui,
2896 2569 2954 2616 ut
2977 2575 3075 2631 per
3092 2559 3460 2616 ministerium
3484 2560 3614 2631 ejus
3637 2561 3861 2616 miseri—

2250 2654 2498 2709 cordiam
2541 2661 2962 2724 consequantur
2989 2653 3212 2710 subditi.
3243 2652 3383 2709 Cum
3419 2654 3478 2710 in
3523 2655 3725 2710 multis
3756 2655 3860 2710 hoc

2251 2744 2509 2816 defuerit,
2533 2746 2664 2816 quia
2683 2746 2811 2801 licet
2837 2745 2942 2802 hoc
2958 2745 3192 2814 deesset,
3215 2746 3299 2801 vel
3318 2755 3546 2817 propter
3563 2756 3860 2818 peccatum

2249 2833 2492 2892 ministri
2517 2836 2603 2892 vel
2627 2835 2834 2906 populi,
2860 2834 2930 2891 ad
2958 2834 3066 2892 hoc
3083 2843 3267 2891 tamen
3287 2835 3536 2906 pontifex
3560 2851 3860 2893 consecra-

2249 2934 2341 2982 tus
2373 2924 2478 2984 fuit
2501 2934 2561 2982 ut
2590 2941 2688 2996 per
2707 2925 3077 2984 ministerium
3097 2925 3219 2996 ejus
3245 2925 3696 2982 misericordiam
3717 2941 3856 2981 con-

2251 3027 2574 3090 sequeretur
2608 3019 2865 3089 populus,
2895 3019 3007 3075 nisi
3035 3018 3094 3073 in
3128 3018 3299 3074 altero
3327 3019 3662 3088 peccaverit.
3698 3017 3858 3086 Quod

555 3096 746 3205 tudine
773 3100 923 3205 enim
967 3102 1089 3174 ejus
1121 3119 1314 3164 omnes
1359 3109 1674 3180 accepimus
1719 3110 1900 3182 (Joan.
1935 3129 1982 3183 ι,
2033 3115 2145 3187 16),
2177 3143 2221 3205 C
2254 3111 2328 3205 ita
2361 3111 2439 3165 ait
2473 3129 2486 3166 :
2513 3109 2928 3205 Consequemur
2949 3109 3388 3205 misericordiam
3411 3125 3512 3205 per
3535 3110 3856 3205 pontiﬁcem

555 3190 821 3250 adeamus
863 3194 1008 3265 ideo,
1038 3207 1098 3252 ut
1135 3214 1234 3270 per
1275 3216 1402 3257 eum
1433 3219 1817 3276 consequamur
1851 3208 2151 3262 misericor-

555 3283 706 3338 diam
730 3285 798 3340 de
823 3290 1155 3360 commissis,
1184 3302 1235 3348 et
1260 3295 1403 3365 apud
1424 3310 1548 3351 eum
1571 3298 1900 3354 inveniamus
1920 3301 2152 3370 gratiam

557 3373 617 3427 in
657 3375 885 3445 auxilio,
931 3380 984 3435 id
1011 3390 1096 3438 est
1120 3385 1516 3443 auxiliatricem
1546 3388 1615 3444 ad
1645 3388 1784 3445 bene
1813 3391 2150 3460 sperandum

559 3462 628 3518 de
646 3462 853 3523 futuro.
882 3469 1123 3541 Auxilio,
1151 3473 1396 3546 inquam,
1420 3493 1532 3533 non
1559 3494 1660 3550 pro
1686 3482 1821 3537 velle
1843 3493 2033 3538 nostro
2055 3484 2150 3539 sed

557 3565 874 3628 opportuno,
897 3562 1028 3632 quia
1059 3580 1389 3637 quocunque
1417 3569 1580 3625 modo
1614 3569 1759 3627 Deus
1784 3574 2148 3643 opportunum

557 3644 759 3717 videat,
789 3665 1073 3723 nunquam
1109 3670 1241 3713 suos
1263 3656 1542 3728 inadjutos
1563 3660 1797 3716 deseret.

1192 3747 1424 3805 CAPUT
1465 3750 1525 3807 V.

633 3852 655 3889 ι
698 3832 891 3896 Omnis
913 3855 1152 3914 namque
1179 3843 1445 3914 pontifex,
1479 3860 1547 3932 (εχ
1582 3845 1900 3904 hominibus
1928 3863 2148 3904 assum-

561 3945 582 3979 ι
626 3936 776 3998 ptus,
802 3945 904 4001 pro
929 3932 1250 3991 hominibus
1277 3937 1632 3994 constituitur
1670 3939 1728 3994 in
1761 3940 1850 3998 his
1873 3956 1996 4012 quae
2020 3949 2150 3998 sunt

562 4040 581 4073 s
627 4022 696 4077 ad
720 4023 914 4094 Deum,
939 4037 1000 4083 ut
1019 4028 1214 4086 offerat
1233 4030 1378 4087 dona
1399 4039 1454 4087 et
1478 4033 1745 4089 sacriﬁcia
1768 4051 1868 4104 pro
1887 4035 2146 4106 peccatis,

560 4135 581 4166 ι
627 4115 721 4184 qui
752 4117 1042 4177 condolere
1082 4123 1260 4192 possit
1296 4123 1386 4179 bis
1421 4125 1516 4194 qui
1563 4124 1818 4195 ignorant
1854 4135 1908 4182 et
1939 4136 2145 4196 errant,

562 4224 583 4258 ο
627 4207 891 4277 quoniam
927 4219 984 4267 et
1016 4212 1133 4284 ipse
1165 4213 1538 4271 circumdatus
1585 4226 1672 4272 est
1713 4218 2048 4276 inﬁrmitate.
2082 4219 2148 4277 Et

563 4317 583 4349 ο
629 4310 916 4371 propterea
952 4302 1116 4361 debet
1156 4307 1618 4376 quemadmodum
1654 4324 1756 4379 pro
1804 4311 2034 4381 populo,
2071 4311 2146 4367 ita

565 4409 586 4443 ι
629 4391 796 4447 etiam
830 4403 885 4450 et
924 4411 1026 4466 pro
1056 4398 1354 4469 semetipso
1384 4398 1578 4456 offerre
1610 4416 1709 4472 pro
1750 4403 2006 4472 peccatis.
2035 4402 2147 4460 Nec

2253 3200 2554 3257 Christum.
2574 3199 2816 3272 Namque
2838 3203 3010 3256 omnis
3024 3200 3262 3271 pontifex
3279 3215 3346 3254 ex
3366 3200 3694 3254 hominibus.
3715 3199 3856 3266 Quia

2252 3288 2543 3364 antequam
2567 3294 2820 3364 eligatur,
2862 3294 2945 3349 sic
2971 3302 3060 3350 est
3084 3308 3153 3348 ex
3179 3291 3519 3356 hominibus,
3551 3291 3706 3362 quod
3743 3308 3854 3346 non

2250 3387 2376 3458 plus
2404 3387 2579 3458 possit
2597 3385 2848 3442 conferre
2870 3386 2964 3441 alii
2983 3401 3153 3457 quam
3176 3386 3266 3442 ille
3291 3384 3417 3443 sibi.
3443 3382 3568 3447 Hic.
3595 3384 3850 3455 inquam,

2249 3477 2495 3550 pontifex
2520 3486 2844 3548 assumptus,
2874 3477 2930 3534 id
2969 3487 3055 3534 est
3096 3477 3284 3533 divina
3310 3475 3597 3537 voluntate
3615 3475 3849 3532 electus.

2249 3573 2455 3629 Electio
2485 3572 2632 3628 enim
2661 3571 2846 3627 divina
2878 3586 2987 3641 qua
3017 3569 3184 3643 375.
3201 3569 3522 3636 assumitur,
3553 3568 3664 3624 hoc
3689 3569 3854 3624 eﬁdt

2250 3667 2308 3726 in
2333 3669 2398 3721 eo
2446 3673 2507 3720 ut
2554 3663 2729 3734 possit
2764 3663 3101 3720 intercedere
3141 3677 3242 3733 pro
3277 3662 3500 3733 populo,
3529 3661 3630 3732 qui
3658 3660 3850 3730 prius-

2249 3775 2417 3830 quam
2461 3757 2543 3813 sic
2592 3764 2933 3824 assumatur,
2962 3756 3234 3826 impotens
3283 3762 3368 3810 est
3406 3755 3466 3809 in
3508 3753 3661 3809 hoc:
3699 3752 3852 3807 vehit

2249 3853 2393 3908 alius
2411 3852 2597 3907 homo.
2620 3849 2975 3918 Assuptus,
2999 3849 3247 3919 inquam,
3269 3845 3619 3901 constituitur
3635 3861 3742 3914 pro
3761 3845 3852 3899 ha-

2249 3944 2502 4010 minibus,
2535 3943 2632 4014 qui
2663 3941 2830 4013 paulo
2863 3941 2990 3996 ante
3010 3948 3129 3995 erat
3154 3955 3222 3995 ex
3252 3937 3590 3994 hominibus.
3614 3937 3848 3992 Constio

2248 4036 2441 4103 tuitur,
2471 4035 2718 4106 inquam,
2747 4048 2849 4104 pro
2869 4031 3208 4098 hominibus,
3236 4046 3345 4086 non
3371 4039 3432 4086 ut
3456 4028 3648 4100 praesit
3675 4031 3764 4086 eis
3789 4029 3844 4084 in

2249 4129 2624 4194 saecularibus,
2649 4127 2747 4183 sed
2776 4126 2833 4179 in
2872 4124 2956 4179 his
2977 4140 3096 4196 qua
3139 4131 3285 4191 sunt,
3318 4123 3373 4178 id
3401 4131 3488 4178 est
3512 4137 3644 4193 qua:
3673 4122 3848 4191 perti-

2247 4228 2380 4274 nent
2404 4219 2474 4274 ad
2509 4218 2700 4284 Deum,
2729 4216 2939 4274 scilicet
2980 4225 3041 4273 ut
3067 4215 3318 4274 obsecret
3347 4224 3403 4271 et
3425 4213 3704 4270 sacriﬁcet
3743 4229 3846 4284 pro

2246 4310 2375 4366 illis.

2317 4401 2375 4456 ln
2403 4401 2490 4456 his
2520 4401 2588 4456 ad
2620 4398 2792 4455 Deum
2827 4398 2903 4455 ita
2932 4398 3286 4455 constituitur
3321 4405 3381 4452 ut
3409 4397 3600 4465 θίγεν-αι
3625 4396 3774 4450 dou
3793 4407 3844 4450 et

559 4500 580 4534 ο
623 4483 917 4556 quisquam
947 4488 1116 4544 sumit
1140 4488 1244 4545 sibi
1283 4489 1569 4558 honorem,
1598 4494 1691 4549 sed
1736 4494 1830 4565 qui
1857 4503 2083 4550 vocatur
2110 4512 2140 4552 a
2171 4483 2221 4544 D
2245 4491 2515 4561 sacriﬁcia
2544 4505 2640 4560 pro
2679 4490 2910 4560 peccatis
2954 4488 3141 4558 papuli
3187 4486 3452 4544 delendis.
3486 4485 3641 4540 Dona
3668 4501 3842 4541 voca-

558 4594 580 4629 σ
629 4576 740 4634 Deo
779 4589 1038 4652 tanquam
1071 4582 1275 4638 Aaron.
1311 4581 1391 4639 Ita
1419 4592 1474 4640 et
1509 4584 1762 4643 Christus
1793 4603 1902 4642 non
1938 4597 2140 4645 semet-

554 4689 578 4724 s
621 4671 801 4742 ipsum
830 4673 1148 4732 clariﬁcavit
1167 4684 1228 4730 ut
1253 4674 1509 4734 Pontifex
1527 4677 1701 4748 ﬁeret,
1733 4680 1828 4736 sed
1855 4681 1951 4752 qui
1983 4681 2141 4737 locus

544 4757 575 4819 ἰ
617 4774 713 4822 tus
739 4767 916 4823 estad
940 4783 1067 4826 eum
1100 4788 1114 4826 :
1148 4766 1324 4827 Filius
1355 4786 1512 4828 meus
1535 4787 1596 4828 es
1628 4781 1706 4841 tu,
1733 4788 1836 4844 ego
1863 4774 2027 4833 hodie
2049 4791 2142 4849 ge-

555 4876 576 4910 ‹
621 4859 719 4914 nui
739 4868 811 4916 te.
839 4859 1313 4929 Quemadmodum
1339 4871 1396 4920 et
1415 4864 1474 4920 in
1501 4864 1611 4922 alio
1633 4867 1758 4922 loco
1777 4866 1912 4923 dicit
1937 4885 1951 4922 :
1980 4867 2062 4923 Tu
2083 4884 2144 4926 es

556 4968 576 5003 s
623 4952 879 5010 sacerdos
905 4953 963 5009 in
993 4963 1257 5011 aeternum
1289 4955 1598 5012 secundum
1633 4958 1884 5014 ordinem
1914 4957 2141 5016 Melchi-

559 5057 583 5094 ι
625 5041 841 5098 sedech.
864 5043 969 5112 Qui
990 5045 1046 5100 in
1070 5046 1266 5104 diebus
1294 5047 1478 5104 carnis
1508 5063 1624 5105 suae
1647 5063 1838 5119 preces
1867 5051 2144 5122 supplica-

557 5145 582 5182 s
623 5129 905 5202 tionesque
969 5135 1038 5190 ad
1081 5149 1209 5192 eum
1241 5136 1338 5209 qui
1369 5137 1548 5208 possit
1579 5137 1810 5212 [posset]
1845 5139 1998 5196 illum
2021 5140 2117 5197 sal.

556 5239 577 5273 ι
619 5235 749 5275 vum
779 5221 959 5279 facere
1008 5241 1040 5281 a
1067 5236 1272 5295 morte;
1321 5245 1447 5284 cum
1475 5230 1716 5286 clamore
1761 5231 1941 5287 valido
1971 5242 2026 5288 et
2051 5233 2104 5291 la

555 5331 579 5365 ι
618 5314 824 5383 crymis
852 5315 1108 5386 offerens,
1136 5320 1428 5378 exauditus
1451 5330 1538 5379 est
1554 5335 1656 5394 pro
1683 5339 1783 5380 sua
1810 5326 2134 5382 reverentia.

554 5421 578 5454 s
623 5401 690 5457 Et
709 5402 931 5474 quidem
951 5421 1078 5462 cum
1099 5416 1246 5465 esset
1268 5408 1442 5468 Filius
1461 5409 1584 5480 Dei,
1613 5413 1804 5470 didicit
1821 5429 1890 5470 ex
1914 5413 2002 5472 his
2014 5431 2139 5486 quae

554 5513 575 5549 s
619 5512 819 5568 passus
844 5490 936 5555 est
977 5500 1363 5571 obedientiam,
1397 5512 1455 5559 et
1495 5515 1912 5564 consummatus
1957 5507 2138 5565 factus

553 5604 578 5641 ο
619 5597 707 5645 est
737 5591 996 5650 omnibus
1028 5592 1536 5665 obtemperantibus
1583 5595 1688 5652 sibi
1727 5612 1897 5654 causa
1945 5600 2138 5657 salutis

497 5708 512 5716 —
553 5697 580 5734 s
618 5689 852 5753 aeternae,
877 5683 1184 5757 appellatus
1205 5695 1238 5742 a
1272 5682 1384 5744 Deo
1407 5685 1674 5759 pontifex,
1701 5687 1858 5759 juxta
1888 5690 2135 5747 ordinem

557 5789 576 5822 ι
617 5769 1032 5835 Melchisedech.
1066 5774 1142 5834 De
1167 5777 1470 5850 quo-uobis
1495 5776 1718 5850 grandis
1742 5792 1945 5846 sermo,
1969 5787 2023 5836 et
2053 5777 2137 5836 in-

2246 4585 2448 4640 bantur
2475 4582 2531 4636 in
2553 4582 2672 4654 lege
2696 4579 2866 4636 veteri
2894 4579 3000 4635 illa:
3032 4579 3278 4634 minores
3299 4578 3626 4634 oblationes.
3653 4574 3845 4633 Sacri-

2246 4676 2370 4733 ﬁcia
2393 4683 2599 4742 autem,
2628 4672 2850 4745 quando
2873 4671 3264 4728 immolabatur
3302 4679 3497 4726 taurus
3521 4667 3611 4724 vel
3636 4669 3841 4739 hujus-

2247 4769 2417 4826 modi.
2447 4766 2760 4822 Iri-Christo
2801 4773 2984 4821 autem
3013 4779 3204 4836 preces
3243 4771 3300 4819 et
3339 4777 3682 4834 quascunque
3712 4761 3843 4818 fecit

2248 4875 2424 4931 usque
2446 4858 2524 4914 ad
2549 4858 2745 4915 horam
2771 4856 3048 4928 passionis
3073 4855 3220 4911 dona
3243 4854 3538 4910 dicuntum
3555 4851 3840 4909 Sacriﬁcia

2245 4961 2428 5008 autem
2457 4950 2677 5022 quando
2703 4949 2948 5020 seipsum
2969 4948 3024 5004 in
3051 4963 3149 5002 ara
3183 4947 3366 5003 crucis
3390 4945 3606 5001 obtulit.
3631 4943 3741 5000 Ubi
3765 4947 3842 5002 ait

2245 5051 2546 5114 assumptus
2585 5057 2652 5097 ea:
2693 5040 3017 5108 hominibus,
3061 5039 3137 5094 ibi
3187 5037 3429 5095 ostendit
3466 5036 3839 5108 majoritatem

2243 5135 2472 5202 Christi,
2513 5133 2609 5204 qui
2647 5131 3008 5189 exelectione
3047 5129 3146 5186 Dei
3179 5139 3498 5201 assumptus
3516 5128 3617 5195 sit;
3662 5127 3722 5182 in
3751 5129 3839 5184 his

2242 5242 2366 5297 quae
2399 5225 2663 5297 praedicta
2695 5231 2846 5292 sunt,
2875 5221 3317 5290 similitudinem,
3359 5221 3512 5292 quia,
3548 5219 3600 5276 si
3624 5233 3727 5290 per
3765 5221 3835 5276 il-

2237 5316 2353 5373 lum
2381 5315 2695 5386 pontiﬁcem
2714 5314 3032 5371 offerentem
3077 5313 3223 5369 dona
3249 5321 3308 5370 et
3338 5311 3612 5368 sacriﬁcia
3637 5325 3834 5368 conse-

2237 5419 2482 5482 quuntur
2501 5408 2755 5465 homines
2773 5406 3228 5474 misericordiam,
3247 5420 3420 5477 quare
3439 5420 3553 5460 non
3580 5402 3834 5461 similiter

2239 5517 2337 5574 per
2355 5502 2637 5558 Christum
2683 5499 2802 5556 haec
2823 5499 3016 5556 eadem
3045 5497 3405 5555 offerentem?
3438 5495 3827 5564 Constituitur,

2237 5595 2484 5665 inquam,
2507 5591 2751 5665 pontifex
2789 5592 2880 5664 qui
2902 5592 3090 5662 possit,
3116 5591 3172 5647 id
3190 5597 3278 5646 est
3301 5588 3400 5661 qui
3423 5588 3483 5644 in
3510 5604 3616 5644 usu
3633 5587 3829 5646 habeat

2238 5685 2510 5740 condolere
2539 5684 2621 5739 his
2649 5685 2750 5755 qui
2772 5685 3042 5755 ignorant,
3067 5683 3122 5738 id
3147 5691 3236 5738 est
3253 5683 3576 5754 ignoranter
3601 5697 3668 5736 ex
3694 5682 3814 5736 sim-

2238 5776 2474 5847 plicitate
2496 5783 2744 5848 peccant.
2772 5783 2821 5830 et
2842 5774 2931 5838 his
2957 5773 3052 5848 qui
3079 5782 3284 5843 errant,
3309 5771 3362 5828 id
3383 5781 3469 5828 est
3491 5771 3730 5829 scienter-
3745 5771 3823 5826 ius
