3988 6398
110 365 243 420 515
599 407 602 410 .
807 356 1173 416 EXPOSITIO
1209 357 1277 413 lN
1313 354 1698 414 EPISTOLAS
1733 353 1963 412 PAULI.
1999 387 2071 398 --
2107 354 2177 412 IN
2213 356 2433 415 EPIST.
2473 359 2568 414 AD
2599 358 2763 418 ΗΕΒ.
3322 365 3430 424 δη

114 478 342 533 cidunt
371 475 427 530 in
454 483 760 546 peccatum.
788 471 939 529 Talis
959 473 1108 528 enim
1134 472 1294 528 debet
1321 470 1456 542 elegi
1495 471 1591 540 qui
1615 484 1737 524 om-
1767 470 1814 530 A
1842 467 1982 525 bene
2007 471 2308 542 complacui
2369 471 2589 541 (Matth.
2621 490 2704 541 ιιι,
2737 473 2848 544 l7).
2903 494 2921 526 ι
2949 472 3006 529 In
3025 475 3114 532 his
3134 478 3314 534 verbis
3345 479 3430 536 Fi-

119 570 316 624 nibus
347 567 761 623 inﬁrinitatibus
791 565 1022 621 fratrum
1054 565 1192 621 sciat
1222 563 1482 634 compati,
1510 577 1621 617 non
1650 560 1744 631 qui
1845 559 1978 615 lium
2027 561 2362 618 clariﬁcavit.
2405 563 2721 636 Adjungens
2746 575 2959 621 autem:
2982 586 3008 644 ¹ι
3037 566 3218 637 Ipsum
3243 571 3428 626 audite

121 660 507 731 impatienter
551 657 852 728 praecipitet
898 655 1224 713 sententiam
1268 653 1636 710 damnationis
1687 653 1743 707 in
1845 653 2046 724 (ibid.),
2084 673 2103 706 ι
2176 654 2232 710 in
2263 657 2368 712 hoc
2388 658 2556 713 verbo
2583 659 2894 729 pontiﬁcem
2923 662 3285 716 consecravit.
3349 661 3421 719 Ut

124 752 427 808 subditos.
456 749 516 804 in
546 751 652 805 hoc
688 748 826 804 bene
855 747 1112 804 Christus
1137 746 1354 812 similis,
1385 745 1480 816 qui
1506 753 1745 800 tentatus
1842 742 2004 800 Pater
2023 747 2334 804 ostenderet
2360 749 2677 821 dignitatem
2696 751 2850 806 Filii:
2881 762 2938 806 tu
2963 769 3024 808 es
3053 753 3226 809 Filius
3248 770 3422 810 mens.

126 859 241 913 per
269 842 468 898 omnia
509 841 842 911 compatitur
881 838 1293 894 inﬁrmitatibus
1334 835 1558 892 nostris.
1611 835 1744 891 Dico
1844 834 1922 890 Ita
1969 836 2037 892 de
2086 837 2310 894 Christo
2357 839 2454 908 ait,
2497 842 2958 911 quemadmodum
2993 844 3060 899 de
3106 845 3425 915 pontiﬁcatu

127 933 330 1004 possit
381 931 693 999 condolere,
737 940 794 986 et
835 929 1028 1000 utique
1061 929 1240 994 debet,
1286 927 1568 998 quoniam,
1603 926 1746 982 sicut
1843 924 2086 995 ejusdem
2113 925 2279 982 etiam
2306 927 2362 983 in
2403 929 2513 984 alio
2541 929 2662 985 loco
2684 929 2930 1000 ejusdem
2961 930 3257 1003 Scripturae
3285 935 3362 989 ait
3400 952 3416 990 :

130 1025 383 1092 subditi,
425 1024 503 1080 ita
533 1023 699 1079 etiam
729 1023 849 1094 ipse
879 1021 1250 1078 circumdatus
1279 1029 1364 1076 est
1407 1019 1743 1085 inﬁrmitate,
1849 1015 1928 1070 Tu
1965 1034 2019 1072 es
2050 1019 2316 1086 sacerdos,
2339 1020 2636 1076 duraturus
2655 1021 2711 1075 in
2733 1031 2989 1077 aeternum
3017 1025 3302 1080 secundum
3330 1044 3420 1080 or-

134 1115 197 1173 id
223 1127 312 1172 est
339 1124 395 1172 et
416 1113 710 1186 fragilitate
733 1113 941 1179 carnis,
963 1121 1020 1168 et
1047 1113 1247 1184 saepius
1273 1120 1398 1168 actu
1428 1111 1658 1182 peccati.
1685 1110 1744 1166 In
1845 1108 2044 1176 dinem,
2071 1108 2127 1163 id
2163 1118 2249 1165 est
2278 1111 2577 1167 secundum
2607 1112 2927 1184 dignitatem
2956 1116 3166 1174 ordinis
3197 1117 3423 1173 Melchi-

134 1208 252 1262 hoc
286 1214 473 1262 autem
502 1205 757 1261 Christus
791 1204 968 1276 majo‘r
1007 1205 1136 1275 quia
1164 1205 1374 1274 absque
1401 1212 1645 1274 peccato.
1678 1202 1745 1259 Et
1843 1200 2048 1257 eedech.
2085 1201 2466 1257 Sacerdotium
2495 1211 2676 1258 autem
2703 1203 3002 1262 Leviticum
3034 1223 3144 1263 non
3176 1208 3231 1263 in
3260 1219 3422 1265 tetar-

135 1297 275 1368 quia
321 1296 441 1368 ipse
486 1295 860 1353 circumdatus
899 1304 984 1352 est
1029 1295 1347 1352 inﬁrmitate
1397 1314 1412 1351 :
1469 1305 1743 1367 propterea
1844 1304 1998 1358 num,
2031 1291 2125 1346 sed
2145 1291 2200 1345 in
2235 1299 2479 1362 tempore
2516 1293 2862 1352 duraturum.
2899 1296 3025 1354 Ideo
3052 1300 3421 1356 sacerdotium

135 1390 592 1460 quemadmodum
621 1387 779 1444 oﬂ‘ert
802 1403 897 1459 pro
931 1387 1124 1459 populo
1147 1387 1480 1444 absolvenda
1505 1403 1537 1442 ει
1557 1403 1744 1458 pecca-
1841 1378 2047 1437 Christi
2068 1397 2294 1439 necesse
2321 1392 2406 1439 est
2427 1393 2490 1438 ut
2513 1395 2731 1441 maneat
2760 1387 2814 1440 in
2846 1397 3132 1455 aeternum,
3159 1390 3288 1460 quia
3315 1391 3424 1445 sic-

139 1481 317 1545 tis,~et
344 1480 719 1536 conservando
745 1480 813 1536 de
839 1479 1045 1546 futuro,
1074 1480 1152 1533 ita
1171 1480 1335 1534 etiam
1355 1479 1547 1534 eodem
1575 1479 1741 1534 modo
1844 1480 1924 1538 ut,
1968 1472 2076 1528 nisi
2117 1487 2216 1543 per
2249 1489 2398 1541 eum.
2421 1474 2698 1532 beatitudo
2727 1493 2836 1532 non
2863 1487 3040 1548 potest
3074 1480 3286 1548 haberi.
3318 1479 3420 1547 sie.

138 1573 294 1626 debet
323 1571 399 1642 (ει
418 1586 646 1628 necesse
673 1571 779 1643 εει)
802 1571 991 1642 οιτον-τε
1011 1587 1106 1641 pro
1126 1571 1423 1641 semetipso,
1450 1571 1505 1625 in
1525 1587 1636 1641 quo
1659 1579 1742 1626 est
1841 1561 1949 1618 nisi
1976 1579 2072 1633 per
2098 1579 2224 1620 eum
2255 1565 2462 1634 habita,
2503 1583 2611 1622 non
2640 1576 2817 1638 potest
2839 1570 3083 1625 retineri.
3119 1570 3177 1625 In
3201 1572 3305 1628 hoc
3329 1574 3426 1627 ite-

140 1663 443 1721 inﬁrmitas
493 1663 871 1720 conservando
915 1663 984 1720 de
1017 1662 1224 1731 futuro,
1262 1671 1318 1719 et
1361 1679 1458 1734 pro
1510 1664 1717 1733 peccati.

1842 1670 1964 1709 rum
1995 1656 2142 1726 quod
2168 1655 2222 1710 in
2246 1665 2510 1712 aeternum
2539 1661 2795 1729 praelatus
2818 1669 2901 1716 est
2933 1661 3240 1720 sacerdotio
3261 1662 3422 1718 Levi-

142 1756 443 1826 praeteritis
472 1756 736 1812 delendis.
786 1755 848 1810 ιιι
889 1756 997 1812 hoc
1030 1755 1231 1812 iterum
1271 1753 1527 1811 Christus
1560 1756 1717 1826 majm

1841 1744 1970 1811 tico,
1996 1747 2149 1816 quia,
2181 1747 2312 1804 illud
2342 1749 2398 1802 in
2430 1757 2691 1820 tempore.
2736 1749 2801 1806 Et
2823 1752 2868 1807 si
2907 1753 3297 1808 destruendum
3327 1770 3421 1810 sa-

139 1821 271 1919 ξῐυῖε
301 1863 414 1903 non
446 1848 650 1920 indiget
684 1856 748 1903 ιιι
773 1846 965 1903 offerat
996 1861 1098 1918 ριιο
1127 1861 1207 1913 δε,
1238 1846 1348 1902 nisi
1378 1854 1591 1902 tantum
1636 1821 1736 1915 ριιο
1767 1821 1812 1876 Β
1836 1837 2138 1893 cerdotium
2181 1839 2442 1908 prodesse
2483 1842 2683 1910 potuit,
2713 1843 2887 1897 multo
2923 1844 3098 1914 magis
3154 1854 3421 1901 aeternum

140 1941 364 2011 populo.
397 1939 686 2006 Quomodo
708 1940 798 1996 hic
816 1937 1062 2010 pontifex
1089 1939 1456 1996 assumendus
1484 1938 1576 2005 sit,
1603 1938 1736 1993 sub-
1837 1929 2203 1986 sacerdotium
2238 1930 2478 1999 Christi;
2509 1934 2657 2004 quod
2691 1935 2856 1988 etiam
2889 1936 3116 1994 alterius
3131 1948 3217 1992 est
3241 1939 3423 2009 digni-

139 2032 342 2104 Ῑυηείι,
370 2032 561 2088 dicens
603 2047 617 2088 ε
662 2030 762 2088 mc
811 2031 1057 2103 ροηιίῖυχ
1103 2031 1185 2088 δίο
1218 2031 1378 2088 debet
1417 2031 1631 2096 omne,
1682 2040 1737 2087 ει
1837 2022 1994 2088 tatis,
2025 2023 2153 2092 quia
2203 2024 2505 2080 secundum
2561 2025 2810 2080 ordinem
2863 2026 3282 2083 Melchisedech.
3315 2029 3420 2094 Qui

139 2123 424 2194 quaquam
450 2123 648 2178 horum
693 2122 1016 2194 pontiﬁcum
1065 2139 1169 2178 ηοη
1198 2123 1382 2190 sum“,
1428 2122 1483 2178 id
1510 2131 1596 2178 est
1623 2139 1734 2179 non
1834 2111 2087 2169 Christus
2115 2124 2174 2169 ut
2200 2115 2334 2170 certi
2360 2115 2480 2170 sitis
2517 2131 2615 2170 vos
2638 2117 2693 2170 in
2735 2132 2801 2171 eo
2831 2127 3228 2175 consecuturos
3251 2119 3424 2208 mise—l

140 2227 203 2270 se
232 2213 303 2268 ad
343 2213 673 2270 sumendum
715 2214 964 2269 honorem
993 2213 1210 2286 ingerit.
1245 2213 1426 2270 Sumit
1451 2213 1575 2272 dico
1607 2214 1734 2282 sibi,

141 2301 196 2358 id
229 2311 317 2360 est
343 2313 596 2375 respectu
623 2319 816 2360 eorum
842 2319 967 2376 quae
1010 2319 1111 2360 sua
1141 2314 1289 2360 sunt.
1319 2303 1572 2360 Sumeret
1605 2306 1730 2373 sibi,

139 2393 189 2449 si
229 2410 328 2465 per
367 2395 678 2466 pecuniam,
711 2394 759 2452 si
797 2405 1020 2466 propter
1060 2411 1379 2467 personam,
1423 2396 1472 2452 si
1511 2405 1734 2466 propter

140 2501 333 2556 genus,
369 2496 590 2557 propter
613 2478 930 2544 saecularem
954 2487 1280 2559 potentiam,
1304 2488 1390 2544 vel
1411 2488 1730 2560 hujusmodi

139 2576 420 2649 ingeratur
437 2578 494 2633 in
522 2579 809 2635 honorem.

209 2665 336 2724 Hac
363 2667 512 2723 enim
534 2669 718 2726 omnia
747 2685 815 2725 ex
853 2685 920 2725 eo
957 2679 1107 2737 sunt,
1133 2671 1228 2726 sed
1255 2685 1350 2741 qu.
1378 2680 1598 2742 propter
1617 2672 1731 2728 vir-

139 2765 306 2825 tutes,
329 2759 670 2829 patientiam,
701 2759 1065 2816 humilitatem
1095 2768 1150 2816 et
1178 2759 1517 2831 huiusmodi,
1543 2775 1730 2817 sume-

140 2858 291 2905 retur
320 2850 390 2906 ad
436 2850 724 2920 honorem,
765 2851 855 2908 hic
894 2867 1004 2908 non
1039 2852 1164 2919 sibi,
1190 2851 1244 2906 id
1270 2860 1356 2908 est
1388 2867 1456 2908 ex
1482 2868 1550 2910 eo
1579 2853 1727 2924 quod

137 2957 299 2998 suum
325 2950 432 3008 est,
465 2943 559 2998 sed
604 2959 674 2998 ex
705 2944 1001 3000 virtutibus
1027 2947 1160 3015 quae
1189 2942 1284 2999 Dei
1309 2953 1458 3011 sunt,
1485 2955 1727 3001 sumeret

138 3035 419 3089 honorem.
445 3032 616 3092 Nemo
638 3035 806 3092 sumit
827 3035 932 3092 sibi
957 3036 1243 3103 honorem,
1269 3035 1360 3090 sed
1398 3036 1487 3092 ille
1512 3037 1602 3108 qui
1630 3053 1724 3091 uo-

137 3134 288 3178 catur
309 3142 343 3179 a
371 3125 500 3193 Deo,
531 3125 586 3181 id
605 3135 690 3182 est
712 3126 809 3198 qui
829 3126 1011 3183 divina
1033 3127 1318 3183 vocatione
1339 3128 1578 3199 eligitur.
1601 3127 1720 3184 Non
1749 3155 1795 3218 ρ

138 3216 352 3284 dicitur,
379 3226 608 3274 vocatur
630 3234 662 3274 a
685 3217 818 3287 Deo,
844 3219 991 3291 quod
1011 3234 1120 3276 vox
1141 3219 1323 3276 divina
1346 3220 1422 3276 ibi
1447 3221 1720 3288 audiatur,

135 3306 246 3373 sed,
271 3307 317 3363 si
349 3317 571 3378 propter
599 3309 834 3366 virtutes
857 3309 954 3366 Dei
985 3311 1056 3367 ab
1084 3311 1181 3368 his-
1197 3311 1292 3383 qui
1321 3312 1442 3368 sani
1473 3320 1604 3368 sunt
1625 3313 1725 3370 eli-

131 3398 297 3469 gitur,
326 3399 470 3455 idem
498 3401 642 3458 valet
673 3416 741 3458 ac
765 3403 810 3458 si
841 3401 987 3460 Deus
1011 3403 1218 3460 diceret
1250 3422 1264 3460 :
1307 3403 1440 3460 Veni
1469 3405 1598 3475 quia
1633 3406 1722 3461 di-

131 3505 270 3561 gnus
298 3505 360 3546 es
383 3491 634 3564 accipere
668 3494 1068 3564 pontiﬁcatum.
1115 3495 1354 3552 Vocatur
1380 3512 1413 3552 a
1440 3495 1555 3552 Deo
1583 3497 1720 3553 velut

133 3583 308 3636 4amn
337 3597 369 3637 a
407 3581 519 3639 Deo
558 3594 787 3642 vocatus
837 3595 942 3643 est.
994 3587 1179 3644 Aaron
1207 3597 1390 3646 tamen
1430 3605 1540 3644 non
1569 3605 1722 3646 com-

131 3675 282 3729 muni
306 3675 573 3732 electione
593 3677 801 3734 electus
819 3687 922 3746 est,
951 3679 1080 3750 quia
1104 3680 1196 3736 ﬁlii
1217 3680 1358 3737 Core
1379 3682 1724 3740 contradixe-

129 3772 276 3821 runt.
303 3763 488 3831 Quare
515 3765 666 3824 illato
691 3767 819 3838 igne
859 3769 1058 3837 alieno,
1095 3770 1470 3829 thuriﬁcantes
1494 3773 1566 3829 ab
1595 3774 1720 3847 igne

128 3856 440 3928 consumpti
493 3867 644 3926 sunt,
687 3869 742 3915 et
779 3858 993 3916 Dathan
1042 3871 1097 3918 et
1129 3863 1336 3919 Abiron
1379 3880 1480 3936 pro
1523 3866 1718 3923 eodem

127 3957 560 4018 murmurantes,
587 3965 619 4006 a
642 3959 786 4007 terra
818 3939 1063 4024 absorpti
1089 3963 1220 4010 sunt
1240 3953 1430 4026 (Num.
1463 3972 1576 4024 xvi,
1601 3957 1714 4029 51).

126 4035 235 4095 Sed
259 4037 478 4111 Moyses
502 4055 567 4096 ex
594 4042 864 4112 praecepto
888 4041 1005 4110 Dei,
1046 4053 1102 4099 et
1135 4060 1232 4114 per
1258 4045 1586 4102 miraculum
1627 4063 1714 4104 as-

125 4131 361 4202 sumpsit
387 4131 570 4188 Aaron
601 4133 657 4188 in
682 4133 1070 4190 sacerdotium.
1103 4134 1366 4208 Praecepit
1391 4137 1537 4192 enim
1563 4147 1625 4194 ut
1648 4137 1717 4195 de

125 4242 203 4280 ιιι
227 4226 482 4283 tribubus
505 4243 584 4283 ιιι
609 4229 854 4284 virorum
882 4245 960 4284 ιιι
983 4229 1149 4301 virgae
1170 4231 1225 4285 in
1248 4231 1604 4288 tabernaculo
1623 4247 1718 4303 po-

123 4329 408 4386 nerentur,
434 4329 498 4376 ut
523 4321 683 4392 cuius
711 4321 863 4394 virga
912 4321 1206 4389 ﬂoruisset,
1248 4322 1492 4393 pontifex
1519 4339 1715 4381 secun-

121 4411 254 4466 dum
278 4411 626 4470 manifestam
652 4414 986 4471 voluntatem
1027 4413 1122 4470 Dei
1149 4415 1320 4471 ﬁeret.
1355 4414 1412 4471 In
1449 4415 1714 4476 electione

1835 2206 2156 2272 ricordiam,
2182 2207 2236 2260 in
2267 2207 2452 2260 diebus
2479 2209 2658 2262 carnis
2685 2225 2818 2276 sure,
2845 2209 2899 2266 id
2930 2219 3015 2266 est
3037 2211 3418 2280 passibilitatis

1833 2305 1887 2351 et
1926 2299 2276 2354 mortalitatis
2304 2314 2435 2355 suae.
2466 2297 2724 2355 Naturale
2747 2300 2894 2356 enim
2915 2309 3000 2358 est
3019 2302 3203 2357 carnis
3230 2303 3341 2374 pati
3361 2312 3419 2359 et

1833 2389 1995 2443 mori.
2030 2389 2089 2444 In
2120 2390 2236 2456 his,
2276 2391 2533 2461 inquam,
2577 2392 2771 2450 diebus
2801 2393 2992 2448 obtulit
3019 2411 3196 2465 preces
3217 2405 3269 2450 et
3292 2413 3418 2467 sup-

1831 2480 2145 2549 plicationes
2172 2483 2238 2536 ad
2266 2480 2457 2538 Deum.
2501 2483 2697 2541 Preces
2735 2495 2892 2552 vocat
2924 2502 3284 2559 quascunque
3310 2504 3414 2559 po-

1830 2570 2151 2628 stulationes
2173 2580 2299 2626 ante
2325 2573 2601 2642 passionis
2630 2576 2924 2634 articulum
2954 2575 3101 2635 fecit.
3129 2576 3416 2650 Supplica-

1831 2660 2028 2727 tiones,
2056 2661 2189 2718 dicit
2222 2664 2464 2733 quando,
2493 2665 2730 2722 instante
2753 2668 2887 2724 hora
2917 2670 3224 2740 passionis.
3261 2680 3414 2732 tanta

1829 2753 2131 2810 intentione
2150 2757 2328 2812 oravit
2343 2766 2417 2817 ,ιιι
2441 2758 2805 2830 sanguineum
2837 2761 3093 2818 sudorem
3116 2763 3410 2822 emitteret.

1828 2844 2059 2912 Obtulit,
2097 2847 2348 2918 inquam,
2391 2848 2461 2904 ad
2485 2865 2643 2917 eum,
2670 2852 2762 2922 qui
2789 2853 2959 2921 possit
2985 2853 3190 2907 salvum
3237 2855 3412 2924 facere

1827 2938 1983 2992 illum
2022 2957 2056 2994 a
2094 2949 2280 2999 morte.
2321 2939 2440 2995 Non
2467 2949 2529 2995 ut
2569 2957 2680 2997 non
2708 2943 2996 3010 moriatur,
3033 2944 3130 3000 sed
3155 2959 3224 3000 ne
3257 2959 3410 3001 mors

1827 3028 1932 3104 ipsi
1978 3030 2074 3086 diu
2119 3031 2453 3086 dominetur.
2509 3030 2801 3089 lntendens
2836 3049 2934 3104 per
2963 3049 3022 3090 se
3050 3035 3341 3092 liberatum
3375 3051 3408 3092 a

1826 3129 2023 3188 morte,
2062 3122 2365 3181 humanum
2390 3137 2564 3194 genus
2590 3124 2660 3179 ab
2681 3125 2872 3181 eadem
2895 3126 3260 3188 liberandum.
3293 3125 3408 3186 0b—

1824 3215 1970 3280 tulit,
1995 3215 2239 3285 inquam,
2267 3215 2337 3270 ad
2363 3231 2491 3272 eum
2515 3231 2633 3271 cum
2658 3216 2888 3272 clamore
2911 3217 3231 3286 valido,non
3254 3221 3406 3291 quod

1822 3304 1898 3360 ita
1927 3305 2037 3362 alte
2069 3306 2406 3373 clamaverit,
2440 3307 2536 3362 sed
2579 3323 2707 3366 cum
2734 3309 2917 3364 valido
2945 3309 3210 3378 clamore,
3241 3311 3295 3366 id
3323 3319 3411 3368 est

1821 3413 1948 3454 cum
1973 3398 2208 3454 maxima
2239 3398 2562 3467 intentione,
2591 3410 2642 3455 et
2671 3416 2796 3456 cum
2827 3400 3102 3472 lacrumis.
3123 3402 3269 3458 Alibi
3295 3419 3406 3460 non

1822 3490 2100 3546 invenitur
2117 3491 2308 3546 eadem
2340 3491 2476 3547 hora
2505 3492 2846 3564 lacrymasse
2871 3491 3151 3549 Christum
3172 3535 3188 3562 ,
3219 3495 3326 3552 nisi
3349 3495 3407 3552 in

1821 3583 1928 3638 hoc
1951 3581 2245 3654 Evangetio
2267 3583 2456 3651 Pauli;
2488 3584 2581 3640 cui
2605 3599 2712 3640 non
2743 3585 2927 3640 minus
2947 3595 3030 3642 est
3049 3588 3405 3658 credendum,

1819 3673 1971 3744 quia,
2003 3674 2049 3730 si
2071 3689 2172 3745 pro
2193 3673 2404 3731 Lazaro
2432 3684 2486 3731 et
2513 3690 2613 3746 pro
2640 3677 3013 3733 destructione
3039 3676 3403 3748 Hierusalem,

1819 3765 2132 3820 miserando
2169 3766 2372 3837 ubique
2401 3767 2644 3823 humano
2671 3767 2931 3836 defectui,
2961 3769 3295 3841 lacrymasse
3319 3771 3406 3827 di-

1819 3857 1980 3926 citur,
2035 3857 2208 3914 multo
2261 3859 2438 3931 magis
2475 3860 2811 3931 lacrymasse
2857 3861 3124 3918 dicendus
3162 3872 3267 3929 est,
3317 3873 3401 3932 ut,

1817 3949 2292 4006 consummatione
2325 3949 2646 4006 obedientia
2685 3965 2827 4018 sure,
2869 3950 3141 4010 defectum
3174 3953 3402 4010 hum-ani

1817 4041 2033 4120 generis
2063 4050 2302 4097 sanaret.
2348 4038 2617 4109 Oﬁ‘erens,
2647 4041 2896 4113 inquam,
2928 4059 3120 4114 preces
3156 4061 3282 4102 cum
3315 4047 3401 4102 la-

1815 4135 2018 4207 crymis
2057 4136 2340 4190 exauditus
2390 4142 2488 4202 εει,
2539 4135 2809 4206 completo
2867 4138 3013 4208 quod
3065 4139 3399 4209 postulabat,

1813 4243 1910 4298 pro
1939 4243 2040 4281 sua
2069 4227 2380 4293 reverentia,
2417 4226 2473 4282 id
2506 4235 2592 4282 est
2615 4241 2715 4297 pro
2741 4242 2841 4283 sua
2869 4227 3150 4299 religione.
3176 4228 3274 4286 Vel
3298 4246 3398 4302 pro

1813 4331 1914 4373 sua
1942 4317 2266 4384 reverentia,
2298 4317 2354 4372 id
2381 4325 2466 4374 est
2504 4332 2606 4388 pro
2633 4317 2940 4374 obedientia
2970 4329 3079 4388 qua
3102 4335 3162 4376 se
3180 4319 3398 4378 Patrem
3487 4359 3502 4368 ι

1813 4424 2032 4481 semper
2057 4409 2354 4466 reveritum
2380 4410 2550 4466 fuisse
2579 4411 2849 4481 probavit.
2876 4408 2997 4467 Non
3026 4419 3237 4468 tantum
3267 4430 3396 4484 pre—

121 4512 307 4559 autem
352 4505 534 4561 Aaron
564 4507 803 4563 ostendit
829 4507 998 4578 quod,
1040 4507 1085 4564 si
1116 4508 1273 4578 pauci
1297 4509 1408 4564 sint
1449 4509 1542 4582 qui
1566 4509 1714 4580 iuste
1739 4492 1790 4553 ι)
1817 4516 1909 4557 ces
1957 4517 2085 4556 cum
2133 4501 2390 4574 lacrymis
2419 4503 2640 4570 obtulit,
2693 4502 2790 4559 sed
2831 4502 2998 4558 etiam
3044 4503 3256 4571 didicit,
3287 4520 3394 4560 non

119 4594 328 4666 eligant
352 4602 410 4651 et
450 4596 745 4652 multitudo
796 4599 1156 4666 contradicat,
1199 4608 1380 4656 tamen
1407 4615 1709 4672 paucorum

119 4687 392 4742 sententia
422 4688 685 4744 canonice
709 4688 1025 4760 eligentium
1049 4691 1324 4761 sequenda
1344 4699 1447 4758 est,
1471 4692 1712 4748 multitu-

117 4777 267 4834 dinis
292 4792 448 4834 error
472 4780 848 4851 reprobandus
869 4780 1059 4852 (Nam.
1084 4797 1219 4849 xvn,
1247 4782 1436 4853 2,10).
1459 4781 1710 4840 Pontifex

117 4871 212 4927 ille
240 4871 288 4927 si
326 4880 588 4943 tanquam
619 4873 802 4930 Aaron
831 4883 1060 4932 vocatus
1089 4874 1182 4942 sit,
1212 4891 1321 4930 non
1351 4891 1410 4932 se
1457 4875 1710 4946 ingerens

115 4964 176 5018 in
204 4963 493 5032 honorem,
517 4964 834 5022 hominibus
854 4966 1115 5036 prodesse
1141 4975 1335 5038 potest.
1362 4966 1453 5026 Sic
1469 4981 1523 5026 et
1543 4971 1708 5026 Chri-

116 5063 239 5111 stus
269 5055 526 5112 similide
551 5072 718 5114 causa
747 5059 865 5114 suis
895 5059 1149 5115 auxiliari
1179 5069 1378 5131 potest,
1403 5063 1531 5133 quia
1553 5061 1712 5119 Clari-

114 5155 235 5200 us:
265 5161 370 5200 non
392 5147 730 5218 clariﬁeavit,
764 5149 818 5205 id
846 5157 931 5206 est
958 5166 1065 5206 non
1099 5167 1158 5207 se
1192 5152 1591 5224 magniﬁcando
1618 5153 1705 5208 in-

113 5237 294 5308 gessit
319 5237 387 5292 ad
413 5238 536 5306 hoc,
560 5249 619 5294 ut
644 5241 794 5311 ﬁeret
813 5243 1074 5312 pontifex,
1099 5244 1190 5298 sed
1208 5242 1369 5300 Pater
1389 5245 1708 5301 clariﬁeavit

112 5326 402 5383 Christum
425 5331 513 5401 qui
536 5329 744 5386 locutus
759 5343 838 5387 est
859 5334 1083 5402 adeum,
1108 5334 1330 5392 dicens:
1358 5335 1437 5390 Tu
1449 5352 1502 5390 es
1528 5335 1704 5391 Filius

111 5431 266 5472 mea:
280 5419 442 5492 375
459 5437 553 5493 ego
567 5423 722 5478 hodie
747 5426 902 5496 genui
930 5434 1000 5492 te,
1020 5427 1175 5496 {sicut
1204 5427 1259 5482 in
1287 5427 1556 5499 principio
1579 5427 1705 5499 Epi-

110 5511 273 5566 stolas
297 5514 672 5583 exposuimus.
690 5515 815 5573 Haec
828 5526 1010 5573 autem
1028 5532 1138 5574 non
1161 5527 1292 5574 sunt
1304 5520 1489 5587 verba,
1505 5521 1705 5591 quibus

109 5599 281 5657 Pater
299 5618 426 5659 eum
451 5604 790 5676 clariﬁcavit;
809 5608 904 5665 sed
929 5609 985 5664 in
1000 5609 1201 5681 quibus
1225 5609 1506 5667 Christum
1526 5627 1710 5668 sacer-

110 5693 270 5749 dotio
292 5694 520 5767 dignum
538 5699 776 5755 ostendit
797 5712 810 5756 :
828 5699 1052 5772 quando
1074 5711 1277 5770 autem,
1295 5703 1427 5759 dum
1445 5701 1704 5762 Christus

111 5784 510 5856 baptizaretur,
535 5788 609 5843 ait
641 5807 654 5842 :
694 5807 713 5841 ι
738 5787 838 5846 Hic
858 5799 944 5847 est
963 5789 1138 5848 Filius
1158 5806 1338 5859 meus,
1366 5793 1421 5847 in
1438 5808 1548 5863 quo
1569 5795 1702 5850 mihi

1817 4593 2148 4665 cognitione,
2174 4595 2268 4651 sed
2295 4610 2393 4666 per
2419 4595 2812 4665 experientiam
2843 4595 2921 4651 rei
2950 4595 3302 4652 obedientiam
3329 4612 3396 4652 ea:

1816 4687 1899 4741 liis
1923 4703 2041 4758 qua:
2061 4703 2250 4757 passus
2275 4695 2374 4750 est,
2399 4687 2454 4748 id
2478 4694 2563 4743 est
2591 4703 2690 4758 per
2709 4696 2974 4755 mortem;
3019 4703 3146 4743 cum
3167 4729 3184 4755 ,
3229 4688 3283 4744 id
3309 4699 3396 4753 est

1813 4779 2053 4850 quamvis
2080 4787 2215 4834 esset
2261 4777 2439 4832 Filius
2476 4777 2572 4834 Dei
2612 4786 2805 4849 potens
2846 4779 3053 4848 omnia,
3099 4780 3182 4838 sic
3211 4790 3394 4836 tamen

1815 4869 2182 4926 sacerdotium
2220 4885 2380 4927 suum
2419 4869 2647 4940 implere
2676 4869 2868 4925 voluit.
2896 4869 2966 4925 Et
2999 4870 3118 4941 ipse
3147 4887 3396 4938 consum.-

1814 4970 2012 5028 matas,
2041 4961 2095 5015 id
2117 4969 2202 5016 est
2229 4970 2500 5018 mortuus.
2527 4960 2624 5016 Vel
2650 4970 3090 5030 consummatus,
3125 4963 3178 5033 id
3223 4973 3308 5020 est
3339 4964 3394 5020 in

1811 5053 2031 5109 dextera
2052 5052 2250 5121 Patris,
2279 5062 2340 5109 ut
2363 5053 2500 5109 nihil
2525 5051 2904 5125 imperfectum
2933 5054 3157 5112 haberet
3183 5057 3394 5114 consti-

1812 5154 1994 5213 tutus,
2021 5146 2197 5217 factus
2233 5155 2310 5201 est
2338 5162 2502 5201 causa
2532 5145 2728 5201 salutis
2768 5155 2984 5203 (eterna:
3027 5147 3269 5220 omnibus
3299 5149 3394 5220 ob;-

1774 5231 1789 5245 ⁴
1811 5239 2357 5310 ιεηιρεναηιίὸω,εἱῡί
2382 5279 2398 5307 ,
2437 5253 2548 5294 non
2580 5237 2690 5294 illis
2723 5238 2821 5310 qui
2863 5231 2968 5295 sibi
2997 5250 3236 5296 renuunt
3263 5241 3394 5296 obe-

1806 5333 1946 5389 dire.
1997 5331 2180 5387 Causa
2213 5331 2404 5401 utique
2443 5331 2637 5388 salutis
2689 5330 2830 5390 bene
2862 5340 3041 5402 potest
3086 5348 3229 5400 esse,
3262 5333 3392 5404 quia

1804 5425 2105 5497 appellatus
2129 5431 2216 5480 est
2242 5423 2480 5495 pontifex
2497 5440 2609 5480 non
2636 5425 2708 5480 ab
2732 5424 3068 5494 hominibus,
3094 5425 3189 5484 sed
3209 5441 3242 5479 a
3261 5425 3390 5492 Deo,

1804 5535 1908 5576 nec
1934 5515 2240 5575 secundum
2266 5515 2601 5584 Leviticum,
2641 5517 2738 5572 sed
2762 5516 2927 5586 juxta
2954 5516 3272 5588 dignitatem
3301 5531 3392 5569 or-

1803 5611 1947 5666 dinis
1988 5606 2390 5664 Melchisedech.
2426 5605 2688 5666 Dicturus
2715 5607 2798 5664 eis
2833 5606 3108 5678 quomodo
3135 5605 3391 5676 sacerdo-

1803 5704 1939 5760 tium
1992 5717 2157 5760 suum
2209 5700 2382 5773 legale
2406 5699 2655 5758 destruat
2683 5699 3047 5756 sacerdotium
3072 5739 3088 5767 ,
3154 5706 3210 5752 et
3249 5711 3390 5768 quo-

1804 5797 1968 5855 modo
1993 5796 2183 5853 omnia
2218 5793 2410 5866 legalia
2434 5792 2490 5846 in
2514 5807 2581 5848 eo
2611 5792 2776 5848 tinem
2809 5791 3067 5859 habeant,
3111 5791 3393 5873 quomodo
