3988 6420
560 358 664 415 515

557 485 692 527 vero
737 469 899 526 suum
956 471 1322 526 sacerdotium
1369 473 1711 543 praecesserit
1750 471 1955 544 legale,
1991 481 2046 528 et
2075 473 2130 526 in

558 570 826 617 aeternum
857 561 929 616 sit
956 578 1396 632 permansurum.
1421 562 1664 618 Primum
1691 579 1785 620 eos
1809 565 2132 636 (secundum

560 663 772 725 partem
797 655 1002 725 tamen)
1026 671 1216 724 aspera
1239 655 1543 710 invectione
1573 657 1906 727 aggreditur,
1929 665 1984 712 et
2002 673 2136 714 con-

561 746 844 801 venienter
869 747 1103 816 primum
1138 761 1233 802 eos
1267 745 1491 818 corrigit
1515 789 1530 814 ,
1566 755 1628 803 ut
1678 749 1910 804 correcti
1964 751 2132 806 devo-

563 835 730 892 tiores
755 838 866 892 sint
885 837 952 891 ad
981 837 1308 892 audiendum
1333 879 1349 905 ,
1395 846 1450 893 et
1489 839 1773 909 proniores
1810 840 1878 894 ad
1905 841 2134 897 creden-

559 929 714 996 dum,
745 929 930 985 dicens
965 929 1078 982 :De
1105 945 1227 1000 quo,
1259 929 1313 984 id
1351 937 1435 985 est
1469 931 1747 1000 quomodo
1783 930 2037 989 Christus
2062 933 2134 990 sit

565 1019 810 1089 pontifex
857 1021 1155 1075 secundum
1216 1017 1466 1076 ordinem
1519 1021 1916 1079 Melchisedech
1964 1034 2134 1082 restat

561 1110 708 1164 nobis
753 1125 922 1164 sermo
965 1111 1212 1181 grandis,
1245 1112 1299 1167 id
1327 1121 1415 1168 est
1441 1114 1613 1167 multa
1642 1115 2130 1184 compreh‘endens,

560 1211 610 1255 et
637 1203 1131 1273 ininterpretabitis,
1165 1203 1221 1257 id
1249 1213 1333 1259 est
1373 1205 1468 1274 qui
1493 1206 1666 1260 modo
1694 1219 1804 1260 non
1843 1207 2020 1276 possit
2043 1207 2132 1262 in-

557 1295 866 1362 terpretari,
901 1310 1002 1350 nec
1023 1309 1054 1348 a
1083 1309 1192 1361 me,
1223 1295 1352 1364 quia
1383 1310 1490 1349 non
1519 1295 1694 1350 habeo
1729 1309 2004 1367 congruos
2030 1314 2130 1352 au-

555 1383 781 1450 ditores,
813 1400 916 1440 nec
945 1386 1103 1442 vobis
1143 1385 1586 1454 interpretabilis,
1633 1387 1762 1456 quia
1787 1403 1980 1458 capere
2020 1405 2131 1445 non

513 1465 516 1468 ’
553 1477 801 1544 potestis.
828 1475 1317 1546 lninterpretahilis
1365 1477 1488 1532 dico
1525 1479 1595 1532 ad
1641 1479 1939 1546 dicendum,
1970 1481 2021 1536 id
2049 1489 2134 1538 est

557 1567 623 1618 ad
656 1567 1039 1635 exponendum
1059 1567 1234 1634 vobis,
1253 1568 1501 1638 quoniam
1527 1584 1626 1624 vos
1652 1569 1783 1638 facti
1811 1571 1938 1624 estis
1967 1569 2132 1624 imbe-

557 1655 706 1709 cilles
737 1657 806 1709 ad
852 1657 1196 1725 audiendum,
1243 1658 1297 1713 id
1341 1665 1426 1715 est
1455 1659 1522 1714 ad
1565 1659 1994 1732 intelligendum.
2034 1660 2130 1716 Vel

559 1761 741 1800 sermo
763 1746 863 1802 iste
889 1748 1109 1817 grandis
1143 1755 1226 1804 est
1253 1757 1307 1804 et
1329 1749 1780 1820 interpretahilis,
1811 1752 1975 1824 376
2002 1753 2130 1823 quia

561 1837 732 1892 multa
777 1849 1119 1894 sacramenta
1162 1840 1252 1908 hic
1300 1843 1682 1911 continentur,
1745 1859 1868 1914 quas
1918 1853 2132 1915 Oportet

560 1930 778 1998 exponi.
815 1929 1048 1985 Grandis
1071 1931 1192 1986 ideo
1223 1931 1348 1987 dico
1385 1934 1646 2003 quoniam
1687 1949 1788 1990 vos
1825 1935 1956 1991 facti
1997 1937 2130 1992 estis

558 2019 855 2074 imbecilles
905 2022 972 2075 ad
1017 2022 1372 2078 audiendum.
1435 2022 1574 2080 Vere
1622 2026 1952 2094 imbecilles,
2006 2043 2130 2082 nam

553 2125 672 2162 cum
724 2109 978 2164 deberetis
1029 2127 1140 2166 esse
1195 2113 1441 2184 magistri
1475 2123 1688 2184 propter
1735 2125 1954 2186 tempus,
2003 2132 2131 2186 pro-

553 2201 724 2255 lixum
755 2201 900 2271 quod
943 2203 1216 2259 habuistis
1268 2205 1337 2258 ad
1385 2204 1733 2272 discendum;
1761 2221 1860 2262 vos
1895 2207 2042 2262 enim
2074 2207 2128 2261 in

553 2292 674 2360 ipso
721 2291 878 2346 initio
929 2293 1332 2362 praedicationis
1383 2297 1631 2350 conversi
1661 2296 1814 2352 estis.
1843 2295 2014 2364 Cum,
2040 2297 2128 2358 in-

555 2396 742 2450 quam,
781 2383 1050 2438 deberetis
1073 2399 1198 2439 esse
1223 2383 1492 2455 magistri,
1519 2401 1666 2442 nunc
1687 2403 1900 2441 rursum
1919 2388 2128 2458 indige-

557 2471 628 2524 tis
657 2480 714 2523 ut
741 2487 832 2524 vos
859 2471 1154 2526 doceamini
1199 2489 1318 2544 quae
1346 2476 1455 2528 sint
1496 2473 1752 2530 elementa
1777 2479 1984 2532 exordii
2014 2496 2127 2532 ser-

557 2575 770 2614 monum
794 2559 914 2616 Dei.
943 2560 1002 2616 ln
1029 2563 1376 2618 sermonibus
1402 2563 1497 2618 Dei
1523 2565 1680 2619 multi
1709 2566 1913 2634 gradus
1947 2569 2126 2621 conti-

557 2659 758 2706 nentur
781 2670 796 2706 :
819 2652 1058 2722 primum
1085 2655 1316 2725 simplex
1360 2655 1683 2723 instructio,
1712 2657 1910 2713 dehinc
1949 2659 2128 2714 media

556 2741 624 2796 ad
657 2742 910 2796 ultimum
948 2743 1209 2814 perfecta.
1263 2745 1562 2801 Exordium
1615 2756 1796 2802 autem
1831 2757 2017 2814 vocat,
2069 2757 2132 2805 ut

554 2833 776 2902 quando
810 2834 1008 2904 aliquis
1035 2835 1262 2892 docetur
1283 2838 1502 2893 credere
1527 2837 1975 2906 incarnationem,
2003 2855 2132 2910 pas-

555 2925 766 2980 sionem
812 2925 1050 2995 Christi,
1097 2937 1152 2983 et
1201 2929 1515 3000 hujusmodi
1563 2930 1900 3000 simplicibus
1925 2947 2126 3002 oppor-

553 3023 704 3070 tuna.
724 3015 1004 3073 Elementa
1021 3025 1202 3076 autem
1223 3021 1433 3080 exordii
1455 3029 1602 3088 sunt,
1621 3029 1684 3076 ut
1709 3022 1954 3078 seriatim
1975 3039 2132 3094 enar-

549 3121 674 3162 rare
695 3109 983 3165 materiam
1005 3111 1299 3180 passionis,
1328 3113 1412 3170 vel
1433 3113 1641 3184 aliquid
1671 3114 2128 3185 hujusmodi.Vos

552 3197 717 3252 etiam
764 3196 892 3254 facti
938 3201 1074 3256 estis
1117 3202 1254 3256 tales
1291 3203 1480 3273 quibus
1509 3220 1638 3274 opus
1677 3205 1748 3258 sit
1776 3203 1934 3271 lacte,
1961 3204 2016 3260 id
2041 3215 2128 3261 est

549 3289 750 3358 puerili
795 3290 1166 3348 insinuatione
1189 3335 1206 3361 ,
1241 3303 1298 3349 et
1329 3295 1403 3350 ita
1449 3295 1588 3351 lacte
1619 3296 1764 3366 quod
1799 3312 1905 3350 non
1953 3296 2126 3352 solido

517 3437 524 3444 _
552 3380 690 3447 cibo,
715 3380 770 3436 id
797 3391 881 3438 est
901 3383 1138 3454 perfecta
1165 3386 1434 3448 doctrina.
1486 3386 1626 3443 Vere
1665 3388 1740 3442 ita
1783 3388 1950 3456 lacte,
1977 3390 2126 3459 quod

551 3485 664 3526 non
689 3487 829 3542 opus
860 3474 931 3530 sit
951 3476 1128 3530 solido
1155 3476 1298 3531 cibo.
1331 3476 1476 3532 Nam
1497 3479 1666 3531 omnis
1695 3477 1786 3532 ille
1817 3480 1908 3549 qui
1949 3479 2124 3550 parti-

551 3577 672 3632 ceps
706 3571 784 3617 est
818 3563 1009 3632 tactis,
1037 3565 1092 3620 id
1119 3575 1206 3622 est
1239 3567 1328 3622 cui
1357 3567 1669 3622 necessaria
1699 3576 1784 3623 est
1827 3569 2125 3625 insinuatio

547 3653 794 3724 puerilis,
820 3655 911 3712 hic
937 3657 1062 3713 talis
1101 3673 1286 3729 expers
1309 3659 1565 3712 sermonis
1593 3667 1670 3713 est
1689 3659 1942 3729 justitite,
1968 3661 2022 3716 id
2041 3669 2126 3719 est

545 3745 810 3803 doctrinae
831 3747 1130 3819 iustorum,
1154 3750 1208 3806 id
1228 3758 1315 3806 est
1333 3749 1732 3821 perfectorum;
1759 3750 1882 3806 ideo
1907 3767 2121 3822 erpers,

489 3907 500 3916 ν
543 3841 671 3910 quin
695 3841 948 3911 parvulus
997 3851 1078 3897 est
1123 3858 1311 3898 sensu.
1347 3841 1457 3898 Vos
1487 3851 1670 3898 autem
1701 3841 1930 3912 perfecti
1959 3845 2124 3900 mali-

545 3931 642 3998 tia,
679 3933 933 3990 sensibus
951 3951 1084 3991 vero
1108 3935 1284 4006 pueri.
1335 3933 1694 3990 Parvulorum
1741 3945 1825 3992 est
1869 3937 1982 4002 lac,
2031 3936 2124 3990 sed

543 4025 894 4095 perfectorum
917 4037 994 4081 est
1021 4028 1224 4082 solidus
1249 4029 1419 4095 cibus,
1449 4029 1502 4084 id
1529 4037 1614 4083 est
1635 4029 1810 4084 solida
1837 4028 2120 4096 doctrina;

543 4115 909 4184 perfectorum
927 4159 941 4185 ,
957 4119 1010 4174 id
1031 4127 1118 4176 est
1145 4135 1340 4176 eorum
1373 4121 1466 4190 qui
1494 4119 1698 4175 habent
1721 4137 1936 4188 sensus,
1961 4121 2014 4176 id
2039 4129 2124 4176 est

543 4206 851 4264 intellectus
895 4225 1027 4265 suos
1053 4225 1148 4281 pro
1175 4213 1575 4279 consuetudine,
1606 4214 1661 4268 id
1701 4223 1786 4269 est
1837 4229 1936 4284 pro
1959 4214 1962 4216 ’
1983 4213 2122 4284 assi-

543 4297 753 4353 duitate
815 4299 982 4354 studii
1033 4302 1348 4354 exercitatos
1391 4301 1461 4355 ad
1499 4302 1870 4357 discretionem
1911 4303 2032 4357 boni
2069 4311 2121 4358 et

543 4386 708 4455 mali,
788 4397 850 4444 ut
911 4389 1115 4454 bonum
1171 4391 1482 4448 discernere
1517 4393 1697 4448 sciant
1759 4409 1792 4449 a
1841 4394 2022 4462 malo,
2067 4402 2122 4452 et

1115 353 1175 413 S.
1211 347 1560 414 BRUNONIS
1593 355 2237 415 CARTllUSfANOliUM
2281 355 2768 416 lNSTlTUTORlS
2805 359 2956 418 OPP.
2997 361 3278 420 PAHS‘II.

3727 369 3838 426 5I6

2162 477 2206 533 Α
2239 490 2258 524 ι
2292 489 2401 529 sus
2454 474 2836 545 crucitigentes
2887 477 3244 548 sibimetipsis
3303 477 3506 536 Filium
3575 479 3722 552 Dei,
3779 493 3840 542 et
3883 520 3886 523 -

2241 583 2260 618 ι
2306 567 2546 621 ostentui
2595 568 2878 624 habentes.
2925 567 3094 624 Terra
3133 571 3282 626 enim
3329 588 3476 643 saepe
3509 575 3836 632 veniam

2239 676 2258 710 ι
2303 673 2468 728 super
2501 675 2561 716 se
2581 660 2775 716 bibens
2801 661 3032 716 imbrem
3057 669 3113 716 et
3157 663 3474 733 germinans
3503 663 3838 739 [generans]

2241 765 2260 801 ι
2306 749 2540 804 herbam-
2559 759 2925 821 opportunam
2957 751 3068 808 illis
3109 768 3140 808 a
3171 753 3374 824 quibus
3395 755 3602 810 colitur
3623 757 3838 828 accipit

2240 859 2260 893 ε
2303 841 2736 898 benedictionem
2761 859 2794 898 a
2823 843 2968 912 Deo;
2999 844 3283 916 proferens
3327 855 3512 904 autem
3543 849 3744 918 spinas
3771 867 3840 906 ac

2240 951 2259 985 ι
2302 933 2551 999 tribulos,
2587 935 2817 1004 reproba
2841 943 2946 1003 est,
2979 945 3034 992 et
3057 937 3370 994 maledictio
3393 939 3652 1010 proxima
3671 982 3690 1004 ,
3731 957 3834 996 cu-

2239 1041 2260 1076 (
2295 1023 2388 1094 jus
2427 1026 2830 1082 consummatio
2875 1027 2930 1081 in
2973 1029 3450 1094 combustionem.
3479 1030 3838 1088 Confidimns

2239 1133 2258 1166 ε
2300 1121 2481 1168 autem
2522 1115 2590 1169 de
2625 1115 2782 1172 vobis
2817 1116 3159 1173 dilectissimi
3201 1120 3429 1174 meliora
3463 1129 3522 1174 et
3559 1122 3838 1178 viciniora

2239 1221 2259 1254 ι
2301 1203 2486 1270 saluti,
2520 1206 2735 1262 tametsi
2776 1207 2850 1262 ita
2885 1207 3180 1278 loquimur.
3225 1208 3343 1264 Non
3391 1211 3546 1265 enim
3589 1212 3838 1282 injustas

2239 1311 2260 1344 ι
2303 1293 2448 1350 Deus
2477 1303 2536 1349 ut
2565 1295 2920 1352 obliviscatur
2949 1299 3132 1368 operis
3176 1300 3342 1355 vestri
3389 1308 3446 1354 et
3485 1301 3838 1370 dilectionis,

2239 1403 2258 1434 ε
2299 1401 2466 1455 quam
2495 1388 2812 1443 ostendistis
2839 1389 2896 1442 in
2928 1389 3154 1444 nomine
3187 1389 3379 1460 ipsius,
3411 1389 3509 1460 qui
3541 1389 3838 1446 ministra-

2239 1493 2258 1527 ι
2299 1477 2400 1532 stis
2425 1478 2632 1534 sanctis
2658 1487 2714 1534 et
2741 1480 3086 1536 ministratis.
3113 1480 3378 1552 Cupimus
3402 1491 3593 1538 autem
3619 1499 3838 1538 unum-

2239 1587 2259 1620 ι
2301 1585 2572 1640 quemque
2609 1581 2854 1628 vestrum
2893 1573 3143 1628 eamdem
3179 1583 3458 1632 ostentare
3497 1577 3842 1632 sollicitudi-

2239 1679 2258 1713 ς
2299 1677 2445 1729 nem,
2475 1661 2544 1716 ad
2569 1663 2933 1733 expletionem
2962 1665 3078 1735 spei
3109 1681 3282 1737 usque
3313 1667 3368 1722 in
3394 1667 3590 1734 finem,
3623 1677 3696 1723 ut
3723 1685 3838 1724 non

2239 1769 2258 1803 ‹
2301 1768 2496 1824 segnes
2531 1753 2862 1822 eiliciamini,
2909 1771 3098 1811 verum
3143 1757 3448 1816 imitatores
3485 1776 3698 1816 eorum
3743 1762 3840 1832 qui

2241 1862 2260 1895 ‹
2307 1843 2410 1898 ﬁde
2477 1855 2532 1900 et
2599 1845 2860 1916 patientia
2933 1847 3334 1904 haereditabunt
3399 1852 3840 1921 promissiones.

2239 1957 2258 1990 ε
2301 1937 2536 1994 Ahraha:
2549 1955 2785 2010 namque
2799 1941 3124 2011 promittens
3149 1941 3314 2006 Deus,
3345 1944 3615 2014 quoniam
3647 1947 3842 2000 nemi-

2239 2047 2260 2082 ι
2303 2045 2426 2085 nem
2474 2031 2665 2086 habuit
2699 2046 2797 2102 per
2839 2048 3006 2104 quem
3033 2033 3248 2105 juraret
3281 2037 3588 2106 majorem,
3617 2037 3836 2108 iuravit

2237 2141 2256 2175 ι
2299 2138 2398 2193 per
2429 2124 2805 2195 semetipsum,
2831 2125 3054 2182 dicens:
3079 2124 3194 2182 Nisi
3229 2127 3566 2184 benedicens
3597 2130 3840 2184 benedi-

2239 2235 2256 2266 ι
2299 2231 2420 2271 eam
2449 2225 2519 2286 te,
2544 2225 2597 2272 et
2623 2217 2993 2288 multiplicans
3013 2220 3386 2291 multiplicabo
3409 2233 3482 2280 te.
3509 2221 3584 2276 Et
3603 2223 3696 2278 sic
3721 2223 3838 2276 lon-

2237 2325 2256 2358 ι
2298 2307 2588 2376 ganimiter
2633 2307 2818 2366 ferens
2841 2351 2857 2377 ,
2903 2311 3132 2382 adeptus
3177 2321 3264 2368 est
3309 2314 3836 2384 repromissione.

2235 2415 2255 2448 ι
2300 2397 2562 2455 Homines
2589 2401 2733 2455 enim
2761 2417 2860 2472 per
2887 2403 3149 2473 majorem
3180 2405 3266 2461 sui
3301 2406 3512 2476 juraut,
3549 2415 3610 2462 et
3647 2407 3838 2462 omnis

2235 2509 2252 2537 ε
2299 2490 2686 2545 controversiae
2711 2505 2898 2547 eorum
2932 2492 3060 2549 ﬁnis
3093 2495 3164 2550 ad
3195 2495 3710 2562 conﬁrmatione,
3753 2505 3838 2550 est

2235 2596 2254 2628 ς
2291 2577 2682 2648 juramentum.
2737 2579 2797 2635 ln
2843 2597 2953 2651 quo
2999 2583 3367 2640 abundantius
3421 2587 3620 2642 volens
3683 2587 3838 2644 Deus

2235 2687 2254 2720 ‹
2298 2670 2582 2726 ostendere
2605 2671 3014 2741 pollicitationis
3041 2690 3157 2731 sua:
3183 2676 3490 2734 heredibus
3523 2680 3832 2736 immobili-

2234 2777 2254 2812 ι
2295 2767 2463 2816 tatem
2498 2762 2715 2818 consilii
2761 2763 2870 2831 sui,
2917 2764 3245 2836 interposuit
3283 2766 3728 2838 jusjurandum,
3779 2783 3836 2825 ut

2233 2869 2254 2904 ‹
2297 2868 2396 2923 per
2438 2853 2574 2910 duas
2619 2870 2712 2911 res
2757 2855 3066 2914 immobiles
3109 2859 3312 2929 quibus
3343 2859 3702 2932 impossibile
3749 2873 3832 2920 est

2233 2963 2253 2996 ι
2296 2946 2514 3001 mentiri
2549 2945 2742 3013 Deum,
2783 2945 3146 3005 fortissimum
3185 2951 3444 3007 solatium
3485 2953 3834 3020 habeamus,

2233 3055 2253 3088 ε
2297 3039 2391 3108 qui
2433 3037 2784 3110 confugimus
2827 3039 2896 3096 ad
2935 3043 3222 3098 tenendam
3265 3045 3606 3115 propositam
3643 3063 3832 3117 span,

2153 3159 2196 3219 α
2234 3145 2254 3180 ι
2297 3143 2462 3200 quam
2493 3129 2636 3185 sicut
2679 3131 2972 3187 anchoram
3017 3133 3285 3190 habemus
3317 3137 3518 3192 animae
3549 3143 3734 3192 tutam
3765 3156 3832 3194 ar

2233 3237 2254 3272 ι
2298 3219 2533 3288 ﬁrmam,
2563 3230 2618 3278 et
2641 3223 2979 3280 incedentem
3005 3241 3182 3297 usque
3205 3227 3274 3282 ad
3302 3227 3568 3284 interiora
3593 3231 3828 3286 velami-

2230 3330 2250 3364 ι
2291 3312 2398 3379 nis,
2433 3313 2527 3368 ubi
2552 3329 2860 3385 praecursor
2888 3333 2988 3388 pro
3015 3317 3178 3374 nobis
3213 3319 3460 3376 introivit
3479 3320 3648 3378 less
3669 3365 3690 3388 ,
3733 3339 3830 3378 se-

2231 3419 2250 3453 I
2296 3403 2534 3458 cundum
2581 3405 2830 3462 ordinem
2891 3405 3290 3465 Melchisedech
3337 3412 3592 3482 pontifex
3635 3413 3830 3472 factus

2231 3512 2250 3546 α
2293 3495 2350 3549 in
2393 3503 2678 3552 aeternum.
2717 3513 2738 3550 ι

2857 3605 3160 3648 EXPOSITIO.

2229 3713 2234 3716 -
2293 3679 2457 3749 377
2485 3677 2578 3736 Eis
2599 3679 2810 3738 duriter
2839 3682 3156 3754 increpatis,
3181 3687 3376 3743 iterum
3399 3687 3710 3755 blanditur,
3733 3691 3824 3745 in-

2223 3770 2456 3826 serendo
2485 3786 2564 3838 se,
2595 3772 2805 3829 dicens.
2841 3773 3192 3848 Quapropter,
3219 3778 3274 3834 id
3295 3787 3402 3846 est,
3437 3781 3572 3851 quia
3593 3795 3826 3853 propter

2225 3870 2438 3932 tempus
2466 3863 2714 3934 magistri
2751 3880 2876 3922 esse
2909 3867 3201 3936 deberetis,
3243 3879 3300 3926 et
3323 3871 3454 3942 quia
3481 3875 3822 3930 exercitatos

2223 3967 2418 4010 sensus
2441 3954 2498 4009 in
2525 3954 2644 4027 lege
2667 3955 2886 4014 Domini
2921 3975 3017 4016 vos
3043 3971 3256 4032 oportet
3285 3963 3508 4030 habere,
3533 3965 3660 4022 ideo
3689 3983 3820 4032 nos,

2221 4046 2622 4104 intermittentes
2668 4067 2959 4106 sermonem
2989 4053 3346 4111 inchoationis
3379 4056 3607 4125 Christi,
3643 4059 3704 4114 id
3731 4073 3822 4118 est

2221 4137 2488 4196 elementa
2531 4142 2761 4210 exordii,
2793 4143 2994 4214 quibus
3025 4146 3227 4216 aliquis
3265 4148 3494 4204 inchoat
3533 4150 3590 4204 in
3617 4153 3822 4224 cogni-

2222 4228 2370 4284 tione
2399 4230 2628 4300 Christi,
2659 4234 2822 4302 hanc,
2861 4236 3108 4306 inquam,
3149 4240 3445 4308 pueritiam
3469 4242 3814 4312 deserentes,

2219 4321 2458 4390 feramur
2495 4325 2565 4378 ad
2609 4326 3000 4396 perfectionem,
3049 4331 3374 4388 utsciamus
3423 4335 3708 4404 quomodo
3755 4337 3818 4394 in

2221 4411 2491 4482 principio
2519 4423 2638 4470 erat
2668 4413 2933 4484 Verbum,
2957 4425 3014 4473 et
3055 4417 3201 4476 Deus
3233 4429 3356 4478 erat
3389 4419 3650 4490 Verbum,
3697 4437 3812 4482 etc.

539 4479 708 4584 etiam
749 4481 818 4537 de
865 4481 1026 4538 bonis
1051 4523 1066 4551 ,
1117 4497 1240 4554 quin
1261 4485 1435 4556 magis
1455 4486 1568 4584 sint
1597 4485 1740 4584 bona
1759 4502 1884 4558 quae
1910 4489 2114 4557 minus,
2145 4509 2196 4569 ι)
2220 4479 2504 4570 Feramur,
2535 4504 2783 4576 inquam,
2811 4507 2882 4562 ad
2909 4479 3322 4579 perfectionem,
3353 4528 3460 4566 non
3479 4479 3694 4568 rursuin
3709 4516 3814 4584 ja-

538 4572 722 4629 sciunt
741 4575 1084 4644 discernere;
1109 4577 1250 4632 etde
1269 4577 1448 4640 malis.
1465 4577 1728 4635 similiter.

1141 4669 1372 4728 CAPUT
1411 4671 1498 4728 Vl.

619 4781 640 4815 ι
677 4763 1022 4835 Quapropter
1049 4764 1473 4821 intermittentes
1515 4765 1884 4824 inchoationis
1911 4767 2116 4826 Christi

542 4872 564 4906 ι
607 4869 939 4922 sermonem,
956 4856 1024 4920 ad
1051 4855 1438 4926 perfectionem
1465 4857 1727 4926 feramur,
1755 4875 1862 4915 non
1889 4877 2108 4918 rursum

543 4964 564 4997 ι
603 4945 845 5015 jacentes
897 4947 1311 5006 fundamentum
1347 4951 1682 5020 poenitentiae
1733 4953 1802 5007 ab
1851 4955 2108 5024 operibus

474 5051 478 5054 ·
545 5055 564 5087 ι
610 5041 863 5105 mortuis,
907 5047 962 5096 et
983 5041 1104 5096 fidei
1142 5041 1211 5096 ad
1245 5041 1440 5110 Deum,
1473 5043 1862 5112 baptismatum
1905 5046 2111 5101 doctri-

545 5145 564 5176 σ
607 5141 690 5180 nae
715 5167 730 5192 ,
770 5129 1134 5199 impositionis
1159 5149 1380 5204 quoque
1414 5151 1676 5190 manuum
1695 5177 1711 5202 ,
1739 5151 1804 5191 ac
1831 5153 2113 5194 resurrec-

545 5237 562 5268 ι
610 5217 774 5275 tionis
793 5230 1158 5290 mortuorum,
1186 5235 1242 5280 et
1257 5227 1446 5295 judicii
1475 5229 1686 5282 mterni.
1720 5227 1786 5282 Et
1813 5230 1920 5284 hoc
1945 5229 2111 5286 facie-

543 5325 564 5359 ‹
609 5323 762 5376 mus,
805 5311 852 5365 si
877 5311 1098 5380 quidem
1125 5317 1436 5384 permiserit
1463 5317 1626 5374 Deus.
1665 5317 2004 5389 lmpossihile
2027 5330 2112 5376 est

543 5421 562 5456 ι
607 5403 754 5460 enim
793 5407 1006 5476 eos-qui
1031 5410 1200 5463 semel
1223 5409 1364 5465 sunt
1395 5412 1717 5479 illuminati,
1749 5425 2105 5486 gustaverunt

541 5511 562 5546 σ
606 5493 770 5550 etiam
799 5495 1006 5552 donum
1052 5500 1314 5562 caeleste,-
1343 5511 1396 5557 et
1451 5505 1742 5576 participes
1797 5507 1924 5564 facti
1975 5517 2104 5566 sunt

541 5603 560 5637 ε
605 5581 842 5655 Spiritus
885 5591 1082 5658 sancti,
1109 5599 1464 5662 gustaverunt
1495 5597 1851 5655 nihilominus
1899 5601 2101 5658 bonum

539 5695 560 5727 ο
603 5675 700 5731 Dei
743 5680 992 5749 verbum,
1037 5684 1376 5754 virtutesque
1399 5687 1583 5742 saeculi
1615 5689 1864 5756 venturi,
1895 5702 1949 5746 et
1977 5710 2102 5764 pro-

540 5787 564 5819 ι
603 5769 738 5840 lapsi
765 5777 912 5842 sunt,
943 5791 1138 5832 rursus
1176 5780 1412 5834 ‘enovari
1446 5781 1512 5836 ad
1548 5781 1948 5852 paenitentiam,
1975 5801 2094 5841 rur-

2221 4595 2414 4649 cientes
2464 4596 2870 4666 fundamentum
2905 4600 3228 4670 pwnitentim
3273 4602 3339 4656 ab
3371 4605 3618 4674 operibus
3653 4623 3812 4662 mr-

2219 4686 2346 4751 tuis,
2405 4697 2510 4743 etc.
2565 4687 2740 4760 Opera
2789 4701 3004 4748 mortua
3029 4702 3208 4762 vocat,
3255 4695 3342 4750 vel
3391 4707 3636 4766 peccata,
3681 4717 3814 4770 qua

2215 4777 2568 4846 mortificant,
2595 4781 2681 4836 vel
2723 4782 2910 4852 priora
2947 4784 3110 4851 bona,
3133 4795 3357 4856 propter
3387 4800 3676 4858 peccatum
3709 4809 3812 4848 su-

2211 4871 2536 4940 perveniens
2570 4874 2918 4931 mortificata.
2965 4861 3240 4935 Poenitere
3287 4889 3474 4936 autem
3507 4881 3580 4937 ab
3615 4885 3810 4954 operi.

2211 4961 2316 5017 bus
2346 4963 2578 5020 mortuis
2607 4973 2690 5022 est
2735 4965 3174 5037 fundamentum,
3215 4971 3346 5040 quia
3391 4971 3498 5027 nisi
3527 4973 3616 5029 hic
3655 4975 3810 5046 lapis

2210 5054 2449 5124 primum
2483 5068 2740 5126 ponatur,
2768 5059 2906 5114 nihil
2936 5060 3332 5130 tediﬁcabitur;
3377 5062 3804 5126 fundamentum

2209 5147 2374 5200 etiam
2410 5149 2557 5218 ﬁdei,
2585 5165 2708 5220 quae
2755 5151 2828 5206 sit
2871 5153 2943 5206 ad
2985 5151 3188 5220 Deum;
3235 5155 3332 5225 qui
3373 5157 3520 5214 enim
3575 5159 3806 5218 aliunde

2207 5241 2406 5308 quaerit
2434 5241 2906 5312 justiﬁeationem,
2935 5245 3024 5302 vel
3075 5261 3185 5302 non
3227 5263 3420 5304 omnes
3455 5259 3641 5320 partes
3667 5251 3802 5310 ﬁdei

2211 5332 2401 5399 credit,
2435 5333 2528 5390 hic
2551 5334 2710 5390 fidem
2732 5350 2841 5390 non
2865 5337 3028 5392 habet
3049 5338 3116 5394 ad
3141 5337 3312 5394 Deum
3337 5357 3352 5407 ;
3377 5337 3800 5401 fundamentum

2209 5423 2377 5480 etiam
2428 5425 2683 5482 doctrina:
2723 5425 3122 5498 baptismatum.
3167 5429 3458 5506 Pluraliter
3504 5432 3630 5490 ideo
3659 5436 3800 5493 dicit

2209 5516 2620 5587 baptismatum,
2671 5520 2800 5590 quia
2829 5529 2914 5576 est
2949 5521 3254 5592 baptismus
3297 5523 3354 5578 in
3387 5540 3562 5596 aqua;
3593 5525 3800 5584 dicitur

2209 5609 2376 5664 etiam
2423 5609 2728 5680 haptismus
2779 5611 2832 5665 in
2885 5613 3144 5686 lacrymis
3196 5616 3570 5686 pmnitentize;
3628 5623 3796 5676 tertio

2210 5699 2394 5759 modo.
2433 5699 2486 5752 in
2521 5699 2788 5762 effusione
2827 5685 3112 5773 sanguinis
3148 5685 3261 5774 pro.
3277 5705 3518 5762 Christo.
3573 5705 3794 5766 Funda-

2212 5799 2452 5846 mentum
2481 5792 2642 5846 etiam
2671 5793 3026 5849 imoositionis
3053 5811 3338 5862 manuum;
3363 5797 3468 5852 nisi
3491 5799 3642 5854 enim
3665 5803 3792 5872 quis
