3988 6398
101 336 222 391 517

810 325 1179 385 EXPOSITIO
1215 326 1282 382 ΙΝ
1318 325 1702 383 EPISTOLAS
1739 325 1948 405 PAULI
2008 355 2076 365 —
2111 323 2177 381 IN
2219 323 2437 381 EPIST.
2475 324 2568 381 AD
2604 323 2762 383 HEB.

3285 332 3394 391 5l8

95 471 315 525 credat
366 466 514 538 quod
558 480 654 535 per
701 464 1109 534 impositionem
1165 477 1366 519 manus
1404 471 1461 518 et
1498 472 1720 532 peccata
1750 467 1792 523 Α
1816 460 2006 517 iterari
2032 477 2141 516 non
2168 471 2364 532 potest,
2383 461 2590 518 scilicet
2621 469 2680 516 ut
2707 461 2832 532 quis
2859 461 2931 518 ibi
2957 477 3266 524 renovetur.
3291 473 3396 530 ito-

95 561 491 624 dimittantur,
535 555 1128 627 accipiendoSpiritum
1157 562 1428 622 sanctum,
1451 563 1503 608 et
1521 562 1713 608 contra

97 653 311 708 futura
342 649 486 705 mala
519 649 862 713 roborentur,
906 646 995 702 hic
1020 646 1433 702 fundamentum
1475 661 1583 700 non
1616 647 1715 699 ha-

97 744 227 809 bet,
248 743 386 812 quia
417 739 633 794 irritum
665 748 750 794 est
773 737 1040 808 quidquid
1065 737 1487 808 superaedificat;
1513 737 1712 792 funda-

100 847 375 893 mentum
398 835 562 891 etiam
594 834 994 888 resurrectionis
1019 841 1367 899 mortuorum,
1411 831 1518 886 nisi
1567 832 1714 886 enim

100 931 246 1000 quis
270 929 460 985 credat
486 925 942 982 resurrectionem
995 923 1200 980 Christi
1245 922 1490 980 effecisse
1530 939 1714 978 resur—

104 1036 429 1077 recuonem
454 1027 819 1083 mortuorum,
855 1017 1016 1071 fidem
1041 1016 1296 1087 perdidit,
1323 1023 1378 1070 et
1415 1030 1526 1070 non
1551 1015 1714 1069 habet

107 1128 295 1183 supra
345 1110 491 1182 quod
546 1109 804 1173 aedificet;
839 1107 1258 1162 fundamentum
1307 1108 1471 1162 etiam
1513 1106 1712 1176 Judicii

108 1205 336 1259 merui.
409 1201 700 1257 Eternum
747 1199 880 1255 dicit
918 1199 1222 1269 judicium,
1273 1199 1402 1269 quia
1449 1199 1715 1269 quidquid

111 1295 213 1350 isti
270 1293 640 1348 constituetur
687 1293 754 1347 de
797 1291 959 1354 bonis
987 1291 1102 1346 sive
1130 1291 1314 1358 malis,
1364 1290 1420 1344 in
1451 1299 1713 1346 aeternum

112 1386 374 1440 durabit.
415 1383 520 1451 Qui
550 1393 732 1439 autem
779 1383 1024 1437 futurum
1055 1383 1322 1452 judicium
1366 1397 1476 1436 non
1519 1381 1712 1447 credit,

113 1477 548 1532 fundamentum
573 1490 683 1530 non
713 1475 899 1541 habet,
931 1474 1064 1544 quia
1099 1474 1332 1529 infidelis
1362 1481 1464 1529 est.

193 1567 328 1622 Haec
389 1567 574 1622 omnia
630 1575 916 1637 propterea
970 1566 1230 1622 dicuntur
1277 1564 1713 1630 fundamentum,

114 1661 280 1730 quia,
313 1659 421 1714 nisi
453 1659 568 1714 haec
602 1658 657 1712 in
700 1657 1058 1713 fundamento
1109 1659 1511 1728 praecesserint,
1553 1672 1716 1712 nemo

115 1752 289 1805 aliter
324 1758 502 1820 potest
537 1749 743 1804 bonum
772 1749 1007 1819 operari.
1047 1748 1172 1806 Ηωο
1195 1758 1377 1804 autem
1414 1751 1599 1805 omnia
1620 1766 1716 1806 ne-

115 1842 374 1897 cessaria
405 1850 562 1896 erant
587 1841 716 1907 illis,
746 1841 960 1896 scilicet
998 1840 1718 1912 fundamentumpaaniten-

115 1934 212 1988 tize
245 1933 319 1987 ab
343 1932 607 2002 operibus
629 1931 886 1998 mortuis,
912 1932 1041 2002 quia
1076 1940 1434 2002 peccaverant
1460 1932 1715 2003 graviter,

116 2034 172 2078 et
210 2024 362 2078 bona
400 2038 564 2093 opera
606 2037 730 2092 quae
771 2022 828 2076 in
872 2023 954 2076 eis
992 2030 1406 2092 praecesserant,
1440 2022 1583 2077 sicut
1625 2037 1721 2076 su-

117 2130 218 2183 pra
252 2114 354 2180 ait,
387 2113 556 2168 multa
585 2128 682 2167 eos
711 2127 908 2183 passos
944 2127 1044 2182 pro
1067 2109 1290 2166 Christo
1330 2127 1360 2186 a
1391 2111 1718 2166 contribuli-

120 2207 230 2260 bus
258 2205 402 2270 suis,
432 2204 710 2274 peccando
742 2203 897 2258 irrita
930 2201 1193 2258 fecerant.
1240 2201 1442 2256 lterum
1477 2202 1610 2256 fides
1650 2202 1719 2256 ad

121 2297 323 2360 Deum,
359 2295 488 2366 quia
523 2295 571 2351 si
599 2294 966 2365 intelligerent
991 2294 1272 2364 quomodo
1291 2309 1358 2347 ex
1380 2293 1486 2348 fide
1514 2292 1720 2348 Christi

122 2388 311 2442 omnis
336 2386 660 2457 justifieatio
689 2387 978 2452 habeatur,
1016 2402 1125 2440 non
1154 2394 1502 2441 recurrerent
1521 2385 1590 2440 ad
1613 2386 1719 2439 cir-

120 2477 524 2532 cumeisionem
547 2518 562 2542 ,
602 2477 760 2547 quasi
789 2477 893 2533 sibi
934 2477 1320 2533 necessariam.
1347 2475 1406 2531 Si
1436 2476 1629 2532 iterum
1653 2477 1721 2533 de

121 2568 404 2638 baptismo
434 2568 571 2622 bene
595 2569 743 2623 docti
773 2577 982 2635 essent,
1020 2569 1298 2638 quomodo
1337 2569 1392 2622 in
1418 2569 1510 2623 illo
1533 2570 1718 2625 omnia

119 2668 352 2729 peccata
389 2660 761 2726 dimittantur,
796 2659 990 2730 legalia
1023 2662 1423 2715 confiterentur
1451 2676 1576 2716 esse
1625 2677 1720 2717 su-

118 2747 356 2821 perﬂua.
377 2748 436 2804 Si
460 2750 624 2805 etiam
651 2750 854 2806 scirent
875 2751 1154 2820 quomodo
1184 2765 1280 2820 per
1310 2750 1716 2820 impositionem

123 2858 329 2898 manus
371 2841 610 2913 Spiritus
657 2851 882 2898 sanctus
915 2850 970 2898 et
1001 2843 1183 2913 priora
1205 2843 1462 2909 dimittat,
1492 2851 1547 2898 et
1587 2859 1718 2898 con-

122 2934 293 2989 fortet
329 2942 522 2989 contra
567 2934 844 2990 venientia
881 2935 1024 2989 mala
1065 2950 1176 2990 non
1215 2943 1476 2991 curarent
1502 2935 1714 3006 legalia.

121 3030 181 3084 Si
211 3031 420 3086 iterum
449 3031 912 3087 resurrectionem
933 3030 1138 3087 Christi
1176 3032 1464 3087 crederent
1484 3046 1607 3087 esse
1639 3030 1719 3086 ef-

1815 555 2006 609 novari
2041 555 2184 621 dico,
2217 571 2302 609 eos
2327 555 2418 624 qui
2449 554 2608 608 semel
2635 554 2930 610 illuminati
2956 573 3053 628 per
3074 560 3233 615 fidem
3263 566 3396 633 quia

1815 645 2180 712 crediderunt,
2226 647 2321 715 qui
2371 646 2558 711 etiam,
2608 655 2900 716 postquam
2943 648 3099 704 fidem
3156 653 3396 710 confessi

1816 746 1964 804 sunt,
2012 749 2370 808 gnstauerunt,
2402 739 2562 809 quasi
2591 756 2815 796 suavem
2847 754 3068 813 gustum
3105 753 3162 798 et
3195 745 3396 815 jucun-

1814 829 1966 894 dum,
1999 828 2204 882 caeleste
2227 829 2421 882 donum
2447 831 2654 886 scilicet
2676 833 3054 888 remissionem
3084 835 3152 889 de
3171 846 3396 906 peccato

1814 935 1913 990 per
1937 920 2296 989 baptismum;
2325 921 2472 989 quod
2513 922 2718 977 donum
2767 923 3059 979 desursum
3108 935 3213 981 est.
3271 925 3398 982 llarc

1814 1012 1923 1067 duo
1949 1013 2096 1066 circa
2119 1011 2298 1066 fidem.
2318 1012 2421 1078 Qui
2439 1013 2602 1068 etiam
2618 1016 2747 1085 [acti
2773 1027 2896 1070 sunt
2921 1020 3205 1089 participes
3222 1018 3398 1090 Spiri-

1818 1109 1901 1157 tus
1924 1105 2094 1157 sancti
2116 1103 2262 1174 quod
2292 1119 2490 1174 genera
2537 1106 2867 1177 linguarum,
2896 1110 2980 1164 vel
3018 1120 3213 1166 caetera
3249 1114 3397 1168 dona

1815 1195 2144 1249 habuerunt.
2191 1194 2295 1262 Qui
2323 1196 2488 1250 etiam
2517 1197 2684 1266 (quod
2708 1200 2886 1268 majus
2914 1202 3020 1270 est)
3052 1213 3397 1272 gustaverunt

1816 1287 2159 1342 nihilominus
2186 1304 2350 1359 quam
2383 1304 2484 1343 nos
2514 1289 2724 1355 bonum,
2757 1291 2810 1345 id
2834 1301 2917 1346 est
2935 1293 3240 1362 jucundum
3279 1313 3397 1349 uer-

1816 1376 1939 1430 bum
1961 1378 2082 1445 Dei,
2119 1379 2173 1434 id
2200 1389 2284 1435 est
2315 1381 2659 1436 divinitatem
2687 1380 2811 1435 Filii
2849 1383 3250 1440 intellexerunt.
3291 1386 3398 1453 Qui

1815 1469 1980 1524 etiam
1997 1479 2369 1540 gustaverunt,
2396 1472 2447 1526 id
2482 1481 2567 1526 est
2594 1472 2830 1542 quadam
2862 1475 3246 1545 anticipatione
3266 1494 3402 1548 pra:-

1816 1559 2123 1616 libaverunt
2163 1564 2380 1617 uirtutes
2419 1565 2624 1618 venturi
2653 1565 2858 1631 steculi,
2891 1566 2942 1620 id
2979 1575 3064 1621 est
3090 1568 3400 1638 impassild—

1817 1653 2024 1708 litatem
2051 1663 2106 1708 et
2131 1655 2621 1715 immortalitatem.
2652 1671 2749 1710 eos
2775 1658 2869 1727 qui
2891 1658 3054 1711 etiam
3080 1659 3195 1713 haec
3215 1661 3398 1714 omnia

1817 1745 2146 1810 habuerunt,
2177 1755 2227 1799 et
2279 1746 2514 1816 prolapsi
2537 1757 2700 1812 sunt;
2744 1749 3082 1818 impossibile
3111 1759 3196 1806 est
3235 1759 3414 1805 τρῆμ’

1819 1836 1934 1890 vari
1973 1852 2170 1890 rursus
2206 1845 2384 1891 motos
2435 1839 2502 1892 ad
2546 1839 2944 1906 paenitentiam,
2981 1850 3036 1895 et
3064 1841 3402 1910 impossibile

1818 1936 1903 1982 est
1932 1941 2029 1982 eos
2064 1943 2275 1981 rursum
2303 1943 2424 1982 esse
2449 1930 2812 1999 cruciﬁgentes
2837 1930 3043 1984 Filium
3073 1931 3174 1986 Dei
3193 1931 3401 1986 sibimet

1818 2017 1970 2086 ipsis,
1999 2017 2053 2071 id
2081 2017 2229 2072 estin
2247 2018 2351 2072 alia
2375 2019 2483 2072 vita
2514 2019 2840 2088 impotentes
2867 2021 3079 2076 efficere
3099 2031 3158 2076 ut
3173 2023 3400 2077 ulterius

1818 2108 1995 2162 valeat
2020 2107 2125 2163 sibi
2147 2109 2430 2164 crucifixio
2453 2107 2682 2177 Christi,
2701 2119 2750 2164 et
2774 2127 2994 2167 rursum
3021 2128 3128 2167 non
3152 2113 3398 2168 habentes

1819 2199 2018 2254 Filium
2046 2199 2140 2255 Dei
2186 2201 2434 2268 ostentui,
2481 2201 2536 2255 id
2579 2211 2663 2256 est
2703 2202 3006 2258 ostensioni
3038 2212 3098 2258 ut
3119 2203 3401 2257 imitentur

1817 2290 1938 2359 ejus
1995 2292 2389 2348 ostensionem.
2437 2291 2607 2360 Quasi
2655 2294 2901 2350 diceret:
2938 2294 3180 2350 Rursum
3219 2297 3399 2365 impo-

1818 2391 1993 2438 tentes
2024 2385 2224 2438 imitari
2256 2383 2453 2440 Filium
2480 2384 2596 2440 Dei.
2629 2385 2723 2440 Vel
2750 2387 2907 2442 aliter
2950 2397 3011 2442 ut
3059 2388 3402 2442 iterationem

1817 2477 2074 2546 baptismi
2101 2493 2362 2548 negemus
2391 2478 2446 2532 in
2474 2479 2581 2534 hoc
2596 2494 2758 2533 versu
2787 2496 2801 2532 :
2845 2478 3184 2548 lmpossibile
3204 2488 3290 2534 est
3305 2493 3402 2534 ets

1823 2568 1918 2638 qui
1951 2569 2086 2623 tales
2109 2577 2164 2623 et
2189 2568 2324 2624 tales
2363 2568 2608 2637 fuerunt,
2647 2570 2847 2625 nedum
2888 2570 3176 2627 inferiores
3203 2587 3402 2627 rursus

1818 2660 2088 2728 renovari,
2122 2660 2177 2716 id
2207 2669 2294 2716 est
2332 2661 2659 2732 rebaptizari
2703 2670 2882 2718 motos
2901 2662 2970 2717 ad
2999 2664 3396 2732 paenitentiam.

1817 2750 1923 2821 Ipsi
1957 2752 2081 2808 dico
2111 2753 2157 2808 si
2200 2753 2628 2823 rebaptizantur,
2666 2770 2886 2809 rursum
2915 2756 3294 2827 crucifigentes
3319 2756 3397 2812 si-

1816 2844 2122 2916 bimetipsis
2148 2845 2348 2902 Filium
2380 2845 2497 2913 Dei,
2527 2861 2637 2900 non
2665 2847 2811 2916 quod
2851 2846 2906 2900 in
2935 2862 2993 2901 re
3033 2848 3230 2903 iterum
3271 2862 3400 2903 cru--

1817 2936 2059 3007 cifigant,
2106 2938 2201 2993 sed
2236 2939 2290 2992 in
2335 2939 2544 3008 peccati
2577 2939 2830 3008 paritate,
2888 2939 3016 3008 quia
3071 2955 3179 2993 una
3239 2941 3394 3004 fides,

1818 3044 1990 3083 unum
2017 3029 2311 3099 baptisma,
2344 3039 2398 3085 et
2433 3030 2689 3086 Christus
2718 3046 3047 3086 consecrans
3069 3030 3202 3086 illud
3230 3032 3398 3088 semel

123 3123 406 3178 ficientem
447 3138 671 3178 causam
708 3131 913 3180 nostrae
961 3122 1376 3178 resurrectionis
1425 3122 1481 3177 in
1523 3123 1713 3193 gloria,
1743 3147 1790 3206 α
1818 3118 2165 3187 propeccatis
2181 3103 2899 3178 nostrismortuusestJdeo
2916 3121 3398 3178 dicunturrursum

124 3212 268 3268 nihil
296 3222 498 3284 praeter
539 3213 824 3270 Christum
869 3225 1195 3286 quaererent.
1249 3214 1473 3282 lterum,
1510 3215 1556 3270 si
1584 3231 1716 3285 pen-

125 3313 318 3358 sarent
344 3305 624 3374 quomodo
652 3303 908 3361 Christus
924 3306 1091 3376 judex
1118 3305 1335 3360 futurus
1357 3306 1430 3360 sit
1446 3305 1716 3372 omnium,

123 3412 225 3466 per
254 3395 417 3452 fidem
435 3395 652 3454 ‘Judicis
675 3398 782 3454 soli
808 3400 1089 3454 studerent
1112 3399 1326 3469 placere
1353 3398 1551 3454 Judici.
1580 3397 1718 3464 Quia

124 3491 215 3546 his
257 3491 518 3547 omnibus
567 3491 902 3564 indigebant,
945 3501 1234 3563 propterea
1275 3492 1353 3548 ait
1391 3511 1404 3547 :
1455 3491 1719 3548 Feramur

123 3580 192 3634 ad
230 3579 624 3650 perfectionem
640 3581 908 3652 jacientes
931 3583 1096 3652 (sicut
1118 3584 1259 3653 lapis
1281 3583 1336 3638 in
1359 3582 1718 3638 fundamento

121 3676 354 3744 jacitur)
382 3675 796 3732 fundamentum
823 3677 1178 3748 poenitentiae,
1208 3685 1262 3732 et
1284 3675 1587 3746 sequentia,
1618 3677 1720 3731 sic-

127 3779 188 3819 ut
215 3769 469 3836 exposita
499 3775 652 3823 sunt.
687 3765 960 3824 Jacientes
983 3769 1108 3824 dico
1129 3783 1239 3823 non
1266 3783 1508 3834 rursum,
1545 3767 1600 3821 id
1633 3776 1720 3823 est

126 3870 242 3909 non
274 3855 474 3910 iterato
518 3857 690 3928 priori
725 3857 910 3922 modo,
949 3866 1008 3912 ut
1034 3857 1176 3912 sicut
1210 3858 1363 3926 prius
1391 3856 1627 3926 jecimus
1659 3857 1715 3912 in

131 3945 296 4000 vobis
338 3945 526 4001 omnia
561 3947 698 4014 haec,
737 3955 793 4002 et
834 3947 990 4003 vobis
1041 3948 1396 4018 peccantibus
1440 3947 1716 4004 destructa

127 4045 262 4091 sunt
288 4052 510 4092 rursum
544 4037 733 4094 eadem
770 4038 964 4095 iterata
993 4039 1366 4094 destruantur.
1414 4037 1484 4094 Ut
1516 4055 1714 4094 secun-

126 4127 262 4180 dum
292 4127 437 4182 hanc
471 4129 797 4186 sententiam
843 4128 977 4184 illud
1016 4144 1240 4184 rursum
1271 4143 1534 4199 negemus
1589 4137 1712 4182 tan-

129 4216 437 4271 tummodo.
466 4215 564 4272 νει
593 4218 639 4272 si
671 4219 739 4273 ad
762 4219 945 4273 omnia
974 4227 1210 4288 ponatur
1239 4216 1474 4287 negatio,
1504 4227 1717 4272 senten-

129 4309 206 4363 tia
233 4320 422 4363 manet
458 4309 648 4365 eadem
673 4310 755 4366 sic
780 4327 794 4357 :
825 4311 1090 4366 Feramur
1135 4310 1298 4366 modo
1325 4309 1392 4365 ad
1421 4309 1712 4380 perfectio-

131 4413 281 4461 nem,
313 4397 388 4451 ita
423 4405 484 4452 ut
511 4397 684 4455 simus
711 4416 952 4466 rursum,
984 4400 1037 4454 id
1067 4407 1148 4455 est
1191 4398 1426 4469 amplius
1447 4398 1712 4467 jacientes

1819 3208 1923 3263 sibi
1952 3208 2273 3280 crucifigere
2300 3209 2498 3265 Filium
2533 3210 2624 3266 Dei
2653 3213 2890 3281 puritate
2918 3212 3144 3282 peccati,
3171 3211 3322 3282 quia,
3349 3211 3399 3267 si

1818 3299 1974 3372 prius
2011 3316 2105 3370 per
2130 3301 2461 3371 baptismum
2489 3302 2774 3372 justificati
2800 3314 2987 3374 postea
3015 3312 3396 3375 peccaverunt,

1817 3393 2055 3461 primum
2081 3393 2351 3463 baptisma
2382 3403 2578 3464 putant
2599 3405 2888 3466 propterea
2919 3397 2998 3452 sic
3032 3397 3248 3452 irritum
3277 3412 3401 3452 esse

1819 3493 1881 3540 ut
1909 3485 1956 3540 si
1981 3487 2359 3556 paenitentiam
2404 3487 2473 3542 de
2494 3486 2680 3543 futuro
2711 3489 2778 3543 ad
2805 3488 3251 3560 justificationem
3287 3506 3399 3546 non

1816 3575 2016 3631 valeat.
2048 3575 2113 3630 lli
2142 3577 2276 3632 tales
2306 3578 2502 3632 iterum
2526 3578 2716 3634 volunt
2750 3579 3067 3651 crucifigere
3095 3578 3397 3647 Christum,

1818 3675 1878 3721 ut
1893 3681 1959 3720 ex
1984 3665 2174 3721 iterata
2204 3667 2558 3724 cruciﬁxione
2579 3668 2829 3724 iteratam
2859 3670 3092 3724 habeant
3120 3671 3401 3726 remissio-

1818 3770 1967 3822 nem,
1994 3755 2298 3811 nescientes
2339 3758 2485 3827 quod
2535 3774 2706 3812 unum
2733 3759 3004 3828 baptisma
3025 3768 3080 3814 et
3103 3775 3213 3814 una
3249 3774 3400 3814 mors

1815 3845 2044 3911 Christi,
2076 3847 2152 3900 ita
2181 3854 2305 3915 post
2332 3857 2614 3916 peccatum
2645 3849 2786 3904 sicut
2806 3857 2932 3904 ante
2963 3850 3328 3920 (solummodo
3349 3850 3398 3905 si

1817 3937 2122 4006 paeniteat),
2150 3938 2218 3992 ad
2237 3953 2455 3993 omnem
2467 3938 2916 4008 justificationem
2941 3941 3189 3996 sufﬁciat.
3209 3940 3377 3997 Osten

1816 4028 1896 4083 tui
1925 4030 1980 4083 in
2011 4029 2180 4098 priori
2207 4030 2478 4085 sententia
2515 4045 2614 4100 pro
2653 4031 2955 4087 ostensioni
2992 4033 3250 4089 inusitate
3273 4035 3400 4104 qui--

1815 4117 1938 4172 dem
1968 4118 2207 4188 ponitur,
2241 4119 2334 4175 sed
2365 4119 2500 4176 satis
2527 4120 2666 4176 bene
2691 4128 2776 4177 est
2805 4123 3103 4178 secundum
3128 4123 3398 4195 originem

1814 4210 2004 4266 vocis:
2033 4211 2104 4266 ab
2131 4213 2368 4280 ostendo,
2395 4214 2649 4268 ostendis.
2684 4211 2788 4268 Ubi
2815 4230 2981 4284 supra
3009 4215 3086 4270 ait
3115 4216 3354 4286 prolapsi
3379 4233 3395 4271 :

1814 4300 1945 4356 illud
1961 4318 2079 4372 pro,
2097 4303 2415 4374 gravitatem
2433 4320 2596 4360 casus
2622 4303 2891 4376 designat,
2905 4307 3112 4362 scilicet
3138 4307 3193 4361 in
3210 4307 3398 4362 crimi-

1815 4394 1956 4448 nale.
2004 4393 2150 4449 Dixit
2194 4395 2446 4466 superius
2498 4396 2742 4452 feramur
2782 4397 2849 4452 ad
2897 4397 3302 4469 perfectionem,
3341 4407 3398 4454 et

133 4489 549 4545 fundamentum
581 4491 946 4562 poenitentiae;
980 4492 1142 4546 modo
1170 4490 1390 4562 quidem
1423 4489 1711 4561 jaciemus,
1743 4493 1790 4552 ι)
1815 4487 2145 4556 quibusdam
2184 4487 2524 4559 interpositis
2557 4490 2825 4560 adjunxit.
2870 4488 3002 4556 lloc,
3031 4491 3274 4561 inquam,
3314 4489 3398 4544 fa-

134 4583 229 4637 sed
260 4583 434 4638 videte
455 4599 524 4638 ne
547 4599 768 4639 rursum
803 4592 1051 4654 Oporteat
1085 4584 1287 4655 jacere.
1325 4581 1416 4638 Sic
1438 4583 1504 4637 ad
1527 4584 1711 4638 omnia

135 4682 369 4741 ponatur
388 4673 625 4743 negatio,
653 4684 907 4729 manente
935 4675 1222 4730 sententia.
1253 4673 1446 4728 Moneo
1469 4673 1713 4729 feramur

135 4765 199 4816 ad
233 4762 642 4832 perfectionem,
667 4776 719 4821 et
747 4767 936 4836 utique
972 4766 1068 4819 hoc
1103 4765 1380 4836 faciemus,
1417 4765 1470 4818 id
1512 4773 1598 4819 est
1643 4764 1712 4819 ad

135 4852 518 4922 perfectionem
550 4856 808 4923 feremur,
841 4857 887 4911 si
909 4857 1117 4928 quidem
1147 4855 1290 4908 Deus
1309 4856 1627 4924 permiserit,
1659 4855 1712 4909 id

134 4953 216 4999 est
251 4943 298 5000 si
330 4945 385 5000 in
413 4947 523 5002 vita
562 4948 664 5003 hac
703 4949 937 5018 spatium
980 4947 1310 5003 concesserit
1345 4962 1456 5017 quo
1494 4955 1714 5017 peccata

136 5045 319 5090 nostra
350 5037 563 5106 possint
587 5039 800 5094 redimi.
835 5038 960 5094 Ideo
987 5039 1110 5094 dico
1136 5039 1182 5094 si
1210 5039 1353 5096 Deus
1377 5038 1710 5111 promiserit,

135 5128 254 5195 quia
283 5130 608 5198 impossibile
633 5141 710 5184 est
749 5131 804 5186 in
834 5131 939 5186 alia
972 5131 1081 5186 vita
1119 5148 1216 5202 per
1242 5131 1611 5204 paenitentiam
1635 5146 1715 5186 re-

135 5220 352 5284 novari;
396 5220 468 5273 ibi
495 5221 641 5275 enim
672 5221 828 5277 locus
860 5222 1162 5292 accipiendi
1194 5223 1339 5293 quod
1367 5221 1594 5288 meruit;
1623 5223 1713 5277 hic

135 5309 283 5364 locus
324 5310 490 5381 378
541 5314 805 5368 merendi.
839 5313 997 5380 Quod
1028 5315 1100 5369 ita
1146 5315 1241 5369 ait.
1289 5314 1346 5369 Si
1403 5313 1546 5370 Deus
1582 5331 1708 5385 per-

136 5401 361 5469 miserit,
410 5402 532 5458 ideo
566 5399 710 5473 dico,
761 5405 890 5476 quia
937 5405 993 5460 in
1041 5404 1223 5462 futura
1273 5406 1383 5462 vita
1427 5422 1536 5462 non
1586 5423 1709 5479 per-

139 5495 329 5549 mittet.

200 5584 539 5655 lmpossibile
591 5587 735 5643 enim
765 5597 852 5645 est
892 5589 1145 5646 renovari
1193 5605 1291 5661 per
1336 5598 1712 5660 recuperatam

141 5677 394 5746 justitiam
419 5680 634 5751 aliquos
665 5682 719 5737 in
748 5683 851 5739 alia
874 5683 984 5738 vita
1015 5693 1192 5739 motos
1216 5683 1282 5738 ad
1303 5681 1708 5752 pmnitentiam;

143 5769 276 5840 quod
303 5785 570 5827 renovare
593 5787 784 5831 rursus
807 5783 970 5831 esset.
1007 5773 1105 5832 Hic
1126 5775 1270 5830 enim
1300 5775 1426 5831 licet
1463 5775 1607 5844 quod
1636 5775 1710 5830 ibi

1817 4579 2048 4645 ciemus,
2095 4579 2150 4634 id
2185 4589 2270 4635 est
2311 4582 2380 4636 ad
2424 4579 2811 4651 perfectionem
2861 4580 3120 4652 feremur,
3166 4583 3212 4638 si
3253 4581 3396 4636 Deus

1819 4669 2148 4738 permiserit,
2191 4678 2245 4724 et
2272 4671 2339 4724 de
2372 4671 2561 4726 eodem
2587 4672 2808 4726 subdit:
2851 4670 2989 4727 Vere
3029 4673 3083 4726 id
3133 4671 3396 4727 faciemus

1817 4760 1963 4830 quod
1999 4760 2067 4814 ad
2096 4760 2482 4831 perfectionem
2513 4761 2864 4818 feremur:et
2881 4763 3094 4833 justum
3128 4772 3214 4819 est
3255 4778 3396 4833 quo-

1818 4849 1967 4904 niam
1994 4859 2135 4904 terra
2165 4851 2342 4905 bibens
2379 4851 2616 4906 imbrem.
2658 4851 2760 4906 Per
2790 4862 2989 4907 terram
3021 4853 3270 4909 homines
3298 4869 3395 4909 ac—

1816 4940 1984 5011 cipit,
2034 4942 2130 5013 qui
2184 4953 2244 4998 ut
2297 4942 2536 4999 fructum
2583 4943 2806 5012 faciant,
2861 4945 3187 5002 excoluntur
3231 4945 3397 5004 verbo

1819 5029 1936 5088 Dei.

1889 5123 2036 5192 Haec,
2073 5141 2318 5197 mquam,
2361 5135 2504 5183 terra
2543 5127 2736 5182 bibens
2768 5127 3018 5194 imbrem,
3053 5129 3104 5184 id
3140 5139 3227 5186 est
3270 5145 3397 5186 cum

1816 5217 2301 5288 magnodesiderio
2314 5218 2621 5288 suscipiens
2629 5219 2800 5274 divini
2813 5220 2961 5276 verbi
2973 5218 3300 5288 doctrinam,
3314 5224 3400 5277 sic

1815 5318 1877 5364 ut
1894 5310 2042 5366 enim
2059 5310 2233 5365 imber
2242 5311 2501 5366 siccatam
2523 5319 2578 5366 et
2590 5310 2902 5367 induratam
2922 5321 3126 5368 terram
3140 5313 3394 5381 inebriat,

1815 5403 1898 5459 sic
1908 5405 2134 5460 verbum
2149 5403 2244 5459 Dei
2259 5420 2356 5460 cor
2377 5404 2692 5461 induratum
2703 5406 3020 5462 mollescere
3036 5404 3184 5472 facit,
3195 5415 3248 5461 et
3259 5421 3362 5460 con
3388 5435 3396 5441 -

1816 5503 2098 5566 temperat,
2125 5504 2186 5551 ut
2209 5495 2421 5554 fructus
2436 5495 2613 5554 facere
2632 5499 2825 5568 possit.
2852 5497 3288 5567 Terra,inquam,
3313 5496 3400 5551 bi-

1815 5586 1950 5642 bens
1963 5587 2192 5643 imbrem
2212 5605 2352 5658 serpe
2371 5590 2679 5645 uenientem.
2713 5587 2866 5660 Saepe
2895 5590 3016 5644 ideo
3032 5588 3160 5658 quia
3190 5601 3292 5642 nec
3305 5601 3398 5642 as-

1818 5679 1997 5746 sidua,
2016 5680 2340 5748 ne'vilescat,
2355 5697 2455 5737 nec
2469 5681 2634 5737 nimis
2649 5697 2833 5752 parca,
2856 5696 2924 5735 ne
2936 5679 3394 5750 opportunitatem

1815 5772 2176 5830 fructiﬁcandi
2195 5775 2432 5845 amittat,
2455 5775 2746 5832 debetcsse
2781 5773 2962 5830 divina
2990 5771 3268 5838 doctrina;
3297 5770 3395 5826 sed
