3906 6294
561 284 666 340 519

561 409 704 464 saepe
727 401 788 448 ut
813 393 885 447 sit
917 393 1275 464 t-pportunior
1303 392 1558 460 utrinque
1585 395 2018 460 contemperata.
2051 386 2150 442 Ve-

559 487 804 541 nientem
833 501 988 555 super
1029 501 1104 551 se,
1131 485 1258 554 quia
1283 492 1338 538 et
1375 497 1408 536 a
1435 479 1546 536 Deo
1591 489 1648 536 et
1689 495 1718 534 a
1751 480 2014 550 praelatis,
2049 482 2146 552 qui

561 575 876 645 superiores
901 582 1030 630 sunt
1051 574 1104 628 in
1129 571 1392 638 Ecclesia,
1412 569 1693 626 descendit
1713 569 1983 624 doctrina.
2013 567 2148 624 Ter—

562 683 646 734 ra,
677 668 926 740 inquam,
956 667 1038 722 sic
1066 666 1262 722 bibens
1287 664 1516 718 imbrem
1541 671 1593 716 et
1618 679 1871 733 generous
1907 661 2144 731 herbam,

563 762 618 818 id
653 772 736 819 est
763 761 1002 818 fructum
1040 759 1170 816 boni
1215 756 1418 827 operis.
1451 754 1687 811 Herbam
1736 755 1860 812 dico
1891 765 2148 826 apporta-

563 869 689 908 nam
719 853 830 908 illis
860 869 892 906 a
910 851 1096 922 quibus
1125 847 1344 914 colitur,
1375 847 1431 903 id
1459 855 1542 902 est
1575 846 2026 918 praedicatoribus
2051 846 2148 917 qui

561 961 684 1000 eam
715 945 985 1000 excolunt.
1025 939 1398 1011 Opportunam
1431 939 1555 995 ideo
1583 939 1712 1010 quia
1739 937 1873 996 facit
1905 953 2017 993 non
2047 939 2146 994 de-

563 1051 834 1108 generem,
867 1034 963 1090 sed
991 1031 1232 1088 fructum
1262 1032 1592 1100 divinitatis,
1637 1033 1690 1088 id
1729 1041 1816 1088 est
1839 1033 2146 1090 secundum

561 1127 708 1198 quod
731 1126 995 1180 docentur
1019 1123 1258 1194 operari,
1281 1132 1338 1180 et
1363 1123 1551 1180 vident
1580 1125 1636 1178 in
1665 1124 1984 1180 doctoribus
2005 1125 2143 1182 suis.

561 1217 708 1283 Haec,
739 1217 986 1286 inquam,
1015 1223 1163 1272 terra
1191 1215 1272 1272 sic
1309 1231 1580 1287 generans
1604 1217 1796 1288 accipit
1829 1217 2148 1272 benedictio-

557 1323 694 1374 nem,
726 1306 781 1362 id
803 1315 890 1363 est
909 1308 1420 1378 multiplicationem
1443 1308 1714 1364 bonorum
1754 1326 1788 1363 a
1831 1307 1958 1364 Deo.
1995 1309 2148 1364 Bona

555 1407 702 1454 terra
723 1398 924 1470 accipit
945 1399 1404 1456 benedictionem.
1447 1399 1612 1454 Terra
1653 1409 1831 1454 autem
1875 1400 2146 1472 proferens

555 1489 740 1559 spinas
763 1505 826 1544 ac
847 1489 1094 1556 tribulos,
1125 1489 1346 1560 reprobat
1369 1499 1468 1546 est.
1515 1488 1614 1546 Vel
1635 1491 1684 1546 si
1714 1491 1950 1546 habetur
1981 1491 2144 1560 enim,

557 1579 634 1636 ita
652 1579 914 1652 jungatur
949 1597 1061 1636 non
1113 1590 1322 1638 mutata
1376 1583 1662 1638 sententia.
1693 1581 1828 1638 Vere
1855 1591 2020 1650 terra,
2055 1599 2143 1656 ge-

559 1686 762 1726 nerans
792 1672 1016 1726 herbam
1048 1682 1414 1742 opportunam
1453 1674 1650 1743 accipit
1683 1673 2140 1730 benedictionem.

559 1758 698 1816 Nam
727 1772 872 1816 terra
895 1741 1181 1832 proferens
1210 1763 1398 1832 spinas
1421 1779 1486 1818 ac
1507 1741 1740 1820 tribulos
1773 1766 2005 1834 reproba
2037 1775 2140 1822 est.
2174 1741 2220 1798 Β

567 1854 734 1924 379
761 1853 1074 1921 Proferens,
1100 1863 1253 1910 notat
1297 1863 1408 1910 tam
1443 1855 1586 1910 male
1613 1871 1860 1925 peccare,
1889 1865 1950 1911 ut
1976 1873 2146 1926 pravo

559 1947 807 2016 exemplo
835 1954 1153 2016 corrumpat
1186 1947 1344 2004 alios.
1375 1945 1477 2002 Per
1505 1947 1715 2016 spinas,
1747 1955 1971 2018 peccata
2002 1948 2148 2004 acci-

557 2037 638 2106 pit
665 2037 848 2092 minus
867 2037 1164 2109 pungentis
1187 2055 1202 2104 ;
1227 2053 1324 2108 per
1342 2037 1576 2093 tribulos
1597 2039 1716 2110 (qui
1737 2039 1987 2108 asperius
2007 2054 2150 2109 pun-

557 2130 714 2201 gunt)
748 2130 1020 2202 graviora.
1059 2128 1250 2197 Terra,
1288 2129 1534 2200 inquam,
1583 2129 1770 2200 spinas
1811 2146 1876 2186 ac
1915 2131 2150 2188 tribules

559 2221 844 2292 proferens
877 2222 1114 2292 reproba
1145 2229 1252 2288 est,
1281 2221 1336 2276 id
1355 2228 1442 2277 est
1468 2220 1692 2276 inimica
1725 2219 1860 2288 Deo,
1889 2230 1940 2276 et
1961 2223 2150 2292 proxi-

561 2329 650 2368 ma
673 2313 982 2382 maledicta,
1009 2313 1066 2368 id
1083 2321 1171 2370 est
1189 2313 1500 2384 perditioni.
1527 2311 1631 2368 Ubi
1653 2313 1734 2368 ait
1754 2315 2026 2383 proxima,
2081 2315 2152 2370 si-

561 2405 787 2476 gniﬁcat
811 2421 1032 2476 pmnam
1059 2405 1282 2476 quidem
1325 2419 1494 2475 prope
1526 2420 1670 2473 esse,
1721 2405 1814 2462 sed
1846 2405 2026 2462 adhuc
2055 2421 2152 2477 per

561 2496 938 2565 pmnitentiam
1007 2511 1173 2566 posse
1223 2496 1472 2552 evadere.
1525 2495 1945 2565 Consummatio,
1977 2497 2032 2554 id
2067 2506 2153 2554 est

561 2587 688 2642 linis
709 2587 860 2657 cujus
887 2589 1130 2658 reprobat
1151 2597 1312 2646 terrae
1335 2588 1440 2643 erit
1461 2588 1520 2644 in
1540 2587 1970 2658 combustionem,
1993 2589 2048 2644 id
2067 2598 2154 2646 est

564 2677 626 2734 in
677 2687 1000 2750 perpetuum
1057 2679 1240 2752 ignem
1291 2679 1402 2736 nisi
1447 2680 1728 2749 paeniteat.
1759 2679 1907 2736 Idem
1959 2697 2153 2738 versus

561 2771 828 2842 proximae
855 2773 1050 2828 litterae
1069 2769 1446 2844 coniungitur,
1473 2787 1584 2828 non
1623 2781 1806 2828 tamen
1827 2772 1908 2828 sic
1935 2771 2150 2828 idonee.

561 2861 704 2918 Vere
737 2863 790 2917 in
817 2863 922 2918 alia
949 2865 1060 2918 vita
1088 2880 1252 2920 nemo
1287 2872 1466 2934 potest
1501 2865 1758 2920 renovari
1783 2864 1852 2919 ad
1884 2864 2155 2934 poeniten-

559 2955 730 3023 tiam;
774 2971 904 3011 nam
937 2963 1106 3024 terra,
1137 2957 1194 3012 id
1221 2966 1306 3012 est
1341 2958 1512 3012 homo
1561 2957 1618 3012 in
1645 2957 1752 3014 hac
1795 2957 1910 3014 vita
1938 2965 2153 3014 tantum

559 3046 698 3102 bibit
718 3048 1026 3104 venientem
1072 3048 1326 3116 imbrem,
1361 3049 1416 3104 id
1438 3057 1524 3104 est
1543 3057 1726 3119 potest
1751 3049 1854 3104 niti
1873 3049 1944 3105 ad
1961 3065 2152 3106 emen-

559 3137 857 3196 dationem.
892 3137 994 3195 Hic
1023 3140 1170 3196 enim
1217 3141 1373 3196 locus
1407 3141 1672 3209 merendi,
1727 3141 1804 3198 ibi
1833 3141 2149 3212 recipiendi.

563 3226 660 3284 Vel
695 3229 998 3286 secundum
1061 3231 1228 3288 aliam
1277 3233 1628 3300 sententiam,
1685 3233 2028 3303 impossibile
2069 3243 2156 3292 est

562 3321 834 3388 renovari,
881 3321 938 3376 id
963 3330 1048 3378 est
1071 3323 1422 3394 rebaptizari.
1471 3323 1608 3380 Nam
1641 3333 1782 3380 terra
1819 3327 1987 3382 semel
2015 3326 2156 3382 bibit

567 3410 824 3480 imbrem,
849 3413 906 3469 id
931 3421 1018 3469 est
1064 3415 1228 3470 homo
1255 3415 1425 3472 semel
1477 3415 1708 3488 suscipit
1741 3431 1942 3474 aauam
1973 3417 2154 3490 bapti-

565 3503 780 3558 smatis.
1799 3563 1815 3578 ,

637 3591 778 3660 Quia
803 3595 941 3652 satis
970 3595 1182 3652 duriter
1203 3611 1302 3652 eos
1315 3597 1638 3669 increpavit,
1663 3599 1852 3656 dicens
1873 3602 2148 3672 superius,

565 3701 692 3742 cum
722 3687 996 3744 deberetis
1044 3703 1170 3744 esse
1215 3690 1504 3762 magistri;
1539 3707 1762 3748 rursum
1809 3684 2155 3765 indigetis-ut

562 3777 892 3848 doceamini,
917 3789 1024 3836 etc.
1051 3779 1156 3836 Per
1184 3782 1290 3838 hoc
1312 3783 1512 3838 iterum
1545 3783 1696 3854 quod
1725 3799 1892 3854 prope
1921 3784 2062 3840 dixit
2086 3785 2154 3842 de

562 3868 942 3926 benedictione
969 3871 1128 3927 bonae
1151 3881 1329 3940 terrae,
1355 3874 1534 3929 suasit
1571 3875 1654 3930 eis
1677 3873 1918 3928 fructum
1951 3889 2154 3946 oppor-

565 3966 760 4020 tunum
815 3959 1018 4028 facere,
1053 3969 1110 4016 et
1153 3977 1251 4031 per
1294 3962 1633 4018 contrarium
1677 3963 1964 4030 deterruit,
2005 3977 2154 4018 nunc

565 4050 844 4106 blanditur
889 4051 994 4118 eis,
1047 4061 1110 4106 ut
1155 4052 1300 4108 sicut
1345 4053 1512 4108 minis
1545 4053 1846 4121 concussit,
1877 4052 1951 4108 ita
1989 4053 2153 4109 modo

566 4139 748 4196 foveat
771 4141 1182 4208 blandimentis,
1209 4141 1398 4198 dicens
1428 4159 1442 4196 :
1495 4141 1728 4198 Tametsi
1757 4144 1836 4196 ita
1863 4143 2150 4214 loquimur,
2185 4139 2196 4151 "

565 4231 901 4302 increpando
927 4246 1026 4289 vos
1045 4233 1332 4302 superius,
1381 4243 1584 4311 tamen,
1629 4249 1663 4290 o
1685 4235 2020 4289 dilectissimi
2050 4246 2152 4290 nos

567 4321 884 4392 conﬁdimus
913 4321 980 4379 de
1023 4323 1168 4378 vobis
1197 4323 1440 4392 meliora,
1490 4341 1656 4396 quam
1693 4325 2150 4394 combustionem,

563 4421 618 4466 et
657 4413 918 4468 viciniora
967 4415 1136 4470 saluti
1161 4426 1374 4484 vestrae,
1410 4433 1576 4488 quam
1615 4419 1726 4474 sint
1755 4419 1926 4490 spinae
1961 4426 2016 4474 et
2049 4418 2150 4474 tri-

565 4502 701 4558 buli.
734 4499 838 4559 Ubi
863 4503 942 4561 ait
969 4505 1034 4560 de
1051 4506 1217 4574 uobis,
1251 4507 1524 4578 significat
1553 4510 1716 4564 talem
1743 4519 1998 4564 naturam
2025 4524 2149 4565 esse

563 4591 624 4648 in
647 4592 748 4659 eis,
775 4609 898 4664 qua:
925 4595 996 4650 sit
1019 4595 1218 4654 idonea
1239 4599 1584 4654 correctioni.
1610 4598 1898 4655 Melioract
1920 4599 2150 4654 vicinio-

565 4700 628 4739 ra
659 4685 775 4742 baec
801 4688 1139 4758 comparatio
1169 4703 1278 4746 non
1308 4689 1369 4744 ﬁt
1399 4691 1541 4746 inter
1575 4691 1977 4762 participantia.
2009 4690 2150 4746 Pro-

565 4781 752 4846 pterea
811 4778 880 4834 de
913 4779 1070 4837 vobis
1100 4780 1426 4838 confidimus
1451 4783 1581 4853 quia
1625 4783 1796 4838 multa
1839 4784 1981 4838 bona
2017 4783 2149 4838 olim

565 4869 778 4938 operati
803 4870 974 4939 estis;
1010 4887 1134 4944 quae
1157 4873 1208 4936 si
1239 4872 1554 4946 (postquam
1589 4875 1976 4946 pmnitueritis)
2007 4873 2152 4930 Deus

567 4973 680 5013 non
703 4962 1046 5032 retribueret,
1079 4966 1316 5036 iniustus
1344 4977 1509 5032 esset,
1543 4967 1637 5022 sed
1661 4967 1803 5020 Dens
1827 4984 1930 5020 non
1963 4975 2039 5020 est
2067 4969 2150 5020 in-

567 5048 742 5110 iustus
763 5061 822 5105 ut
844 5053 1188 5112 obliviscatur
1214 5058 1385 5128 operis
1413 5057 1602 5120 vestri;
1630 5073 1738 5126 quo
1759 5058 1946 5114 omnia
1967 5067 2148 5114 vestra

567 5141 828 5198 omnibus
857 5149 1168 5202 communia
1201 5147 1429 5214 fecistis,
1471 5157 1521 5201 et
1547 5147 1848 5202 dilectionis
1890 5149 2018 5218 quia
2043 5149 2148 5206 hoc

565 5245 712 5304 opus
739 5249 850 5288 non
877 5236 1110 5304 timoris,
1135 5239 1230 5294 sed
1265 5255 1332 5294 ex
1354 5238 1642 5294 dilectione
1677 5240 1962 5308 processit,
1986 5257 2144 5310 quam

565 5329 916 5388 dilectionem
943 5337 1247 5390 ostendistis
1267 5338 1324 5390 in
1348 5338 1556 5390 nomine
1579 5337 1768 5406 ipsius,
1793 5335 1848 5392 id
1863 5340 2026 5394 estad
2048 5340 2148 5394 ho-

567 5441 762 5482 norem
796 5427 911 5484 Dei.
935 5427 1128 5498 Operis
1153 5429 1322 5484 vestri
1344 5431 1482 5485 bene
1509 5430 1651 5498 dico,
1679 5433 1806 5502 quia
1841 5441 2024 5488 vestra
2047 5433 2148 5487 mi-

565 5519 839 5574 nistrastis
873 5521 1092 5584 sanctis,
1121 5527 1172 5573 et
1201 5519 1380 5576 adhuc
1421 5519 1610 5576 eadem
1651 5521 1940 5577 dilectione
1988 5524 2148 5576 mini-

563 5612 775 5666 stratis.
809 5609 1026 5680 Triplex
1063 5611 1264 5665 bonum
1293 5621 1443 5668 notat
1492 5614 1549 5668 in
1605 5615 1706 5680 eis,
1757 5615 1962 5670 scilicet
2009 5631 2148 5685 opus

562 5699 796 5768 b‘onum,
843 5709 898 5756 et
938 5699 1284 5756 dilectionem
1331 5712 1386 5758 et
1439 5705 1909 5760 honoriﬁcentiam
1953 5705 2046 5760 Dei
2092 5705 2146 5759 in

1101 278 1159 336 S.
1207 277 1552 336 ΒΜ]ΝοΝῶ
1588 273 2242 334 CARTIiUSlANORUM
2283 273 2774 366 le‘TlTUTORlS
2807 275 2963 334 OPP.
3003 275 3188 334 PARS
3225 264 3285 332 ll.

3695 287 3769 344 510

2178 390 2224 446 Α
2249 401 2414 458 opere
2473 403 2596 444 suo.
2651 387 3004 445 Ministrastis
3053 389 3190 446 olim
3239 397 3295 446 et
3328 388 3506 448 adhuc
3549 407 3604 448 tn
3625 397 3770 456 emtam

2247 481 2421 548 estis;
2453 481 2694 552 cupimus
2739 491 2918 536 autem
2945 481 3012 536 de
3063 479 3254 537 futuro
3297 497 3772 556 unumquemque”.

2246 582 2440 642 strum,
2467 583 2528 628 ut
2555 589 2650 630 nec
2693 590 2830 628 unus
2861 573 2998 628 desit
3025 573 3090 628 ab
3133 573 3228 628 hoc
3269 590 3423 644 opere
3466 583 3714 648 ostentare,
3735 583 3772 640 id

2245 673 2332 722 est
2357 664 2672 736 frequenter
2704 664 2994 720 ostendere
3017 665 3257 720 eamdem
3274 663 3686 736 sollicitudinem,
3705 671 3774 726 ad.

2247 755 2594 814 ministrandi
2623 756 2830 814 sanctis
2854 773 3018 828 usque
3049 757 3106 810 in
3143 756 3305 826 ﬁnem
3343 764 3598 814 vestrum.
3621 759 3774 818 Osten.

2246 855 2364 904 tare
2390 848 2514 904 dico
2537 847 2608 903 ad
2641 847 3009 920 expletionem
3042 849 3180 920 spei,
3211 849 3268 904 id
3301 857 3390 906 est
3409 849 3464 904 in
3489 847 3656 906 futura
3675 853 3772 910 bea-

2248 939 2482 995 titudine
2528 939 2870 1010 compleatur
2913 941 2968 996 in
3021 939 3178 996 vobis
3208 941 3357 1012 quod
3387 941 3548 998 modo
3572 947 3774 1013 speratis.

2246 1031 2326 1088 Ita
2346 1032 2599 1102 cupimus
2621 1040 2920 1100 ostentare,
2955 1040 3018 1086 ut
3065 1049 3170 1086 non
3216 1034 3521 1104 efﬁciamini
3561 1053 3710 1108 segnes
3733 1041 3774 1096 in

2248 1123 2353 1184 hac
2398 1122 2787 1191 sollicitudine,
2829 1123 2921 1178 sed
2952 1123 3074 1180 sitis
3099 1123 3396 1178 imitatores
3423 1140 3616 1194 eorum,
3647 1127 3692 1182 id
3716 1141 3776 1186 est

2247 1223 2562 1272 sanctorum
2590 1217 2681 1286 qui
2703 1215 3088 1272 bereditabunt
3105 1217 3500 1287 promissiones,
3529 1217 3580 1272 id
3604 1229 3674 1276 est
3685 1237 3776 1291 pro-

2247 1308 2450 1364 missas
2477 1307 2840 1364 beatitudines
2874 1327 2890 1363 :
2920 1323 3030 1364 non
3061 1317 3283 1380 propter
3307 1324 3502 1381 genus,
3525 1311 3612 1366 sed
3643 1313 3774 1382 Μαι

2245 1401 2530 1470 patientia,
2573 1400 2630 1456 id
2657 1409 2744 1458 est
2788 1415 2886 1472 per
2925 1401 3110 1472 ﬁdem,
3141 1409 3198 1458 et
3221 1401 3352 1474 quia
3392 1401 3486 1458 diu
3513 1405 3774 1463 sustinendo

2247 1507 2360 1548 non
2386 1491 2612 1548 fuerunt
2641 1491 2874 1563 fatigati.

2319 1583 2460 1650 Quia
2489 1584 2698 1640 sciebat
2743 1583 2948 1642 Paulus
2977 1585 3212 1642 multum
3257 1585 3480 1658 placere
3509 1585 3610 1643 illis
3647 1590 3686 1643 si
3705 1605 3775 1660 μ·

2247 1676 2424 1736 tribus
2448 1691 2640 1732 eorum
2672 1677 2878 1733 diceret
2905 1677 3298 1748 repromissam
3351 1677 3602 1746 salutem,
3623 1681 3702 1748 sit,
3727 1697 3776 1738 ac

2245 1767 2294 1823 si
2307 1767 2916 1840 quilibetinterrogaret
2939 1787 2953 1824 :
2981 1767 3194 1826 Suntne
3215 1768 3374 1825 factae
3409 1771 3776 1840 promissionesi

2247 1858 2388 1916 Sunt
2411 1859 2636 1930 utique;
2683 1874 2808 1916 nam
2848 1860 3100 1916 Abrahae.
3133 1859 3200 1916 Et
3231 1861 3336 1916 tria
3369 1861 3634 1934 subiungit
3657 1863 3770 1934 quod

2245 1959 2300 2008 et
2329 1951 2724 2021 promissiones
2751 1949 2910 2008 factm
2935 1952 3068 2018 sint,
3093 1960 3150 2007 et
3174 1967 3272 2021 per
3287 1951 3657 2023 jusjurandum
3675 1970 3774 2010 con—

2245 2043 2496 2109 ﬁrmatae,
2527 2043 2660 2098 etin
2691 2043 2970 2098 Abraham
3005 2042 3124 2114 iam
3165 2043 3402 2115 impletae
3429 2042 3607 2102 dicens
3633 2065 3644 2100 :
3671 2043 3776 2100 Deus

2245 2137 2558 2208 promittens
2606 2134 2835 2190 Abrahae
2857 2135 3062 2206 jurauit
3096 2151 3190 2206 per
3239 2137 3589 2206 semetipsum,
3611 2147 3658 2192 et
3685 2138 3778 2192 ideo

2247 2241 2344 2298 per
2365 2226 2742 2296 semetipsum,
2771 2226 3024 2296 quoniam
3067 2224 3328 2280 neminem
3375 2225 3555 2279 habuit
3577 2227 3778 2296 majorem

2247 2332 2341 2389 per
2369 2333 2522 2390 quem
2552 2316 2804 2386 juraret;
2850 2323 2906 2372 et
2951 2314 3168 2386 quare?
3217 2312 3344 2372 Ideo
3395 2315 3522 2385 quia
3565 2316 3778 2386 maiorem

2249 2423 2362 2464 non
2396 2407 2610 2474 habuit,
2635 2421 2732 2478 per
2759 2422 2820 2462 se
2843 2405 3050 2478 iuravit
3104 2406 3322 2473 subdet,
3347 2405 3444 2462 sed
3479 2407 3630 2462 verba
3645 2407 3777 2474 juris-

2245 2499 2466 2572 iurandi
2496 2497 2810 2572 praemittit:
2829 2498 3058 2568 iuravit,
3080 2498 3328 2568 inquam,
3343 2497 3522 2552 dicens
3549 2496 3628 2554 :0
3645 2497 3780 2552 Abra-

2251 2591 2380 2648 ham
2415 2591 2522 2646 nisi
2555 2590 2860 2646 benedicam
2901 2598 2970 2658 te,
3006 2589 3061 2644 id
3097 2598 3181 2646 est
3209 2589 3545 2646 incremento
3563 2589 3778 2644 virtutum

2252 2683 2510 2740 ditavero‘
2527 2692 2582 2739 te
2603 2683 2660 2738 in
2689 2683 2794 2738 hac
2826 2683 2958 2738 vita.
2980 2681 3308 2738 Benedicam
3330 2681 3477 2752 dico,
3506 2683 3778 2746 benedicens,

2252 2774 2308 2830 id
2329 2773 2512 2830 estita
2539 2781 2600 2828 ut
2631 2773 2688 2828 in
2709 2771 2886 2830 oﬂicio
2914 2772 3274 2828 benedicendi
3303 2787 3522 2844 semper
3553 2787 3778 2837 maneam,

2252 2872 2304 2920 et
2333 2863 2438 2918 nisi
2469 2861 2837 2932 multiplicabo
2869 2870 2924 2918 te
2969 2861 3026 2916 in
3053 2859 3237 2916 futura
3269 2861 3598 2917 beatitudine
3633 2877 3779 2916 remu-

2253 2953 2496 3010 nerando
2523 2953 2684 3008 tidem
2724 2961 2897 3008 tuam.
2929 2950 3322 3024 Multiplicabo,
3359 2951 3595 3023 inquam,
3633 2951 3780 3006 multi-

2255 3043 2482 3114 plicans,
2516 3044 2570 3099 id
2597 3053 2682 3100 est
2707 3058 2818 3098 non
2851 3041 3018 3115 huius
3061 3042 3532 3116 multiplicationis
3553 3044 3694 3098 tinem
3717 3040 3782 3096 ia-

2255 3133 2408 3192 ciens
2443 3133 2552 3190 nisi
2575 3134 2682 3190 hoc
2709 3133 2910 3202 fecero,
2943 3131 3196 3204 (defectio
3229 3131 3546 3206 locutionis)
3567 3143 3782 3204 sequatur

2253 3225 2616 3298 quodcunque
2643 3226 3051 3284 inconveniens.
3081 3224 3154 3281 Et
3175 3227 3252 3282 sic
3273 3225 3546 3284 Abraham
3567 3225 3782 3283 certilica-

2255 3326 2365 3386 tus,
2402 3317 2680 3374 Abraham
2732 3318 2902 3390 ferens
2947 3317 3346 3390 longanimiter,
3405 3318 3616 3390 quiaet
3643 3316 3722 3372 diu
3741 3325 3783 3371 et

2253 3411 2426 3466 multa
2447 3409 2676 3466 adversa
2723 3409 3006 3478 sustinuit,
3060 3409 3280 3480 adeptus
3304 3417 3386 3464 est
3407 3409 3618 3465 tandem
3641 3424 3782 3478 repra-

2255 3502 2582 3570 missionem,
2620 3500 2678 3558 id
2727 3510 2814 3558 est
2853 3516 2996 3572 saepe
3045 3501 3379 3572 promissam
3421 3501 3780 3574 beatitudinem.

2253 3591 2381 3650 ideo
2425 3591 2636 3664 iuravit
2665 3593 2798 3664 quia
2836 3593 3004 3650 homo
3045 3591 3216 3664 iurat.
3249 3591 3378 3648 Ideo
3427 3608 3524 3664 per
3571 3608 3642 3660 se,
3681 3591 3784 3662 quia

2253 3684 2431 3755 maior
2461 3698 2528 3739 eo
2579 3699 2694 3740 non
2743 3692 2866 3752 est;
2897 3683 3131 3738 homines
3167 3684 3309 3738 enim
3340 3683 3506 3756 380
3530 3683 3786 3754 jurantper

2253 3778 2509 3848 majorem
2540 3777 2624 3831 sui
2649 3793 2669 3842 ;
2705 3776 2827 3832 ideo
2856 3775 3002 3833 Deus
3023 3784 3150 3848 post
3176 3777 3594 3848 promissionem
3619 3773 3785 3846 iuravit

2253 3869 2698 3926 condescendens
2715 3868 3098 3924 consuetudini
3119 3867 3426 3932 hominum,
3445 3882 3662 3938 quorum
3679 3879 3786 3920 usus

2252 3970 2338 4018 est
2371 3970 2554 4018 certos
2593 3961 2710 4018 ﬁeri
2738 3975 2835 4032 per
2859 3959 3270 4032 iusiurandum,
3299 3960 3444 4016 sicut
3463 3957 3615 4016 Jesus
3631 3957 3786 4014 diebus

2253 4053 2372 4110 suis
2400 4053 2704 4110 secundum
2749 4063 2983 4109 morem‘
3000 4051 3148 4107 illius
3176 4051 3441 4121 regionis,
3474 4051 3530 4106 in
3555 4047 3786 4122 parabolis

2251 4153 2306 4200 et
2329 4145 2781 4201 similitudinibus
2797 4143 3124 4214 loquebatur
3145 4143 3272 4210 illis,
3298 4157 3424 4198 cum
3446 4151 3618 4198 tamen
3634 4139 3789 4210 iurare

2251 4235 2348 4290 Dei
2375 4235 2512 4292 nihil
2533 4236 2681 4292 aliud
2703 4236 2794 4302 sit,
2817 4251 2982 4306 quam
3009 4233 3424 4290 immutabiliter
3447 4233 3682 4291 stabilire.
3695 4227 3790 4283 llo-

2251 4323 2430 4379 mines
2447 4325 2634 4396 iurant
2668 4341 2762 4395 per
2791 4325 3056 4396 majorem
3098 4324 3208 4392 sui,
3233 4333 3284 4378 et
3305 4323 3662 4394 iuramentum
3681 4319 3790 4390 ﬁnis

2181 4431 2228 4489 ι)
2251 4423 2329 4468 est
2353 4413 2522 4468 omnis
2553 4415 2942 4482 controversiae,
2985 4414 3039 4469 id
3083 4423 3168 4470 est
3214 4415 3586 4472 altercationis
3611 4425 3788 4472 eorum.

2254 4507 2442 4562 valens
2467 4507 2535 4562 ad
2563 4506 3030 4564 confirmationem
3088 4507 3316 4564 alterius
3365 4507 3557 4577 partis,
3604 4507 3650 4560 in
3683 4519 3790 4572 quo.

2255 4597 2464 4654 scilicet
2501 4613 2597 4668 per
2623 4598 3018 4668 iuramentum,
3064 4597 3206 4652 Deus
3255 4597 3431 4652 volens
3481 4595 3792 4652 abundantis:

2255 4689 2544 4744 ostendere.
2578 4689 2931 4746 Abundanter
2953 4689 3098 4744 enim
3143 4703 3242 4759 per
3263 4689 3684 4760 promissionem,
3714 4683 3793 4737 sed

2253 4781 2623 4838 abundantius
2643 4781 2882 4838 ostendit
2901 4795 2997 4852 per
3019 4779 3412 4852 iuramentum.
3441 4778 3629 4834 Volens
3641 4783 3795 4831 osten-

2255 4872 2385 4928 dere
2414 4873 2859 4940 immobilitatem,
2883 4873 2938 4930 id
2965 4885 3048 4930 cst
3071 4871 3566 4928 inmutabilitatem
3591 4867 3660 4926 sui
3687 4880 3797 4920 con-

2257 4964 2384 5020 silii.
2421 4965 2724 5022 Consilium
2763 4965 2858 5019 Dei
2893 4965 2996 5020 fuit
3031 4965 3202 5036 (quod
3233 4965 3322 5019 vix
3365 4963 3533 5035 aliqui
3561 4973 3796 5032 cognove-

2254 5057 2399 5126 rant)
2425 5073 2521 5126 per
2541 5057 2702 5114 ﬁdem
2726 5056 2930 5112 Christi
2963 5057 3176 5110 salvare
3203 5055 3479 5111 homines.

2325 5149 2460 5218 Hoc,
2491 5151 2740 5220 inquam,
2773 5149 3062 5204 consilium
3094 5149 3390 5204 ostendens
3415 5143 3676 5202 immobile
3697 5141 3796 5194 Iur-

2252 5240 2462 5294 redibus
2485 5239 2905 5310 pollicitationis,
2929 5239 2983 5294 id
3009 5237 3408 5308 estfrequentis
3427 5231 3800 5306 promissionis,

2249 5333 2424 5402 posuit
2443 5331 2826 5402 jusjurandum
2857 5331 2994 5383 inter
3019 5329 3442 5400 promissionem
3475 5337 3527 5382 et
3553 5322 3801 5394 impletin-

2251 5437 2375 5476 nem
2400 5421 2658 5476 medium.
2686 5419 2768 5474 Ad
2793 5419 2896 5474 hoc
2923 5418 3124 5488 posuit,
3157 5428 3214 5470 ut
3250 5433 3343 5487 per
3361 5418 3496 5470 duas
3525 5429 3598 5468 res
3621 5412 3802 5464 immo-

2253 5515 2403 5582 biles,
2443 5515 2650 5570 scilicet
2691 5529 2789 5584 per
2809 5511 3232 5583 promissionem
3259 5517 3314 5566 ct
3335 5503 3728 5582 iusiurandum,
3755 5502 3806 5554 in

2252 5609 2441 5681 quibus
2463 5607 2786 5680 impossibile
2811 5616 2886 5662 est
2921 5605 3132 5660 mentiri
3155 5603 3346 5670 Deum,
3373 5602 3498 5673 quia
3529 5612 3622 5654 nec
3649 5595 3706 5650 in
3729 5591 3808 5650 al-

2253 5701 2649 5770 tero;perhas
2672 5701 2808 5756 duas
2860 5713 2947 5754 res
2999 5697 3284 5750 habeamus
3325 5695 3566 5750 solatium
3587 5683 3810 5764 fortissi-
