3988 6398
213 396 341 452 521

878 392 1241 449 ΕΧΡΟΞΙΤΙΟ
1279 391 1343 446 IN
1385 389 1764 446 EPISTULAS

1907 387 2032 444 ULI.
2077 418 2143 426 --
2183 387 2247 441 IN
2287 387 2502 444 EPIST.
2545 387 2635 443 AD
2669 387 2822 444 ΗΕΒ.

3384 391 3490 449 522

211 526 402 576 ωιτη,
432 509 484 564 id
510 519 592 564 est.
620 509 764 578 quod
797 509 851 562 in
881 507 1031 562 omni
1053 507 1379 563 adversitate
1405 507 1574 562 fortes
1603 521 1701 562 nos
1725 505 1808 561 fa-
1841 512 1888 570 Λ
1921 523 1939 554 ε
1983 506 2216 558 cimatus
2257 512 2357 559 est.
2391 503 2582 559 Adhuc
2621 505 2766 558 enim
2809 506 2862 558 in
2908 502 3105 558 lumbis
3144 507 3313 573 patris
3338 519 3482 575 erat,

211 601 366 666 ciat,
396 601 639 654 volentes
663 599 729 653 ad
755 600 944 654 horam
971 599 1083 668 pati
1127 609 1187 654 ut
1226 599 1280 652 in
1308 608 1570 662 aeternum
1620 613 1810 668 regne—

211 707 379 748 mus.
425 689 816 762 Jusjurandum
873 690 1094 757 dicitur,
1140 689 1300 760 quasi
1339 689 1594 760 quod-jus
1627 689 1812 744 estad

199 782 540 852 juraudum.
579 781 889 850 Pcrjurium
932 790 1118 836 autem
1157 796 1266 836 non
1284 781 1690 851 jusjurandum,
1717 781 1813 835 sed

199 874 314 943 jus
347 890 451 928 non
470 873 765 944 furandum
789 873 1010 929 dicitur.
1035 871 1092 928 In
1130 874 1234 929 hoc
1257 873 1570 943 juramento
1592 872 1689 928 Dei
1714 889 1812 927 auo

210 967 539 1020 ctoritatem
596 965 862 1020 habemus
906 964 1147 1034 jurandi,
1193 965 1266 1019 ita
1297 974 1477 1020 tamen
1507 973 1568 1020 ut
1594 980 1694 1020 nec
1717 981 1811 1020 su-

209 1055 721 1126 perﬂuejuremus,
751 1053 968 1110 etiamsi
1020 1053 1306 1108 veritatem
1358 1054 1632 1120 dicamus,
1685 1068 1806 1118 nec,

209 1146 319 1200 ubi
343 1160 570 1202 necesse
591 1154 694 1210 εει,
719 1145 999 1200 veritatem
1016 1143 1332 1213 jurameuto
1361 1146 1687 1200 conﬁrmare
1715 1144 1809 1200 de-

209 1254 497 1294 seramus.
525 1237 833 1294 Habeamus
870 1238 1127 1294 solatium
1153 1249 1246 1289 nos
1272 1238 1362 1307 qui
1387 1237 1720 1307 confugimus
1752 1236 1808 1291 in

209 1331 374 1384 omni
416 1329 766 1386 tribulatione
795 1331 866 1384 ad
906 1347 1050 1400 spem
1096 1330 1406 1395 tenendam,
1451 1344 1559 1384 non
1589 1315 1808 1398 propter

209 1421 457 1477 adversa
478 1414 856 1477 deserendam.
891 1419 1055 1492 Spem
1079 1421 1201 1478 dico
1223 1421 1545 1491 propositam
1569 1418 1684 1489 jam
1707 1433 1806 1472 no-

207 1511 304 1566 bis
337 1512 395 1566 in
437 1510 710 1568 Abraham
761 1521 816 1568 et
861 1513 1158 1582 impletam.
1217 1511 1312 1568 Vel
1358 1510 1717 1582 propositam,
1751 1509 1806 1565 id

207 1613 305 1657 est
349 1601 611 1656 erunibus
655 1602 711 1656 in
739 1603 846 1658 ﬁde
874 1603 1223 1673 sperantibus
1259 1603 1516 1656 oblatam.
1549 1599 1642 1655 Ille
1669 1615 1810 1656 con-

207 1693 361 1766 fugit
408 1696 477 1751 ad
532 1711 708 1766 spem,
759 1695 852 1767 qui
887 1695 1295 1752 tribulationem
1345 1693 1553 1764 Spernit
1606 1692 1804 1763 gaudio

206 1787 580 1842 beatitudinis
611 1827 627 1854 ,
698 1803 867 1858 quam
924 1786 1028 1842 sibi
1072 1785 1315 1841 futuram
1369 1792 1570 1856 sperat.
1628 1783 1802 1850 Quam

206 1891 375 1945 spem
412 1876 662 1930 habemus
697 1877 835 1930 sicut
865 1875 1151 1929 anchoram
1182 1875 1376 1930 animle
1417 1882 1587 1928 tutam
1611 1889 1674 1927 ac
1703 1874 1801 1943 ﬁr-

205 1983 402 2032 mam;
433 1976 496 2022 ut
522 1967 664 2023 sicut
714 1969 954 2022 anchora
1000 1966 1182 2021 navim
1211 1974 1358 2021 tenet
1383 1980 1452 2021 ne
1485 1965 1803 2036 submerga-

208 2065 345 2124 tur;
383 2057 466 2114 sic
515 2074 641 2129 spes
687 2059 928 2124 animam
977 2066 1224 2114 nostram
1273 2057 1438 2112 faciat
1489 2063 1685 2123 tutam,
1735 2071 1804 2111 ne

206 2150 607 2222 submergatur
622 2151 1013 2207 consentiendo
1032 2150 1326 2221 iniquitati,
1349 2149 1630 2204 etﬁrmam
1655 2149 1804 2219 quod

208 2257 506 2312 nunquam
534 2242 770 2313 refugiat
797 2243 909 2313 pati
939 2243 1134 2298 saltem
1177 2242 1233 2297 in
1276 2241 1506 2297 minimo
1536 2241 1799 2297 titubans.

209 2331 386 2403 Spem
417 2336 583 2390 etiam
600 2337 1076 2393 dicoineedentem
1104 2346 1266 2408 usque
1290 2337 1348 2391 in
1380 2338 1633 2391 interiora
1656 2336 1802 2391 vela-

205 2427 401 2493 minis,
454 2427 509 2482 id
555 2436 641 2484 est
691 2427 748 2483 in
782 2429 1100 2484 interiorem
1135 2439 1188 2485 et
1218 2429 1454 2485 velatam
1506 2418 1801 2484 beatitudi;

206 2533 366 2581 nem,
393 2533 558 2588 quam
589 2534 754 2574 nemo
780 2520 1080 2576 viventium
1101 2519 1253 2577 vidit.
1285 2519 1548 2576 Interiora
1577 2521 1804 2576 velami-

206 2609 301 2664 nis
327 2609 618 2666 dicebatur
649 2610 805 2667 locus
848 2609 1047 2668 Sancta
1073 2621 1387 2668 sanctorum
1415 2627 1536 2683 quae
1559 2620 1684 2683 post
1707 2627 1802 2667 ve-

208 2699 398 2754 lamen
441 2708 618 2755 erant.
674 2699 815 2756 Ante
841 2702 1089 2757 velamen
1121 2710 1304 2758 autem
1347 2701 1501 2757 locus
1523 2701 1805 2756 dicebatur

207 2787 440 2855 Sancta,
490 2790 548 2844 in
577 2805 688 2861 quo
718 2791 936 2847 stabant
986 2791 1319 2857 sacerdotes,
1363 2790 1457 2846 sed
1495 2790 1564 2845 ad
1613 2799 1802 2846 sancta

136 2902 142 2906 ·
209 2889 536 2936 sanctorum
567 2882 735 2938 semel
781 2883 838 2939 in
888 2898 1033 2938 anno
1061 2882 1468 2954 ingrediebatur
1504 2880 1797 2950 pontifex;

206 2988 339 3042 qua:
368 2973 627 3028 interiora
648 2973 1339 3045 velaminissignilicabant
1367 2976 1642 3030 caelestem
1667 2973 1799 3028 bea-

207 3063 532 3130 titudinem,
563 3064 723 3120 nobis
753 3066 809 3120 in
841 3065 944 3121 hac
983 3065 1090 3120 vita
1121 3065 1377 3121 velatam.
1403 3065 1468 3122 Et
1499 3066 1643 3123 sicut
1673 3080 1800 3136 spe-

1921 615 1936 644 t
1984 595 2202 663 quando
2249 595 2488 649 obviavit
2531 595 2579 649 ei
2616 594 3028 650 Melchisedech.
3075 594 3132 649 Si
3177 610 3307 666 ergo
3351 613 3487 654 con-

1920 702 1938 734 ι
1985 685 2276 739 summatio
2313 700 2410 754 per
2450 686 2813 742 sacerdotium
2857 686 3158 741 Leviticum
3200 697 3318 742 erat
3354 687 3487 758 (po-

1920 795 1937 825 ι
1985 777 2142 845 ptilus
2175 777 2320 831 enim
2359 779 2462 832 sub
2497 779 2616 847 ipso
2656 779 2826 849 legem
2866 777 3102 848 accepit)
3145 778 3274 847 quid
3310 779 3487 836 adhuc

1919 889 1937 918 ι
1979 870 2347 924 necessarium
2372 860 2475 924 fuit
2499 871 2797 926 secundum
2821 871 3067 924 ordinem
3089 870 3486 926 Melchisedech

1918 980 1936 1011 ι
1978 961 2142 1016 alium
2181 963 2806 1031 surgeresaccrdotem,
2834 971 2889 1015 et
2918 977 3027 1016 non
3055 962 3354 1017 secundum
3388 976 3484 1016 or-

1918 1071 1934 1101 ι
1981 1051 2160 1106 dinem
2204 1052 2386 1106 Aaron
2429 1052 2570 1107 dici?
2612 1051 2900 1107 Translato
2944 1051 3090 1106 enim
3144 1051 3482 1115 sacerdotio,
3582 1074 3590 1081 -

1916 1162 1934 1191 ε
1981 1156 2206 1197 necesse
2229 1152 2386 1199 estet
2411 1152 2472 1198 ut
2497 1144 2630 1214 legis
2655 1145 2942 1199 translatio
2977 1143 3090 1199 fiat.
3115 1143 3172 1198 In
3198 1158 3308 1214 quo
3335 1143 3482 1197 enim

1915 1252 1934 1284 ‹
1979 1234 2093 1288 haec
2118 1232 2402 1300 dicuntur,
2438 1235 2504 1288 de
2555 1235 2660 1288 alia
2705 1235 2851 1289 tribu
2895 1235 3098 1301 est,de
3140 1249 3248 1304 qua
3298 1234 3484 1289 nullus

1915 1341 1932 1371 ς
1976 1322 2130 1377 altari
2163 1333 2362 1392 praesto
2393 1323 2512 1379 fuit.
2539 1323 2881 1379 Manifestum
2924 1335 3006 1380 est
3044 1326 3192 1381 enim
3223 1326 3368 1396 quod
3414 1340 3484 1379 ex

1915 1431 1932 1462 ι
1978 1411 2116 1468 Iuda
2143 1425 2298 1469 ortus
2325 1415 2396 1469 sit
2420 1413 2684 1470 Dominus
2707 1424 2920 1480 noster,
2951 1417 3007 1470 in
3037 1432 3145 1486 qua
3177 1417 3321 1471 tribu
3345 1414 3482 1469 nihil

1914 1522 1931 1552 ε
1975 1503 2042 1557 de
2086 1504 2459 1559 sacerdotibus
2496 1503 2710 1575 Moyses
2757 1505 2969 1559 locutus
3009 1515 3111 1560 est.
3141 1505 3207 1561 Et
3243 1505 3483 1575 amplius

1913 1614 1931 1643 ε
1975 1595 2152 1650 adhuc
2199 1596 2544 1651 manifestum
2596 1605 2708 1661 est,
2741 1595 2785 1651 si
2825 1597 3123 1652 secundum
3165 1597 3480 1652 similitudi-

1912 1711 1929 1741 ι
1977 1707 2100 1747 nem
2136 1691 2525 1748 Melchisedech
2577 1701 2832 1764 exsurget
2873 1693 3015 1748 alius
3069 1694 3355 1759 sacerdos,
3385 1695 3479 1763 qui

1911 1803 1929 1834 ι
1973 1798 2080 1838 non
2107 1784 2406 1838 secundum
2438 1784 2610 1855 legem
2635 1786 2875 1840 mandati
2903 1783 3345 1841 carnalis-factus
3365 1793 3479 1849 est,

1913 1893 1930 1925 ι
1975 1873 2069 1928 sed
2100 1873 2396 1928 secundum
2427 1873 2677 1929 virtutem
2712 1875 2836 1930 vita:
2885 1876 3191 1931 insolubilis
3216 1875 3481 1947 [dissolu-

1912 1985 1930 2016 c
1976 1964 2142 2036 bilis].
2167 1964 2519 2020 Contestatur
2549 1967 2726 2031 enim,
2751 1967 3031 2036 quoniam.
3059 1967 3140 2022 Tu
3177 1983 3238 2023 es
3293 1981 3482 2023 sacer-

1911 2073 1930 2105 ι
1977 2054 2075 2108 dos
2096 2054 2150 2106 in
2173 2063 2436 2108 aeternum
2457 2055 2758 2110 secundum
2786 2055 3030 2110 ordinem
3060 2055 3475 2113 Melchisedech.

1911 2164 1929 2195 ε
1978 2143 2304 2213 Reprobatio
2327 2144 2545 2214 quidem
2571 2144 2630 2200 iit
2650 2147 3003 2216 praecedentis
3025 2147 3286 2214 mandati,
3315 2163 3480 2218 prop—

1911 2253 1929 2285 ‹
1974 2245 2059 2288 ιει·
2093 2234 2461 2290 infirmitatem
2497 2235 2616 2304 ejus
2653 2245 2706 2290 et
2745 2237 3111 2292 inutilitatem.
3147 2236 3292 2292 Nihil
3330 2239 3481 2317 enim

1910 2347 1928 2377 ι
1971 2327 2038 2383 ad
2066 2327 2366 2398 perfectum
2391 2328 2616 2384 adduxit
2636 2330 2743 2384 lex.
2776 2329 3110 2385 lntroductio
3133 2345 3263 2386 vero
3286 2332 3480 2386 melio—

1910 2442 1928 2473 ι
1973 2422 2047 2478 ris
2069 2421 2204 2491 spei,
2228 2437 2326 2491 per
2345 2437 2509 2492 quam
2532 2423 2906 2492 proximamus
2927 2423 2993 2477 ad
3015 2423 3206 2487 Dcum,
3229 2432 3283 2476 et
3304 2438 3484 2493 quan-'

1909 2533 1928 2563 ιι
1969 2522 2086 2568 tum
2120 2521 2207 2568 est
2243 2527 2355 2568 non
2396 2512 2514 2568 sine
2551 2512 2928 2583 jurejurando.
2963 2513 3070 2567 Alii
3105 2512 3324 2584 quidem
3360 2513 3486 2569 sine

1909 2625 1928 2657 ι
1965 2606 2324 2676 jurejurando
2346 2607 2654 2662 sacerdotes
2677 2605 2804 2662 facti
2831 2617 2984 2672 sunt;
3018 2607 3106 2662 hic
3139 2617 3318 2662 autem
3349 2623 3476 2663 cum

1908 2717 1928 2750 ε
1968 2698 2326 2768 jurejurando
2363 2714 2460 2768 per
2483 2714 2607 2754 eum
2647 2699 2740 2770 qui
2781 2699 2918 2754 dixit
2957 2699 3025 2754 ad
3053 2699 3238 2756 illum:
3269 2697 3480 2754 Iuravit

1907 2809 1928 2840 ε
1973 2790 2234 2846 Dominus
2280 2799 2336 2846 et
2370 2807 2478 2846 non
2521 2792 2804 2861 paenitebit
2829 2807 2956 2848 cum
2986 2810 2999 2847 :
3041 2801 3099 2846 tu
3134 2807 3194 2848 es
3223 2793 3483 2849 sacerdos

1907 2898 1926 2930 ι
1971 2879 2026 2933 in
2055 2888 2340 2936 aeternum.
2370 2879 2428 2935 In
2458 2888 2668 2936 tantum
2700 2882 2940 2936 melioris
2967 2884 3277 2936 testamenti
3305 2897 3476 2951 spon-

1908 2990 1926 3021 ‹
1971 2987 2062 3026 εοι·
2103 2970 2280 3027 factus
2317 2981 2403 3028 est
2441 2971 2616 3028 Jesus.
2643 2972 2709 3027 Et
2741 2973 2832 3027 alii
2871 2973 3088 3042 quidem
3137 2973 3321 3042 plures
3347 2971 3477 3027 facti

1905 3080 1922 3106 ι
1971 3070 2098 3116 sunt
2130 3062 2471 3128 sacerdotes,
2509 3062 2714 3118 idcirco
2740 3064 2887 3133 quod
2925 3071 3099 3117 morte
3123 3062 3478 3132 prohiberen-

208 3170 408 3210 ramus
432 3155 561 3212 illuc
587 3157 776 3227 utique
829 3156 1168 3224 inccdemus,
1207 3157 1356 3227 .quia
1405 3158 1516 3224 ubi,
1550 3157 1604 3212 id
1633 3164 1718 3213 est
1741 3157 1797 3211 in
1825 3186 1866 3244 α
1907 3169 1926 3203 ι
1969 3161 2058 3207 ιιιι·
2108 3167 2463 3222 permanere;
2502 3153 2590 3208 hic
2641 3162 2825 3209 autem
2869 3168 2935 3208 eo
2979 3153 3127 3223 quod
3165 3162 3383 3208 maneat
3419 3153 3476 3208 in

210 3263 341 3316 qua:
387 3247 647 3304 interiora
691 3250 901 3304 introiit
948 3248 1104 3304 Iesus
1160 3265 1476 3320 prwcursor,
1508 3250 1559 3304 id
1584 3257 1668 3306 est
1687 3265 1796 3320 pra:

211 3337 381 3392 nobis
403 3354 632 3394 currens
671 3348 731 3394 ut
767 3354 896 3396 eum
941 3355 1258 3410 sequamur,
1309 3355 1494 3394 cursor
1520 3339 1642 3395 ideo
1669 3339 1799 3410 quia

210 3429 370 3482 nulla
396 3429 554 3499 culpa
590 3445 815 3485 cursum
846 3429 967 3502 ejus
989 3430 1284 3502 aliquando
1307 3429 1534 3486 reﬂexit.
1564 3429 1796 3496 Introiit,

211 3520 472 3590 inquam,
501 3537 603 3591 pro
625 3522 786 3578 nobis
809 3522 1239 3579 iutroducendis.
1281 3521 1389 3579 Pro
1414 3522 1574 3578 nobis
1598 3522 1799 3592 optime

210 3613 364 3679 dico,
413 3613 544 3684 quia
576 3613 752 3684 factus
782 3622 867 3671 est
911 3615 1151 3684 poutifea:
1201 3623 1391 3671 noster
1416 3615 1713 3671 duraturus
1742 3614 1798 3667 in

212 3711 506 3770 internum,
552 3703 846 3758 secundum
892 3703 1206 3775 dignitatem
1265 3705 1469 3759 ordinis
1519 3703 1798 3758 Melchise-

211 3793 368 3849 dech.

814 3887 1047 3945 CAPUT
1089 3888 1195 3944 VII.

293 3995 316 4027 ς
355 3973 458 4032 llic
503 3978 650 4034 enim
701 3977 1098 4036 Melchisedech
1146 3995 1242 4035 rex
1289 3977 1467 4034 Salem
1487 4018 1504 4045 ,
1541 3977 1796 4032 sacerdos

217 4087 236 4118 ‹
276 4066 378 4123 Dei
409 4069 632 4137 summi,
651 4072 745 4143 qui
766 4071 1004 4128 obviavit
1026 4071 1278 4137 Abrahaa,
1307 4083 1559 4142 regresso
1591 4084 1623 4124 a
1653 4067 1798 4123 ccede

215 4177 237 4212 ι
270 4174 486 4230 regum,
510 4170 565 4216 et
592 4161 869 4218 benedixit
889 4163 962 4230 ei,
989 4162 1077 4219 cui
1100 4170 1156 4218 et
1173 4162 1414 4218 decimas
1440 4160 1685 4216 omnium
1715 4159 1799 4214 di—

217 4271 235 4301 σ
271 4252 407 4307 visit
452 4253 1008 4326 Abraham,'primum
1036 4255 1256 4326 quidem
1290 4254 1384 4325 qui
1414 4255 1799 4323 interpretatur

216 4363 236 4396 ι
277 4360 372 4398 rea:
385 4344 638 4413 justitiw,
667 4347 861 4403 deinde
887 4355 1068 4404 autem
1089 4363 1185 4403 rex
1199 4346 1400 4412 Salem,
1429 4345 1577 4416 quod
1599 4355 1684 4400 est
1705 4360 1798 4397 rea:

215 4457 234 4488 ς
271 4439 447 4507 pacis,
476 4440 594 4496 sine
617 4449 788 4511 patre,
830 4441 950 4497 sine
976 4450 1170 4508 matre,
1195 4442 1314 4496 sine
1335 4437 1673 4511 genealogia,
1697 4452 1797 4492 ne-

216 4546 233 4575 ι
274 4542 386 4594 que
416 4527 632 4583 initium
672 4529 907 4596 dierum,
965 4545 1141 4600 neque
1181 4531 1342 4584 tinem
1401 4527 1526 4582 vita:
1563 4527 1792 4592 habens,
1829 4542 1872 4596 ι)

216 4637 233 4666 ι
272 4618 624 4684 εεείωἰιειιιε,
653 4629 836 4676 autem
877 4621 1016 4676 Filio
1063 4620 1179 4687 Dei,
1224 4626 1407 4674 manet
1452 4619 1709 4674 sacerdos
1737 4618 1793 4672 in

217 4728 234 4757 ι
271 4720 616 4779 perpetuum.
641 4711 1139 4775 Intueminiautem
1161 4720 1400 4782 quantus
1411 4710 1482 4766 sit
1497 4711 1605 4777 hic,
1628 4711 1717 4765 cui
1739 4718 1796 4765 et

217 4817 234 4847 ε
275 4797 522 4855 decimas
550 4801 700 4858 dedit
746 4803 814 4858 de
841 4802 1132 4872 praecipuis
1156 4801 1434 4856 Abraham
1456 4801 1800 4872 patriarcha.-

217 4905 236 4936 ι
279 4887 594 4958 thuidem
632 4893 702 4947 de
740 4891 868 4947 filiis
895 4890 1026 4946 Levi
1048 4889 1411 4946 sacerdotium
1440 4890 1790 4960 accipientes,

217 4998 234 5028 ε
273 4981 598 5038 mandatum
628 4983 833 5040 habent
881 4983 1123 5040 decimas
1175 4996 1391 5037 sumere
1423 4997 1455 5036 a
1481 4983 1681 5052 populo
1707 4996 1794 5037 se-

217 5090 235 5122 ι
273 5071 519 5128 cundum
559 5075 752 5145 legem,
776 5076 830 5130 id
856 5083 942 5131 est
965 5089 996 5129 a
1025 5074 1288 5130 fratribus
1320 5075 1456 5140 suis,
1479 5087 1794 5144 quanquam

213 5184 234 5215 1
279 5173 337 5220 ει
365 5165 473 5234 ipsi
509 5166 760 5222 exierunt
795 5167 862 5222 de
883 5167 1084 5222 lumbis
1108 5167 1361 5222 Abrahae.
1409 5165 1580 5236 Cujus
1609 5173 1803 5219 autem

217 5276 234 5305 ι
277 5255 564 5328 generatio
639 5272 748 5312 non
811 5257 1206 5313 adnumeratur
1269 5257 1327 5312 in
1375 5256 1477 5323 eis,
1551 5255 1795 5311 decimas

216 5367 234 5398 ι
273 5348 514 5418 sumpsit
534 5348 605 5404 ab
625 5349 903 5405 Abraham
926 5357 981 5404 et
1009 5350 1158 5405 hunc
1185 5350 1282 5420 qui
1324 5347 1558 5404 habebat
1604 5360 1796 5417 repro-

216 5456 235 5489 ‹
281 5439 578 5496 missiones
597 5440 757 5513 381
781 5441 1074 5497 benedixit.
1093 5441 1225 5498 Sine
1243 5441 1353 5496 ulla
1371 5449 1553 5495 autem
1574 5447 1796 5494 contra-

216 5549 236 5581 ‹
282 5531 545 5598 dictione,
567 5535 712 5604 quod
733 5536 916 5591 minus
935 5543 1040 5601 est,
1056 5550 1086 5590 a
1107 5535 1330 5591 meliore
1342 5533 1698 5600 benedicitur.
1727 5531 1794 5586 Et

218 5641 236 5670 ι
280 5623 370 5677 hic
393 5624 613 5694 quidem
642 5626 939 5682 morientes
961 5626 1214 5682 homines
1235 5626 1474 5682 decimas
1496 5625 1788 5694 accipiunt,

219 5736 236 5764 (
283 5715 358 5770 ibi
383 5724 566 5771 autem
598 5727 935 5774 contestatur
975 5720 1101 5790 quia
1127 5719 1275 5774 vivit.
1303 5719 1368 5774 Et
1401 5728 1462 5774 ut
1487 5719 1560 5772 ita
1584 5719 1788 5773 dictum

220 5824 237 5854 ι
280 5807 352 5860 sit
381 5821 479 5885 per
513 5807 788 5862 Abraham
812 5817 866 5863 ct
896 5808 1046 5874 Levi,
1071 5811 1168 5881 qui
1199 5811 1442 5875 decimas
1467 5810 1675 5866 accepit
1697 5809 1788 5862 de-

535 5899 807 5960 PATBOL.
854 5901 1060 5962 CLIII.

1907 3263 1924 3294 ι
1964 3251 2226 3298 :eternum
2246 3285 2261 3310 ,
2293 3245 2682 3314 sempiternum
2715 3245 2877 3300 habet
2908 3243 3296 3299 sacerdotium.
3322 3243 3478 3317 Unde

1905 3356 1924 3387 ι
1966 3347 2021 3391 ει
2047 3337 2258 3393 salvare
2289 3338 2345 3393 in
2385 3346 2711 3408 perpetuum
2752 3347 2960 3409 potest,
2993 3337 3257 3394 accedens
3294 3337 3477 3410 [acce-

1906 3447 1925 3478 ι
1969 3427 2194 3500 dentes}
2211 3444 2308 3499 per
2330 3430 2686 3500 semetipsum
2717 3431 2785 3485 ad
2814 3429 2981 3484 Deum
2999 3469 3013 3493 ,
3048 3442 3260 3498 semper
3287 3427 3485 3483 vivens

1905 3540 1924 3572 ι
1966 3521 2031 3576 ad
2061 3521 2514 3592 interpellandum
2552 3538 2652 3592 pro
2681 3523 2859 3579 nobis.
2893 3522 3040 3578 Talis
3073 3522 3219 3578 enim
3252 3519 3478 3577 decebat

1905 3632 1923 3664 ι
1973 3621 2030 3667 ιιι
2053 3612 2210 3668 nobis
2231 3621 2378 3668 esset
2399 3612 2666 3684 pontifex,
2693 3622 2938 3681 sanctus,
2971 3615 3252 3679 innocens,
3277 3611 3475 3681 impol-

1904 3723 1922 3753 ι
1967 3703 2147 3768 ιυιυε,
2199 3713 2512 3773 segregatus
2559 3721 2589 3759 a
2637 3706 3057 3774 peccatoribus,
3106 3713 3161 3758 et
3209 3703 3477 3758 excelsior

1902 3813 1922 3844 ι
1965 3793 2120 3850 ctelis
2153 3792 2350 3848 factus.
2394 3795 2499 3860 Qui
2532 3810 2641 3850 non
2683 3797 2846 3851 habet
2879 3795 3254 3851 necessitatem
3294 3793 3482 3864 quoti-

1904 3906 1922 3938 ς
1966 3886 2084 3949 die,
2111 3900 2274 3954 quem
2317 3885 2610 3941 admodum
2655 3887 2993 3953 sacerdotes,
3029 3886 3184 3957 prius
3222 3899 3322 3954 pro
3357 3883 3483 3938 suis.

1904 3999 1922 4029 ι
1965 3976 2177 4033 delictis
2230 3977 2438 4033 hostias
2493 3977 2717 4043 offerre,
2745 3977 2940 4033 deinde
2974 3993 3074 4048 pro
3111 3975 3329 4046 populo.
3360 3973 3478 4029 Hoc

1904 4090 1922 4122 ι
1967 4073 2114 4127 enim
2163 4071 2292 4128 fecit
2332 4070 2500 4126 semel
2550 4069 2791 4139 seipsum
2829 4068 3122 4124 atterendo.
3163 4067 3272 4122 Lex
3325 4066 3476 4122 enim

1905 4183 1923 4216 ι
1971 4164 2220 4219 homines
2255 4161 2543 4218 constituit
2584 4163 2922 4228 sacerdotes,
2965 4159 3335 4215 inﬁrmitatem
3374 4158 3476 4212 ha-

1905 4275 1922 4308 c
1967 4256 2195 4318 bentes;
2229 4269 2411 4310 sermo
2443 4263 2626 4310 autem
2659 4251 3023 4326 jurisjurandi
3060 4250 3155 4322 qui
3189 4258 3368 4320 potest
3395 4250 3485 4304 le--

1905 4365 1924 4397 ι
1968 4361 2091 4418 gem
2120 4354 2223 4410 est,
2257 4343 2452 4398 Filium
2482 4345 2536 4399 in
2559 4353 2823 4400 asternum
2844 4339 3164 4415 perfectum.
3216 4358 3236 4391 ι

2531 4492 2833 4534 EXPOSITIO.

1966 4612 2254 4681 Quomodo
2279 4614 2564 4668 secundum
2592 4614 2832 4667 ordinem
2862 4608 3262 4674 Melchisedech,
3289 4606 3480 4662 multis

1897 4701 2236 4772 interpositis
2273 4703 2493 4758 tandem
2527 4701 2874 4772 exsequitur,
2912 4701 3136 4754 dicens:
3186 4697 3330 4751 Bene
3349 4695 3478 4751 dico

1894 4793 2084 4849 Jesum
2129 4792 2438 4863 pontificem
2490 4792 2790 4847 secundum
2845 4791 3167 4862 dignitatem
3190 4787 3477 4842 Melchise-

1895 4886 2053 4940 dech.
2086 4884 2192 4938 Hic
2225 4885 2365 4939 enim
2405 4883 2784 4937 Melchisedech
2827 4899 2919 4936 rex
2947 4880 3156 4947 Solem,
3181 4894 3304 4951 qua:
3331 4893 3476 4932 nunc

1897 4975 2258 5044 Hierusalem,
2281 4984 2414 5032 tunc
2434 4975 2717 5030 dicebatur
2747 4972 2925 5028 Salem
2948 4990 2962 5036 ;
2989 4971 3084 5027 sed
3098 5013 3113 5037 ,
3144 4979 3366 5042 propter
3389 4967 3477 5024 Je-

1894 5068 2114 5124 busasos
2135 5083 2256 5124 eam
2283 5076 2474 5137 postea
2513 5065 2900 5129 inhabitantes,
2929 5065 3171 5119 additum
3193 5072 3276 5118 est
3308 5061 3477 5116 Ilieru

1897 5160 1965 5216 ad
1997 5158 2198 5224 Solem,
2222 5168 2276 5214 et
2295 5159 2496 5214 exinde
2523 5173 2719 5222 nomen
2746 5157 2935 5212 habuit
2963 5154 3320 5210 Hierusalem.
3355 5152 3476 5217 Hic,
3519 5153 3522 5155 ’

1897 5248 2144 5319 inquam,
2166 5263 2259 5303 rex
2295 5247 2475 5303 Salem
2493 5291 2506 5315 ,
2528 5246 2633 5301 fuit
2656 5247 2900 5301 sacerdos
2938 5245 3038 5301 Dei
3080 5245 3293 5310 summi,
3320 5242 3372 5298 id
3395 5249 3478 5297 est

1897 5357 2008 5396 non
2038 5341 2109 5396 ab
2142 5341 2460 5395 hominibus
2497 5355 2675 5410 neque
2713 5355 2810 5411 per
2842 5340 3119 5395 homincin
3141 5379 3156 5406 ,
3180 5337 3274 5392 sed
3300 5336 3366 5391 de
3394 5333 3477 5389 di-

1896 5433 2100 5503 gnitate
2148 5448 2249 5488 sua
2294 5431 2572 5488 Conﬁdens
2622 5432 2921 5502 assumpsit
2964 5430 3068 5487 sibi
3109 5426 3487 5484 sacerdotium.

1895 5524 1990 5581 Dei
2013 5544 2030 5593 ;
2059 5527 2149 5596 qui
2171 5525 2565 5582 Melchisedech
2587 5525 2792 5580 obviam
2819 5525 2958 5579 venit
2976 5521 3206 5577 Abrahae
3243 5531 3475 5587 regresso

1894 5635 1928 5672 a
1963 5617 2103 5672 cwde
2151 5635 2364 5688 regum,
2397 5619 2490 5689 qui
2540 5617 2643 5674 Lot
2694 5624 2946 5687 nepotem
2997 5628 3170 5690 suum.
3207 5608 3487 5668 ducebant.

1893 5713 2192 5782 captivum,
2219 5723 2273 5769 et
2299 5714 2346 5768 ei
2375 5713 2609 5768 Abrahae
2642 5709 2917 5767 benedixit
2947 5700 3363 5766 Melchisedech,
3388 5698 3476 5751 cui

1895 5804 2231 5860 benedicenti
2281 5805 2383 5858 sibi
2432 5803 2701 5857 Abraham
2746 5801 2926 5854 divisit
2963 5795 3197 5850 decimas
3242 5791 3477 5846 omnium

3087 5889 3160 5947 17
