3906 6294
494 358 599 419 5‘15

1028 351 1086 410 S.
1128 348 1476 409 BRUNONIS
1512 341 2165 403 CARTHUSIANORUM-
2194 335 2685 397 lNSTlTUTORlS
2722 335 2874 393 OPP.
2914 335 3097 392 PARS
3134 335 3199 391 ll.

3637 341 3724 399 524

492 473 794 546 spoliorum
846 468 1011 542 (Gen.
1037 483 1151 534 xxv,
1182 467 1306 536 20).
1356 462 1453 517 Hic
1483 461 1713 531 primum
1746 458 1958 529 quidem
1992 456 2075 512 di-
2101 457 2152 519 Δ
2306 453 2454 523 quod
2475 452 2647 546 aliqui
2667 448 2731 502 de
2750 447 2881 517 ﬁliis
2896 447 3019 546 Levi
3044 448 3357 546 accipientes
3377 448 3723 546 sacerdotium,

493 577 616 623 ctus
640 573 725 621 est
748 560 1167 625 Melchisedech,
1200 558 1291 628 qui
1317 554 1370 609 id
1393 561 1476 609 est
1507 551 1656 621 quod
1683 564 1883 605 nomen
1911 550 2077 603 inter-

493 666 736 729 pretatur
782 671 876 709 rea:
908 652 1157 723 justitia.
1192 646 1394 701 Deinde
1431 653 1608 698 autem
1649 643 1829 698 dictus
1856 651 1942 697 est
1983 655 2077 695 rea:

496 748 705 815 Solem,
730 746 869 818 quod
888 753 966 799 est
991 740 1405 810 interpretatum
1433 749 1526 790 rex
1551 735 1721 805 pacis.
1753 732 1853 788 Hic
1878 732 2077 787 iterum

494 839 889 898 Melchisedech
912 877 928 903 ,
959 836 1072 889 sine
1095 840 1274 902 patre,
1295 829 1409 883 sine
1437 835 1635 894 matre,
1667 840 1776 880 non
1807 825 1956 895 quod
1980 839 2079 894 pa-

495 942 679 990 rentes
709 947 820 987 non
858 926 1141 990 habuerit,
1183 922 1279 979 sed
1315 920 1445 992 quia
1486 917 1769 989 Scriptura
1806 933 1933 973 eum
1974 917 2077 971 ha-

495 1022 682 1078 buisse
707 1014 1014 1075 nullatenus
1047 1012 1199 1070 dicit.
1231 1011 1360 1067 Fuit
1390 1012 1557 1066 etiam
1587 1010 1700 1064 sine
1737 1008 2075 1080 genealogia,

494 1129 605 1168 non
636 1111 843 1166 habens
883 1107 1025 1163 ﬁlios
1077 1104 1164 1160 vel
1210 1103 1374 1169 ﬁlias,
1411 1118 1573 1173 neque
1610 1101 1825 1155 initium
1873 1100 2079 1155 dierum

495 1200 715 1264 habens,
746 1212 907 1267 neque
933 1195 1093 1265 ﬁnem
1124 1193 1247 1248 vita:
1266 1232 1281 1259 ,
1315 1191 1464 1261 quod
1497 1179 1779 1261 Scriptura
1800 1189 2077 1259 loquatur,

492 1288 744 1344 fortassis
774 1286 922 1343 serio
960 1284 1408 1356 praetermittens.
1443 1279 1545 1337 Hic
1576 1289 1753 1336 autem
1795 1278 2081 1335 Melchise-

491 1379 629 1435 dech
656 1376 1009 1433 assimulatus
1044 1375 1098 1431 in
1126 1373 1428 1446 pmmissis
1454 1371 1603 1426 Filio
1631 1371 1761 1439 Dei,
1783 1380 1959 1426 manet
1986 1386 2080 1424 sa-

493 1468 708 1535 cerdos,
730 1468 785 1523 id
814 1476 898 1522 est
934 1466 1301 1522 sacerdotium
1327 1463 1449 1534 ejus
1482 1464 1644 1518 durat
1672 1463 1730 1516 in
1750 1470 2078 1532 perpetuum.

493 1558 783 1626 Quomodo
809 1556 1170 1613 assimulatus
1201 1554 1344 1608 Filio
1374 1552 1501 1620 Dei,
1542 1559 1877 1607 revertentes
1923 1565 2083 1606 exse-

493 1666 732 1721 quamur
751 1664 851 1719 per
877 1648 1111 1719 singula.
1140 1644 1538 1703 Melchisedech
1572 1644 1775 1699 dicitur
1797 1658 1895 1699 rex
1914 1641 2081 1713 justi-

496 1742 586 1797 tia:
618 1760 632 1795 :
657 1740 782 1811 quis
807 1745 990 1794 autem
1016 1753 1118 1795 rex.
1139 1737 1367 1808 justitia:
1411 1736 1518 1792 nisi
1548 1733 1824 1802 Christus,
1850 1734 1945 1804 qui
1988 1748 2083 1804 per

2177 544 2368 598 habent
2394 544 2707 598 mandatum
2732 558 2938 597 sumere
2964 541 3199 595 decimas
3225 558 3258 593 a
3285 539 3501 610 populo,
3527 558 3620 597 nec
3639 545 3726 600 alio

2176 636 2342 691 modo
2367 634 2649 701 auderent,
2678 641 2734 689 et
2756 634 2862 688 hoc
2882 632 3170 687 secundum
3192 631 3377 701 legem,
3403 631 3460 687 in
3484 648 3585 703 qua
3609 638 3727 691 servi

2177 734 2328 782 sunt.
2372 725 2419 779 A
2451 726 2655 797 populo
2700 725 2855 791 dico,
2890 723 2945 779 id
2965 733 3063 794 ,est
3089 740 3124 777 a
3165 723 3422 794 fratribus
3474 726 3611 790 suis,
3633 727 3728 797 qui,

2177 826 2462 887 prapterca
2489 816 2617 887 quia
2649 815 2847 871 fratres
2864 857 2879 882 ,
2905 815 3137 870 libenter
3156 815 3408 870 tribuunt
3438 814 3550 882 eis,
3571 816 3622 870 in
3647 817 3730 875 hoc

2177 909 2327 979 quod
2369 918 2595 964 sumunt
2640 908 2914 974 decimas,
2951 906 3213 962 dili'erunt
3249 922 3283 962 a
3318 906 3557 977 populo;
3592 924 3731 978 quan-

2178 1015 2336 1070 quam
2355 1000 2519 1054 etiam
2535 998 2639 1069 ipsi
2660 998 2755 1053 lilii
2781 997 2910 1053 Levi
2936 997 3163 1052 exierint
3192 997 3257 1051 de
3286 996 3486 1050 lumbis
3510 997 3729 1063 Abraha,

2179 1088 2325 1143 sicut
2354 1087 2550 1157 reliqui
2584 1090 2652 1143 de
2673 1087 2897 1157 populo.
2940 1085 3064 1140 Filii
3098 1085 3229 1141 Levi
3270 1094 3503 1140 sumunt
3528 1085 3732 1145 decimas

2179 1194 2212 1234 a
2237 1178 2531 1246 fratribus,
2564 1180 2659 1234 sed
2710 1178 3108 1233 Melchisedech
3135 1178 3436 1248 generatio,
3478 1178 3617 1247 cujus
3651 1196 3732 1234 nos

2179 1272 2562 1326 adnumeratur
2586 1272 2643 1325 in
2661 1272 2737 1325 eis
2755 1310 2772 1337 ,
2802 1270 2858 1325 id
2903 1281 2987 1325 est
3017 1270 3073 1325 in
3100 1268 3335 1334 Iudaeis,
3363 1269 3487 1335 hic,
3512 1269 3731 1340 inquam,

2180 1361 2417 1431 sumpsit
2460 1360 2705 1416 decimas
2732 1361 2802 1416 ab
2825 1359 3102 1414 Abraham
3134 1369 3190 1415 et
3227 1360 3499 1414 benedixit
3537 1360 3658 1415 hunc
3689 1365 3733 1418 in

2179 1459 2425 1522 tempore
2472 1451 2700 1522 majoris
2752 1451 3035 1522 dignitatis
3070 1467 3218 1519 suae,
3263 1452 3508 1521 scilicet,
3554 1454 3735 1525 quando

2172 1542 2292 1612 jam
2319 1542 2545 1598 habebat
2576 1544 3005 1614 repromissiones
3027 1559 3059 1598 a
3080 1542 3214 1600 Deo.

2251 1632 2409 1689 Nunc
2437 1649 2505 1689 ex
2535 1634 2838 1705 praemissis
2868 1634 3094 1706 colligit,
3112 1634 3391 1691 Abraham
3433 1635 3605 1704 dedit,
3632 1636 3737 1694 Mel-

2182 1724 2472 1782 chisedech
2495 1725 2788 1792 benedixit,
2816 1725 2937 1781 sine
2965 1726 3076 1782 ulla
3097 1726 3551 1784 contradictione.
3577 1727 3737 1786 Nullus

496 1834 764 1904 procellas
808 1831 1031 1899 mundi,
1092 1845 1224 1886 suos
1261 1830 1401 1903 regit
1448 1828 1503 1883 in
1540 1826 1783 1898 justitia.
1826 1824 2083 1882 Christus
2112 1827 2159 1885 B
2182 1816 2330 1871 enim
2356 1817 2460 1873 hoc
2495 1816 2874 1873 contradicere
2900 1826 3114 1888 potest,
3146 1819 3284 1889 quin
3326 1818 3461 1874 illud
3497 1821 3629 1891 quod
3657 1824 3737 1878 mi-

498 1924 662 1979 etiam
708 1939 806 1979 rex
853 1922 1073 1989 Salem,
1105 1921 1161 1977 id
1207 1929 1295 1976 est
1336 1920 1533 1991 pacis:
1582 1918 1747 1990 quia,
1793 1926 2086 1988 postquam

496 2028 630 2070 suos
660 2013 717 2067 in
759 2013 971 2083 justitia
1000 2011 1175 2079 rexit,
1206 2011 1261 2064 in
1286 2024 1419 2080 pace
1442 2024 1569 2065 vera
1593 2008 1914 2080 angelorum
1940 2006 2089 2062 loea-

499 2114 584 2162 tos
604 2119 789 2176 regere
804 2119 915 2160 non
926 2102 1144 2160 desinit.
1183 2102 1451 2158 Sacerdos
1465 2100 1562 2157 Dei
1591 2099 1822 2157 summi:
1852 2099 1977 2171 quis
1990 2114 2090 2155 au-

493 2205 607 2253 tem
636 2205 820 2253 tantus
848 2196 1105 2252 sacerdos
1130 2195 1272 2252 sicut
1292 2194 1569 2260 Christus,
1600 2193 1698 2264 qui
1720 2201 1939 2264 propter
1966 2192 2089 2247 iuo-

495 2289 828 2346 bedientiam
855 2289 1019 2361 382
1043 2287 1222 2344 Patris
1243 2287 1485 2359 seipsum
1512 2286 1713 2342 obtulit
1744 2286 1799 2340 in
1832 2299 1927 2340 ara
1957 2300 2087 2340 cru-

499 2382 582 2437 cis
613 2381 708 2452 qui
730 2380 948 2437 obviam
975 2379 1125 2436 venit
1150 2379 1387 2435 Abraha:
1416 2392 1667 2449 regresso
1695 2393 1728 2433 a
1749 2377 1895 2437 caede
1922 2376 2086 2448 quin-

499 2486 609 2544 que
653 2488 865 2544 regum.
902 2472 1155 2542 Quinque
1174 2476 1375 2543 ireges,
1401 2469 1646 2542 quinque
1676 2484 1873 2526 sensus
1894 2483 2091 2539 corpo-

502 2566 581 2620 ris
611 2573 757 2632 sunt,
786 2579 884 2636 per
907 2578 1048 2634 quos
1072 2564 1257 2619 omnia
1283 2563 1415 2618 vitia
1439 2562 1495 2617 in
1547 2561 1768 2617 homine
1795 2561 2088 2617 dominan-

504 2663 625 2721 tur,
650 2662 744 2723 ut,
766 2670 865 2726 per
889 2655 1067 2711 visum
1088 2695 1104 2722 ,
1133 2653 1436 2723 cupiditas,
1467 2652 1599 2708 dum
1636 2651 1909 2708 desiderat
1941 2651 2090 2722 quod

499 2745 675 2814 vidit;
726 2753 783 2802 et
827 2745 909 2802 sic
960 2761 1057 2815 per
1095 2753 1323 2801 caeteros
1370 2759 1602 2810 sensus,
1646 2743 1801 2815 juxta
1837 2744 1984 2814 quod
2033 2743 2088 2798 in

501 2837 798 2909 Evangelio
834 2837 1053 2893 mulieri
1086 2837 1295 2893 dictum
1322 2845 1407 2893 est
1432 2854 1447 2891 ;
1484 2856 1505 2890 ί
1536 2834 1789 2906 Quinque
1818 2836 1971 2893 viros
1993 2835 2091 2890 ha-

501 2929 667 2985 buisti
727 2928 910 2998 (Joan.
950 2945 1024 2997 tv,
1057 2927 1169 2999 18).
1206 2946 1226 2981 s

571 3020 675 3077 Per
694 3021 969 3077 Abraham
1005 3022 1320 3092 quicunque
1359 3018 1535 3078 fidelis
1583 3021 1938 3093 intelligitur;
1966 3019 2090 3075 uni-

502 3114 703 3184 cuique
740 3122 922 3169 autem
962 3114 1108 3170 lidcli
1156 3113 1447 3169 revertenti
1471 3129 1503 3169 a
1532 3113 1677 3169 caede
1726 3113 2002 3180 hostium,
2034 3112 2089 3168 id

2186 1921 2293 1962 nus
2323 1916 2410 1962 est
2451 1907 2801 1964 benedicetur
2828 1924 2862 1963 a
2888 1909 3132 1965 meliore.
3165 1908 3346 1966 Etiam
3394 1913 3540 1968 enim
3572 1913 3647 1979 si,
3670 1929 3737 1968 se-

2185 2000 2426 2055 cundum
2452 2001 2600 2056 aliud
2619 2042 2635 2069 ,
2667 2000 2843 2073 major
2877 2002 2949 2059 sit
2983 2003 3078 2074 qui
3123 2003 3497 2071 benedicitur,
3520 2006 3573 2061 in
3592 2016 3739 2063 eota-

2185 2106 2311 2147 mcn
2340 2101 2556 2148 constat
2597 2108 2722 2149 esse
2759 2092 3029 2149 minorem
3055 2096 3204 2165 quod
3233 2096 3305 2151 ab
3336 2111 3406 2152 eo
3430 2096 3523 2167 qui
3550 2097 3739 2154 benedi-

2187 2182 2283 2250 cit,
2316 2184 2423 2239 hoc
2445 2184 2594 2254 quod
2633 2199 2742 2240 non
2775 2184 3012 2241 habebat
3047 2186 3145 2256 qui
3172 2185 3531 2255 benedicitur,
3553 2189 3736 2259 accipit.

2185 2272 2304 2331 Hoc
2324 2276 2490 2330 etiam
2515 2276 2681 2331 modo
2701 2277 2990 2332 intuemini
3011 2278 3336 2349 dignitatem
3356 2277 3739 2348 Melchisedech,

2190 2366 2322 2436 quia
2349 2367 2435 2421 hic
2464 2368 2675 2439 quidem
2697 2409 2713 2435 ,
2740 2367 2795 2422 id
2825 2377 2911 2424 cst
2950 2368 3007 2423 in
3047 2370 3359 2425 sacerdotio
3387 2369 3616 2428 Levitieo
3648 2391 3739 2428 m-

2187 2459 2380 2513 rientes
2432 2459 2666 2515 homines
2735 2461 3003 2531 accipiunt
3061 2463 3318 2518 decimas.
3377 2463 3457 2519 lbi
3497 2475 3666 2523 autem
3697 2469 3742 2524 in

2187 2551 2457 2621 superiori
2488 2552 2610 2608 loco
2643 2550 2941 2624 Scriptura:
2973 2563 3319 2610 contestatur
3351 2555 3590 2629 Moyses,
3615 2561 3742 2629 quod

2188 2640 2583 2701 Melchisedech
2617 2643 2786 2711 vivit,
2817 2645 2947 2700 dum
2982 2645 3049 2701 de
3076 2645 3187 2701 vita
3230 2647 3466 2718 loquens
3505 2651 3569 2706 de
3593 2660 3744 2708 vorte

2189 2736 2269 2791 nil
2289 2736 2557 2808 adjunxit.
2582 2736 2698 2795 Hoc
2729 2740 2897 2794 etiam
2926 2738 3092 2795 modo
3130 2740 3421 2796 intuemini
3458 2741 3743 2814 dignitatem

2190 2826 2332 2897 ejus,
2354 2828 2486 2898 quia
2507 2828 2638 2883 Levi
2661 2829 2756 2899 qui
2782 2830 3025 2887 decimas
3052 2832 3270 2903 accipit,
3296 2833 3413 2902 ipse
3441 2834 3589 2889 etiam
3607 2832 3742 2888 Levi-

2190 2920 2334 2976 ticus
2364 2921 2501 2976 ordo
2540 2923 2837 2977 decimatas
2867 2935 2977 2991 est,
3014 2924 3068 2979 id
3100 2933 3185 2981 est
3225 2925 3474 2982 decimas
3509 2927 3660 2982 dedit.
3686 2926 3744 2980 Et

2191 3012 2298 3068 hoc
2316 3012 2461 3080 dico,
2488 3022 2543 3067 ut
2570 3015 2648 3069 ita
2680 3016 2882 3069 dictum
2911 3017 2984 3070 sit
3029 3017 3264 3071 decimas
3289 3018 3506 3075 dedisse
3529 3017 3645 3074 chi
3668 3035 3744 3089 per

2190 3102 2493 3173 Abraham,
2528 3104 2582 3161 id
2616 3114 2701 3162 est
2734 3122 2831 3177 per
2872 3106 3209 3164 materialcm
3256 3123 3504 3164 causam.
3545 3107 3743 3177 Quando

502 3214 588 3259 est
650 3203 909 3258 vitiorum
933 3244 950 3270 ,
1008 3219 1104 3273 per
1152 3203 1399 3274 quinque
1445 3218 1642 3260 sensus
1668 3202 2089 3269 dominantium,
2120 3196 2166 3259 C
2195 3194 2343 3250 enim
2383 3196 2661 3252 Abraham
2690 3198 2935 3254 (Ῐέοίῐηειε
2965 3199 3142 3267 dedit.
3171 3200 3354 3256 adhuc
3391 3216 3577 3257 omnes
3612 3211 3741 3256 εηηι

503 3294 722 3349 obviam
760 3295 909 3350 venit
955 3293 1245 3362 Christus,
1287 3295 1471 3351 dando
1516 3296 1913 3352 incrementum
1960 3295 2089 3351 boni

504 3385 707 3455 operis.
745 3384 968 3456 Legitur
993 3386 1157 3441 etiam
1204 3386 1277 3442 ibi
1322 3387 1591 3443 obtulisse
1637 3386 1871 3441 Abrahm
1894 3400 2090 3456 panem

504 3488 560 3535 ct
583 3477 768 3532 vinum
793 3475 946 3549 (Gen.
974 3493 1085 3544 xxv,
1104 3477 1215 3547 18),
1245 3479 1392 3549 quod
1419 3478 1508 3534 hic
1532 3493 1642 3533 non
1674 3478 1940 3544 habetur;
1970 3492 2094 3547 qua:

505 3568 666 3637 panis
688 3567 897 3623 scilicet
926 3577 982 3624 et
999 3569 1189 3624 vinum
1205 3610 1220 3636 ,
1243 3585 1443 3640 corpus
1465 3578 1520 3625 et
1541 3571 1863 3641 sanguinem
1888 3569 2093 3625 Christi

505 3658 819 3731 signiﬁcant
856 3674 1092 3730 quorum
1122 3661 1537 3731 participatione
1572 3670 1627 3716 et
1658 3670 1882 3731 peccata
1908 3661 2093 3716 dimit-

502 3760 716 3819 tuntur,
745 3760 800 3807 et
828 3752 1134 3822 suscipiens
1155 3752 1222 3807 de
1244 3751 1433 3807 futuro
1476 3759 1666 3808 contra
1694 3750 1827 3806 vitia
1869 3749 2091 3806 confor-

507 3854 671 3901 tatur.
702 3843 805 3900 Cui
833 3844 1039 3911 divisit,
1062 3842 1338 3899 Abraham
1368 3841 1561 3913 (Ibid.,
1582 3842 1696 3913 20),
1729 3841 1782 3897 id
1804 3849 1889 3898 est
1917 3841 2093 3897 lidclis

503 3937 746 3993 decimas
789 3937 1069 4003 omnium,
1112 3936 1167 3991 id
1207 3945 1292 3991 est
1337 3933 1697 4005 perfectiones
1734 3948 1927 3989 omnes
1969 3947 2093 4003 quae

504 4028 714 4084 habuit.
751 4027 995 4098 Quisque
1032 4027 1182 4083 enim
1228 4026 1403 4083 ﬁdelis
1449 4041 1667 4081 omnem
1701 4025 2090 4095 perfectionem

505 4118 910 4174 suam/Christo
931 4117 1183 4173 attribuit
1201 4132 1297 4188 per
1326 4117 1535 4193 decem,
1558 4116 1654 4186 qui
1682 4131 1944 4171 numerus
1970 4130 2092 4186 per-

503 4209 684 4266 fectus
709 4217 796 4265 est
832 4208 993 4280 (quia
1034 4222 1208 4279 usque
1230 4207 1300 4263 ad
1329 4208 1518 4263 decem
1560 4221 1824 4262 numerus
1860 4207 2090 4274 crescit,

505 4316 610 4357 nec
638 4302 783 4356 ultra
817 4302 913 4358 sed
935 4316 966 4355 a
989 4300 1258 4372 principio
1279 4299 1602 4370 recapitulat
1632 4299 1893 4366 dicendo,
1924 4301 2093 4355 unde-

506 4395 645 4463 cim,
677 4394 734 4450 id
777 4402 863 4451 est
907 4409 1051 4449 unus
1094 4402 1150 4449 et
1189 4392 1406 4463 decem)
1441 4391 1704 4464 perfectio
1751 4391 2088 4463 designatur.

2193 3286 2248 3341 is
2292 3287 2495 3344 lumbis
2538 3288 2793 3345 Abrahae.
2826 3290 2985 3358 Quod
3023 3291 3229 3362 optime
3274 3292 3433 3363 sequi
3457 3293 3669 3348 videtur.
3694 3291 3741 3346 Si

2191 3379 2340 3434 enim
2378 3395 2570 3436 omnes
2604 3380 2661 3435 in
2693 3382 2867 3437 Adam
2898 3383 3277 3454 peccavimus,
3308 3385 3440 3455 quia
3469 3386 3523 3439 in
3570 3385 3743 3440 lumbis

2192 3470 2334 3541 ejus,
2362 3472 2583 3542 quando
2610 3474 2890 3543 peccavit,
2913 3490 3161 3543 eramus,
3197 3492 3369 3547 quare
3402 3476 3531 3533 Levi
3561 3476 3743 3533 dedisse

2192 3562 2435 3619 decimas
2470 3578 2579 3619 non
2618 3564 2871 3635 dicatur,
2900 3566 2996 3637 qui
3029 3568 3086 3622 in
3123 3568 3327 3624 lumbis
3371 3570 3599 3625 Abrahae
3621 3578 3741 3636 ent,

2192 3654 2470 3710 Abraham
2498 3657 2663 3712 dante
2706 3657 2986 3715 decimas?
3017 3658 3086 3715 Et
3105 3676 3231 3717 vere
3255 3659 3389 3717 Levi
3419 3662 3646 3718 decimas
3666 3662 3742 3717 dc—

2194 3747 2273 3803 dit
2305 3765 2402 3819 per
2444 3750 2722 3806 Abraham
2751 3752 2970 3808 dantem
2992 3795 3008 3821 ,
3052 3754 3182 3825 quia
3224 3756 3401 3810 adhuc
3437 3755 3560 3811 Levi
3585 3756 3742 3810 eratin

2193 3839 2389 3895 lumbis
2416 3844 2587 3912 patris
2611 3845 2696 3898 sui
2719 3845 2949 3901 Abrahae
2966 3887 2982 3913 ,
3009 3847 3231 3917 quando
3255 3846 3641 3904 Melchisedech
3660 3849 3742 3902 ob-

2190 3932 2340 3987 viam
2370 3935 2522 3989 venit
2545 3935 2597 3990 ei
2633 3936 2869 3992 Abraha:
2912 3937 3064 3993 danti
3099 3939 3205 3994 sibi
3239 3940 3503 3996 decimas.
3537 3940 3591 3996 Si
3623 3941 3740 3996 enim

2193 4029 2325 4078 tunc
2346 4024 2605 4093 temporis
2629 4025 2793 4096 383
2821 4036 2968 4082 esset
2998 4026 3180 4096 lsaac,
3204 4043 3316 4084 non
3345 4029 3614 4086 diceretur
3638 4029 3740 4084 Levi

2191 4121 2326 4169 tunc
2356 4113 2410 4168 iu
2436 4115 2638 4171 lunibis
2664 4116 2898 4172 Abrahae
2937 4115 3129 4185 fuisse,
3162 4118 3258 4173 sed
3288 4118 3346 4173 in
3374 4120 3575 4175 lumbis
3594 4119 3739 4175 Isaac:

2192 4206 2286 4262 sed
2315 4207 2443 4276 quia
2472 4207 2654 4264 adhuc
2690 4217 2809 4264 erat
2851 4209 2907 4264 in
2943 4209 3148 4265 lumbis
3183 4210 3421 4267 Abrahae
3455 4227 3550 4283 per
3594 4211 3741 4277 Isaac,

2192 4296 2444 4353 similiter
2470 4307 2525 4353 et
2554 4297 2703 4355 Levi.
2737 4298 2869 4355 Levi
2905 4300 3109 4356 dicitur
3149 4301 3457 4358 decimatas
3492 4304 3546 4359 in
3577 4303 3741 4358 lumbis

2197 4389 2460 4457 Abrahae,
2485 4399 2540 4446 et
2573 4406 2683 4447 non
2719 4392 3007 4459 Christus,
3050 4393 3178 4449 licet
3222 4393 3371 4451 ﬁlius
3413 4397 3486 4451 sit
3507 4395 3738 4451 Abraham

502 4484 750 4540 Primum
786 4484 1008 4557 quidem
1040 4484 1221 4541 dictus
1244 4483 1677 4550 Melchisedech,
1705 4483 1799 4555 qui
1826 4484 2092 4555 interprc-
2194 4482 2323 4552 quia
2348 4482 2602 4539 Christus
2636 4499 2743 4539 non
2783 4484 3086 4540 secundum
3118 4487 3612 4557 concupiscentiam
3641 4502 3739 4542 car-

502 4588 652 4634 tatur
684 4593 778 4633 rex
808 4578 1061 4649 justitia.
1094 4575 1296 4633 Deinde
1330 4591 1427 4633 rex
1458 4575 1637 4632 Salem
1677 4576 1826 4648 quod
1868 4587 1955 4633 est
1993 4593 2087 4633 rex
2119 4559 2167 4619 Ι)
2191 4571 2278 4627 uis
2307 4572 2375 4627 de
2403 4573 2607 4629 lumbis
2627 4574 2862 4630 Abrahae
2886 4584 3051 4634 natus
3077 4595 3091 4631 :
3121 4575 3253 4634 Levi
3276 4588 3464 4635 autem
3486 4595 3578 4651 per
3600 4580 3738 4650 legem

503 4669 703 4743 pacis};
734 4670 806 4725 ita
834 4668 1089 4725 Christus
1123 4668 1277 4739 prius
1310 4668 1452 4741 regit
1483 4682 1615 4725 suos
1643 4668 1699 4723 in
1738 4668 1950 4739 justitia
1980 4669 2087 4723 hu-

499 4759 592 4832 jus
611 4761 775 4829 vitae;
818 4760 875 4815 in
899 4760 1005 4816 alia
1032 4760 1143 4815 vita
1173 4760 1313 4831 regit
1344 4773 1441 4816 eos
1478 4759 1534 4814 in
1576 4775 1730 4831 pace.
1763 4758 1893 4816 Sine
1933 4769 2089 4831 patre

503 4854 756 4911 Christus
793 4853 1096 4911 secundum
1130 4868 1374 4919 carnem,
1416 4852 1536 4908 sine
1576 4860 1752 4909 matre
1784 4853 2083 4909 secundum

506 4945 786 5013 deitatem,
813 4946 932 5001 sine
960 4944 1299 5016 geneaIOgia,
1322 4944 1452 5015 quia
1476 4943 1619 4999 ﬁlios
1640 4944 1824 5000 carnis
1847 4960 1954 4999 non
1984 4947 2086 4999 ha-

503 5037 644 5105 buit,
668 5051 779 5091 non
808 5037 1015 5092 habens
1047 5037 1261 5092 initium
1287 5037 1528 5103 dierum,
1557 5052 1659 5092 nec
1681 5037 1852 5107 linem
1885 5052 2086 5093 secun-

496 5129 637 5184 dum
661 5128 998 5183 divinitatem
1022 5170 1038 5195 ,
1079 5138 1383 5185 coaeternus
1410 5128 1579 5183 Patri.
1603 5128 1707 5182 Per
1731 5129 2090 5198 praecedentia

507 5219 644 5274 satis
688 5218 1067 5273 commendata
1105 5230 1192 5275 est
1241 5219 1478 5289 dignitas
1520 5217 1948 5285 Melchisedech,
1995 5220 2090 5274 sed

504 5323 656 5363 nunc
688 5308 853 5363 etiam
891 5309 960 5363 ad
995 5318 1350 5380 augmentum
1394 5309 1677 5379 dignitatis
1721 5308 1967 5379 ejusdem
2002 5311 2089 5364 in-

509 5402 747 5467 tuemini,
771 5411 1001 5471 quantus
1022 5403 1094 5454 sit
1132 5402 1218 5455 hic
1248 5400 1675 5467 Melchisedech,
1706 5402 1791 5455 cui
1818 5401 2090 5456 Abraham

506 5494 835 5565 patriarcha,
864 5495 918 5549 id
939 5502 1025 5550 est
1043 5494 1296 5564 princeps
1325 5502 1543 5562 patrum
1573 5503 1906 5562 nostrorum,
1938 5494 2093 5552 lsaac

507 5598 562 5644 et
586 5588 775 5655 Jacob,
799 5589 946 5661 dedit
973 5588 1226 5651 decimas,
1244 5586 1403 5656 quasi
1435 5601 1625 5642 servus
1654 5587 1883 5658 ejusque
1912 5588 2089 5643 tribu-

506 5679 711 5746 tarius,
736 5690 789 5735 et
826 5680 891 5733 de
922 5678 1206 5749 prwcipuis
1236 5693 1360 5748 quae
1401 5678 1651 5732 habebat.
1679 5677 1744 5733 Et
1785 5680 1889 5735 hoc
1925 5681 2089 5735 etiam

509 5770 617 5825 alio
648 5771 811 5827 modo
836 5769 1144 5837 intuemini,
1171 5769 1513 5839 quantussit
1534 5769 1967 5826 Melchisedech:
1997 5787 2091 5842 per

2190 4664 2586 4732 membrorum,
2608 4682 2733 4736 qua:
2759 4676 2844 4723 est
2861 4668 3307 4739 concupiscentia
3326 4673 3534 4739 carnis,
3548 4671 3610 4727 de
3627 4672 3740 4725 lum-

2190 4754 2277 4811 bis
2304 4754 2538 4812 Abrahre
2565 4766 2727 4814 natus
2760 4768 2863 4815 est.

2259 4847 2506 4906 Ostendit
2530 4851 2805 4921 superius,
2834 4853 3176 4909 sacerdotem
3216 4870 3343 4911 esse
3371 4856 3636 4913 Christum
3667 4868 3730 4909 sc-

2190 4941 2428 4996 cundum
2439 4941 2685 4999 ordinem
2697 4941 3116 5012 Melchisedech,
3132 4943 3569 5018 sullicienterque
3578 4944 3719 5016 proba

2188 5033 2387 5089 vithoc
2411 5035 2799 5103 sacerdotium,
2815 5044 2871 5090 et
2894 5044 3137 5106 tempore
3155 5045 3211 5093 et
3230 5039 3403 5093 multa
3418 5039 3739 5111 dignitatem-

2190 5126 2475 5183 cellentius
2494 5144 2618 5184 esse
2641 5130 2951 5185 sacerdotio
2971 5129 3102 5185 Levi
3141 5149 3156 5184 :
3189 5132 3335 5202 quod
3375 5132 3566 5188 iterum
3586 5126 3739 5185 multis

2191 5218 2372 5273 modis
2391 5218 2681 5288 depressit.
2710 5218 2869 5275 Nunc
2894 5228 3077 5275 autem
3104 5223 3492 5278 commendato
3520 5220 3738 5277 sacerdo-

2191 5308 2270 5363 tio
2293 5307 2520 5376 Christi,
2559 5311 2762 5367 transit
2793 5320 2855 5367 ut
2878 5314 3130 5369 ostendat
3158 5316 3443 5384 quomodo
3478 5331 3569 5386 per
3587 5327 3739 5369 sacer-

2193 5402 2404 5457 dotium
2425 5402 2653 5471 Christi,
2681 5403 2983 5460 Leviticum
3019 5407 3339 5463 destruatur
3367 5408 3736 5464 sacerdotium:

2194 5509 2306 5566 quo
2332 5494 2633 5563 destructo,
2665 5512 2733 5552 ex
2758 5498 3086 5554 necessitate
3107 5500 3306 5569 probat
3337 5501 3494 5571 sequi
3526 5498 3739 5553 destruc-

2192 5587 2397 5641 tionem
2441 5585 2597 5656 legis.
2628 5587 2830 5644 Littera
2879 5590 2960 5646 sic
2990 5590 3282 5661 jungitur:
3322 5588 3738 5661 Quandoquidem

2193 5677 2449 5734 Christus
2501 5676 2681 5737 lactus
2725 5690 2809 5737 est
2870 5683 3128 5737 sacerdos
3174 5683 3481 5739 secundum
3526 5681 3737 5737 ordinem

2194 5771 2675 5842 Melcliiscdech,et
2695 5775 2799 5830 hoc
2820 5774 3183 5832 sacerdotium
3209 5775 3524 5831 omnimodo
3540 5777 3740 5844 pmesse
