3988 6398
168 400 295 455 525

835 398 1198 459 EXPOSITIO
1235 398 1303 456 IN
1340 399 1720 459 EPISTOLAS
1750 400 1976 457 PAULI.
2017 433 2089 446 —-
2122 402 2193 459 ΙΝ
2229 404 2446 464 EPIST.
2488 408 2579 463 AD
2617 409 2770 466 ΗΕΒ.

3324 416 3449 510 ‘5‘26
3483 418 3491 425 ’

166 510 435 570 Levitico
474 510 611 568 satis
654 513 943 582 probatum
990 524 1076 570 est
1117 530 1137 571 :
1188 513 1370 586 Ergo,
1419 524 1477 569 tu
1533 514 1721 584 legalis
1753 500 1776 580 ,i
1804 516 1845 574 A
1875 517 2214 586 manifestum
2234 532 2311 576 est
2337 523 2586 593 amplius,
2607 524 2661 578 id
2695 534 2780 580 est
2820 524 3069 597 ampliori
3118 536 3173 583 ct
3218 500 3453 586 ﬁrniiori

167 603 471 674 responde
497 602 631 657 mihi
656 604 724 659 de
752 604 859 660 hoc
883 605 1030 676 quod
1058 606 1307 676 sequitur
1334 624 1347 660 :
1377 604 1438 661 Si
1466 623 1559 676 per
1596 622 1785 659 ερατ-ν

165 694 400 749 dolium
422 692 713 748 Leviticum
743 703 858 748 erat
892 698 1298 765 consummatio,
1323 696 1379 753 id
1398 705 1502 765 est,
1530 697 1772 752 habeba-

169 794 273 840 tur
306 783 554 856 perfecta
575 784 919 855 justiﬁcatio.
952 786 1021 842 Et
1054 788 1191 844 bene
1223 789 1348 844 dico
1374 803 1471 859 per
1518 788 1774 845 sacerdo-

168 876 329 931 tium
367 876 568 932 debere
611 875 728 931 ﬁeri
764 879 1299 935 consummationem
1336 899 1349 934 :
1381 880 1509 951 quia
1550 879 1772 949 populus

170 969 393 1038 accepit
413 967 578 1039 legem
598 968 922 1024 existentem
945 970 1040 1024 sub
1061 971 1177 1041 ipso
1212 971 1538 1027 sacerdotio.
1566 969 1627 1024 ln
1657 985 1774 1024 ma-

170 1075 255 1113 nu
291 1060 449 1114 enim
474 1060 775 1116 sacerdotis
800 1060 886 1115 lex
918 1070 1056 1128 erat,
1083 1071 1136 1117 et
1164 1063 1251 1117 lex
1286 1062 1503 1133 impleri
1537 1076 1649 1117 non
1676 1076 1773 1132 po-

173 1159 350 1216 terat,
376 1165 481 1206 nec
507 1136 700 1206 saltem
735 1150 1027 1207 minimum
1052 1152 1293 1224 operari,
1325 1153 1434 1209 nisi
1465 1151 1773 1208 ministerio

172 1241 517 1297 sacerdotis.
552 1241 633 1308 Si,
664 1241 913 1312 inquam,
948 1243 1354 1299 consummatio
1387 1249 1508 1298 erat
1549 1256 1645 1312 per
1670 1240 1774 1297 Le-

174 1331 421 1387 viticum
463 1331 853 1399 sacerdotium,
896 1332 1025 1402 quid
1063 1332 1236 1387 adhuc
1280 1339 1571 1403 postquam
1614 1339 1773 1386 vetus

173 1421 561 1478 sacerdotium
583 1431 1013 1489 consummaret,
1052 1424 1407 1478 necessarium
1449 1422 1552 1492 fuit
1595 1421 1703 1478 dici
1740 1438 1772 1477 a

174 1513 457 1582 propheta
488 1510 659 1566 David
684 1526 909 1583 surgere
932 1511 1273 1569 sacerdotem
1303 1512 1473 1567 alium
1505 1527 1537 1566 a
1567 1510 1773 1568 Leviti-

171 1601 279 1667 cis,
308 1610 369 1657 et
396 1601 701 1658 secundum
726 1602 950 1658 tribum.
984 1601 1218 1675 Surgere
1237 1604 1522 1659 secundum
1538 1603 1773 1674 dignita-

174 1701 282 1745 tem
306 1692 519 1746 ordinis
544 1691 944 1748 Melchisedech.
974 1692 1041 1749 Et
1079 1709 1149 1750 ne
1186 1694 1277 1751 ille
1321 1694 1545 1773 diceret,
1585 1695 1774 1765 utique

175 1791 381 1853 surgat
421 1783 724 1838 secundum
766 1784 916 1842 hunc
961 1784 1207 1841 ordinem
1254 1786 1333 1841 ita
1358 1796 1419 1842 ut
1439 1787 1771 1843 commistim

1874 607 2107 676 ratione,
2131 610 2259 680 quia
2284 613 2460 684 magis
2488 614 2630 669 valet
2656 615 2904 685 probatio
2943 618 3011 674 de
3055 617 3161 672 ritu
3187 635 3352 689 quam
3384 622 3454 677 de

1872 696 2037 751 tribu.
2075 697 2421 757 Manifestum
2442 712 2546 770 est,
2576 704 2823 775 inquam,
2852 707 3174 763 translatum
3198 712 3451 766 sacerdoo

1870 785 2010 842 tium
2030 801 2173 855 esse,
2197 791 2245 843 si
2277 791 2382 847 hoc
2413 800 2499 847 est
2531 794 2678 863 quod
2708 797 2996 850 secundum
3040 797 3450 854 similitudinem

1871 883 1926 929 et
1950 874 2117 931 ritum
2144 877 2529 936 Melchisedech
2558 894 2809 954 exsurgat
2845 886 3091 941 sacerdos
3122 888 3284 955 alius,
3312 890 3456 944 sicut

1871 966 2189 1034 praedictum
2218 980 2305 1024 est
2331 989 2344 1025 :
2367 972 2458 1041 qui
2472 972 2613 1029 alius
2642 991 2744 1029 non
2763 983 2841 1029 est
2865 976 3042 1047 {actus
3076 979 3335 1035 sacerdos
3360 996 3445 1035 se-

1872 1059 2102 1113 cundum
2129 1059 2293 1132 legem
2320 1064 2562 1120 mandati
2589 1069 2845 1137 carnalis,
2872 1070 2925 1126 id
2956 1079 3041 1127 est
3076 1088 3201 1144 quae
3241 1074 3329 1129 lex
3360 1087 3455 1130 so—

1872 1148 2151 1207 lummodo
2197 1156 2491 1212 mandabat
2541 1166 2596 1214 et
2643 1163 2996 1230 promittebat
3039 1166 3282 1222 carnalia
3314 1185 3327 1221 :
3359 1168 3452 1221 sed

1873 1240 2050 1299 factus
2074 1253 2158 1300 est
2178 1246 2436 1303 sacerdos
2466 1252 2755 1306 secundum
2792 1255 3063 1322 uirtutem,
3088 1257 3142 1312 id
3164 1268 3250 1313 est
3274 1258 3452 1314 deita-

1875 1344 1982 1391 tem
2013 1353 2135 1407 qnae
2155 1347 2274 1393 erat
2300 1339 2355 1394 in
2376 1355 2462 1395 eo.

1943 1426 2227 1485 Virtutem
2244 1430 2369 1488 dico
2398 1435 2521 1489 vita:
2550 1435 2876 1507 insolubilis,
2926 1441 2981 1496 id
3018 1451 3102 1499 est
3142 1458 3241 1514 per
3282 1460 3452 1516 quam

1872 1519 2036 1575 dabat
2081 1522 2433 1581 credentibus
2480 1525 2538 1580 in
2570 1541 2629 1583 se
2658 1529 2826 1585 vitam
2874 1531 3242 1602 insolubilem,
3278 1535 3333 1591 id
3369 1547 3456 1593 est

1872 1616 2156 1666 aeternam.
2192 1610 2293 1668 Vel
2325 1614 2399 1669 ita
2435 1633 2448 1669 :
2479 1614 2602 1672 Non
2627 1627 2713 1674 est
2752 1622 3055 1677 secundum
3088 1624 3263 1696 legem
3297 1641 3461 1681 man-

1873 1701 1983 1756 dati
2018 1704 2278 1772 carnalis,
2300 1704 2353 1762 id
2375 1716 2459 1768 est
2483 1711 2782 1766 secundum
2811 1715 3087 1770 carnalem
3122 1715 3455 1773 intellectum

1873 1797 2031 1868 legis,
2058 1799 2152 1854 sed
2190 1803 2492 1858 secundum
2530 1803 2790 1861 virtutem
2832 1806 3007 1878 ipsius
3044 1809 3202 1881 legis,
3236 1810 3459 1881 spirita-

174 1883 370 1931 teneat
388 1876 640 1931 ordinem
664 1877 869 1934 Aaron.
897 1876 981 1932 Ad
1007 1876 1114 1934 hoc
1130 1878 1208 1933 ait
1230 1878 1306 1934 ita
1326 1878 1436 1934 dici
1466 1879 1768 1936 secundum
1802 1860 1847 1921 Β
1874 1860 2262 1957 Ιθῖηξεοίιὶοθι,
2314 1893 2670 1951 intellectum.
2703 1860 2972 1954 Virtuim
2992 1860 3128 1955 die:
3140 1860 3456 1958 vitaerinso-

176 1966 440 2022 ordinem
476 1966 894 2036 Melchisedech,
930 1976 1127 2024 utnon
1162 1970 1235 2025 sit
1263 1970 1319 2025 in
1350 1970 1536 2041 aliquo
1573 1987 1772 2028 secun-

176 2059 317 2113 dum
346 2058 601 2115 ordinem
621 2059 825 2114 Aaron.
867 2057 1103 2131 Surgere
1132 2060 1255 2116 ideo
1281 2061 1358 2116 ait
1386 2062 1517 2131 quia
1546 2060 1772 2118 Levitici

176 2149 508 2205 sacerdotes
528 2149 773 2220 depressi
793 2159 952 2206 erant
974 2152 1303 2222 impotentes
1330 2159 1604 2221 excutere,
1632 2154 1716 2209 vel
1743 2167 1775 2210 a

175 2256 259 2306 se,
278 2240 375 2296 vel
406 2256 439 2295 a
460 2241 663 2311 popqu
683 2239 878 2312 jugum
901 2242 1109 2312 peccati
1128 2257 1228 2313 per
1249 2243 1444 2315 legem.
1473 2243 1573 2301 Hic
1591 2253 1774 2301 autem

176 2331 446 2387 Christus
499 2332 762 2400 surrexit,
805 2348 902 2404 per
958 2333 1118 2404 cujus
1168 2335 1538 2391 sacerdotium
1589 2337 1776 2393 ﬁdeles

177 2424 741 2496 excutientesjugum
782 2424 991 2495 peccati
1029 2424 1101 2480 ad
1141 2424 1536 2483 beatitudinem
1589 2443 1776 2485 exsur-

181 2523 344 2586 gunt.
376 2513 546 2582 Quasi
571 2514 778 2570 diceret
808 2532 821 2570 :
856 2515 914 2570 Si
941 2529 1038 2586 per
1060 2513 1364 2571 Leviticum
1387 2517 1773 2585 sacerdotium,

178 2616 332 2662 esset
358 2607 790 2673 consummatio,
822 2606 1028 2663 frustra
1054 2616 1306 2681 surgeret
1332 2609 1481 2666 aliud
1516 2609 1776 2666 sacerdo—

182 2698 323 2753 tium
356 2698 663 2754 secundum
687 2698 1089 2756 Melchisedech
1121 2701 1190 2756 ad
1228 2701 1724 2758 consummandum
1757 2723 1772 2758 :

180 2790 277 2844 sed
341 2790 588 2845 surrexit
628 2790 776 2846 aliud
823 2791 1214 2859 sacerdotium,
1264 2791 1566 2849 Leviticum
1614 2795 1777 2865 igitur

183 2897 293 2936 non
320 2883 751 2938 consummahat
783 2900 796 2937 :
825 2882 1093 2939 habemus
1116 2884 1552 2956 assumptionem
1597 2894 1777 2941 trans-

185 2973 296 3029 lato
320 2973 658 3041 sacerdotio,
678 2982 785 3030 etc.

254 3062 472 3120 Littera
499 3072 680 3119 tamen
710 3065 793 3120 sic
810 3065 1079 3138 jungitur.
1108 3064 1277 3134 Quasi
1301 3066 1507 3123 diceret
1534 3068 1734 3139 aliquis
1758 3087 1770 3121 :

185 3152 375 3221 Quare
399 3154 539 3211 dicis
572 3154 746 3226 legem
786 3156 891 3211 sub
939 3157 1268 3221 sacerdotio,
1314 3166 1368 3212 et
1407 3159 1775 3215 sacerdotium
1805 3197 1851 3261 ο

184 3260 306 3301 esse
327 3245 697 3313 destructum,
722 3257 978 3317 surgente
999 3248 1108 3303 alio
1132 3248 1457 3304 sacerdote?
1490 3247 1633 3316 Quid
1676 3266 1778 3321 per

187 3338 294 3393 hoc
323 3337 603 3395 intendis?
628 3337 755 3395 Ideo
808 3339 997 3410 utique
1049 3341 1173 3398 dico
1196 3342 1370 3414 legem
1419 3344 1523 3400 sub
1557 3344 1698 3415 ipso,
1724 3354 1781 3399 et

186 3427 376 3500 ipsum
400 3428 707 3486 Leviticum
734 3432 1104 3488 sacerdotium
1129 3448 1254 3490 esse
1273 3434 1631 3504 destructum,
1652 3440 1779 3509 quia

188 3521 463 3577 translato
489 3524 814 3591 sacerdotio,
838 3540 1042 3580 necesse
1067 3537 1143 3580 est
1178 3535 1236 3579 ut
1272 3527 1371 3597 ﬁat
1400 3528 1682 3584 translatio
1703 3530 1779 3584 le-

189 3615 276 3684 gis
304 3615 437 3686 ejus
480 3615 793 3683 sacerdotii,
822 3631 951 3672 cum
977 3616 1063 3673 lex
1086 3617 1157 3674 sit
1184 3618 1238 3673 in
1265 3635 1432 3676 manu
1454 3622 1773 3678 sacerdotis.

190 3704 635 3764 Destructionem
665 3717 850 3765 autem
894 3710 1032 3783 legis
1076 3712 1309 3783 probare
1356 3714 1600 3783 intendo,
1646 3718 1778 3774 dum

190 3798 562 3856 sacerdotium
609 3801 730 3872 ejus
771 3803 1016 3859 destruo.
1063 3801 1200 3860 Vere
1239 3806 1379 3862 alius
1416 3808 1653 3863 surrexit
1690 3825 1779 3865 sa-

184 3891 413 3957 cerdos,
441 3898 497 3947 et
523 3907 651 3948 vere
696 3894 1065 3950 sacerdotium
1118 3905 1203 3951 est
1246 3897 1590 3966 translatum,
1633 3902 1778 3971 quod

191 3979 342 4036 idem
369 3991 492 4038 est:
524 3998 651 4039 nam
677 3985 819 4041 alius
840 3987 1144 4042 secundum
1170 3988 1371 4043 tribum
1401 3988 1456 4045 et
1476 3993 1778 4050 secundum

195 4073 389 4131 ritum.
416 4072 514 4130 Vel
542 4076 671 4146 quia
707 4077 1037 4133 translatum
1064 4087 1170 4147 est,
1209 4078 1340 4151 quia
1374 4089 1430 4137 et
1474 4084 1778 4142 secundum

191 4165 403 4221 tribum
434 4175 489 4222 et
512 4168 814 4224 secundum
839 4168 1027 4225 ritum.
1059 4169 1375 4228 Secundum
1406 4174 1620 4250 tribum
1655 4192 1780 4232 esse

192 4255 525 4310 translatum
561 4257 716 4327 prius
736 4258 998 4325 ostendit,
1029 4260 1218 4317 dicens
1250 4281 1262 4315 :
1292 4261 1427 4318 Vere
1449 4254 1776 4324 translatum

192 4352 296 4408 est,
319 4345 409 4400 vel
431 4360 557 4401 vere
575 4348 831 4405 sacerdos
855 4350 996 4405 alius
1017 4359 1131 4417 est;
1156 4366 1282 4407 nam
1298 4351 1555 4412 Christus
1576 4358 1633 4411 in
1652 4374 1775 4430 quo,

193 4432 247 4487 id
270 4442 359 4489 est
389 4435 444 4489 in
478 4435 639 4506 cujus
659 4438 1096 4495 consideratione
1119 4441 1377 4497 dicuntur
1397 4444 1537 4511 haec;
1568 4447 1631 4503 de
1666 4450 1778 4505 alia

1874 1979 2078 2047 lubilis,
2113 1982 2241 2052 quia
2276 1983 2541 2054 spiritalis
2568 1988 2813 2057 operatio
2832 1989 2968 2060 legis
2988 1990 3157 2046 vitam
3187 1993 3459 2062 promittit

1875 2081 2155 2139 intentam,
2225 2075 2369 2131 sicut
2416 2076 2710 2134 inﬁrmitas
2768 2080 2937 2136 vitam
2978 2083 3274 2138 carnalem.
3321 2082 3458 2140 Dico

1876 2165 2204 2221 translatum
2228 2175 2314 2222 est
2344 2167 2736 2235 sacerdotium,
2767 2170 2813 2226 si
2836 2171 3079 2228 surrexit
3101 2172 3243 2228 alius
3272 2187 3457 2229 sacer-

1877 2255 1977 2309 dos
2004 2274 2018 2321 ;
2047 2256 2142 2311 sed
2171 2258 2430 2313 sacerdos
2451 2258 2593 2314 alius
2621 2260 2862 2316 surrexit
2884 2269 2939 2317 et
2966 2261 3074 2318 hoc
3115 2262 3184 2317 ab
3212 2264 3460 2319 auctori-

1879 2356 1988 2403 tate
2008 2347 2221 2418 probat,
2261 2349 2491 2406 dicens:
2529 2349 2668 2406 Vere
2709 2353 2951 2408 surrexit
2996 2353 3141 2411 alius
3170 2356 3450 2420 sacerdos,
3494 2360 3507 2375 ⁸

1877 2441 2006 2510 quia
2032 2439 2200 2498 David
2230 2452 2577 2509 contestatur,
2613 2443 2668 2499 id
2702 2452 2787 2500 est
2812 2459 3025 2501 mecum
3047 2447 3133 2502 vel
3164 2462 3290 2502 cum
3314 2448 3460 2503 mni-

1878 2531 1950 2587 tis
1979 2532 2103 2589 aliis
2153 2531 2452 2609 Scripturis
2499 2542 2750 2591 testatur.
2798 2535 3063 2602 Quoniam
3099 2546 3177 2602 tu,
3221 2536 3457 2603 Christe,

1877 2639 1931 2677 es
1957 2626 2200 2679 sacerdos
2223 2625 2279 2680 in
2311 2635 2571 2681 internum
2595 2627 2884 2681 secundum
2915 2628 3154 2683 ordinem
3176 2628 3460 2684 Melchised-

1878 2715 2026 2771 dech.
2052 2714 2193 2771 Cum
2215 2717 2438 2773 deberet
2461 2717 2665 2785 dicere,
2699 2717 2954 2774 Christus
2979 2727 3065 2774 est
3094 2721 3348 2776 sacerdos
3397 2729 3460 2775 ut

1878 2805 2109 2862 ﬁdeliter
2135 2816 2361 2877 poneret
2387 2808 2550 2864 verba
2573 2809 2893 2880 prophetiae,
2924 2810 3001 2865 ait
3027 2829 3041 2863 :
3067 2809 3147 2865 Tu
3183 2827 3246 2867 es
3284 2826 3463 2868 sacera

1879 2897 1998 2951 dos.
2012 2896 2249 2953 Causam
2270 2914 2441 2971 quare
2458 2908 2616 2954 vetus
2631 2900 2999 2955 sacerdotium
3014 2901 3087 2957 sit
3099 2901 3460 2964 destructum.

1879 2996 1934 3041 et
1961 3002 2163 3041 novum
2196 2988 2479 3045 inductum
2511 2989 2795 3061 subjungit
2820 3006 2889 3046 ne
2909 2991 3262 3048 adversarius
3292 3006 3463 3062 oppo-

1880 3088 2052 3135 neret.
2088 3079 2270 3147 Quare
2305 3068 2445 3138 dicis
2468 3081 2639 3138 Deum
2674 3082 2892 3140 dedisse
2912 3083 3061 3138 aliud
3092 3083 3464 3139 sacerdotium

1881 3171 1949 3227 ad
1977 3172 2416 3242 reprobationem
2439 3175 2660 3242 veteris,
2687 3176 2784 3248 qui
2809 3185 2968 3232 vetus
2990 3174 3182 3245 utique
3205 3175 3465 3231 sacerdo-

1882 3264 2017 3318 tium
2047 3265 2429 3322 instituit?Ad
2468 3269 2574 3325 hoc
2614 3269 2954 3340 respondens
2987 3268 3063 3324 ait
3096 3287 3108 3321 :
3143 3267 3462 3339 Reprobatio

1877 3355 2087 3425 quidem
2143 3358 2484 3424 prmcedentis
2537 3360 2783 3415 mandati
2837 3361 2901 3430 ﬁt
2950 3371 3007 3416 et
3064 3360 3266 3417 veteris
3322 3363 3460 3435 legis

1875 3448 2089 3515 propter
2112 3445 2481 3515 inﬁrmitatem
2509 3448 2645 3518 ejus,
2674 3448 2729 3504 id
2749 3457 2836 3504 est
2858 3449 2988 3519 quia
3021 3451 3184 3507 etiam
3208 3458 3460 3523 tempore

1878 3549 1990 3604 quo
2017 3535 2302 3590 tenebatur
2331 3536 2548 3591 inﬁrma
2569 3546 2686 3591 erat
2712 3556 2724 3590 :
2749 3537 2879 3607 quia
2902 3546 2958 3593 et
2982 3539 3028 3594 si
3056 3540 3302 3611 aliquam
3347 3557 3459 3597 non

1879 3634 2060 3681 tamen
2090 3625 2405 3696 [perfectam
2451 3627 2615 3683 dabat
2650 3627 3097 3700 iustiﬁcaﬁonem
3128 3651 3141 3686 :
3175 3632 3463 3703 reprobate

1876 3728 2098 3788 propter
2120 3718 2471 3773 inutilitatem
2495 3719 2611 3789 ejus
2642 3734 2661 3773 :
2690 3720 2819 3791 quia
2850 3721 2965 3791 jam
3003 3738 3113 3778 non
3156 3725 3334 3780 solum
3377 3733 3466 3780 est

1848 3802 2093 3889 oinﬁrma
2124 3810 2171 3865 si
2204 3819 2439 3876 tenetur,
2471 3811 2565 3867 sed
2608 3812 2772 3866 etiam
2816 3812 3101 3869 damnosa.
3140 3812 3280 3869 Vere
3308 3814 3463 3869 inﬁr-

1878 3900 2122 3955 mitatem
2164 3900 2375 3955 habuit.
2402 3899 2671 3971 Tempore
2704 3903 2852 3956 enim
2875 3918 2987 3973 quo
3015 3904 3306 3959 tenebatur
3347 3904 3457 3971 lex,

1879 3989 2012 4042 nihil
2037 3988 2264 4042 adduxit
2284 3988 2353 4043 ad
2372 3990 2681 4060 perfectum,
2714 3990 2769 4046 id
2798 3999 2900 4047 est
2917 3991 3053 4045 nihil
3073 3992 3344 4048 adducere
3365 4009 3460 4048 va-

1878 4079 1980 4135 luit
2005 4080 2073 4135 ad
2104 4079 2513 4150 perfectionem,
2546 4082 2678 4152 quia
2700 4090 2754 4138 et
2783 4084 2828 4138 si
2858 4083 3028 4153 aliqui
3058 4084 3162 4139 sub
3198 4100 3263 4140 ea
3308 4084 3462 4141 fuere

1878 4168 2127 4240 perfecti,
2165 4185 2273 4225 non
2297 4186 2393 4242 per
2416 4187 2560 4239 eam,
2584 4174 2679 4230 sed
2709 4188 2807 4243 per
2832 4173 2994 4229 ﬁdem
3025 4176 3263 4230 venturi.
3300 4174 3359 4231 ln
3393 4190 3463 4231 eo

1878 4262 2026 4332 quod
2055 4263 2141 4317 lex
2163 4263 2366 4319 dicitur
2390 4265 2725 4334 praecedens,
2758 4265 3100 4337 signiﬁcatur
3121 4268 3269 4323 aliud
3305 4268 3467 4325 debe-

1878 4370 1939 4409 re
1961 4355 2226 4426 consequi
2256 4356 2324 4411 ad
2359 4357 2738 4429 corrigendam
2783 4358 2919 4430 legis
2966 4358 3457 4430 imperfectionem.

1881 4444 2212 4517 Reprobatio
2256 4448 2476 4518 quidem
2523 4451 2878 4520 praecedentis
2915 4452 3181 4517 mandati,
3215 4454 3462 4507 introdu-

195 4524 342 4579 tribu
366 4533 466 4592 est,
501 4534 690 4581 etnon
711 4527 779 4583 de
800 4529 946 4584 tribu
971 4527 1121 4596 Levi,
1149 4531 1213 4585 de
1239 4548 1345 4602 qua
1366 4535 1470 4590 alia
1496 4536 1639 4592 tribu
1658 4539 1781 4594 nul—
1806 4534 1858 4596 D
1883 4540 1988 4593 ctio
2004 4556 2121 4594 vero
2157 4541 2219 4609 ﬁt
2243 4541 2497 4596 melioris.
2531 4541 2602 4596 Ut
2640 4545 2816 4615 magis
2850 4546 3217 4612 commendet,
3245 4562 3357 4600 non
3384 4547 3465 4602 ait

192 4612 273 4668 lus
297 4614 410 4686 fuit
430 4624 645 4685 prwsto,
669 4616 722 4673 id
741 4627 827 4674 est
846 4622 1227 4689 praestabiliter
1254 4622 1438 4680 altari.
1464 4624 1531 4681 Et
1554 4644 1683 4684 vere
1710 4631 1778 4686 de

193 4704 297 4760 alia
342 4704 489 4760 tribu
518 4723 531 4760 :
562 4708 689 4779 quia
717 4710 1059 4780 manifestum
1096 4722 1173 4767 est
1209 4714 1349 4785 quod
1386 4714 1646 4773 Dominus
1678 4735 1774 4773 no-

192 4804 298 4849 ster
331 4795 584 4856 Christus
606 4810 752 4856 ortus
773 4804 845 4858 sit
868 4820 935 4859 ex
952 4803 1120 4872 Iuda,
1151 4807 1207 4861 in
1231 4823 1337 4878 qua
1374 4808 1520 4865 tribu
1567 4811 1775 4883 Moyses

194 4885 331 4940 nihil
366 4887 580 4945 locutus
612 4902 689 4947 est
722 4894 785 4948 de
824 4895 1208 4964 sacerdotibus,
1241 4907 1302 4954 ut
1327 4900 1555 4970 quilibet
1582 4904 1651 4960 de
1681 4905 1773 4960 illa

194 4976 337 5031 tribu
361 4978 585 5035 deberet
605 4984 862 5040 sacerdos
888 4985 1025 5041 ﬁeri.
1054 4986 1364 5046 Translatio
1386 5001 1568 5049 autem
1594 5010 1776 5063 sacer-

195 5063 325 5123 dotii
356 5070 658 5126 secundum
689 5074 892 5129 tribum
914 5078 1027 5147 jam
1049 5084 1474 5149 pmcesseratin
1499 5083 1774 5154 Samuele,

193 5161 505 5249 reprobatis
532 5163 659 5219 ﬁliis
685 5164 824 5233 Heli,
855 5169 950 5238 qui
992 5174 1294 5228 secundum
1327 5176 1528 5232 lineam
1561 5152 1777 5249 generis

188 5247 440 5343 Ihasredes
465 5264 624 5309 erant
646 5259 937 5315 sacerdotii
966 5280 977 5314 :
1004 5278 1126 5332 quae
1152 5269 1538 5325 transmutatio
1564 5247 1778 5343 signiﬁ-

186 5338 352 5429 lcabat
376 5355 564 5397 veram
591 5344 736 5417 (quae
770 5345 953 5405 futura
975 5361 1091 5407 erat
1130 5355 1186 5408 in
1218 5354 1459 5429 Christo)
1498 5338 1775 5417 transmu-

192 5426 456 5484 tationem
510 5430 990 5511 [translationem].
1021 5439 1221 5497 Probat
1247 5426 1447 5501 iterum.
1473 5451 1771 5507 secundum

192 5515 360 5615 ritum
394 5522 846 5583 translatumesse
867 5531 1227 5590 sacerdotium
1245 5537 1391 5606 quod
1410 5555 1522 5595 non
1535 5545 1772 5615 amplius

192 5606 373 5704 visum
401 5610 617 5684 fuerat;
647 5619 774 5689 quia
798 5620 965 5694 385
985 5622 1110 5679 licet
1140 5627 1317 5684 tribus
1366 5606 1770 5704 reprobaretur,

199 5699 335 5757 ritus
369 5712 551 5762 tamen
575 5725 681 5766 non
711 5722 840 5768 sunt
864 5717 1077 5772 mutati.
1110 5717 1264 5775 Unde
1284 5722 1362 5777 ait
1386 5742 1399 5777 :
1425 5699 1657 5784 l’robavi
1682 5699 1771 5785 se;

198 5795 433 5853 cundum
454 5801 656 5887 tribum
681 5807 959 5864 transferri
983 5813 1368 5873 sacerdotium.
1402 5820 1586 5875 Adhuc
1609 5824 1770 5879 etiam

1884 4632 2126 4687 mandati
2176 4632 2271 4687 sed
2335 4634 2445 4703 spei
2499 4647 2518 4687 :
2565 4634 2693 4705 quia
2737 4638 2843 4693 hoc
2886 4654 3090 4696 novum
3141 4638 3462 4694 mandatum

1883 4723 2089 4779 Christi
2117 4724 2224 4779 tale
2244 4733 2349 4792 est,
2383 4725 2438 4779 in
2466 4741 2579 4796 quo
2610 4728 2875 4786 habeatur
2908 4748 3058 4803 spes,
3084 4747 3194 4787 non
3221 4731 3463 4787 carnalis

1872 4816 1978 4879 sed
2007 4817 2193 4889 glorias
2220 4817 2461 4875 caelestis
2493 4836 2505 4873 :
2528 4835 2620 4889 per
2638 4836 2800 4891 quam
2827 4838 2981 4893 spem
2996 4839 3109 4881 non
3130 4824 3310 4881 solum
3332 4838 3463 4894 pro-

1883 4909 2234 4980 pinquamus,
2273 4909 2369 4965 sed
2408 4909 2572 4966 etiam
2609 4915 2975 4984 proximamus
3018 4917 3089 4971 ad
3126 4917 3315 4971 Deum.
3357 4915 3464 4973 Le~
3500 4904 3505 4909 ’

1883 5016 2003 5072 gem
2031 5000 2200 5056 fuisse
2225 5001 2519 5071 inﬁrmam,
2549 5005 2868 5061 mandatum
2891 5015 3073 5063 autem
3101 5006 3306 5064 Christi
3327 5024 3462 5064 cau-

1872 5108 1989 5148 sam
2020 5107 2143 5148 esse
2163 5108 2271 5163 qua
2306 5094 2681 5163 proximemus
2709 5097 2779 5153 ad
2807 5097 2998 5167 Deum,
3029 5102 3262 5157 multum
3281 5103 3456 5158 estad

1872 5184 2089 5239 laudem
2127 5184 2253 5239 novi
2276 5186 2599 5241 sacerdotis.
2631 5186 2698 5243 Et
2724 5198 2992 5259 quantum
3014 5193 3122 5249 hoc
3148 5194 3347 5249 iterum
3373 5204 3461 5250 est

1874 5275 1942 5331 ad
1969 5275 2500 5333 commendationem
2512 5277 2654 5349 ejus,
2678 5280 2825 5350 quod
2846 5298 2956 5339 non
2974 5284 3095 5340 sine
3105 5283 3463 5355 jurejurando

1872 5364 2034 5422 Jesus
2056 5364 2233 5421 iactus
2253 5375 2343 5423 est
2365 5370 2623 5427 sacerdos
2663 5390 2677 5426 :
2710 5371 2821 5427 Alii
2851 5376 3082 5445 quidem,
3108 5376 3162 5431 id
3197 5386 3282 5432 est
3307 5376 3463 5430 Leui-

1876 5458 1969 5515 tici
2000 5459 2133 5529 facti
2167 5469 2289 5515 sunt
2313 5463 2611 5519 sacerdotes
2634 5466 2749 5520 sine
2784 5466 3157 5538 jurejurando,
3196 5478 3459 5539 tanquam

1875 5552 2009 5609 illud
2029 5554 2176 5624 quod
2209 5554 2431 5611 deberet
2455 5558 2658 5613 mutari
2683 5577 2697 5613 :
2726 5559 2812 5614 hic
2840 5569 3019 5616 autem
3045 5560 3207 5617 Jesus
3227 5577 3346 5615 cum
3371 5562 3463 5631 ju-

1878 5645 2180 5715 rejurando,
2241 5646 2418 5705 factus
2449 5658 2534 5708 est
2583 5651 2841 5708 sacerdos
2860 5669 2954 5722 per
2986 5668 3125 5718 eum,
3151 5653 3205 5707 id
3243 5662 3327 5708 est
3364 5669 3463 5722 per

1878 5733 2047 5792 Deum
2075 5737 2311 5805 Patrem,
2343 5742 2435 5811 qui
2461 5742 2602 5796 dixit
2640 5742 2711 5795 ad
2732 5742 2887 5796 illum
2913 5742 3101 5798 Iesum
3138 5763 3151 5799 :
3185 5744 3262 5799 Tu
3282 5761 3337 5800 es
3365 5761 3455 5799 sa-

1876 5830 2056 5883 cerdos
2086 5831 2141 5885 in
2165 5841 2438 5886 internum.
2473 5831 2538 5887 Et
2560 5832 2707 5901 quod
2731 5833 3099 5890 sacerdotium
3124 5843 3282 5892 tuum
3311 5836 3382 5894 sit
3403 5837 3458 5891 in
