3906 6294
491 382 618 450 ’5ῑῖ

1048 386 1107 445 S.
1150 381 1494 443 BRUNONIS
1528 372 2173 437 CARTHUSiANORUM
2213 375 2702 434 INSTITL'TORIS
2736 376 2888 435 OPI’.
2931 374 3113 433 PARS
3151 375 3216 430 ll.
3456 346 3465 353 α
3655 374 3738 434 523

515 515 779 560 :etcruum
810 522 821 557 :
848 500 1051 571 jurat'it
1078 500 1333 555 Dominus
1359 506 1409 553 et
1450 496 1519 550 de
1540 494 1645 549 hoc
1684 507 1785 547 non
1817 491 2085 558 paenitebit
2118 493 2166 553 Α
2195 506 2302 545 non
2328 492 2615 548 habentem
2646 492 3037 561 inﬁrmitatem,
3073 494 3169 550 sed
3193 493 3520 549 duraturum
3548 493 3599 546 in
3618 504 3739 550 teter-

513 613 655 662 eum,
687 594 741 650 id
775 605 858 652 est
894 610 998 650 non
1036 592 1346 648 immutabit
1382 598 1536 644 tuum
1572 584 1959 642 sacerdotium.
2003 584 2092 638 Ait

514 688 736 758 quidem
767 685 959 752 David,
984 682 1152 739 Deum
1179 684 1282 737 hoc
1301 682 1533 748 iurasse,
1560 678 1651 733 sed
1682 676 1794 742 ubi,
1813 675 1894 731 vel
1914 689 2095 744 quan-

514 781 606 844 do,
630 780 716 835 vel
751 779 953 849 quibus
980 775 1162 831 verbis
1184 778 1286 828 hoc
1306 776 1567 839 juraverit
1593 782 1701 824 non
1730 770 1827 824 ait.
1856 766 2096 835 lnquan-

518 882 638 927 tum
667 887 791 927 cum
812 866 1171 940 jurejurando
1190 863 1350 920 Jesus
1372 906 1388 929 ,
1412 862 1487 917 tlli
1524 870 1708 918 autem
1744 861 1865 917 sine
1890 860 2095 930 jureju-

2196 596 2320 635 uum
2339 590 2392 636 et
2421 581 2729 651 perfcctum.

2779 672 3012 729 CAPUT
3053 673 3188 730 Vill.

2273 781 2293 816 ε
2333 762 2643 834 Capitulum
2675 774 2856 820 autem
2885 780 3049 836 super
3068 782 3132 822 ea
3150 783 3275 837 qua:
3295 768 3570 825 dicuntur.
3593 771 3741 832 Talem

2207 872 2226 905 σ
2270 854 2534 911 habemus
2557 856 2889 925 pontificem,
2919 859 3013 928 qui
3039 860 3288 916 consedit
3317 863 3372 916 in
3394 863 3614 919 dextera
3634 868 3745 926 sedis

519 964 811 1028 raudo,.get
850 959 1173 1029 inquantum
1224 972 1309 1027 pet
1373 955 1560 1011 Jcsum
1607 955 1982 1023 proximamus
2030 952 2097 1007 ad
2206 964 2224 996 σ
2274 946 2667 1016 magnitudinis
2721 947 2776 1002 in
2819 952 2995 1017 cuuis,
3038 960 3357 1010 sanetomm
3406 956 3675 1026 minister,
3703 976 3744 1021 et

522 1054 717 1121 Deum,
746 1060 801 1107 et
826 1066 923 1121 per
943 1049 1113 1119 legem
1155 1062 1321 1102 nemo
1365 1045 1740 1102 adducebatur
1781 1045 1847 1100 ad
1882 1041 2099 1115 perfec-
2208 1054 2227 1086 σ
2270 1037 2610 1101 tabernaculi
2634 1040 2776 1106 veri.
2812 1041 2959 1109 Quod
3007 1040 3126 1097 fixit
3149 1042 3318 1113 Deus,
3358 1054 3417 1101 et
3460 1062 3567 1102 non
3597 1049 3743 1110 homo.

516 1143 936 1210 tum,intantum
954 1136 1115 1195 Jesus
1136 1138 1310 1209 factus
1330 1145 1408 1192 est
1430 1136 1736 1206 sponsor.id
1757 1145 1841 1191 est
1859 1136 2103 1190 ﬁrmator
2208 1145 2227 1176 ⁸
2272 1124 2465 1185 οιηιιίῧ
2514 1129 2663 1184 enim
2714 1130 2954 1200 Ροηιῖίυκ
3002 1133 3072 1188 ad
3128 1135 3410 1193 οσετθηάει
3465 1154 3671 1197 "mne"?
3703 1158 3745 1203 εἰ

519 1242 574 1289 et
603 1241 845 1289 assertor
880 1230 1180 1285 testamenti
1210 1228 1469 1294 me!ioris,
1494 1228 1656 1283 idest
1698 1228 1948 1292 meliora,
1972 1226 2101 1297 quia
2210 1237 2229 1271 ι
2276 1219 2485 1275 hostias
2511 1221 2883 1278 constituitur.
2912 1222 3066 1281 Unde
3087 1241 3315 1284 necesse
3334 1238 3424 1286 est
3451 1240 3506 1287 et
3531 1233 3662 1290 hunc
3678 1239 3748 1293 ha-

520 1332 742 1391 aetcrna,
771 1321 1162 1394 promittentis.
1211 1319 1668 1391 Sicutpromissis
1696 1318 1775 1375 sic
1804 1319 1967 1375 etiam
2001 1318 2105 1374 hac
2204 1327 2229 1362 ι
2274 1311 2400 1366 bere
2422 1310 2630 1382 aliquid
2657 1314 2803 1383 quod
2834 1313 3046 1370 oderat.
3080 1315 3138 1370 Si
3164 1333 3299 1391 ergo
3318 1331 3471 1376 esset
3491 1338 3644 1395 super
3667 1336 3744 1383 ter.

513 1412 780 1482 dignitate
810 1426 937 1483 qua:
965 1411 1217 1482 sequitur
1247 1429 1259 1464 τ
1289 1408 1451 1466 Jesns
1482 1408 1770 1467 Leviticos‘
1792 1407 2106 1465 sacerdotes
2211 1422 2229 1454 ι
2277 1420 2416 1471 ram,
2448 1420 2556 1460 non
2582 1413 2726 1461 esset
2748 1405 3026 1473 sacerdos,
3050 1422 3175 1462 cum
3198 1419 3387 1466 essent
3413 1411 3512 1481 qui
3536 1414 3749 1475 otl‘errent

513 1502 798 1573 praecellit,
826 1502 956 1573 quia
1001 1501 1099 1556 alii
1134 1502 1368 1572 quidem,
1400 1500 1453 1556 id
1482 1509 1568 1557 est
1600 1499 1826 1557 Levitiei
1865 1500 2107 1556 sacerdo-
2213 1515 2231 1549 s
2273 1496 2573 1552 secundum
2601 1498 2770 1569 legem
2803 1513 3069 1566 munera;
3118 1501 3214 1570 qui
3245 1502 3546 1573 exemplari
3569 1516 3620 1562 et
3655 1525 3751 1565 um-

516 1604 591 1648 tes
624 1595 757 1665 facti
795 1604 919 1649 sunt
957 1594 1156 1666 plures.
1190 1593 1399 1650 Idcirco
1426 1593 1611 1664 plures
1635 1593 1777 1663 quod
1802 1607 2107 1663 permanere
2213 1607 2234 1642 ο
2277 1590 2387 1645 bra!
2430 1589 2745 1645 deserviunt
2791 1590 3121 1659 ctelestium,
3158 1592 3303 1649 sicut
3350 1610 3662 1667 responsum
3685 1612 3751 1658 est

520 1688 579 1743 in
602 1689 715 1743 vita
741 1687 1145 1759 prohiberentur
1164 1696 1330 1743 morte
1349 1687 1782 1758 superveniente.
1798 1685 1903 1741 Hic
1928 1694 2105 1741 autem
2213 1701 2233 1736 ι
2274 1680 2475 1754 Moysi,
2523 1697 2649 1738 cum
2705 1692 3114 1739 consummaret
3156 1684 3591 1746 tabernaculum.
3623 1690 3750 1766 Vide,

522 1778 783 1835 Christus
820 1780 976 1835 habet
1017 1779 1395 1851 sempiternum
1427 1779 1823 1845 sacerdotium,
1856 1793 1916 1833 eo
1962 1776 2105 1848 quod
2133 1830 2180 1854 η
2215 1790 2234 1827 t
2278 1773 2477 1845 inquit,
2518 1774 2701 1829 omnia
2753 1774 2919 1830 facito
2963 1775 3264 1833 secundum
3298 1781 3591 1851 exemplar,
3632 1785 3752 1854 quod

520 1881 731 1925 maneat
764 1872 822 1926 in
844 1879 1118 1926 teternum.
1156 1869 1306 1927 Unde
1331 1870 1461 1941 quia
1489 1885 1722 1926 manens
1753 1868 1809 1923 in
1834 1877 2104 1924 atterunt:
2139 1864 2181 1892 ”
2214 1883 2233 1917 σ
2280 1864 2377 1920 tibi
2407 1873 2690 1921 ostensum
2716 1873 2801 1921 est
2831 1865 2886 1921 in
2930 1875 3136 1923 monte.
3168 1865 3331 1925 Nune
3373 1880 3553 1927 autem
3590 1876 3754 1933 melius

2133 1830 2181 1892 Β

519 1963 915 2033 sempiternum
938 1963 1101 2018 habet
1129 1962 1522 2029 sacerdotium,
1548 1961 1760 2017 sulcare
1805 1961 1973 2017 etiam
2008 1977 2107 2031 po-

518 2058 621 2105 test
655 2052 714 2105 in
736 2060 1065 2123 perpetuum,
1094 2051 1259 2124 385
1287 2067 1415 2107 cum
1444 2060 1661 2107 constet
1688 2050 1947 2107 mortales
1970 2050 2107 2123 legis

518 2143 835 2201 sacerdotes
873 2153 1117 2215 tempore
1159 2142 1451 2199 sacerdotii
1490 2143 1576 2199 sui
1605 2142 1851 2214 potuisse
1891 2142 2109 2214 aliquas

522 2235 853 2291 salvationes
881 2233 1152 2291 conferre.

585 2326 823 2382 Ostenso
846 2325 1146 2396 quomodo,
1168 2340 1266 2396 per
1295 2325 1659 2382 sacerdotium
1682 2325 1912 2393 Christi,
1949 2335 2109 2385 vetus

521 2416 923 2485 sacerdotium,
958 2425 1013 2472 et
1031 2417 1119 2472 lex
1161 2417 1500 2486 destruatur,
1542 2429 1598 2473 et
1641 2417 1761 2489 ipso
1802 2418 2111 2475 sacerdotio

522 2508 731 2564 Christi
771 2508 910 2564 satis
936 2508 1342 2577 commendato,
1373 2511 1721 2566 commendat
1763 2511 1928 2566 etiam
1963 2527 2113 2569 nune

523 2608 709 2656 actum
732 2609 788 2655 et
806 2600 1202 2656 exhibitionem
1224 2602 1581 2657 sacerdotalis
1605 2600 1765 2657 oﬂicii
1787 2602 1840 2657 in
1864 2602 2108 2672 Christo,

524 2692 882 2763 deprimendo
902 2708 1001 2763 per
1032 2693 1368 2759 contrarium
1389 2693 1760 2763 operationem
1790 2695 1989 2751 veteris
2022 2711 2114 2751 sa-

524 2784 774 2851 cerdotii,
799 2784 988 2839 dicens
1011 2800 1030 2837 :
1051 2782 1237 2839 Potest
1260 2781 1422 2840 Iesus
1449 2785 1662 2841 salvare
1683 2785 1738 2839 in
1765 2794 2109 2857 perpetuum,

524 2874 663 2946 ipse,
677 2875 824 2944 dico,
843 2876 1093 2931 accedens
1109 2875 1180 2930 ad
1197 2875 1387 2945 Deum,
1416 2891 1527 2931 non
1552 2891 1650 2948 per
1668 2876 1880 2943 alienas
1903 2878 2114 2935 hostias

522 2971 864 3038 animalium,
899 2971 992 3026 sed
1029 2987 1123 3041 per
1161 2972 1521 3042 semetipsum,
1556 2971 1793 3029 hostiam
1824 2972 2005 3028 vivam
2055 2973 2113 3029 in

520 3076 617 3116 ara
658 3063 840 3119 crucis
868 3062 1133 3118 oblatum.
1167 3060 1353 3130 lesus,
1382 3062 1531 3129 dico,
1582 3078 1786 3133 semper
1824 3064 1998 3118 vivens
2041 3062 2113 3118 ad

527 3151 977 3244 interpellandum
1001 3150 1219 3244 Patrem
1254 3167 1350 3244 pro
1376 3152 1549 3219 nobis,
1579 3152 1710 3223 quia
1739 3166 1871 3244 caro
1893 3152 2016 3223 ejus
2044 3151 2113 3208 ad
2140 3176 2192 3244 ε

529 3243 637 3299 hoc
679 3258 896 3314 semper
943 3243 998 3298 in
1029 3243 1184 3299 ctelis
1211 3243 1370 3311 vivit,
1400 3253 1461 3299 ut
1494 3243 1975 3314 repraesentatione
2014 3259 2116 3300 sua

522 3334 731 3406 iugiter
758 3335 939 3405 pulset
967 3334 1185 3390 Patrem
1215 3350 1317 3405 pro
1344 3336 1526 3391 nobis.
1554 3334 1687 3391 Dico
1721 3335 1991 3392 accedens
2019 3350 2118 3408 per

529 3423 927 3494 semetipsum;
972 3424 1184 3478 decebat
1224 3424 1366 3477 enim
1406 3433 1461 3479 et
1490 3425 1865 3481 necessarium
1894 3434 2014 3481 erat
2056 3428 2118 3481 ut

531 3514 685 3580 salis,
704 3524 760 3569 et
788 3530 885 3584 per
907 3515 1258 3585 semetipsum
1286 3516 1577 3582 accedens,
1605 3525 1739 3570 esset
1768 3516 1918 3571 nobis
1940 3517 2119 3587 ponti-

531 3605 642 3675 fex,
665 3614 882 3660 sanctus
911 3606 965 3661 in
992 3620 1052 3662 se
1079 3606 1431 3677 possessione
1456 3607 1745 3675 virtutum,
1781 3608 2026 3663 innocens
2050 3604 2120 3665 ad

529 3698 869 3767 proximum,
905 3706 981 3766 et,
1012 3713 1139 3753 cum
1189 3705 1414 3754 sanctus
1458 3698 1647 3753 habitu
1698 3700 2119 3769 bonorum,im-

527 3789 764 3860 pollutus
793 3791 960 3846 etiam
985 3789 1236 3847 absentia
1253 3790 1541 3858 ,vitiorum.
1574 3788 1686 3847 Nec
1728 3793 1890 3848 modo
1924 3794 2143 3866 impol-.

531 3882 680 3938 lutus
727 3890 788 3936 ut
832 3882 1129 3952 aliquando
1169 3880 1337 3939 fuerit
1381 3882 1658 3953 pollutus,
1699 3884 1795 3939 sed
1832 3887 1983 3940 omni
2033 3886 2122 3942 die

531 3982 837 4044 segregatus
858 3990 891 4026 a
918 3972 1308 4043 peccatoribus,
1332 3972 1385 4028 id
1411 3982 1497 4029 est
1526 3989 1557 4028 a
1581 3989 1743 4045 grege
1768 3985 2121 4045 peccatorum

532 4073 877 4135 segregatus,
904 4064 1079 4133 factus
1107 4065 1275 4119 etiam
1306 4066 1568 4120 excelsior
1589 4065 1755 4133 σακε,
1779 4067 1835 4122 id
1863 4077 1949 4123 est
1969 4067 2123 4123 omni

539 4156 753 4210 ctelesti
780 4165 1057 4210 creatura.
1086 4155 1193 4221 Qui
1227 4155 1472 4226 pontifex
1503 4157 1627 4212 talis
1653 4166 1707 4212 et
1729 4158 1856 4215 talis
1894 4176 1997 4214 non
2024 4160 2124 4215 ha-

534 4249 618 4300 bet
650 4247 1015 4301 necessitatem
1048 4247 1286 4318 quotidie
1324 4249 1515 4318 oﬂ'erre
1539 4264 1634 4319 pro
1677 4267 1756 4318 se,
1782 4252 2125 4322 quemadmo-

535 4340 665 4391 dum
690 4339 986 4392 sacerdotes
1018 4337 1245 4394 Levitiei
1270 4340 1653 4397 necessitatem
1699 4341 1901 4398 habent
1929 4343 2126 4400 oli‘erre

2214 1974 2233 2007 ι
2277 1956 2509 2013 sortitus
2536 1966 2622 2013 est
2658 1955 3050 2025 ministerium,
3073 1969 3281 2030 quanto
3319 1969 3377 2016 et
3413 1963 3644 2021 melioris
3675 1975 3756 2023 tes-

2213 2066 2232 2098 ι
2275 2046 2501 2103 tamenti
2528 2048 2797 2104 mediator
2817 2058 2922 2115 est,
2960 2050 3104 2120 quod
3149 2051 3207 2105 in
3252 2054 3570 2111 melioribus
3601 2073 3754 2128 repro-

2214 2158 2234 2191 s
2278 2138 2640 2195 missionibus
2689 2140 2961 2196 sancitum
3003 2150 3107 2197 cst.
3165 2140 3303 2197 Nam
3356 2144 3407 2199 si
3464 2145 3589 2201 illud
3631 2149 3757 2218 prius

2215 2250 2233 2282 ι
2280 2231 2439 2302 culpa
2464 2241 2733 2299 vacasset,
2766 2248 2877 2287 non
2897 2233 3088 2305 utique
3122 2233 3354 2291 secundi
3379 2237 3531 2294 locus
3551 2237 3756 2309 inquire-

2215 2339 2234 2375 ι
2280 2331 2450 2378 retur.
2482 2320 2808 2395 Vituperans
2854 2325 3002 2382 enim
3046 2342 3144 2383 cos
3183 2328 3340 2385 dicit.
3389 2328 3528 2386 Ecce
3555 2330 3665 2387 dies
3688 2347 3758 2387 ve-

2217 2433 2236 2469 ι
2281 2415 2457 2479 niunt,
2489 2416 2623 2472 dicit
2644 2415 2933 2488 Dominus,
2967 2427 3024 2475 et
3066 2423 3470 2479 consummabo
3507 2439 3659 2496 super
3680 2424 3759 2480 do—

2217 2525 2237 2557 ι
2280 2520 2429 2561 mum
2471 2504 2638 2562 Israel
2679 2517 2734 2563 et
2768 2522 2935 2579 super
2973 2509 3199 2566 domum
3229 2510 3370 2568 Juda
3412 2521 3757 2570 testamentum

2219 2613 2238 2647 ι
2285 2611 2488 2651 novum
2515 2615 2530 2651 :
2556 2612 2668 2653 non
2718 2600 3022 2655 secundum
3069 2608 3464 2659 testamentum
3507 2606 3642 2675 quod
3678 2605 3760 2661 feci

2220 2705 2238 2739 ι
2287 2688 2533 2758 patribus
2579 2703 2770 2745 eorum
2813 2690 2869 2745 in
2911 2691 3000 2749 die
3050 2707 3158 2763 qua
3208 2694 3541 2765 apprehendi
3572 2712 3759 2751 manum

2220 2795 2240 2830 s
2282 2776 2524 2847 illorum,
2554 2788 2616 2835 ut
2638 2781 2926 2838 educerem
2967 2783 3090 2840 illos
3119 2784 3187 2840 de
3216 2795 3361 2841 terra
3391 2785 3623 2859 Egypti,
3649 2804 3761 2859 quo-

2196 2892 2239 2945 ⁸ι
2285 2874 2436 2931 niam
2465 2874 2570 2945 ipsi
2595 2888 2706 2929 non
2750 2886 3171 2945 permanserunt
3196 2877 3252 2933 in
3292 2886 3611 2935 testamento
3642 2894 3761 2949 meo,

2222 2985 2241 3019 ι
2286 2977 2341 3024 et
2373 2981 2476 3038 ego
2512 2966 2725 3039 neglexi
2753 2983 2870 3035 eos,
2911 2968 3043 3025 dicit
3078 2968 3366 3026 Dominus.
3399 2970 3539 3039 Quia
3566 2973 3661 3028 hoc
3697 2980 3762 3028 est

2223 3052 2241 3113 ἰ
2289 3069 2674 3117 testamentum
2714 3061 2859 3133 quod
2908 3061 3198 3133 disponam
3230 3063 3419 3121 domui
3468 3063 3623 3121 Israel
3663 3072 3762 3136 post

2224 3169 2245 3204 e
2289 3153 2409 3208 dies
2466 3153 2609 3219 illos,
2656 3153 2790 3210 dicit
2840 3152 3364 3211 Dominus:Dando
3416 3154 3598 3229 [dato]
3644 3156 3764 3219 leges

2226 3262 2247 3299 α
2289 3260 2441 3301 meas
2475 3245 2530 3299 in
2562 3255 2798 3319 mentem
2826 3244 3018 3301 eorum
3045 3265 3059 3313 ;
3085 3256 3138 3302 et
3164 3246 3217 3301 iu
3268 3248 3432 3304 corda
3469 3264 3648 3304 eorum
3684 3265 3760 3303 su-

2225 3354 2244 3388 s
2290 3334 2626 3406 perscribam
2656 3350 2772 3402 cas,
2823 3344 2878 3391 et
2900 3351 2998 3391 ero
3026 3337 3110 3392 eis
3138 3335 3191 3390 in
3216 3334 3412 3404 Deum,
3440 3346 3496 3393 et
3518 3338 3613 3409 ipsi
3632 3348 3763 3394 erunt

2225 3445 2245 3479 s
2290 3427 2425 3482 mihi
2474 3427 2528 3481 in
2572 3427 2857 3498 populum.
2908 3426 2975 3482 Et
3016 3443 3126 3482 non
3170 3428 3389 3485 docebit
3424 3431 3764 3502 unusquisque

2225 3540 2245 3574 Ι
2288 3520 2600 3591 proximum
2631 3535 2819 3586 suum,
2854 3530 2907 3576 et
2940 3521 3318 3592 unusquisque
3364 3522 3582 3579 fratrem
3609 3540 3764 3589 suum,

2227 3632 2245 3665 ι
2288 3612 2478 3668 dicens
2508 3630 2521 3666 :
2550 3611 2832 3683 Cognosce
2868 3610 3189 3678 Dominum,
3231 3613 3362 3683 quia
3394 3627 3581 3670 omnes
3619 3614 3764 3671 scient

2228 3723 2247 3757 ι
2290 3720 2398 3773 me,
2424 3720 2455 3759 a
2479 3704 2692 3759 minore
2715 3701 2995 3776 [minimo]
3014 3719 3189 3775 usque
3210 3705 3278 3761 ad
3300 3707 3560 3781 majorem
3574 3722 3763 3773 eorum;

2227 3814 2248 3848 ι
2293 3796 2421 3866 quia
2452 3794 2735 3866 propitius
2748 3808 2845 3849 ero
2882 3793 3264 3864 iniquitatibus
3288 3809 3508 3864 eorum,
3530 3805 3581 3852 et
3603 3812 3765 3868 pecca-

2228 3905 2249 3938 ο
2295 3895 2476 3939 torum
2520 3881 2853 3957 [peccatum]
2906 3883 3122 3938 illorum
3151 3883 3266 3953 jam
3314 3899 3425 3939 non
3461 3884 3768 3940 memorabor

2229 3995 2248 4029 ο
2295 3973 2841 4049 [commemorabor].
2875 3974 3040 4047 386
3063 3974 3301 4054 Dicenda
3343 3986 3523 4033 autem
3563 3991 3764 4042 novum,

2230 4087 2249 4120 ι
2295 4067 2556 4123 veteravit
2574 4066 2746 4137 prius.
2763 4064 2919 4132 Quod
2937 4076 3119 4121 autem
3142 4075 3463 4138 antiquatur
3481 4076 3533 4124 et
3547 4067 3764 4133 senescit,

2231 4180 2251 4216 ι
2294 4174 2464 4232 prepe
2491 4158 2774 4217 interitum
2797 4166 2900 4214 est.
2934 4177 2953 4210 ι

2861 4264 3171 4305 εινοειτιο.

2297 4339 2468 4407 Quasi
2495 4353 2673 4410 pauca
2708 4336 2938 4394 dixisset
2981 4338 3049 4393 dc
3083 4338 3187 4394 hoc
3227 4339 3529 4408 sacerdote,
3568 4339 3768 4396 breviter

536 4430 764 4494 hostias,
808 4431 960 4501 prius
987 4433 1383 4488 intercedentes
1411 4449 1506 4504 pro
1538 4436 1650 4489 suis
1681 4435 1913 4505 delictis,
1936 4437 2129 4494 deinde
2198 4431 2605 4503 .eompiectitur
2629 4431 2794 4486 modo
2814 4430 3133 4501 dignitatem
3163 4432 3305 4501 ejus,
3325 4448 3490 4504 super
3512 4434 3609 4489 hoc
3631 4447 3767 4503 quam

536 4538 634 4591 pro
660 4522 879 4578 delictis
921 4523 1122 4593 populi.
1171 4521 1293 4577 Non
1320 4522 1395 4578 ait
1432 4524 1698 4594 quotidie,
1738 4525 1899 4597 quasi
1939 4526 2126 4597 aliquo
2156 4517 2203 4579 Ι)
2228 4523 2284 4578 in
2321 4522 2619 4594 praemissis
2649 4521 2969 4592 complexus
3016 4520 3105 4575 sit.
3144 4520 3315 4588 Quasi
3359 4524 3597 4581 diceret:
3630 4523 3765 4578 Multa

538 4614 630 4669 die
663 4629 887 4670 necesse
938 4615 1010 4669 sit
1050 4613 1273 4668 Christo
1315 4614 1510 4671 olferre
1550 4631 1650 4685 pro
1680 4632 1758 4683 se,
1800 4618 1895 4673 sed
1933 4628 1995 4672 ut
2035 4633 2126 4674 rc-

543 4718 760 4763 moveat
790 4722 824 4761 a
855 4707 1077 4761 Christo
1115 4706 1261 4777 quod
1307 4706 1557 4761 attribuit
1586 4707 1693 4764 illis
1723 4708 1969 4779 quotidie
2024 4712 2124 4766 ha-

538 4798 795 4854 bentibus
829 4799 1209 4854 necessin
1240 4798 1505 4855 olferendi
1542 4814 1648 4870 pro
1679 4816 1758 4856 se.
1791 4800 1910 4857 Non
1959 4803 2124 4859 habet

537 4887 799 4944 Christus
840 4889 1226 4946 necessitatem
1274 4889 1435 4945 hanc.
1463 4888 1579 4944 Hoc
1608 4892 1769 4957 enim,
1801 4894 2010 4949 scilicet
2035 4894 2123 4949 of-

537 4978 703 5047 ferre,
733 4980 855 5051 fecit
885 4980 1067 5047 semel,
1093 4996 1200 5036 non
1246 4989 1426 5037 tamen
1453 4996 1553 5053 pro
1584 4983 1723 5049 suis,
1754 4984 1850 5039 sed
1888 5000 1991 5055 pro
2030 4985 2123 5041 de-

537 5071 684 5128 lictis
719 5073 943 5143 populi;
991 5072 1136 5139 fecit,
1177 5073 1423 5143 inquam,
1473 5072 1742 5141 olferendo
1787 5091 1864 5129 se.
1907 5074 1973 5130 Et
2006 5077 2127 5146 ejus

538 5163 710 5218 semel
750 5162 893 5218 facta
938 5163 1142 5218 oblatio
1182 5162 1459 5219 sufﬁciens
1506 5161 1612 5217 fuit
1638 5164 1895 5220 omnibus
1940 5165 2005 5220 ad
2036 5180 2125 5221 re-

538 5252 859 5309 missionem
889 5254 1156 5310 omniun.
1195 5252 1378 5321 Quare
1399 5268 1508 5308 non
1554 5261 1639 5309 est
1666 5267 1892 5310 necesse
1936 5263 1997 5310 ut
2022 5254 2127 5311 ite-

542 5355 712 5401 retur.
744 5345 1068 5404 Sacerdotes
1108 5345 1186 5401 illi
1235 5346 1437 5401 habent
1463 5344 1847 5401 necessitatem
1885 5347 2127 5418 quotidie

539 5437 802 5495 υσενεηῶ
819 5454 922 5511 pro
933 5454 1013 5507 se,
1026 5440 1153 5510 quia
1167 5437 1257 5493 ιω
1271 5436 1571 5492 sacerdotes
1594 5439 1871 5493 constituit
1892 5438 2125 5495 homines

541 5528 789 5585 ἠιὸεηιιε
820 5531 1187 5601 infirmitatem
1235 5537 1292 5584 et
1319 5526 1630 5597 fragilitatis
1658 5538 1869 5584 natura:
1908 5537 1964 5584 et
2002 5544 2129 5599 peo-

541 5623 672 5680 cati.
695 5623 801 5681 Lex
826 5625 964 5679 tales
991 5619 1279 5678 constituit
1297 5618 1740 5687 sacerdotes,scd
1761 5635 1932 5674 sermo
1950 5621 2127 5690 juris-

535 5715 761 5786 jurandi
785 5717 876 5787 qui
906 5724 1021 5784 post
1055 5713 1219 5783 legem
1249 5712 1433 5768 datam
1473 5724 1571 5780 per
1614 5710 1786 5767 David
1813 5712 1993 5768 dictus
2017 5722 2126 5780 est,

545 5806 830 5864 constituit
854 5804 1193 5865 sacerdotem
1221 5818 1330 5861 non
1360 5801 1662 5872 hominem,
1691 5801 1787 5859 sed
1810 5800 2012 5859 Filium
2036 5803 2136 5862 Dei

2228 4614 2448 4687 quidem
2490 4614 2602 4670 dixi
2630 4614 2701 4668 de‘
2735 4613 2896 4669 laude
2945 4612 3115 4682 hujus
3155 4616 3484 4685 sacerdotis,
3521 4617 3611 4674 sed
3649 4632 3769 4671 nunc

2229 4706 2428 4762 faciam
2460 4704 2779 4775 capitulum,
2805 4704 2860 4759 id
2885 4712 2970 4759 est
2993 4704 3214 4759 brevem
3243 4707 3543 4764 multorum
3568 4708 3771 4780 campie

2227 4799 2468 4854 nionem.
2501 4796 2809 4867 Capitulunt
2829 4796 2975 4862 dico,
3002 4812 3160 4865 super
3181 4814 3264 4865 ea,
3289 4798 3342 4854 id
3364 4809 3451 4855 est
3482 4800 3711 4873 superius
3726 4807 3772 4855 et

2228 4890 2448 4962 dignius
2499 4889 2565 4944 ad
2619 4888 2834 4943 laudem
2882 4886 3091 4943 Christi
3141 4889 3436 4947 continens
3485 4891 3684 4963 quidem
3718 4904 3770 4947 ea

2230 4982 2415 5037 omnia
2437 4996 2556 5053 qua:
2579 4981 2831 5035 dicuntur
2863 4980 2919 5035 in
2947 4979 3283 5050 praemissis;
3315 4980 3444 5050 hoc,
3468 4983 3773 5055 iaquam,est

2224 5074 2554 5144 capitulum.
2578 5072 2691 5129 Nos
2722 5074 2971 5130 habemus
3004 5077 3162 5132 talem
3205 5075 3510 5146 pontiﬁcem
3543 5078 3628 5149 qui
3656 5076 3777 5147 jam-

2228 5165 2323 5220 diu
2348 5174 2464 5231 est;
2502 5165 2648 5236 quod
2674 5165 2907 5219 consedit
2948 5182 3074 5222 cum
3109 5165 3271 5223 Patre
3305 5170 3599 5239 quiescens
3631 5176 3676 5223 et
3704 5165 3775 5236 ja-

2228 5258 2440 5314 dicans.
2465 5256 2730 5313 Consedit
2773 5256 2899 5313 dico
2940 5258 3000 5312 in
3038 5257 3278 5326 dextera,
3313 5260 3365 5315 id
3404 5269 3493 5316 est
3530 5260 3582 5315 in
3620 5272 3775 5329 requa-

2226 5347 2382 5404 litate
2434 5348 2575 5402 sedis
2623 5346 3032 5418 magnitudinis,
3081 5346 3137 5402 id
3187 5360 3274 5405 est
3318 5349 3562 5406 sedentis
3610 5345 3777 5405 divini-

2228 5439 2379 5496 tatis.
2418 5436 2738 5510 Magnitudo
2764 5438 2916 5494 enim
2964 5436 3132 5495 Pater
3172 5439 3375 5496 dicitur
3418 5441 3516 5512 qui
3562 5437 3778 5497 similiter

2230 5530 2429 5586 sedens
2462 5529 2698 5600 quiescit
2736 5538 2791 5585 et
2822 5527 3053 5601 judicat.
3092 5527 3353 5587 Consedit
3398 5531 3524 5586 dico
3557 5531 3611 5585 in
3637 5526 3778 5591 salis,

2228 5620 2286 5675 id
2315 5629 2399 5675 est
2426 5620 2515 5675 vel
2547 5634 2711 5689 super
2754 5620 2878 5677 illos
2931 5620 3247 5677 materiales
3293 5621 3484 5689 caelos,
3517 5621 3597 5677 vel
3639 5631 3780 5689 super

2232 5713 2464 5768 thronos
2496 5722 2552 5767 et
2586 5708 3010 5769 dominationes.
3051 5710 3151 5769 llic
3178 5712 3424 5784 pontifex
3451 5713 3574 5770 dico
3605 5712 3669 5767 ibi
3691 5709 3778 5763 nti-

2236 5806 2404 5861 uister
2438 5813 2770 5860 sanctorum.
2804 5803 2864 5860 In
2893 5805 3049 5864 cmlis
3079 5806 3227 5862 enim
3263 5805 3541 5863 ministrat
3576 5801 3776 5875 glariatn
