3988 6400
161 341 287 404 529

824 344 1195 406 EXPOSITIO
1227 346 1295 404 IN
1334 345 1717 406 EPISTOLAS
1751 347 1997 407 PAULI.’
2017 383 2088 393 —
2123 349 2194 407 1N
2227 349 2449 439 EPIST.
2487 353 2581 410 AD
2617 344 2773 412 ΗΕΒ.

3343 358 3455 418 530

160 475 277 532 per
301 460 507 518 Sancta
531 469 848 519 sanctorum
873 463 1256 535 signiﬁcatam,
1288 464 1543 520 minister
1573 463 1765 535 etiam
1793 465 1842 524 A
1866 479 1977 521 non
2002 480 2128 523 cum
2150 466 2433 537 inciperet,
2459 467 2553 525 sed
2587 485 2708 524 cum
2734 480 3120 528 consummaret
3141 472 3458 535 tabernacu-

165 554 393 610 ibidem
413 555 522 610 veri
545 554 896 621 tabernaculi,
928 555 982 611 id
1011 563 1099 612 est
1115 556 1384 624 veritatis,
1410 571 1575 627 quam
1598 555 1777 611 taber-

166 647 452 702 naculum
494 654 652 704 vetns
708 647 1115 720 pra-ﬁgurabat,
1158 649 1369 706 scilicet
1406 646 1678 719 justitiam
1716 646 1775 703 in

165 741 448 812 praesenti
469 739 739 806 Ecclesia,
761 741 992 812 gloriam
1034 741 1091 796 in
1132 740 1340 799 futura.
1387 741 1541 808 Quod
1584 755 1778 796 verum

164 830 605 888 tabernaculum
640 831 764 903 ﬁuit
803 831 1064 887 Dominus
1112 831 1171 888 in
1210 840 1477 890 aitet-num
1523 846 1778 903 perman-

169 936 422 990 surum;
461 920 602 978 illud
654 938 785 979 vero
826 923 1120 980 umbratile
1152 924 1290 996 legis
1324 924 1776 992 tabernaculum,

170 1028 299 1070 non
339 1014 535 1084 ﬁxum,
562 1014 663 1071 sed
695 1025 815 1072 erat
854 1017 1125 1087 portabile
1173 1017 1242 1074 de
1293 1017 1417 1074 loco
1465 1018 1536 1074 ad
1571 1017 1777 1073 locum.

172 1103 411 1162 Diceret
466 1104 725 1163 Iudaeus:
755 1105 823 1163 Et
870 1107 1043 1179 legale
1079 1108 1299 1178 quidem
1365 1109 1780 1166 tabernaculum

173 1195 310 1250 ﬁxit
354 1195 626 1253 Dominus
674 1212 770 1267 per
797 1198 1114 1255 ministrum
1166 1199 1410 1272 Moysen.
1466 1199 1668 1271 Utique
1702 1200 1783 1255 ait

176 1286 425 1354 Paulus,
457 1289 554 1345 sed
584 1289 690 1344 hoc
709 1289 829 1344 fixit
848 1289 1139 1358 Dominus,
1162 1292 1234 1347 ita
1256 1291 1405 1362 quod
1432 1291 1666 1347 nonfuit
1692 1290 1782 1347 hic

174 1395 317 1435 cum
348 1396 420 1435 eo
445 1380 608 1450 cuiuis
633 1380 941 1437 ministerio
966 1382 1191 1455 ﬁgeret;
1228 1384 1324 1440 sed
1350 1385 1627 1455 propriam
1662 1400 1784 1455 per-

175 1486 390 1527 sonam
417 1472 555 1526 ﬁxit.
580 1470 719 1528 Vere
744 1471 1003 1530 Christus
1027 1473 1280 1530 minister
1304 1483 1391 1531 est
1411 1493 1432 1543 ;
1462 1491 1588 1530 nam
1609 1476 1780 1530 omnis

180 1562 436 1630 pontifex
474 1562 823 1617 constituitur
865 1564 934 1619 ad
987 1552 1435 1634 ministrandnm,
1476 1567 1684 1623 scilicet
1706 1567 1780 1620 ad

180 1654 465 1721 offerenda
498 1670 717 1709 munera
747 1664 799 1709 et
837 1656 1061 1711 hostias.
1096 1654 1246 1712 Unde
1267 1657 1397 1727 quia
1428 1657 1609 1714 omnis
1647 1673 1783 1729 pon-

184 1742 326 1799 tifex
375 1745 732 1801 constituitur
764 1745 832 1800 ad
869 1744 1230 1813 offerendum,
1284 1762 1487 1802 necesse
1530 1756 1608 1801 est
1643 1748 1781 1802 hunc

180 1836 357 1888 etiam
384 1835 694 1906 pontiﬁcem
727 1835 1015 1893 Christum
1039 1802 1229 1892 habere
1254 1838 1462 1906 aliquid
1490 1839 1630 1908 quod
1660 1840 1785 1909 οπο·
1814 1802 1862 1863 Β

1876 554 2008 612 lum.
2037 556 2315 626 Quasdam
2334 559 2483 616 enim
2507 561 2711 633 ﬁguras
2740 577 2840 632 per
2880 578 2942 619 se
2978 563 3222 621 invenire
3248 566 3454 635 potuit:

1876 648 1974 707 sed
2001 665 2126 707 cum
2155 666 2348 710 omnes
2372 668 2470 724 per
2520 668 2581 709 se
2610 669 2720 709 non
2758 664 2946 725 posset
2973 654 3240 724 invenire,
3275 673 3459 713 rever-

1877 757 1976 798 sus
2000 750 2085 799 est
2107 743 2176 799 ad
2202 729 2373 800 Deum
2398 786 2415 812 ,
2445 753 2507 800 nt
2533 745 2678 802 sicut
2700 745 2769 803 de
2791 746 3039 813 veritate,
3068 747 3151 804 sic
3178 747 3246 804 de
3271 748 3463 820 ﬁguris

1877 834 2217 892 edoceretur.
2248 835 2352 892 Cui
2379 836 2646 895 Dominus
2690 838 2904 910 inquit:
2936 838 3087 906 Vide,
3112 837 3345 911 Moyses,
3376 838 3463 909 fa—

1879 926 1988 980 cito
2007 927 2207 995 omnia,
2236 927 2292 984 id
2315 938 2401 984 est
2423 929 2625 1002 ﬁguras
2648 946 2840 989 omnes
2864 932 3150 987 secundum
3170 932 3461 1003 exemplar,

1879 1017 1937 1073 id
1959 1026 2044 1075 est
2071 1019 2373 1075 secundum
2392 1022 2698 1089 veritatem,
2724 1023 2864 1093 quod
2891 1023 3171 1094 exemplar
3196 1032 3465 1081 ostensum

1879 1117 1961 1163 est
1989 1108 2085 1163 tibi
2116 1110 2173 1164 in
2195 1117 2370 1165 monte
2393 1126 2413 1165 :
2444 1111 2522 1167 illi
2559 1113 2763 1168 habent
2794 1114 3159 1171 ministerium
3188 1115 3468 1171 deservire

1880 1201 2176 1271 exemplari
2199 1210 2255 1257 et
2282 1203 2523 1271 umbrat;
2550 1204 2641 1259 sed
2661 1204 2817 1260 Iesus
2851 1208 3074 1261 sortitus
3112 1216 3191 1262 est
3221 1208 3464 1262 ministes-

1883 1295 2026 1349 rium
2077 1294 2264 1349 melius
2291 1310 2310 1349 :
2358 1296 2488 1366 quia
2515 1306 2571 1352 et
2612 1297 2669 1351 in
2713 1298 3051 1368 spiritalibus
3090 1300 3385 1365 ministrat,
3411 1309 3468 1355 et

1882 1385 2148 1456 spiritalia
2173 1387 2286 1457 dat.
2322 1386 2564 1444 Sortitus
2591 1388 2715 1452 dico
2763 1405 2910 1445 nunc
2955 1400 3246 1462 postquam
3281 1400 3467 1447 osten—

1884 1492 2009 1532 sum
2034 1486 2120 1533 est
2160 1493 2288 1533 eum
2338 1494 2452 1534 non
2481 1479 2698 1546 oﬁ'erre,
2741 1481 2891 1550 quod
2924 1481 2998 1537 sit
3030 1498 3195 1553 super
3240 1492 3463 1538 terram.

1882 1565 2248 1623 Ministerium
2277 1568 2401 1624 dico
2438 1576 2600 1624 tanto
2620 1569 2816 1625 melius
2857 1578 3054 1640 quanto
3078 1579 3132 1626 et
3164 1571 3282 1641 ipse
3307 1570 3469 1627 Jesus

1882 1658 2044 1714 dator
2079 1668 2157 1713 est
2180 1661 2480 1715 testamenti
2521 1661 2778 1728 melioris,
2829 1661 2882 1716 id
2924 1670 3010 1717 est
3052 1661 3298 1728 meliora,
3339 1663 3470 1732 quia

1883 1759 2085 1806 teterna
2113 1751 2499 1821 promittentis.
2531 1751 2599 1807 Et
2623 1769 2732 1809 non
2761 1752 2839 1808 ait
2863 1753 3040 1820 dator,
3072 1754 3166 1809 sed
3189 1754 3470 1819 mediator,

1884 1843 2146 1913 quoniam
2192 1844 2407 1900 medius
2455 1844 2599 1899 inter
2626 1843 2799 1899 Deum
2851 1854 2907 1901 et
2953 1846 3232 1900 hominem
3287 1860 3319 1899 a
3359 1844 3473 1900 Deo

187 1939 299 1994 rat,
325 1934 389 1982 et
414 1941 542 1982 cum
576 1940 803 1984 necesse
826 1927 899 1984 sit
922 1942 1049 1984 eum
1088 1927 1292 1983 habere
1319 1928 1527 1999 aliquid
1558 1928 1625 1984 ad
1651 1928 1784 1985 oﬁ'e-
1887 1934 2106 2005 accipit,
2156 1936 2306 2006 quod
2353 1935 2563 1991 homini
2617 1936 2828 1991 tribuit.
2879 1935 3037 2003 Quod
3087 1944 3475 1992 testamentum

185 2021 458 2089 tendum,
482 2029 579 2076 aut
603 2021 737 2077 illud
781 2022 888 2077 erit
933 2036 1098 2092 super
1125 2029 1351 2087 terram,
1399 2029 1500 2077 aut
1539 2022 1783 2090 cteleste,
1882 2027 2182 2093 sancitum,
2235 2026 2290 2082 id
2346 2036 2432 2083 est
2475 2026 2881 2093 conﬁrmatum,
2929 2035 3016 2083 est
3067 2027 3474 2085 duraturnmin

185 2114 287 2169 sed
329 2128 445 2168 non
478 2127 644 2184 super
672 2121 896 2169 terram.
944 2112 1010 2168 Si
1035 2112 1184 2168 enim
1220 2128 1377 2182 super
1414 2123 1630 2179 terram,
1669 2113 1783 2183 jam
1884 2127 2169 2173 aeternum.
2218 2117 2503 2174 Sancitum
2549 2118 2674 2173 dico
2718 2117 3230 2188 repromissionibus,
3286 2116 3341 2171 id
3390 2124 3477 2172 est

186 2221 296 2259 non
341 2214 481 2260 esset
508 2205 795 2271 'sacerdos,
840 2203 1043 2259 nedum
1086 2204 1352 2274 pontifex.
1383 2203 1527 2276 Ergo
1567 2206 1788 2263 caeleste

187 2297 298 2352 erit
322 2297 476 2367 quod
506 2296 745 2352 offerret.
784 2294 962 2366 Super
986 2304 1189 2352 terram
1215 2311 1337 2351 esse
1363 2295 1496 2351 dicit
1521 2296 1787 2366 quidquid

190 2387 249 2441 in
273 2387 600 2442 carnalibus
622 2396 676 2442 et
702 2401 806 2457 pro
829 2386 1147 2443 carnalibus
1173 2384 1413 2442 offerret.
1444 2387 1503 2441 Si
1530 2398 1675 2443 esset
1695 2404 1789 2442 sn-

191 2491 290 2547 per
312 2485 522 2532 terram
548 2477 695 2547 quod
719 2476 882 2533 Jesus
903 2475 1141 2543 oll'erret,
1166 2492 1274 2532 non
1298 2477 1475 2533 solum
1499 2492 1637 2550 nego
1661 2494 1788 2533 cum

189 2567 536 2637 pontiﬁcem,
564 2568 661 2624 sed
683 2584 784 2625 nec
811 2576 960 2624 esset
986 2568 1246 2624 sacerdos
1270 2586 1285 2636 ;
1317 2567 1522 2624 frustra
1549 2569 1697 2624 enim
1733 2569 1788 2623 in

191 2660 514 2716 carnalibus
551 2660 807 2717 sacerdos
849 2671 1016 2728 esset,
1043 2676 1165 2714 cum
1200 2670 1372 2715 essent
1413 2660 1569 2715 niiihi
1602 2676 1791 2716 sacer--

189 2750 356 2807 dotes
366 2753 458 2823 qui
471 2751 716 2821 oﬁ'errent
733 2768 951 2806 munera
966 2752 1252 2807 scentulum
1266 2752 1451 2823 legem,
1468 2753 1520 2809 id
1533 2763 1618 2809 est
1627 2769 1793 2822 super

193 2853 429 2899 terram.
456 2842 672 2900 Diceret
699 2844 790 2900 ille
815 2863 828 2899 :
860 2843 1013 2899 Multi
1051 2844 1272 2914 quidem
1318 2853 1450 2901 sunt
1476 2844 1791 2913 offerentes,

194 2935 290 2990 sed
312 2935 454 3005 quia
479 2950 641 2991 nemo
678 2935 760 2990 sic
787 2935 950 3006 digne
973 2935 1149 3005 possit
1179 2934 1399 3002 etTerre,
1432 2935 1638 2992 bonum
1676 2945 1794 2992 erat

194 3036 256 3080 ut
280 3024 455 3081 .lesus
481 3025 700 3082 offerret
721 3028 1025 3083 secundum
1071 3028 1268 3098 legem,
1294 3039 1351 3085 et
1394 3028 1498 3084 hoc
1530 3038 1792 3096 removet,

194 3115 396 3174 dicens
422 3134 442 3172 :
474 3117 611 3174 Cum
649 3130 835 3177 essent
863 3119 957 3191 qui
984 3123 1288 3177 secundum
1312 3121 1485 3192 legem
1508 3120 1791 3187 oﬁ‘errcnt,

192 3212 369 3280 etqui
398 3211 694 3266 deserviunt
735 3214 1047 3282 exemplari.
1084 3212 1374 3281 Exemplar
1414 3212 1615 3268 dicitur
1659 3211 1790 3267 illud

197 3301 265 3356 ad
286 3301 462 3370 cujus
508 3302 927 3359 similitudinem
958 3303 1018 3359 fit
1063 3303 1292 3374 aliquid.
1334 3301 1654 3373 Exemplum
1699 3317 1794 3356 au-

199 3400 308 3446 tem
346 3392 672 3462 similitudo,
708 3410 833 3465 qua:
850 3395 923 3450 ab
957 3393 1253 3464 exemplari
1289 3392 1519 3463 capitur.
1560 3392 1793 3458 Quando

201 3482 354 3540 Deus
386 3482 611 3558 Moysen
645 3485 862 3542 vocavit
910 3486 964 3541 in
1012 3493 1276 3552 montem,
1312 3484 1384 3540 ibt
1442 3485 1792 3541 revelavitei

200 3588 429 3630 omnem
454 3575 599 3647 (qua:
620 3576 896 3647 implenda
922 3576 1061 3648 erat)
1087 3578 1156 3632 de
1179 3576 1329 3632 cultu
1357 3574 1451 3631 Dei
1483 3576 1790 3631 veritatem.

204 3663 313 3721 Sed
350 3664 496 3723 Deus
519 3683 645 3725 cum
666 3667 851 3740 Moyse
875 3668 1184 3740 intelligens
1205 3669 1468 3739 pupulum
1489 3668 1643 3724 illum
1668 3685 1793 3724 car-

202 3758 389 3813 nalem
427 3772 538 3813 non
555 3759 740 3815 statim
757 3774 922 3830 posse
940 3775 1136 3831 capere
1160 3760 1453 3831 spiritalia,
1478 3760 1614 3816 dixit
1640 3760 1794 3832 Mago.

204 3847 373 3914 si,ut,
397 3848 543 3904 sicut
564 3850 850 3906 veritatem
877 3865 1042 3921 quam
1069 3850 1142 3906 ibi
1172 3850 1407 3918 videbat,
1436 3851 1575 3907 facet
1586 3865 1642 3907 et
1659 3852 1797 3924 ﬁgu-

205 3953 294 3997 ras
308 3940 389 3995 illi
416 3941 619 4011 populo
637 3942 934 4012 carnaliiin
955 3942 1157 4014 quibus
1181 3943 1406 4013 puerilis
1424 3943 1656 4014 populus
1677 3956 1797 3999 tan-

203 4030 297 4086 din
325 4032 689 4100 enutriretur,
704 4033 879 4090 donec
894 4018 969 4090 'de
988 4033 1224 4104 pueritia
1246 4034 1545 4105 ﬁgurarum
1562 4035 1798 4092 transire

205 4134 397 4193 posset
422 4125 491 4180 ad
514 4126 885 4182 maturitatem
923 4125 1161 4194 virtutis,
1191 4135 1242 4182 et
1269 4127 1373 4181 hoc
1401 4128 1566 4182 modo
1595 4127 1799 4183 veritas

206 4216 364 4286 prius
386 4225 606 4273 ostensa
630 4218 911 4289 exemplar
922 4219 1035 4274 fuit
1061 4220 1358 4291 ﬁgurarum
1401 4217 1690 4285 laetarum,
1727 4219 1796 4275 ad

208 4309 631 4366 similitudinem
656 4311 811 4382 prius
836 4320 1074 4367 ostensa
1104 4310 1369 4366 veritatis.

274 4401 489 4457 lterum
536 4402 655 4457 alio
699 4412 950 4474 respectu
994 4404 1183 4473 ﬁgurae
1225 4402 1485 4457 dicuntur
1523 4403 1802 4472 exemplar

1888 2208 2079 2264 multis
2107 2224 2174 2264 ac
2203 2207 2438 2265 diversis
2465 2200 2969 2279 pollicitationibus.
3013 2206 3479 2278 Repromissioui—

1888 2300 1991 2357 bus
2034 2300 2159 2357 dico
2194 2300 2503 2355 melioribus
2549 2300 2693 2357 sicut
2737 2316 2882 2371 saepe
2927 2299 3136 2354 dictum
3183 2306 3286 2354 est.
3329 2296 3478 2353 Dixit

1886 2393 1963 2449 ibi
1991 2412 2005 2448 :
2038 2392 2294 2449 Christus
2338 2401 2424 2448 est
2450 2392 2607 2449 dator
2634 2392 2879 2448 melioris
2916 2390 3248 2455 testamenti,
3286 2399 3340 2444 et
3369 2389 3478 2445 hoc

1887 2485 2080 2555 probat
2109 2483 2334 2540 dicens:
2360 2482 2499 2538 Vere
2523 2491 2912 2539 testamentum
2939 2481 3145 2538 Christi
3170 2481 3369 2536 melius
3390 2487 3478 2535 est

1886 2585 2218 2632 testamento
2268 2575 2460 2648 priori.
2515 2574 2653 2631 Nam
2701 2575 2834 2631 illud
2877 2576 3034 2646 prius
3084 2580 3474 2630 testamentum

1890 2655 2000 2724 non
2025 2668 2237 2724 vacavit
2261 2684 2294 2723 a
2315 2669 2497 2739 culpa,
2526 2667 2732 2723 Christi
2758 2676 2939 2722 autem
2963 2675 3352 2722 testamentum
3377 2678 3458 2717 va-

1888 2767 1977 2814 cat
2003 2774 2033 2813 a
2069 2758 2249 2828 culpa.
2283 2755 2343 2813 Si
2365 2758 2505 2813 enim
2537 2756 2674 2811 illud
2702 2758 2852 2827 prius
2881 2762 3264 2811 testamentum
3291 2767 3481 2806 vacas-

1889 2858 2027 2905 seta
2063 2850 2244 2920 culpa,
2273 2864 2386 2904 non
2432 2848 2655 2904 daretur
2697 2847 2996 2903 secundum
3044 2851 3470 2909 testamentum;

1891 2942 1987 2997 sed
2030 2941 2158 3012 quia
2212 2940 2514 2996 secundum
2559 2940 2747 2995 datum
2797 2947 2901 3005 est,
2956 2945 3183 3008 apparet
3230 2936 3473 3006 primum

1892 3034 2065 3090 fuisse
2111 3032 2511 3104 imperfectum,
2540 3039 2596 3087 et
2622 3030 2924 3086 secundum
2971 3028 3292 3100 perfectum.
3333 3026 3469 3082 Fru-
3560 3036 3585 3055 ‘

1818 3152 1862 3211 ο
1892 3134 2008 3181 stra
2059 3125 2208 3181 enim
2262 3124 2416 3195 prius
2470 3130 2855 3179 testamentum
2913 3122 3291 3178 destrueretur
3311 3160 3327 3186 ,
3369 3119 3479 3174 nisi

1891 3224 2042 3273 esset
2066 3215 2468 3286 imperfectum.
2499 3214 2568 3270 Et
2599 3213 2806 3270 frustra
2837 3212 3138 3269 secundum
3165 3212 3388 3268 daretur
3410 3210 3480 3265 ad

1890 3308 2286 3365 correctionem
2310 3307 2510 3377 prioris
2532 3307 2856 3378 imperfecti,
2898 3306 2945 3361 si
2973 3320 3085 3360 non
3111 3311 3259 3360 esset
3294 3301 3479 3373 perfe-

1893 3411 2064 3457 ctum.
2093 3399 2247 3467 Quod
2274 3400 2346 3455 ita
2369 3400 2486 3455 ait:
2527 3399 2591 3454 Si.
2619 3398 2751 3455 illud
2785 3398 2940 3470 prius
2970 3404 3357 3453 testamentum
3383 3409 3483 3448 va-

1893 3500 2075 3548 casset
2100 3508 2133 3548 a
2159 3492 2341 3563 Culpa,
2373 3506 2481 3547 non
2511 3491 2590 3546 ait
2610 3490 2658 3546 si
2686 3489 2936 3545 homines
2957 3488 3062 3544 sub
3074 3488 3170 3544 illo
3192 3493 3484 3542 vacassent

1895 3598 1925 3638 a
1952 3585 2135 3655 culpa,
2167 3584 2264 3640 sed
2300 3583 2432 3639 illud
2477 3582 2657 3654 ipsum
2689 3589 3077 3638 testamentum
3119 3587 3391 3644 vacasset,
3425 3578 3481 3631 id

1894 3686 1979 3731 est
1998 3689 2233 3731 vacuum
2258 3682 2404 3731 esset
2429 3689 2460 3728 a
2486 3673 2645 3743 culpa
2671 3690 2687 3738 ;
2718 3672 2774 3726 in
2804 3676 2907 3727 hoc
2931 3670 3078 3725 enim
3109 3669 3228 3739 ipsa
3258 3669 3346 3723 lex
3369 3681 3481 3721 non

1892 3782 2019 3823 esse
2046 3781 2219 3822 vacua
2252 3765 2541 3827 videbatur
2579 3780 2610 3818 a
2635 3763 2821 3832 culpa,
2860 3777 3027 3831 quam
3053 3759 3402 3831 praecipiebat
3425 3772 3485 3813 et

1897 3859 2129 3930 gratiam
2155 3856 2478 3927 adiutricem
2508 3869 2675 3926 quam
2712 3853 3050 3908 ministraret
3080 3867 3187 3907 non
3212 3849 3479 3905 habebat:

1898 3948 1980 4005 sic
2011 3962 2206 4002 omnes
2228 3946 2429 4016 legales
2451 3944 2658 4001 faciens
2683 3943 3004 4021 culpabiles.

1970 4039 2054 4106 Si,
2099 4038 2347 4111 inquam,
2374 4036 2531 4091 illud
2578 4034 2734 4105 prius
2780 4040 3087 4090 vacasseta
3127 4030 3286 4102 culpa
3311 4029 3480 4101 (idem

1901 4146 2001 4203 pro
2027 4115 2179 4187 certe
2210 4129 2337 4185 dico
2368 4126 2547 4198 vobis)
2572 4142 2677 4180 non
2718 4125 3077 4197 inquireretur
3093 4123 3267 4188 locus,
3311 4121 3366 4177 id
3398 4132 3487 4176 est

1899 4222 2282 4296 opportunitas
2307 4219 2521 4276 secundi
2552 4218 2861 4275 testamenti
2896 4215 3081 4273 dandi.
3112 4214 3484 4286 lnquireretur

1900 4317 2025 4373 ideo
2045 4314 2118 4370 ait
2140 4312 2269 4384 quia
2297 4310 2441 4368 Deus
2467 4311 2706 4382 primum
2737 4324 2836 4380 per
2859 4306 2994 4374 Noe,
3026 4305 3221 4362 deinde
3254 4321 3352 4377 per
3380 4320 3484 4375 pa-~

1904 4406 2195 4471 triarchas,
2233 4410 2421 4474 postea
2463 4416 2561 4472 per
2601 4401 2775 4471 legem
2817 4407 2871 4454 et
2913 4396 3249 4468 prophetas;
3281 4395 3489 4464 in’lege

209 4493 484 4555 veritatis,
508 4494 808 4549 secundum
840 4493 1210 4564 impletionem
1238 4494 1404 4563 illius,
1433 4496 1505 4551 ad
1533 4494 1793 4550 similitu-
1822 4492 1873 4551 ἰ)
1896 4497 2155 4568 ιιωιὶειιίηι
2186 4493 2508 4551 instruendo
2539 4491 2815 4548 carnalem
2848 4489 3142 4544 rnditatem
3172 4486 3481 4550 hominum,

211 4583 395 4640 dinem
421 4585 720 4656 ﬁgurarum
744 4585 1191 4656 praecedentium,
1222 4595 1278 4639 et
1316 4586 1619 4641 secundum
1654 4585 1803 4641 hunc
1902 4589 2217 4660 inquirebat
2235 4588 2439 4652 locum,
2462 4599 2595 4655 quo,
2627 4583 2737 4637 illis
2765 4582 2835 4636 ad
2858 4579 3247 4651 perfectionem
3277 4577 3485 4632 instru-

213 4676 441 4730 modum
469 4677 674 4749 figuras
706 4677 797 4733 hic
822 4677 1316 4747 vocat'exemplar.
1355 4677 1412 4731 In
1439 4677 1800 4747 sequentibus
1901 4680 2027 4745 etis,
2054 4685 2356 4749 opportune
2375 4676 2530 4730 daret
2561 4671 2806 4743 spiritale
2844 4677 3253 4725 testamentum.
3286 4665 3366 4732 Si,
3403 4666 3487 4720 in-

214 4777 398 4823 autcm
440 4769 726 4824 veritatem
760 4768 915 4839 prius
949 4769 1003 4823 in
1039 4780 1224 4824 monte
1268 4767 1439 4841 Moysi
1481 4770 1798 4836 revelatam,
1902 4787 2092 4842 quam,
2121 4768 2274 4841 prius
2298 4774 2686 4822 testamentum
2713 4770 2964 4818 vacasset
2992 4776 3025 4815 a
3056 4759 3237 4828 culpa,
3266 4772 3378 4812 non
3403 4755 3487 4811 in-

215 4860 494 4931 exemplar
512 4870 673 4917 vocat
698 4870 947 4932 respectu
972 4862 1270 4934 tignrarum
1293 4861 1362 4916 ad
1387 4861 1802 4918 similitudinem
1908 4864 2218 4935 quireretnr
2250 4861 2407 4916 locus
2438 4855 2666 4914 secundi
2703 4852 3037 4912 testamenti.
3079 4850 3186 4906 Sed
3224 4850 3381 4905 locus
3404 4864 3494 4905 sc-

214 4962 454 5010 ostensa:
489 4955 710 5011 virtutis
734 4953 1001 5027 [veritati]
1038 4954 1402 5010 inventurum.
1448 4952 1801 5020 Deserviunt,
1909 4952 2071 5008 eundi
2116 4950 2431 5021 inquiritur,
2478 4954 2535 5003 et
2588 4942 2693 5001 hoc
2743 4943 2938 5015 probat
2975 4956 3072 5012 per
3115 4939 3494 4995 testimonium

218 5041 469 5114 inquam,
504 5044 823 5115 exemplari,
853 5045 905 5101 id
934 5053 1019 5101 est
1046 5045 1258 5117 figuris,
1290 5054 1346 5102 et
1376 5045 1505 5116 quia
1525 5044 1806 5114 exemplar
1909 5044 2158 5101 Ieremia:
2202 5041 2468 5097 dicentis:
2518 5038 2658 5096 Vere
2695 5034 3011 5107 inquiritur.
3061 5030 3209 5087 Nam
3256 5029 3494 5102 Spiritus

216 5135 550 5205 quandoque
578 5144 663 5191 est
700 5137 921 5203 veritas,
957 5152 1068 5192 non
1090 5137 1286 5208 ﬁgura,
1330 5136 1479 5192 addit
1498 5145 1552 5191 et
1578 5135 1803 5203 umbrw,

218 5228 350 5296 quia
404 5227 512 5282 illae
565 5226 775 5298 figurat,
813 5229 1092 5298 exemplar
1124 5235 1301 5295 erant,
1344 5242 1455 5282 non
1492 5227 1802 5295 veritatem,

221 5319 315 5374 sed
348 5321 602 5376 umbram
650 5321 915 5376 habentes
956 5319 1224 5387 veritatis,
1263 5334 1362 5389 per
1399 5318 1680 5374 Christum
1720 5319 1802 5374 le-

221 5406 358 5463 viter
376 5407 774 5478 depellendam.
794 5407 937 5463 Cum
978 5417 1183 5476 essent,
1213 5409 1462 5479 inquam,
1491 5408 1586 5479 qui
1614 5409 1817 5464 deser-‘

223 5498 380 5554 vinnt
439 5500 650 5556 umbra
703 5500 1016 5568 ctelestium,
1075 5499 1152 5555 ita
1202 5497 1526 5569 complenda
1575 5497 1759 5552 omnia
1784 5539 1803 5564 ,

225 5589 363 5643 sicut
413 5608 446 5644 a
498 5590 609 5647 Deo
662 5607 966 5661 responsum
1013 5599 1092 5646 est
1125 5588 1411 5660 Moysi,et
1431 5602 1559 5643 cum
1609 5587 1687 5642 illi
1715 5601 1807 5642 sa-

228 5683 476 5739 cerdotes
501 5683 665 5754 387
697 5683 833 5738 bene
853 5683 1027 5754 legem
1050 5682 1376 5752 implerent:
1410 5678 1612 5734 frustm
1650 5677 1813 5734 Jesus

234 5771 337 5833 hoc
378 5774 740 5836 sacerdotium
783 5782 1105 5832 assumeret.
1146 5771 1492 5843 Responsum
1528 5778 1613 5827 est
1641 5768 1814 5843 Moysi

1912 5143 2139 5192 sanctus
2165 5133 2468 5202 vituperans
2493 5146 2580 5183 eos
2622 5127 2843 5200 legales,
2869 5124 3004 5179 dicit
3036 5138 3132 5194 per
3174 5120 3491 5177 Jeremiam.

1915 5225 2053 5280 Ecce
2091 5224 2303 5279 veniunt
2331 5218 2591 5292 paulatim
2624 5214 3043 5288 propinquando
3071 5211 3248 5283 magis
3279 5225 3345 5266 ae
3372 5224 3492 5264 ma-

1913 5317 1997 5388 gis
2026 5314 2163 5370 dies.
2189 5311 2431 5382 Tempus
2462 5309 2667 5367 Christi
2698 5308 2817 5365 dies
2845 5314 3042 5372 vocat,
3084 5305 3217 5375 quia
3246 5301 3496 5359 veniente

1911 5407 2154 5473 Christo,
2175 5404 2414 5462 tenebrae
2454 5404 2625 5474 pulsae
2671 5409 2820 5458 sunt.
2860 5398 2928 5455 Et
2961 5398 3140 5454 illuxit
3163 5396 3303 5462 dies,
3326 5394 3382 5449 id
3407 5402 3493 5448 est

1909 5496 2158 5553 veritatis
2190 5492 2450 5566 cognitio.
2476 5491 2545 5546 Et
2570 5494 2673 5548 hoc
2698 5489 2847 5563 quod
2871 5488 3094 5544 veniant
3118 5484 3176 5540 hi
3205 5483 3354 5539 dies:
3379 5493 3492 5534 non

1907 5604 2031 5661 ego,
2066 5587 2165 5644 sed
2213 5586 2478 5646 Dominus
2521 5584 2686 5639 dicit:
2709 5580 2913 5639 credite
2960 5578 3059 5644 illi,
3100 5583 3150 5630 et
3207 5574 3263 5629 iu
3302 5570 3496 5628 diebus

1910 5681 2021 5736 illis
2041 5675 2434 5740 consummabo,
2482 5673 2651 5728 idest
2682 5672 2824 5727 dabo
2868 5674 3241 5726 testamentum
3283 5675 3494 5724 novum,

1912 5770 2061 5844 quod
2084 5769 2187 5826 erit
2230 5764 2625 5825 consummatis
2670 5770 2860 5818 vetns:
2906 5756 3037 5831 quia
3082 5754 3152 5810 ad
3193 5749 3496 5824 perfectum
