3988 6398
624 308 729 403 755i
1169 341 1221 397 S.
1266 338 1610 395 BRUNONIS
1643 335 2288 394 CARTHUSIANOBUM
2328 326 2817 392 lNSTlTUTORlS
2848 333 3001 391 OPP.
3042 332 3223 392 PARS
3259 335 3321 391 ll.
3727 342 3801 400 532

633 462 942 517 adducens:
988 457 1266 529 quomodo
1310 470 1511 510 novum
1562 452 1695 509 satis
1745 452 1802 506 in
1852 452 2207 522 sequentibus
2235 453 2277 510 Α
2306 451 2558 507 ostendat
2579 465 2771 506 manes
2811 458 2945 507 tune
2984 450 3218 520 perfecte
3245 449 3413 505 Deum
3452 464 3803 522 cognossem:
3895 529 3900 532 _

629 550 1032 632 determinabit.
1068 546 1496 610 Consummabo,
1530 545 1773 613 inquam,
1798 543 1929 599 illud
1957 544 2012 598 in
2039 543 2204 599 domo
2307 545 2519 600 minore
2544 543 2692 599 enim
2726 543 2835 599 hoc
2872 542 3208 614 impossibile
3252 550 3340 599 est
3362 541 3538 599 doceri
3578 544 3800 615 majorem.

629 643 794 700 israel
824 651 879 698 et
911 642 969 696 in
1007 641 1170 697 domo
1211 637 1368 693 Juda.
1412 636 1495 690 Ad
1541 637 1777 692 litteram
1823 650 1921 705 per
1963 634 2131 690 Israel
2151 643 2207 690 et

631 735 848 801 ludam,
894 732 1067 790 Judaei
1116 742 1327 788 tantum
1357 730 1754 801 intelliguntur,
1785 730 1879 785 sed
1903 728 2202 785 secundum

630 825 1102 896 Interpretationes
1140 838 1358 887 vocum,
1402 821 1582 877 omnis
1610 820 1800 877 videns
1842 829 1898 876 et
1938 819 2205 876 confitens

618 915 800 971 Deum
831 913 1165 985 intelligitur.
1186 961 1192 966 .
1212 911 1379 967 Israel
1414 919 1469 966 et
1505 909 1644 965 Juda
1669 910 1880 978 dividit,
1919 910 2050 981 quia
2080 918 2207 980 post

631 1012 862 1058 mortem
902 1001 1230 1068 Salomonis,
1263 1001 1358 1071 qui
1386 1000 1442 1055 in
1470 999 1719 1069 utrisque
1740 1014 1969 1070 regnum
1991 998 2203 1064 habuit,

631 1095 871 1150 Roboam
890 1094 1036 1150 ﬁlius
1065 1093 1186 1163 ejus
1212 1092 1419 1147 tribum
1440 1090 1579 1145 Juda
1610 1099 1664 1146 et
1692 1089 1976 1145 dimidiam
2002 1089 2204 1145 tribum

631 1185 907 1255 Benjamin
932 1192 1143 1240 tantum
1172 1182 1382 1246 habuit,
1413 1190 1466 1236 et
1504 1180 1625 1236 alias
1660 1181 1836 1236 tribus
1857 1179 2025 1265 Israel
2045 1181 2114 1235 ab
2138 1194 2206 1236 eo

625 1278 732 1343 die,
746 1276 1058 1331 recedentes
1076 1275 1146 1330 ab
1164 1290 1231 1329 eo
1255 1273 1601 1329 adhaeserunt
1627 1271 1915 1328 Jeroboam
1939 1270 2063 1342 (111
2076 1270 2201 1342 Reg.

625 1383 721 1431 xu,
755 1367 867 1435 19).
920 1364 1035 1422 Hoc
1070 1372 1459 1420 testamentum
1511 1378 1712 1418 novum
1753 1362 1891 1418 dabo
1915 1377 2072 1431 super
2106 1361 2206 1415 do-

623 1472 789 1521 mum,
823 1455 983 1511 idest
1007 1464 1067 1509 ut
1090 1453 1252 1525 quasi
1304 1453 1372 1508 de
1413 1452 1665 1522 supernis
1699 1451 1925 1507 veniens
1960 1449 2206 1506 domine-

623 1553 714 1599 tur
743 1543 917 1599 Israel
944 1553 993 1598 et
1038 1543 1234 1597 Judte:
1268 1551 1323 1597 et
1351 1557 1461 1597 non
1486 1541 1557 1597 sit
1591 1541 1752 1612 quasi
1798 1540 1886 1596 lex
1923 1548 2080 1596 vetus
2104 1555 2206 1595 an-

624 1636 747 1690 cilla
771 1636 828 1690 in
855 1652 1024 1691 manu
1061 1635 1379 1692 sacerdotis.
1416 1634 1483 1690 Et
1525 1635 1658 1705 quia
1686 1642 1873 1704 posset
1900 1649 2024 1690 esse
2042 1642 2209 1689 testa-

627 1734 875 1782 mentum
926 1743 1021 1781 nos
1034 1743 1149 1794 um,
1185 1728 1313 1797 quia
1350 1742 1488 1783 nova
1528 1735 1743 1783 terrena
1790 1728 2129 1796 promitteret
2154 1735 2210 1781 et

2305 635 2373 691 Et
2392 651 2488 692 ero
2511 635 2591 692 eis
2619 635 2676 690 in
2700 634 2896 703 Deum,
2926 649 3119 691 omnes
3145 634 3343 690 iterum
3365 633 3533 689 scient
3553 649 3647 701 me,
3663 636 3802 692 ethoc

2305 726 2491 782 omnia
2533 726 2731 782 faciam
2778 726 2882 793 eis,
2917 726 3045 797 quia
3077 726 3337 796 propitius
3389 740 3474 779 ero
3507 724 3803 796 iniquitatibus

2303 834 2506 884 eorum,
2535 826 2586 873 et
2605 818 2725 888 jam
2764 834 2870 872 non
2903 816 3231 872 memorabor
3268 825 3589 886 peccatorum
3624 815 3801 872 illam.

2304 909 2622 981 luiquitates
2660 909 2758 976 ait,
2799 908 3021 979 quando
3059 922 3171 963 non
3200 914 3420 963 servant
3460 906 3727 977 aquitatetn
3757 907 3803 962 ad

2306 1001 2618 1071 proximum
2647 1015 2845 1068 suum;
2885 1007 3132 1070 peccata,
3155 998 3375 1068 quando
3408 998 3464 1052 in
3503 998 3676 1067 seipsis
3705 999 3803 1053 male

2305 1100 2494 1164 agunt.
2520 1090 2620 1148 Vel
2634 1099 2697 1147 ut
2718 1099 3004 1162 peccatum
3032 1098 3089 1145 et
3115 1089 3455 1159 iniquitatem
3481 1087 3611 1144 idem
3631 1087 3802 1158 accipia-

2306 1199 2451 1250 mus,
2475 1184 2549 1239 ita
2570 1182 2829 1251 dicimus,
2857 1182 2993 1239 dicit
3020 1200 3033 1237 :
3073 1180 3350 1252 Propitius
3382 1195 3477 1236 ero
3504 1179 3802 1250 iniquitatibus

2305 1287 2519 1328 eorum.
2569 1270 2639 1328 Et
2680 1272 2812 1344 quia
2850 1270 3167 1343 propitiatio
3208 1270 3318 1326 dici
3347 1277 3543 1340 posset,
3586 1270 3627 1325 si
3654 1269 3802 1339 absque

2307 1362 2513 1419 ultione
2551 1363 2849 1419 dimitteret
2872 1362 2930 1419 in
2970 1362 3245 1434 praesenti,
3273 1362 3398 1417 ideo
3425 1361 3598 1417 addit:
3631 1360 3693 1416 ita
3715 1376 3802 1430 pro-

2306 1452 2475 1525 pitius
2497 1468 2594 1509 ero
2618 1453 2766 1527 quod
2790 1453 2906 1524 jam
2938 1453 3083 1508 ultra
3119 1467 3231 1507 non
3268 1450 3598 1507 memorabor
3618 1460 3801 1521 peccato-

2304 1560 2430 1600 rum
2450 1560 2641 1601 eorum
2667 1544 2724 1600 in
2765 1542 2971 1600 futuro.
3010 1542 3219 1599 Habent
3247 1542 3471 1614 quidam
3507 1542 3638 1609 libri,
3662 1557 3799 1612 pecca-

2306 1644 2423 1690 tum
2445 1635 2686 1702 illorum,
2709 1643 2764 1690 et
2798 1634 3101 1691 secundum
3135 1633 3281 1689 hanc
3310 1633 3539 1688 litteram

2308 1729 2593 1803 originale.
2643 1728 2728 1784 Ab
2770 1728 2874 1784 hoc
2917 1728 3041 1783 loco
3088 1726 3282 1797 incipit
3328 1724 3544 1780 Paulus.
3569 1723 3799 1793 Dixitpro-

627 1819 962 1890 praeciperet,
1002 1821 1327 1876 determinat
1372 1820 1477 1877 hoc
1497 1820 1686 1876 dicens
1716 1839 1728 1874 :
1780 1818 1995 1875 Novum
2024 1819 2099 1873 ita
2142 1827 2204 1872 ut
2236 1812 2279 1867 B
2305 1823 2466 1894 pheta
2491 1841 2505 1877 :
2528 1821 2694 1893 Dabo
2739 1827 3129 1877 testamentum
3170 1833 3399 1874 novum.
3437 1815 3649 1871 Dicenda
3677 1822 3801 1866 astas

626 1925 731 1962 non
756 1909 827 1965 sit
861 1910 1146 1964 secundum
1180 1910 1313 1966 illud
1345 1918 1713 1965 testamentum
1746 1908 1914 1981 388
1933 1907 2072 1980 quod
2105 1922 2205 1979 ego

622 2001 726 2070 feci
748 2001 989 2071 patribus
1014 2017 1213 2055 eorum.
1252 2000 1319 2056 Et
1344 2001 1471 2071 quia
1493 2000 1820 2071 quibusdam
1850 2000 2116 2070 patribus,
2146 2009 2207 2057 ut

620 2092 917 2158 Abraham,
974 2094 1217 2163 Spiritale
1263 2101 1650 2149 testamentum
1700 2091 1922 2160 fecerat,
1961 2092 2086 2148 ideo
2109 2093 2205 2149 de-

602 2185 922 2240 termiuans
944 2186 1021 2241 ait
1041 2186 1190 2255 quod
1212 2185 1315 2241 feci
1340 2186 1395 2238 in
1422 2185 1507 2239 die
1522 2202 1627 2256 qua
1647 2184 1964 2254 apprehendi
1988 2200 2205 2238 manum

619 2273 860 2341 illorum,
889 2283 947 2328 ut
969 2274 1241 2329 educerem
1285 2273 1405 2327 illos
1452 2274 1515 2327 de
1545 2283 1686 2327 terra
1719 2272 1963 2343 zEgypti.
1993 2272 2202 2343 Appre-

622 2365 789 2420 bendi
816 2380 1065 2432 manum,
1093 2380 1159 2421 ea
1189 2365 1548 2421 similitudine
1575 2363 1707 2421 dicit
1726 2379 1833 2435 qua
1856 2366 2054 2435 aliquis
2084 2381 2203 2421 ma-

624 2473 758 2511 num
786 2457 842 2511 in
873 2458 989 2512 luto
1012 2458 1266 2528 jacentis,
1304 2465 1359 2512 et
1387 2472 1485 2527 per
1509 2472 1568 2512 se
1613 2473 1835 2529 surgere
1890 2458 2204 2528 impotentis

634 2546 1009 2616 apprehendit,
1035 2554 1091 2602 et
1116 2547 1316 2616 erigit;
1353 2549 1435 2603 sic
1471 2547 1615 2603 Deus
1645 2563 1740 2606 eos
1794 2563 1890 2619 per
1927 2564 1986 2604 se
2025 2549 2203 2618 impo-

623 2643 800 2691 tentes
849 2636 1227 2707 apprehendit,
1281 2646 1335 2694 et
1383 2638 1450 2693 de
1516 2653 1759 2694 erumna
1823 2637 2203 2710 Egyptiorum

621 2727 881 2784 extraxit.

693 2817 981 2884 Quomodo
1022 2836 1119 2876 eos
1155 2821 1541 2891 vituperaverit
1579 2839 1727 2879 nunc
1758 2825 1877 2881 ait:
1927 2823 2043 2895 Ego
2081 2826 2204 2895 qui-

618 2909 744 2963 dem
773 2910 1105 2979 apprehendi
1152 2927 1375 2967 manum
1422 2928 1635 2977 eorum,
1686 2915 1782 2970 sed
1804 2917 2055 2985 quoniam
2101 2916 2203 2984 ipsi

618 3015 724 3053 non
752 3012 1149 3070 permanserunt
1177 3004 1233 3058 in
1273 3014 1584 3060 testamento
1620 3022 1752 3075 meo,
1796 3007 1900 3077 ipsi
1948 3008 2201 3079 neglexe-

618 3101 752 3149 runt
780 3109 887 3162 me,
909 3104 962 3149 et
981 3112 1074 3167 ego
1097 3096 1300 3168 neglexi
1324 3114 1410 3154 eos
1433 3114 1452 3152 :
1486 3109 1541 3155 et
1569 3100 1613 3155 si
1644 3098 1769 3155 dico
1797 3116 1896 3156 vos
1929 3101 2201 3171 neglectos

620 3200 653 3238 a
681 3181 813 3249 Deo,
840 3187 1153 3248 nemolesti
1176 3188 1295 3244 sitis
1332 3189 1504 3246 mihi:
1552 3189 1680 3261 quia
1708 3191 1812 3247 hoc
1838 3191 1969 3246 dicit
2009 3192 2199 3247 Domi-

620 3290 722 3329 nus
747 3291 766 3329 :
788 3274 927 3332 Vere
953 3278 1094 3334 dabo
1122 3286 1506 3336 testamentum
1537 3297 1758 3350 novum,
1788 3292 1975 3339 etnon
2004 3298 2202 3340 secun-

619 3367 753 3422 dum
783 3367 915 3423 illud
939 3370 1086 3439 quod
1129 3371 1253 3426 dedi
1280 3372 1527 3441 patribus
1561 3389 1790 3430 eorum:
1836 3378 1964 3447 quia
2000 3376 2099 3431 hoc
2123 3386 2200 3431 est

623 3466 990 3514 testamentum
1012 3462 1151 3531 quod
1171 3478 1271 3534 ego
1297 3464 1597 3535 disponam,
1637 3466 1691 3521 id
1720 3475 1805 3522 est
1830 3468 2202 3524 ordinabiliter

621 3550 771 3605 dabo
792 3550 972 3605 domui
995 3550 1191 3619 Israel,
1222 3554 1277 3610 id
1296 3565 1380 3610 est
1406 3556 1652 3611 omnium
1682 3557 1982 3614 videntium
2007 3559 2198 3627 Deum,

621 3655 727 3696 nec
757 3640 939 3709 modo,
979 3641 1075 3697 sed
1118 3652 1235 3713 post
1278 3644 1390 3699 dies
1419 3644 1541 3699 illos
1576 3645 1986 3717 determinatus,
2016 3658 2071 3704 et
2097 3649 2202 3706 hoc

619 3731 818 3787 iterum
847 3733 1089 3789 credite:
1128 3735 1257 3806 quia
1303 3735 1383 3791 sic
1429 3736 1560 3791 dicit
1596 3735 1875 3793 Dominus.
1908 3738 2200 3809 Disponam

618 3821 809 3891 utique
831 3821 1007 3877 dando
1034 3822 1169 3895 leges
1196 3841 1339 3881 meas
1372 3827 1430 3879 in
1459 3835 1675 3894 mentes,
1716 3826 1770 3883 id
1797 3836 1883 3883 est
1912 3828 1968 3884 in
1998 3828 2199 3884 intelli-

617 3913 827 3981 gentias
854 3929 1058 3981 eorum,
1093 3931 1195 3973 nec
1220 3917 1399 3973 solum
1426 3917 1736 3990 disponam,
1760 3920 1855 3975 sed
1877 3920 2039 3976 etiam
2064 3922 2201 3975 scri-

618 4005 740 4058 bam
760 4021 872 4070 eas,
898 4013 959 4060 ut
993 4007 1051 4061 in
1075 4016 1281 4064 aeterno
1320 4019 1597 4075 maneant,
1628 4010 1683 4064 in
1726 4012 1910 4078 corda,
1941 4012 1996 4068 id
2023 4021 2110 4069 est
2143 4013 2199 4067 in

617 4093 929 4150 voluntates
953 4112 1134 4151 eorum
1156 4113 1174 4152 .'
1202 4099 1331 4170 quia
1356 4109 1410 4154 et
1430 4100 1727 4171 intelligent
1749 4110 1804 4157 et
1828 4118 1895 4157 ex
1922 4103 2201 4159 voluntate

618 4185 771 4255 leges
798 4200 949 4242 meas
977 4190 1367 4257 operabuntur.
1418 4190 1667 4249 Scribam
1707 4193 1831 4249 dico
1876 4195 2037 4264 quasi
2065 4194 2199 4251 illud

617 4275 770 4345 quod
803 4292 1089 4347 superesse
1116 4280 1276 4338 debet
1301 4282 1493 4354 eisque
1510 4283 1808 4351 dominari,
1834 4293 1889 4339 et
1909 4294 2198 4355 postquam

617 4368 677 4422 in
703 4375 887 4424 mente
911 4368 1040 4424 etin
1066 4371 1232 4431 corde
1256 4386 1445 4427 eorum
1477 4372 1622 4445 leges
1663 4389 1814 4430 meas
1841 4374 2071 4445 scriptas
2100 4375 2199 4431 ha-

2306 1930 2515 1982 novum,
2549 1914 2800 1968 aeteravit
2825 1913 2974 1984 prius
3006 1919 3392 1969 testamentum
3435 1909 3489 1963 in
3510 1906 3667 1963 'activa
3682 1904 3799 1973 signi-

2306 2002 2578 2058 ﬁcatione.
2596 1999 2695 2058 Vel
2711 2000 2994 2067 veteravit,
3030 1999 3086 2055 id
3103 2007 3189 2056 est
3215 2008 3377 2055 vetus
3403 1996 3593 2053 factum
3612 2004 3680 2050 est
3696 1992 3799 2064 prius

2304 2103 2714 2161 testamentum,
2770 2092 2828 2149 in
2870 2092 3108 2162 passiva.
3163 2090 3232 2146 Et
3284 2091 3423 2146 bene
3465 2088 3577 2145 dico
3608 2084 3798 2142 veterarit

2304 2185 2479 2255 prius,
2510 2184 2641 2255 quia
2670 2198 2841 2254 prope
2859 2182 3137 2238 interitum
3167 2190 3288 2238 est:
3321 2180 3464 2252 quod
3484 2180 3554 2234 ita
3576 2179 3669 2233 ait:
3692 2175 3797 2241 Qui

2304 2284 2482 2331 autem
2510 2275 2825 2346 antiquatur
2854 2275 2996 2331 sicut
3011 2273 3069 2328 in
3095 2272 3377 2340 animatis,
3407 2281 3456 2327 et
3475 2269 3683 2333 senescit,
3703 2266 3797 2321 sicut

2304 2368 2361 2423 in
2390 2367 2665 2433 animatis,
2700 2381 2864 2423 omne
2886 2366 2992 2422 hoc
3013 2374 3091 2421 est
3112 2381 3275 2436 prope
3295 2364 3573 2418 interitum.
3605 2359 3799 2415 Senectus

2304 2458 2450 2513 enim
2475 2466 2530 2514 et
2563 2457 2869 2528 antiquatio
2895 2455 3216 2528 praenuntiae
3241 2462 3376 2511 sunt
3399 2452 3595 2510 mortis.

2914 2546 3145 2605 CAPUT
3178 2546 3276 2602 1X.

2381 2660 2399 2692 ι
2445 2639 2646 2696 Habuit
2670 2639 2891 2712 quidem
2932 2648 2987 2695 et
3017 2638 3173 2710 prius
3199 2635 3607 2708 justillcationes
3635 2630 3797 2687 culture

2310 2751 2329 2783 ι
2373 2742 2427 2787 et
2455 2742 2703 2789 sanctum
2733 2732 3014 2790 smeulare.
3047 2730 3484 2788 Tabernaculum
3501 2727 3629 2783 enim
3651 2723 3796 2778 famul

2310 2843 2329 2876 s
2369 2832 2453 2879 est
2475 2824 2713 2894 primum
2739 2842 2755 2880 :
2794 2824 2849 2880 in
2884 2840 2997 2895 quo
3022 2832 3181 2880 erant
3213 2822 3553 2887 candelabra,
3579 2828 3625 2873 et
3646 2827 3795 2875 mensa.

2311 2931 2329 2963 ‘
2373 2920 2430 2969 οι
2473 2913 2773 2984 Ρῑοροεὶιὶο
2822 2929 3027 2984 panum
3075 2929 3200 2985 quae
3243 2912 3446 2969 dicitur
3494 2908 3679 2963 Sancta.
3707 2901 3794 2955 Post

2309 3022 2328 3055 ι
2369 3004 2735 3060 velamentum
2756 3012 2939 3061 autem
2953 3003 3259 3062 secundum
3290 2999 3679 3062 tabernaculum,

2309 3116 2328 3148 ί
2370 3097 2569 3153 dicitur
2597 3096 2798 3153 Sancta
2823 3106 3160 3165 sanctorum,
3195 3111 3427 3152 aureum
3474 3092 3654 3149 habens
3672 3081 3795 3141 thuri-

2311 3210 2330 3242 ι
2375 3189 2563 3247 bulum
2578 3230 2594 3257 ,
2617 3197 2674 3246 et
2696 3204 2879 3246 arcam
2896 3188 3206 3246 testamenti
3225 3188 3614 3244 circumteetam
3631 3172 3793 3236 θεοωηὶ

2311 3302 2329 3336 ι
2374 3291 2528 3354 parte
2546 3298 2716 3349 auro,
2749 3282 2806 3336 in
2839 3296 2948 3353 qua
2984 3296 3123 3336 urna
3147 3295 3319 3335 aurea
3351 3278 3547 3335 habens
3568 3276 3794 3335 manuue!

2310 3393 2329 3426 ι
2371 3373 2523 3446 virga
2579 3373 2765 3428 Aaron
2807 3386 2931 3442 quas
2977 3369 3323 3438 fronduerat,
3368 3378 3424 3424 et
3459 3366 3635 3423 tabula:
3675 3366 3791 3416 testa:

2308 3484 2328 3518 ι
2370 3465 2559 3531 menti,
2578 3463 3029 3535 3895uperque
3049 3477 3172 3518 eam
3195 3470 3358 3518 erant
3380 3456 3645 3516 Cherubim
3664 3448 3792 3524 gloria

2309 3576 2327 3608 ι
2368 3555 2753 3611 obumbrantia
2791 3554 3233 3625 propitiatorium
3260 3571 3277 3617 ;
3320 3552 3389 3608 de
3416 3548 3600 3620 quibus
3624 3556 3709 3598 non
3737 3544 3792 3590 est

2307 3665 2326 3698 ι
2375 3647 2538 3703 modo
2566 3646 2856 3703 dicendum
2878 3661 2976 3717 per
3010 3645 3245 3717 singula.
3279 3643 3378 3700 llis
3398 3656 3522 3698 vero
3551 3639 3617 3693 ita
3639 3640 3791 3727 comp?

2308 3759 2326 3790 ι
2373 3740 2515 3807 sitis,
2538 3739 2594 3793 in
2621 3737 2793 3809 priori
2821 3738 3044 3808 quidem
3077 3736 3433 3793 tabernaculo
3456 3744 3644 3800 semper
3657 3725 3791 3779 introi-

2308 3850 2326 3882 ι
2371 3830 2504 3885 baut
2557 3829 2871 3885 sacerdotes
2916 3829 3318 3885 sacriﬁciorum
3390 3826 3553 3883 ofﬁcia
3598 3827 3790 3877 consum.

2308 3941 2326 3973 ι
2372 3930 2605 3977 mantes.
2654 3919 2714 3975 In
2750 3920 2994 3978 secundo
3027 3928 3212 3977 autem
3259 3920 3431 3977 semel
3454 3919 3508 3973 in
3539 3926 3661 3970 anno
3687 3904 3792 3962 solus

2307 4032 2325 4066 ‹
2370 4011 2636 4082 pontifex,
2687 4028 2798 4069 non
2822 4012 2943 4068 sine
2988 4013 3282 4085 sanguine,
3324 4026 3485 4083 quem
3509 4006 3690 4063 offerret
3724 4007 3792 4066 ιπο

2307 4127 2325 4158 ι
2369 4124 2471 4163 sua
2495 4116 2551 4163 et
2578 4106 2767 4178 populi
2794 4106 3101 4177 ignorantia
3125 4106 3274 4173 ;~boc
3304 4103 3622 4177 signiﬁcante
3640 4088 3791 4161 δρίτίιιι

2306 4216 2325 4248 ι
2371 4205 2562 4252 sancto
2590 4195 2832 4251 nondum
2859 4196 3199 4266 propalatam
3236 4210 3363 4251 esse
3385 4179 3789 4249 sanctorum”.

2306 4306 2325 4339 ι
2368 4287 2549 4342 adhuc
2586 4287 2768 4357 priore
2816 4286 3170 4343 tabernaculo
3204 4285 3441 4341 habente
3477 4288 3667 4338 statum.
3700 4268 3791 4334 ρυλε

2306 4395 2325 4427 ο
2368 4377 2625 4446 parabola
2646 4385 2731 4433 est
2754 4377 3018 4448 temporis
3066 4377 3357 4445 instantis,
3381 4376 3529 4446 juxta
3548 4380 3682 4440 quam
3704 4373 3789 4414 ωηο

614 4459 849 4527 bebuut;
886 4477 975 4516 ero
994 4462 1070 4517 eis
1099 4462 1157 4517 in
1182 4461 1371 4530 Deum,
1394 4464 1524 4534 quia
1546 4465 1793 4526 dicetur:
1819 4464 1957 4521 Vere
1978 4466 2122 4524 Deus
2142 4467 2198 4523 in
2230 4487 2277 4547 υ
2308 4488 2326 4520 ι
2373 4484 2506 4523 nera
2533 4477 2588 4523 et
2610 4467 2804 4524 hostia:
2830 4467 3156 4535 oﬁ‘eruntur,
3192 4484 3319 4539 qua:
3344 4482 3453 4523 non
3473 4453 3789 4535 possunt”.una

617 4552 743 4608 istis
786 4552 1016 4622 habitat,
1075 4555 1172 4625 qui
1210 4564 1292 4610 tot
1339 4554 1608 4627 refulgent
1662 4556 1963 4625 miraculis,
2007 4568 2059 4612 et
2104 4560 2209 4628 ipsi
2312 4577 2330 4609 ι
2374 4559 2766 4615 conscientiam
2819 4559 3122 4630 perfectum
3168 4559 3353 4616 facere
3395 4555 3696 4615 servientem.

613 4653 773 4698 erunt
800 4644 931 4699 mihi
961 4647 1020 4699 in
1042 4645 1295 4716 populum
1321 4662 1339 4699 :
1378 4647 1523 4715 quod
1557 4647 1769 4708 dicetur
1788 4648 1858 4704 de
1883 4648 1985 4704 eis.
2021 4647 2087 4703 Hi
2114 4664 2202 4705 re-
2309 4668 2328 4700 ι
2373 4650 2653 4706 tummodo
2679 4650 2739 4715 in,
2757 4650 2894 4707 cibis
2912 4660 2967 4705 et
2991 4651 3046 4705 in
3070 4651 3315 4722 potibus,
3337 4659 3392 4705 et
3411 4649 3464 4703 in
3475 4643 3623 4701 variis
3643 4639 3787 4702 luit“?

611 4750 744 4790 vera
773 4744 904 4791 sunt
927 4737 1165 4808 populus
1210 4736 1324 4792 Dei.
1360 4736 1488 4793 Haec
1527 4752 1658 4807 pars
1684 4738 1982 4808 prephetia’.
2006 4739 2201 4809 imple-
2307 4757 2325 4790 ι
2372 4739 2631 4807 matibus,
2658 4748 2715 4795 et
2730 4740 2963 4811 justitiis
2990 4742 3177 4797 carnis
3205 4756 3383 4811 usque
3405 4738 3473 4793 ad
3503 4743 3682 4800 tempus
3701 4732 3787 4776 oor-

613 4835 706 4881 tur
743 4826 801 4882 in
833 4827 939 4883 hoc
984 4828 1223 4894 mundo;
1255 4829 1402 4899 quod
1442 4829 1691 4898 sequitur
1736 4829 2068 4899 implendum
2109 4845 2198 4885 re-

613 4924 720 4970 stat
742 4917 796 4970 in
828 4917 1035 4975 futuro.
1068 4917 1242 4974 Erunt
1270 4920 1405 4979 mihi
1437 4919 1493 4975 in
1518 4921 1799 4990 populum,
1829 4930 1879 4975 et
1916 4937 2018 4979 non
2043 4922 2197 4976 doce-

614 5005 693 5057 bit
746 5009 1102 5078 unusquisque
1141 5011 1442 5078 proximum
1498 5026 1674 5064 suum.
1731 5008 1944 5066 Diceret
1998 5010 2195 5079 aliquis

614 5093 888 5161 fortassis,
930 5099 1060 5167 quia
1090 5114 1200 5154 non
1252 5100 1466 5159 curabit
1504 5102 1571 5157 de
1598 5116 1686 5168 eo,
1736 5102 1860 5159 ideo
1905 5102 2057 5158 addit
2102 5118 2194 5157 nec

612 5188 970 5258 unusquisque
995 5191 1212 5249 docebit
1228 5194 1392 5248 etiam
1420 5195 1640 5263 fratrem
1667 5211 1843 5261 suum,
1867 5210 2031 5265 quem
2061 5196 2198 5249 mul-

612 5286 732 5331 tum
760 5277 956 5348 diligit,
976 5279 1155 5339 dicens
1179 5283 1253 5337 ita
1280 5303 1294 5338 :
1331 5284 1537 5352 Frater,
1567 5303 1818 5356 cognosce
1844 5285 2035 5342 Deum.
2068 5285 2193 5341 Ideo

614 5369 753 5424 alter
779 5384 888 5425 non
921 5371 1137 5427 docebit
1154 5375 1406 5441 alterum,
1436 5380 1687 5448 quoniam
1714 5380 1880 5438 scient
1925 5396 2006 5433 me
2028 5396 2062 5433 a
2086 5381 2190 5433 mi-

555 5482 561 5491 -
616 5476 742 5515 nare
762 5477 925 5531 usque
947 5463 1018 5515 ad
1049 5464 1302 5532 majorem
1336 5482 1538 5522 eorum.
1579 5467 1692 5524 Hoc
1733 5478 1916 5528 autem
1945 5470 2187 5540 comple-

613 5554 760 5608 bitur
788 5553 844 5607 in
870 5553 960 5609 die
981 5552 1195 5623 judicii,
1221 5554 1442 5626 quando
1466 5558 1629 5613 etiam
1664 5560 1820 5629 impii
1856 5561 2191 5617 confitebun-

549 5684 557 5695 ε
612 5656 704 5700 tur
727 5643 1006 5701 Christum
1046 5645 1242 5702 Filium
1270 5647 1384 5705 Dei.
1426 5648 1629 5704 Notant
1650 5652 1845 5717 sancti,
1882 5654 2024 5722 quod
2053 5654 2128 5708 ait
2156 5670 2185 5707 a

616 5736 828 5793 minore
869 5753 1042 5809 usque
1084 5740 1151 5795 ad
1184 5740 1470 5813 majorem.
1500 5749 1554 5796 et
1594 5756 1706 5797 non
1729 5757 1759 5797 e
1796 5738 2059 5805 converso
2088 5766 2097 5797 :
2129 5756 2186 5799 ut

2304 4849 2321 4878 ι
2369 4831 2626 4887 rectionis
2687 4831 2978 4902 impositis.
3025 4833 3282 4889 Christus
3347 4840 3541 4893 autem,
3592 4818 3788 4878 ιεείειειιε

2306 4940 2324 4971 ι
2371 4922 2617 4991 pontifex
2654 4922 2967 4979 futurorum
2990 4925 3284 4991 bonorum,
3317 4918 3625 4994 peramplius
3646 4919 3788 4977 ei!”

2304 5028 2325 5065 ι
2372 5012 2569 5071 lectius
2592 5016 3007 5073 tabernaculum
3025 5032 3133 5072 non
3160 5015 3541 5076 manufactum,
3563 5007 3607 5062 id
3631 5009 3787 5059 estnon

2305 5128 2325 5162 ‹
2366 5109 2532 5178 hujus
2561 5107 2875 5173 creationis,
2912 5122 3091 5178 neque
3118 5122 3216 5179 per
3245 5105 3553 5178 sanguinem
3577 5096 3786 5152 hircorum

2306 5219 2324 5250 ι
2372 5196 2707 5270 [taurorum]
2731 5208 2827 5255 aut
2856 5199 3174 5264 vitulorum,
3199 5198 3294 5253 sed
3317 5212 3412 5268 per
3433 5189 3675 5265 proprium
3697 5191 3786 5234 salt:

2305 5309 2322 5342 c
2366 5290 2586 5362 guinem
2615 5289 2863 5344 introivit
2886 5292 3055 5346 semel
3095 5291 3151 5345 in
3183 5297 3392 5354 sancta,
3422 5293 3602 5340 aeterna
3631 5271 3786 5329 rodet!"

2306 5399 2326 5435 ι
2370 5381 2554 5450 ptione
2574 5381 2813 5436 inventa.
2854 5380 2913 5435 Si
2937 5381 3083 5447 enim
3120 5380 3345 5453 sanguis
3368 5378 3620 5434 hircorum
3640 5368 3783 5457 εἴωθ’

2305 5490 2323 5522 ε
2367 5487 2553 5526 rerum
2584 5480 2640 5529 et
2662 5472 2807 5529 cinis
2831 5472 3014 5537 vitulae
3038 5488 3295 5543 aspersus
3323 5468 3607 5540 inquinatos

2302 5582 2321 5615 ι
2367 5564 2494 5620 ticat
2535 5565 2604 5619 ad
2645 5564 3095 5620 emundationem
3151 5564 3364 5630 carnis,
3415 5564 3598 5630 quanto
3654 5550 3782 5609 103$“

2303 5675 2321 5705 σ
2368 5655 2591 5725 sanguis
2611 5654 2837 5722 Christi,
2874 5656 2968 5726 qui
2993 5671 3088 5726 per
3115 5655 3375 5726 Spiritum
3395 5658 3618 5707 sanctum
3637 5636 3780 5693 semel-

2302 5766 2318 5797 σ
2364 5748 2543 5817 ipsum
2573 5748 2767 5803 obtulit
2804 5749 3213 5807 immaculatum
3236 5748 3361 5815 Deo,
3393 5731 3666 5801 emundabil
3685 5734 3777 5781 ωη-
