  <div class='ocr_page' id='page_1' title='image "/cluster/home/n/w/nwhite01/storage/ocr_20150623/153/hvd.32044015473812/272.png"; bbox 0 0 3988 6398; ppageno 0'>
   <div class='ocr_carea' id='block_1_1' title="bbox 207 361 334 418">
    <p class='ocr_par' dir='ltr' id='par_1_1' title="bbox 207 361 334 418">
     <span class='ocr_line' id='line_1_1' title="bbox 207 361 334 418; baseline 0.008 -1"><span class='ocrx_word' id='word_1_1' title='bbox 207 361 334 418; x_wconf 75' lang='lat'><strong>533</strong></span> 
     </span>
    </p>
   </div>
   <div class='ocr_carea' id='block_1_2' title="bbox 293 558 1809 626">
    <p class='ocr_par' dir='ltr' id='par_1_2' title="bbox 293 558 1809 626">
     <span class='ocr_line' id='line_1_2' title="bbox 293 558 1809 626; baseline -0.005 0"><span class='ocrx_word' id='word_1_2' title='bbox 293 558 560 626; x_wconf 82' lang='lat' dir='ltr'><strong>viendum</strong></span> <span class='ocrx_word' id='word_1_3' title='bbox 586 569 698 623; x_wconf 87' lang='lat' dir='ltr'><strong>Deo</strong></span> <span class='ocrx_word' id='word_1_4' title='bbox 726 567 949 622; x_wconf 77' lang='lat' dir='ltr'><strong>viventi.</strong></span> <span class='ocrx_word' id='word_1_5' title='bbox 976 566 1042 621; x_wconf 89' lang='lat' dir='ltr'><strong>Et</strong></span> <span class='ocrx_word' id='word_1_6' title='bbox 1061 568 1184 622; x_wconf 87' lang='lat' dir='ltr'><strong>ideo</strong></span> <span class='ocrx_word' id='word_1_7' title='bbox 1209 567 1334 622; x_wconf 90' lang='lat' dir='ltr'><strong>novi</strong></span> <span class='ocrx_word' id='word_1_8' title='bbox 1359 564 1669 621; x_wconf 72' lang='lat' dir='ltr'><strong>testamenti</strong></span> <span class='ocrx_word' id='word_1_9' title='bbox 1691 578 1809 618; x_wconf 85' lang='lat' dir='ltr'><strong>me-</strong></span> 
     </span>
    </p>
   </div>
   <div class='ocr_carea' id='block_1_3' title="bbox 293 657 1811 727">
    <p class='ocr_par' dir='ltr' id='par_1_3' title="bbox 293 657 1811 727">
     <span class='ocr_line' id='line_1_3' title="bbox 293 657 1811 727; baseline -0.004 -10"><span class='ocrx_word' id='word_1_10' title='bbox 293 663 482 718; x_wconf 86' lang='lat' dir='ltr'><strong>diator</strong></span> <span class='ocrx_word' id='word_1_11' title='bbox 500 671 602 727; x_wconf 90' lang='lat' dir='ltr'><strong>est,</strong></span> <span class='ocrx_word' id='word_1_12' title='bbox 635 669 696 715; x_wconf 91' lang='lat' dir='ltr'><strong>ut</strong></span> <span class='ocrx_word' id='word_1_13' title='bbox 716 668 893 715; x_wconf 88' lang='lat' dir='ltr'><strong>morte</strong></span> <span class='ocrx_word' id='word_1_14' title='bbox 920 660 1285 715; x_wconf 90' lang='lat' dir='ltr'><strong>intercedente</strong></span> <span class='ocrx_word' id='word_1_15' title='bbox 1299 659 1355 713; x_wconf 93' lang='lat' dir='ltr'><strong>in</strong></span> <span class='ocrx_word' id='word_1_16' title='bbox 1381 657 1811 727; x_wconf 78' lang='lat' dir='ltr'><strong>redemptionem</strong></span> 
     </span>
    </p>
   </div>
   <div class='ocr_carea' id='block_1_4' title="bbox 294 751 1813 826">
    <p class='ocr_par' dir='ltr' id='par_1_4' title="bbox 294 751 1813 826">
     <span class='ocr_line' id='line_1_4' title="bbox 294 751 1813 826; baseline -0.003 -15"><span class='ocrx_word' id='word_1_17' title='bbox 294 772 496 811; x_wconf 88' lang='lat' dir='ltr'><strong>earum</strong></span> <span class='ocrx_word' id='word_1_18' title='bbox 517 753 1028 826; x_wconf 63' lang='lat' dir='ltr'><strong>praevaricationum</strong></span> <span class='ocrx_word' id='word_1_19' title='bbox 1049 769 1172 824; x_wconf 61' lang='lat' dir='ltr'><strong>qua:</strong></span> <span class='ocrx_word' id='word_1_20' title='bbox 1190 760 1346 807; x_wconf 89' lang='lat' dir='ltr'><strong>erant</strong></span> <span class='ocrx_word' id='word_1_21' title='bbox 1371 752 1473 806; x_wconf 89' lang='lat' dir='ltr'><strong>sub</strong></span> <span class='ocrx_word' id='word_1_22' title='bbox 1501 751 1682 822; x_wconf 85' lang='lat' dir='ltr'><strong>priore</strong></span> <span class='ocrx_word' id='word_1_23' title='bbox 1704 759 1813 807; x_wconf 86' lang='lat' dir='ltr'><strong>tes-</strong></span> 
     </span>
    </p>
   </div>
   <div class='ocr_carea' id='block_1_5' title="bbox 293 841 1813 916">
    <p class='ocr_par' dir='ltr' id='par_1_5' title="bbox 293 841 1813 916">
     <span class='ocr_line' id='line_1_5' title="bbox 293 841 1813 916; baseline -0.006 -13"><span class='ocrx_word' id='word_1_24' title='bbox 293 855 546 903; x_wconf 84' lang='lat' dir='ltr'><strong>tamento</strong></span> <span class='ocrx_word' id='word_1_25' title='bbox 571 844 1056 916; x_wconf 85' lang='lat' dir='ltr'><strong>repromissiouem</strong></span> <span class='ocrx_word' id='word_1_26' title='bbox 1079 843 1352 912; x_wconf 84' lang='lat' dir='ltr'><strong>accipiant</strong></span> <span class='ocrx_word' id='word_1_27' title='bbox 1378 841 1472 912; x_wconf 93' lang='lat' dir='ltr'><strong>qui</strong></span> <span class='ocrx_word' id='word_1_28' title='bbox 1493 841 1668 897; x_wconf 80' lang='lat' dir='ltr'><strong>vocati</strong></span> <span class='ocrx_word' id='word_1_29' title='bbox 1685 849 1813 896; x_wconf 92' lang='lat' dir='ltr'><strong>sunt</strong></span> 
     </span>
    </p>
   </div>
   <div class='ocr_carea' id='block_1_6' title="bbox 293 932 1810 998">
    <p class='ocr_par' dir='ltr' id='par_1_6' title="bbox 293 932 1810 998">
     <span class='ocr_line' id='line_1_6' title="bbox 293 932 1810 998; baseline -0.003 -7"><span class='ocrx_word' id='word_1_30' title='bbox 293 944 520 991; x_wconf 62' lang='grc' dir='ltr'><strong>εἰει-ηαξ</strong></span> <span class='ocrx_word' id='word_1_31' title='bbox 565 933 921 990; x_wconf 67' lang='grc' dir='ltr'><strong>ιιεθῐθᾱὶῑειιίε.</strong></span> <span class='ocrx_word' id='word_1_32' title='bbox 970 932 1074 988; x_wconf 86' lang='lat' dir='ltr'><strong>Ubi</strong></span> <span class='ocrx_word' id='word_1_33' title='bbox 1120 933 1267 987; x_wconf 90' lang='lat' dir='ltr'><strong>enim</strong></span> <span class='ocrx_word' id='word_1_34' title='bbox 1301 939 1686 988; x_wconf 84' lang='lat' dir='ltr'><strong>testamentum</strong></span> <span class='ocrx_word' id='word_1_35' title='bbox 1708 940 1810 998; x_wconf 88' lang='lat' dir='ltr'><strong>est,</strong></span> 
     </span>
    </p>
   </div>
   <div class='ocr_carea' id='block_1_7' title="bbox 215 1023 1814 1082">
    <p class='ocr_par' dir='ltr' id='par_1_7' title="bbox 215 1023 1814 1082">
     <span class='ocr_line' id='line_1_7' title="bbox 215 1023 1814 1082; baseline 0.001 -5"><span class='ocrx_word' id='word_1_36' title='bbox 215 1046 242 1077; x_wconf 69' lang='lat'><strong>4</strong></span> <span class='ocrx_word' id='word_1_37' title='bbox 295 1042 454 1082; x_wconf 90' lang='lat' dir='ltr'><strong>mors</strong></span> <span class='ocrx_word' id='word_1_38' title='bbox 477 1040 702 1081; x_wconf 88' lang='lat' dir='ltr'><strong>necesse</strong></span> <span class='ocrx_word' id='word_1_39' title='bbox 726 1034 814 1080; x_wconf 90' lang='lat' dir='ltr'><strong>est</strong></span> <span class='ocrx_word' id='word_1_40' title='bbox 848 1025 1146 1080; x_wconf 82' lang='lat' dir='ltr'><strong>intercedat</strong></span> <span class='ocrx_word' id='word_1_41' title='bbox 1166 1025 1464 1080; x_wconf 86' lang='lat' dir='ltr'><strong>testatoris.</strong></span> <span class='ocrx_word' id='word_1_42' title='bbox 1495 1023 1814 1080; x_wconf 91' lang='lat' dir='ltr'><strong>Testamen-</strong></span> 
     </span>
    </p>
   </div>
   <div class='ocr_carea' id='block_1_8' title="bbox 221 1116 1814 1187">
    <p class='ocr_par' dir='ltr' id='par_1_8' title="bbox 221 1116 1814 1187">
     <span class='ocr_line' id='line_1_8' title="bbox 221 1116 1814 1187; baseline 0.001 -17"><span class='ocrx_word' id='word_1_43' title='bbox 221 1139 244 1170; x_wconf 72' lang='grc' dir='ltr'><strong>ε</strong></span> <span class='ocrx_word' id='word_1_44' title='bbox 294 1129 421 1174; x_wconf 90' lang='lat' dir='ltr'><strong>tum</strong></span> <span class='ocrx_word' id='word_1_45' title='bbox 450 1120 598 1175; x_wconf 88' lang='lat' dir='ltr'><strong>enim</strong></span> <span class='ocrx_word' id='word_1_46' title='bbox 638 1117 695 1172; x_wconf 92' lang='lat' dir='ltr'><strong>in</strong></span> <span class='ocrx_word' id='word_1_47' title='bbox 739 1119 973 1173; x_wconf 87' lang='lat' dir='ltr'><strong>mortuis</strong></span> <span class='ocrx_word' id='word_1_48' title='bbox 1003 1117 1383 1174; x_wconf 91' lang='lat' dir='ltr'><strong>conﬁrmatum</strong></span> <span class='ocrx_word' id='word_1_49' title='bbox 1415 1125 1518 1173; x_wconf 91' lang='lat' dir='ltr'><strong>est.</strong></span> <span class='ocrx_word' id='word_1_50' title='bbox 1557 1116 1814 1187; x_wconf 85' lang='lat' dir='ltr'><strong>Alioquin</strong></span> 
     </span>
    </p>
   </div>
   <div class='ocr_carea' id='block_1_9' title="bbox 214 1206 1816 1280">
    <p class='ocr_par' dir='ltr' id='par_1_9' title="bbox 214 1206 1816 1280">
     <span class='ocr_line' id='line_1_9' title="bbox 214 1206 1816 1280; baseline 0.001 -18"><span class='ocrx_word' id='word_1_51' title='bbox 214 1230 244 1262; x_wconf 79' lang='grc'><strong><em>·‹</em></strong></span> <span class='ocrx_word' id='word_1_52' title='bbox 299 1211 547 1266; x_wconf 90' lang='lat' dir='ltr'><strong>nondum</strong></span> <span class='ocrx_word' id='word_1_53' title='bbox 580 1210 744 1277; x_wconf 88' lang='lat' dir='ltr'><strong>valet,</strong></span> <span class='ocrx_word' id='word_1_54' title='bbox 789 1211 920 1265; x_wconf 92' lang='lat' dir='ltr'><strong>dum</strong></span> <span class='ocrx_word' id='word_1_55' title='bbox 958 1209 1091 1265; x_wconf 81' lang='lat' dir='ltr'><strong>vivit</strong></span> <span class='ocrx_word' id='word_1_56' title='bbox 1129 1209 1223 1280; x_wconf 88' lang='lat' dir='ltr'><strong>qui</strong></span> <span class='ocrx_word' id='word_1_57' title='bbox 1263 1217 1493 1265; x_wconf 90' lang='lat' dir='ltr'><strong>testatus</strong></span> <span class='ocrx_word' id='word_1_58' title='bbox 1514 1216 1618 1264; x_wconf 88' lang='lat' dir='ltr'><strong>est.</strong></span> <span class='ocrx_word' id='word_1_59' title='bbox 1660 1206 1816 1264; x_wconf 87' lang='lat' dir='ltr'><strong>Unde</strong></span> 
     </span>
    </p>
   </div>
   <div class='ocr_carea' id='block_1_10' title="bbox 222 1299 1811 1372">
    <p class='ocr_par' dir='ltr' id='par_1_10' title="bbox 222 1299 1811 1372">
     <span class='ocr_line' id='line_1_10' title="bbox 222 1299 1811 1372; baseline 0.002 -20"><span class='ocrx_word' id='word_1_60' title='bbox 222 1322 245 1352; x_wconf 81' lang='grc'><strong><em>‹</em></strong></span> <span class='ocrx_word' id='word_1_61' title='bbox 297 1317 403 1358; x_wconf 89' lang='lat' dir='ltr'><strong>nec</strong></span> <span class='ocrx_word' id='word_1_62' title='bbox 423 1301 661 1372; x_wconf 89' lang='lat' dir='ltr'><strong>primum</strong></span> <span class='ocrx_word' id='word_1_63' title='bbox 691 1301 911 1372; x_wconf 88' lang='lat' dir='ltr'><strong>quidem</strong></span> <span class='ocrx_word' id='word_1_64' title='bbox 933 1301 1052 1356; x_wconf 90' lang='lat' dir='ltr'><strong>sine</strong></span> <span class='ocrx_word' id='word_1_65' title='bbox 1085 1301 1352 1371; x_wconf 84' lang='lat' dir='ltr'><strong>sanguine</strong></span> <span class='ocrx_word' id='word_1_66' title='bbox 1378 1299 1688 1356; x_wconf 90' lang='lat' dir='ltr'><strong>dedicatum</strong></span> <span class='ocrx_word' id='word_1_67' title='bbox 1709 1309 1811 1355; x_wconf 88' lang='lat' dir='ltr'><strong>est.</strong></span> 
     </span>
    </p>
   </div>
   <div class='ocr_carea' id='block_1_11' title="bbox 221 1390 1816 1463">
    <p class='ocr_par' dir='ltr' id='par_1_11' title="bbox 221 1390 1816 1463">
     <span class='ocr_line' id='line_1_11' title="bbox 221 1390 1816 1463; baseline 0 -19"><span class='ocrx_word' id='word_1_68' title='bbox 221 1413 246 1444; x_wconf 60' lang='lat'><strong><em>4</em></strong></span> <span class='ocrx_word' id='word_1_69' title='bbox 295 1391 470 1448; x_wconf 86' lang='lat' dir='ltr'><strong>Lecto</strong></span> <span class='ocrx_word' id='word_1_70' title='bbox 497 1393 643 1447; x_wconf 91' lang='lat' dir='ltr'><strong>enim</strong></span> <span class='ocrx_word' id='word_1_71' title='bbox 672 1392 824 1447; x_wconf 92' lang='lat' dir='ltr'><strong>omni</strong></span> <span class='ocrx_word' id='word_1_72' title='bbox 850 1393 1111 1448; x_wconf 82' lang='lat' dir='ltr'><strong>mandato</strong></span> <span class='ocrx_word' id='word_1_73' title='bbox 1127 1393 1262 1463; x_wconf 86' lang='lat' dir='ltr'><strong>legis</strong></span> <span class='ocrx_word' id='word_1_74' title='bbox 1291 1407 1322 1446; x_wconf 92' lang='lat' dir='ltr'><strong>a</strong></span> <span class='ocrx_word' id='word_1_75' title='bbox 1349 1390 1534 1463; x_wconf 82' lang='lat' dir='ltr'><strong>Moyse</strong></span> <span class='ocrx_word' id='word_1_76' title='bbox 1558 1391 1816 1446; x_wconf 90' lang='lat' dir='ltr'><strong>universo</strong></span> 
     </span>
    </p>
   </div>
   <div class='ocr_carea' id='block_1_12' title="bbox 224 1483 1817 1556">
    <p class='ocr_par' dir='ltr' id='par_1_12' title="bbox 224 1483 1817 1556">
     <span class='ocr_line' id='line_1_12' title="bbox 224 1483 1817 1556; baseline 0.003 -22"><span class='ocrx_word' id='word_1_77' title='bbox 224 1506 248 1534; x_wconf 69' lang='grc' dir='ltr'>ι</span> <span class='ocrx_word' id='word_1_78' title='bbox 300 1485 529 1556; x_wconf 88' lang='lat' dir='ltr'><strong>populo,</strong></span> <span class='ocrx_word' id='word_1_79' title='bbox 551 1484 834 1554; x_wconf 86' lang='lat' dir='ltr'><strong>accipiens</strong></span> <span class='ocrx_word' id='word_1_80' title='bbox 867 1485 1194 1556; x_wconf 90' lang='lat' dir='ltr'><strong>sanguinem</strong></span> <span class='ocrx_word' id='word_1_81' title='bbox 1221 1485 1522 1539; x_wconf 87' lang='lat' dir='ltr'><strong>vitulorum</strong></span> <span class='ocrx_word' id='word_1_82' title='bbox 1551 1493 1606 1539; x_wconf 91' lang='lat' dir='ltr'><strong>et</strong></span> <span class='ocrx_word' id='word_1_83' title='bbox 1634 1483 1817 1538; x_wconf 87' lang='lat' dir='ltr'><strong>hirco-</strong></span> 
     </span>
    </p>
   </div>
   <div class='ocr_carea' id='block_1_13' title="bbox 225 1574 1817 1646">
    <p class='ocr_par' dir='ltr' id='par_1_13' title="bbox 225 1574 1817 1646">
     <span class='ocr_line' id='line_1_13' title="bbox 225 1574 1817 1646; baseline 0.001 -19"><span class='ocrx_word' id='word_1_84' title='bbox 225 1595 249 1627; x_wconf 71' lang='grc' dir='ltr'>ι</span> <span class='ocrx_word' id='word_1_85' title='bbox 301 1591 430 1630; x_wconf 89' lang='lat' dir='ltr'><strong>rum</strong></span> <span class='ocrx_word' id='word_1_86' title='bbox 453 1591 578 1631; x_wconf 91' lang='lat' dir='ltr'><strong>cum</strong></span> <span class='ocrx_word' id='word_1_87' title='bbox 611 1591 754 1646; x_wconf 89' lang='lat' dir='ltr'><strong>aqua</strong></span> <span class='ocrx_word' id='word_1_88' title='bbox 776 1583 830 1630; x_wconf 91' lang='lat' dir='ltr'><strong>et</strong></span> <span class='ocrx_word' id='word_1_89' title='bbox 850 1575 975 1630; x_wconf 90' lang='lat' dir='ltr'><strong>lana</strong></span> <span class='ocrx_word' id='word_1_90' title='bbox 1003 1576 1256 1632; x_wconf 92' lang='lat' dir='ltr'><strong>coccinea</strong></span> <span class='ocrx_word' id='word_1_91' title='bbox 1282 1583 1336 1631; x_wconf 90' lang='lat' dir='ltr'><strong>et</strong></span> <span class='ocrx_word' id='word_1_92' title='bbox 1359 1576 1618 1646; x_wconf 88' lang='lat' dir='ltr'><strong>hyssopo,</strong></span> <span class='ocrx_word' id='word_1_93' title='bbox 1637 1574 1817 1644; x_wconf 91' lang='lat' dir='ltr'><strong>ipsum</strong></span> 
     </span>
    </p>
   </div>
   <div class='ocr_carea' id='block_1_14' title="bbox 227 1666 1820 1740">
    <p class='ocr_par' dir='ltr' id='par_1_14' title="bbox 227 1666 1820 1740">
     <span class='ocr_line' id='line_1_14' title="bbox 227 1666 1820 1740; baseline 0.001 -21"><span class='ocrx_word' id='word_1_94' title='bbox 227 1689 250 1719; x_wconf 67' lang='grc' dir='ltr'>ς</span> <span class='ocrx_word' id='word_1_95' title='bbox 297 1684 530 1740; x_wconf 89' lang='lat' dir='ltr'><strong>quoque</strong></span> <span class='ocrx_word' id='word_1_96' title='bbox 560 1668 764 1723; x_wconf 89' lang='lat' dir='ltr'><strong>librum</strong></span> <span class='ocrx_word' id='word_1_97' title='bbox 807 1677 862 1724; x_wconf 89' lang='lat' dir='ltr'><strong>et</strong></span> <span class='ocrx_word' id='word_1_98' title='bbox 887 1681 1107 1723; x_wconf 89' lang='lat' dir='ltr'><strong>omnem</strong></span> <span class='ocrx_word' id='word_1_99' title='bbox 1135 1669 1398 1738; x_wconf 91' lang='lat' dir='ltr'><strong>populum</strong></span> <span class='ocrx_word' id='word_1_100' title='bbox 1445 1666 1820 1737; x_wconf 82' lang='lat' dir='ltr'><strong>aspersit,&#39;di-</strong></span> 
     </span>
    </p>
   </div>
   <div class='ocr_carea' id='block_1_15' title="bbox 225 1758 1819 1830">
    <p class='ocr_par' dir='ltr' id='par_1_15' title="bbox 225 1758 1819 1830">
     <span class='ocr_line' id='line_1_15' title="bbox 225 1758 1819 1830; baseline 0 -18"><span class='ocrx_word' id='word_1_101' title='bbox 225 1781 251 1812; x_wconf 84' lang='grc'><em>‹</em></span> <span class='ocrx_word' id='word_1_102' title='bbox 302 1777 439 1817; x_wconf 90' lang='lat' dir='ltr'><strong>cens</strong></span> <span class='ocrx_word' id='word_1_103' title='bbox 465 1779 478 1815; x_wconf 92' lang='lat'><strong>:</strong></span> <span class='ocrx_word' id='word_1_104' title='bbox 505 1759 603 1816; x_wconf 81' lang='lat' dir='ltr'><strong>Hic</strong></span> <span class='ocrx_word' id='word_1_105' title='bbox 629 1760 855 1830; x_wconf 79' lang='lat' dir='ltr'><strong>sanguis</strong></span> <span class='ocrx_word' id='word_1_106' title='bbox 884 1760 1223 1827; x_wconf 89' lang='lat' dir='ltr'><strong>testamenti,</strong></span> <span class='ocrx_word' id='word_1_107' title='bbox 1260 1759 1410 1830; x_wconf 92' lang='lat' dir='ltr'><strong>quod</strong></span> <span class='ocrx_word' id='word_1_108' title='bbox 1434 1759 1713 1814; x_wconf 88' lang='lat' dir='ltr'><strong>mandavit</strong></span> <span class='ocrx_word' id='word_1_109' title='bbox 1751 1758 1819 1812; x_wconf 90' lang='lat' dir='ltr'><strong>ad</strong></span> 
     </span>
    </p>
   </div>
   <div class='ocr_carea' id='block_1_16' title="bbox 226 1852 1820 1909">
    <p class='ocr_par' dir='ltr' id='par_1_16' title="bbox 226 1852 1820 1909">
     <span class='ocr_line' id='line_1_16' title="bbox 226 1852 1820 1909; baseline 0.001 -5"><span class='ocrx_word' id='word_1_110' title='bbox 226 1873 252 1904; x_wconf 81' lang='grc'><em>‹</em></span> <span class='ocrx_word' id='word_1_111' title='bbox 299 1869 404 1909; x_wconf 79' lang='lat' dir='ltr'><strong>vos</strong></span> <span class='ocrx_word' id='word_1_112' title='bbox 448 1852 612 1909; x_wconf 82' lang='lat' dir='ltr'><strong>Deus.</strong></span> <span class='ocrx_word' id='word_1_113' title='bbox 666 1853 845 1908; x_wconf 87' lang='lat' dir='ltr'><strong>Etiam</strong></span> <span class='ocrx_word' id='word_1_114' title='bbox 893 1853 1306 1908; x_wconf 85' lang='lat' dir='ltr'><strong>tabernaculum</strong></span> <span class='ocrx_word' id='word_1_115' title='bbox 1354 1861 1408 1907; x_wconf 91' lang='lat' dir='ltr'><strong>et</strong></span> <span class='ocrx_word' id='word_1_116' title='bbox 1438 1852 1623 1907; x_wconf 90' lang='lat' dir='ltr'><strong>omnia</strong></span> <span class='ocrx_word' id='word_1_117' title='bbox 1687 1866 1820 1905; x_wconf 91' lang='lat' dir='ltr'><strong>vasa</strong></span> 
     </span>
    </p>
   </div>
   <div class='ocr_carea' id='block_1_17' title="bbox 228 1940 1821 2016">
    <p class='ocr_par' dir='ltr' id='par_1_17' title="bbox 228 1940 1821 2016">
     <span class='ocr_line' id='line_1_17' title="bbox 228 1940 1821 2016; baseline 0 -22"><span class='ocrx_word' id='word_1_118' title='bbox 228 1964 254 1994; x_wconf 66' lang='grc' dir='ltr'><em>α</em></span> <span class='ocrx_word' id='word_1_119' title='bbox 303 1945 600 2001; x_wconf 86' lang='lat' dir='ltr'><strong>ministerii</strong></span> <span class='ocrx_word' id='word_1_120' title='bbox 643 1945 908 2016; x_wconf 82' lang='lat' dir='ltr'><strong>sanguine</strong></span> <span class='ocrx_word' id='word_1_121' title='bbox 944 1943 1196 1999; x_wconf 89' lang='lat' dir='ltr'><strong>similiter</strong></span> <span class='ocrx_word' id='word_1_122' title='bbox 1239 1943 1492 2012; x_wconf 90' lang='lat' dir='ltr'><strong>aspersit.</strong></span> <span class='ocrx_word' id='word_1_123' title='bbox 1530 1941 1597 1996; x_wconf 90' lang='lat' dir='ltr'><strong>Et</strong></span> <span class='ocrx_word' id='word_1_124' title='bbox 1635 1940 1821 1996; x_wconf 91' lang='lat' dir='ltr'><strong>omnia</strong></span> 
     </span>
    </p>
   </div>
   <div class='ocr_carea' id='block_1_18' title="bbox 229 2035 1819 2110">
    <p class='ocr_par' dir='ltr' id='par_1_18' title="bbox 229 2035 1819 2110">
     <span class='ocr_line' id='line_1_18' title="bbox 229 2035 1819 2110; baseline -0.002 -20"><span class='ocrx_word' id='word_1_125' title='bbox 229 2059 257 2090; x_wconf 65' lang='grc' dir='ltr'>ς</span> <span class='ocrx_word' id='word_1_126' title='bbox 306 2055 449 2110; x_wconf 89' lang='lat' dir='ltr'><strong>pene</strong></span> <span class='ocrx_word' id='word_1_127' title='bbox 483 2039 538 2093; x_wconf 89' lang='lat' dir='ltr'><strong>in</strong></span> <span class='ocrx_word' id='word_1_128' title='bbox 588 2039 854 2110; x_wconf 89' lang='lat' dir='ltr'><strong>sanguine</strong></span> <span class='ocrx_word' id='word_1_129' title='bbox 899 2037 1202 2093; x_wconf 89' lang='lat' dir='ltr'><strong>secundum</strong></span> <span class='ocrx_word' id='word_1_130' title='bbox 1238 2037 1412 2107; x_wconf 90' lang='lat' dir='ltr'><strong>legem</strong></span> <span class='ocrx_word' id='word_1_131' title='bbox 1464 2035 1819 2100; x_wconf 91' lang='lat' dir='ltr'><strong>mundantur,</strong></span> 
     </span>
    </p>
   </div>
   <div class='ocr_carea' id='block_1_19' title="bbox 231 2123 1819 2202">
    <p class='ocr_par' dir='ltr' id='par_1_19' title="bbox 231 2123 1819 2202">
     <span class='ocr_line' id='line_1_19' title="bbox 231 2123 1819 2202; baseline -0.006 -13"><span class='ocrx_word' id='word_1_132' title='bbox 231 2151 257 2182; x_wconf 77' lang='grc' dir='ltr'>ι</span> <span class='ocrx_word' id='word_1_133' title='bbox 309 2142 367 2189; x_wconf 89' lang='lat' dir='ltr'><strong>et</strong></span> <span class='ocrx_word' id='word_1_134' title='bbox 403 2134 524 2188; x_wconf 90' lang='lat' dir='ltr'><strong>sine</strong></span> <span class='ocrx_word' id='word_1_135' title='bbox 551 2131 834 2202; x_wconf 88' lang='lat' dir='ltr'><strong>sanguinis</strong></span> <span class='ocrx_word' id='word_1_136' title='bbox 864 2129 1129 2185; x_wconf 75' lang='lat' dir='ltr'><strong>effusione</strong></span> <span class='ocrx_word' id='word_1_137' title='bbox 1159 2144 1268 2184; x_wconf 94' lang='lat' dir='ltr'><strong>non</strong></span> <span class='ocrx_word' id='word_1_138' title='bbox 1297 2128 1357 2182; x_wconf 90' lang='lat' dir='ltr'><strong>ﬁt</strong></span> <span class='ocrx_word' id='word_1_139' title='bbox 1397 2126 1669 2182; x_wconf 83' lang='lat' dir='ltr'><strong>remissio.</strong></span> <span class='ocrx_word' id='word_1_140' title='bbox 1709 2123 1819 2179; x_wconf 88' lang='lat' dir='ltr'><strong>Ne-</strong></span> 
     </span>
    </p>
   </div>
   <div class='ocr_carea' id='block_1_20' title="bbox 223 2214 1825 2293">
    <p class='ocr_par' dir='ltr' id='par_1_20' title="bbox 223 2214 1825 2293">
     <span class='ocr_line' id='line_1_20' title="bbox 223 2214 1825 2293; baseline -0.004 -16"><span class='ocrx_word' id='word_1_141' title='bbox 223 2244 259 2277; x_wconf 67' lang='lat'>1</span> <span class='ocrx_word' id='word_1_142' title='bbox 306 2241 468 2281; x_wconf 88' lang='lat' dir='ltr'><strong>cesse</strong></span> <span class='ocrx_word' id='word_1_143' title='bbox 496 2233 581 2279; x_wconf 90' lang='lat' dir='ltr'><strong>est</strong></span> <span class='ocrx_word' id='word_1_144' title='bbox 612 2238 743 2293; x_wconf 89' lang='lat' dir='ltr'><strong>ergo</strong></span> <span class='ocrx_word' id='word_1_145' title='bbox 779 2220 1110 2290; x_wconf 78' lang='lat' dir='ltr'><strong>exemplaria</strong></span> <span class='ocrx_word' id='word_1_146' title='bbox 1144 2218 1366 2290; x_wconf 90' lang='lat' dir='ltr'><strong>quidem</strong></span> <span class='ocrx_word' id='word_1_147' title='bbox 1397 2217 1700 2273; x_wconf 61' lang='lat' dir='ltr'><strong>caelestium</strong></span> <span class='ocrx_word' id='word_1_148' title='bbox 1737 2214 1825 2270; x_wconf 85' lang='lat' dir='ltr'><strong>his</strong></span> 
     </span>
    </p>
   </div>
   <div class='ocr_carea' id='block_1_21' title="bbox 236 2307 1826 2385">
    <p class='ocr_par' dir='ltr' id='par_1_21' title="bbox 236 2307 1826 2385">
     <span class='ocr_line' id='line_1_21' title="bbox 236 2307 1826 2385; baseline -0.003 -18"><span class='ocrx_word' id='word_1_149' title='bbox 236 2339 259 2367; x_wconf 70' lang='grc' dir='ltr'>ι</span> <span class='ocrx_word' id='word_1_150' title='bbox 310 2316 602 2383; x_wconf 82' lang='lat' dir='ltr'><strong>mundari;</strong></span> <span class='ocrx_word' id='word_1_151' title='bbox 630 2314 748 2385; x_wconf 90' lang='lat' dir='ltr'><strong>ipsa</strong></span> <span class='ocrx_word' id='word_1_152' title='bbox 779 2324 962 2369; x_wconf 90' lang='lat' dir='ltr'><strong>autem</strong></span> <span class='ocrx_word' id='word_1_153' title='bbox 1004 2311 1248 2368; x_wconf 72' lang='lat' dir='ltr'><strong>cmlestia</strong></span> <span class='ocrx_word' id='word_1_154' title='bbox 1277 2311 1598 2366; x_wconf 90' lang='lat' dir='ltr'><strong>melioribus</strong></span> <span class='ocrx_word' id='word_1_155' title='bbox 1629 2307 1826 2363; x_wconf 85' lang='lat' dir='ltr'><strong>hostiis</strong></span> 
     </span>
    </p>
   </div>
   <div class='ocr_carea' id='block_1_22' title="bbox 237 2399 1826 2477">
    <p class='ocr_par' dir='ltr' id='par_1_22' title="bbox 237 2399 1826 2477">
     <span class='ocr_line' id='line_1_22' title="bbox 237 2399 1826 2477; baseline -0.003 -17"><span class='ocrx_word' id='word_1_156' title='bbox 237 2429 260 2459; x_wconf 69' lang='grc' dir='ltr'>ι</span> <span class='ocrx_word' id='word_1_157' title='bbox 311 2422 481 2477; x_wconf 91' lang='lat' dir='ltr'><strong>quam</strong></span> <span class='ocrx_word' id='word_1_158' title='bbox 520 2407 660 2463; x_wconf 90' lang='lat' dir='ltr'><strong>istis.</strong></span> <span class='ocrx_word' id='word_1_159' title='bbox 691 2405 808 2460; x_wconf 83' lang='lat' dir='ltr'><strong>Non</strong></span> <span class='ocrx_word' id='word_1_160' title='bbox 833 2407 981 2461; x_wconf 88' lang='lat' dir='ltr'><strong>enim</strong></span> <span class='ocrx_word' id='word_1_161' title='bbox 1000 2405 1054 2458; x_wconf 93' lang='lat' dir='ltr'><strong>in</strong></span> <span class='ocrx_word' id='word_1_162' title='bbox 1082 2403 1412 2458; x_wconf 83' lang='lat' dir='ltr'><strong>manufactis</strong></span> <span class='ocrx_word' id='word_1_163' title='bbox 1435 2402 1640 2458; x_wconf 87' lang='lat' dir='ltr'><strong>sanctis</strong></span> <span class='ocrx_word' id='word_1_164' title='bbox 1667 2399 1826 2456; x_wconf 78' lang='lat' dir='ltr'><strong>Jesus</strong></span> 
     </span>
    </p>
   </div>
   <div class='ocr_carea' id='block_1_23' title="bbox 225 2493 1826 2566">
    <p class='ocr_par' dir='ltr' id='par_1_23' title="bbox 225 2493 1826 2566">
     <span class='ocr_line' id='line_1_23' title="bbox 225 2493 1826 2566; baseline -0.001 -19"><span class='ocrx_word' id='word_1_165' title='bbox 225 2516 262 2547; x_wconf 79' lang='grc' dir='ltr'><strong>·ι</strong></span> <span class='ocrx_word' id='word_1_166' title='bbox 313 2497 529 2552; x_wconf 88' lang='lat' dir='ltr'><strong>introiit</strong></span> <span class='ocrx_word' id='word_1_167' title='bbox 567 2495 901 2566; x_wconf 76' lang='lat' dir='ltr'><strong>exemplaria</strong></span> <span class='ocrx_word' id='word_1_168' title='bbox 943 2510 1223 2559; x_wconf 89' lang='lat' dir='ltr'><strong>verorum,</strong></span> <span class='ocrx_word' id='word_1_169' title='bbox 1257 2493 1352 2549; x_wconf 90' lang='lat' dir='ltr'><strong>sed</strong></span> <span class='ocrx_word' id='word_1_170' title='bbox 1391 2493 1446 2546; x_wconf 88' lang='lat' dir='ltr'><strong>in</strong></span> <span class='ocrx_word' id='word_1_171' title='bbox 1478 2493 1662 2562; x_wconf 91' lang='lat' dir='ltr'><strong>ipsum</strong></span> <span class='ocrx_word' id='word_1_172' title='bbox 1711 2507 1826 2546; x_wconf 73' lang='lat' dir='ltr'><strong>cm-</strong></span> 
     </span>
    </p>
   </div>
   <div class='ocr_carea' id='block_1_24' title="bbox 242 2579 1830 2657">
    <p class='ocr_par' dir='ltr' id='par_1_24' title="bbox 242 2579 1830 2657">
     <span class='ocr_line' id='line_1_24' title="bbox 242 2579 1830 2657; baseline -0.003 -17"><span class='ocrx_word' id='word_1_173' title='bbox 242 2611 263 2639; x_wconf 73' lang='grc' dir='ltr'>ι</span> <span class='ocrx_word' id='word_1_174' title='bbox 311 2589 453 2655; x_wconf 89' lang='lat' dir='ltr'><strong>lum,</strong></span> <span class='ocrx_word' id='word_1_175' title='bbox 486 2596 546 2642; x_wconf 91' lang='lat' dir='ltr'><strong>ut</strong></span> <span class='ocrx_word' id='word_1_176' title='bbox 575 2596 833 2657; x_wconf 87' lang='lat' dir='ltr'><strong>appareat</strong></span> <span class='ocrx_word' id='word_1_177' title='bbox 859 2602 1008 2641; x_wconf 92' lang='lat' dir='ltr'><strong>nunc</strong></span> <span class='ocrx_word' id='word_1_178' title='bbox 1030 2585 1207 2640; x_wconf 86' lang='lat' dir='ltr'><strong>vultui</strong></span> <span class='ocrx_word' id='word_1_179' title='bbox 1235 2584 1333 2639; x_wconf 83' lang='lat' dir='ltr'><strong>Dei</strong></span> <span class='ocrx_word' id='word_1_180' title='bbox 1365 2600 1466 2654; x_wconf 92' lang='lat' dir='ltr'><strong>pro</strong></span> <span class='ocrx_word' id='word_1_181' title='bbox 1512 2584 1690 2638; x_wconf 90' lang='lat' dir='ltr'><strong>nobis.</strong></span> <span class='ocrx_word' id='word_1_182' title='bbox 1723 2579 1830 2636; x_wconf 88' lang='lat' dir='ltr'><strong>Ne-</strong></span> 
     </span>
    </p>
   </div>
   <div class='ocr_carea' id='block_1_25' title="bbox 231 2673 1831 2749">
    <p class='ocr_par' dir='ltr' id='par_1_25' title="bbox 231 2673 1831 2749">
     <span class='ocr_line' id='line_1_25' title="bbox 231 2673 1831 2749; baseline -0.004 -15"><span class='ocrx_word' id='word_1_183' title='bbox 231 2700 266 2734; x_wconf 68' lang='lat'>1</span> <span class='ocrx_word' id='word_1_184' title='bbox 312 2695 444 2749; x_wconf 91' lang='lat' dir='ltr'><strong>que,</strong></span> <span class='ocrx_word' id='word_1_185' title='bbox 472 2688 531 2734; x_wconf 90' lang='lat' dir='ltr'><strong>ut</strong></span> <span class='ocrx_word' id='word_1_186' title='bbox 561 2694 703 2749; x_wconf 69' lang='lat' dir='ltr'><strong>stepe</strong></span> <span class='ocrx_word' id='word_1_187' title='bbox 745 2678 936 2734; x_wconf 84' lang='lat' dir='ltr'><strong>oﬁ‘erat</strong></span> <span class='ocrx_word' id='word_1_188' title='bbox 960 2677 1336 2746; x_wconf 88' lang='lat' dir='ltr'><strong>semetipsum,</strong></span> <span class='ocrx_word' id='word_1_189' title='bbox 1368 2673 1831 2746; x_wconf 88' lang='lat' dir='ltr'><strong>quemadmodum</strong></span> 
     </span>
    </p>
   </div>
   <div class='ocr_carea' id='block_1_26' title="bbox 241 2767 1832 2844">
    <p class='ocr_par' dir='ltr' id='par_1_26' title="bbox 241 2767 1832 2844">
     <span class='ocr_line' id='line_1_26' title="bbox 241 2767 1832 2844; baseline -0.003 -20"><span class='ocrx_word' id='word_1_190' title='bbox 241 2795 264 2824; x_wconf 68' lang='grc' dir='ltr'>ς</span> <span class='ocrx_word' id='word_1_191' title='bbox 312 2771 560 2844; x_wconf 78' lang='lat' dir='ltr'><strong>pontifex</strong></span> <span class='ocrx_word' id='word_1_192' title='bbox 591 2773 759 2827; x_wconf 91' lang='lat' dir='ltr'><strong>intrat</strong></span> <span class='ocrx_word' id='word_1_193' title='bbox 795 2773 850 2826; x_wconf 92' lang='lat' dir='ltr'><strong>in</strong></span> <span class='ocrx_word' id='word_1_194' title='bbox 890 2780 1083 2827; x_wconf 88' lang='lat' dir='ltr'><strong>sancta</strong></span> <span class='ocrx_word' id='word_1_195' title='bbox 1135 2785 1232 2840; x_wconf 90' lang='lat' dir='ltr'><strong>per</strong></span> <span class='ocrx_word' id='word_1_196' title='bbox 1273 2767 1520 2840; x_wconf 86' lang='lat' dir='ltr'><strong>singulos</strong></span> <span class='ocrx_word' id='word_1_197' title='bbox 1566 2782 1740 2821; x_wconf 90' lang='lat' dir='ltr'><strong>annos</strong></span> <span class='ocrx_word' id='word_1_198' title='bbox 1776 2767 1832 2819; x_wconf 91' lang='lat' dir='ltr'><strong>in</strong></span> 
     </span>
    </p>
   </div>
   <div class='ocr_carea' id='block_1_27' title="bbox 243 2859 1834 2936">
    <p class='ocr_par' dir='ltr' id='par_1_27' title="bbox 243 2859 1834 2936">
     <span class='ocr_line' id='line_1_27' title="bbox 243 2859 1834 2936; baseline -0.006 -17"><span class='ocrx_word' id='word_1_199' title='bbox 243 2887 267 2919; x_wconf 73' lang='grc' dir='ltr'><strong>σ</strong></span> <span class='ocrx_word' id='word_1_200' title='bbox 314 2865 586 2936; x_wconf 88' lang='lat' dir='ltr'><strong>sanguine</strong></span> <span class='ocrx_word' id='word_1_201' title='bbox 615 2865 814 2920; x_wconf 90' lang='lat' dir='ltr'><strong>alieno.</strong></span> <span class='ocrx_word' id='word_1_202' title='bbox 839 2864 1099 2935; x_wconf 75' lang='lat' dir='ltr'><strong>Alioquin</strong></span> <span class='ocrx_word' id='word_1_203' title='bbox 1126 2862 1412 2933; x_wconf 87' lang='lat' dir='ltr'><strong>oportebat</strong></span> <span class='ocrx_word' id='word_1_204' title='bbox 1436 2875 1562 2914; x_wconf 90' lang='lat' dir='ltr'><strong>eum</strong></span> <span class='ocrx_word' id='word_1_205' title='bbox 1585 2859 1834 2928; x_wconf 87' lang='lat' dir='ltr'><strong>frequen-</strong></span> 
     </span>
    </p>
   </div>
   <div class='ocr_carea' id='block_1_28' title="bbox 245 2949 1833 3027">
    <p class='ocr_par' dir='ltr' id='par_1_28' title="bbox 245 2949 1833 3027">
     <span class='ocr_line' id='line_1_28' title="bbox 245 2949 1833 3027; baseline -0.006 -17"><span class='ocrx_word' id='word_1_206' title='bbox 245 2977 267 3010; x_wconf 77' lang='grc' dir='ltr'>ι</span> <span class='ocrx_word' id='word_1_207' title='bbox 315 2966 404 3013; x_wconf 85' lang='lat' dir='ltr'><strong>ter</strong></span> <span class='ocrx_word' id='word_1_208' title='bbox 432 2956 545 3027; x_wconf 88' lang='lat' dir='ltr'><strong>pati</strong></span> <span class='ocrx_word' id='word_1_209' title='bbox 569 2956 639 3011; x_wconf 93' lang='lat' dir='ltr'><strong>ab</strong></span> <span class='ocrx_word' id='word_1_210' title='bbox 678 2955 891 3027; x_wconf 90' lang='lat' dir='ltr'><strong>origine</strong></span> <span class='ocrx_word' id='word_1_211' title='bbox 933 2954 1143 3009; x_wconf 84' lang='lat' dir='ltr'><strong>mundi.</strong></span> <span class='ocrx_word' id='word_1_212' title='bbox 1186 2953 1342 3008; x_wconf 85' lang='lat' dir='ltr'><strong>Nunc</strong></span> <span class='ocrx_word' id='word_1_213' title='bbox 1364 2961 1546 3007; x_wconf 90' lang='lat' dir='ltr'><strong>autem</strong></span> <span class='ocrx_word' id='word_1_214' title='bbox 1570 2949 1739 3006; x_wconf 86' lang='lat' dir='ltr'><strong>semel</strong></span> <span class='ocrx_word' id='word_1_215' title='bbox 1776 2949 1833 3002; x_wconf 91' lang='lat' dir='ltr'><strong>in</strong></span> 
     </span>
    </p>
   </div>
   <div class='ocr_carea' id='block_1_29' title="bbox 243 3043 1832 3113">
    <p class='ocr_par' dir='ltr' id='par_1_29' title="bbox 243 3043 1832 3113">
     <span class='ocr_line' id='line_1_29' title="bbox 243 3043 1832 3113; baseline -0.003 -13"><span class='ocrx_word' id='word_1_216' title='bbox 243 3068 266 3100; x_wconf 73' lang='grc' dir='ltr'><strong>ε</strong></span> <span class='ocrx_word' id='word_1_217' title='bbox 315 3047 818 3110; x_wconf 71' lang='lat' dir='ltr'><strong>consummationej</strong></span> <span class='ocrx_word' id='word_1_218' title='bbox 853 3046 1221 3113; x_wconf 75' lang='lat' dir='ltr'><strong>szeculorum,</strong></span> <span class='ocrx_word' id='word_1_219' title='bbox 1281 3044 1349 3099; x_wconf 89' lang='lat' dir='ltr'><strong>ad</strong></span> <span class='ocrx_word' id='word_1_220' title='bbox 1416 3043 1832 3099; x_wconf 90' lang='lat' dir='ltr'><strong>destitutionem</strong></span> 
     </span>
    </p>
   </div>
   <div class='ocr_carea' id='block_1_30' title="bbox 209 503 242 985">
    <p class='ocr_par' dir='ltr' id='par_1_30' title="bbox 209 503 242 985">
     <span class='ocr_line' id='line_1_30' title="bbox 217 503 241 534; baseline 0 0"><span class='ocrx_word' id='word_1_221' title='bbox 217 503 241 534; x_wconf 99' lang='grc'><strong>1</strong></span> 
     </span>
     <span class='ocr_line' id='line_1_31' title="bbox 217 593 240 624; baseline 0 0"><span class='ocrx_word' id='word_1_222' title='bbox 217 593 240 624; x_wconf 94' lang='grc'><strong>1</strong></span> 
     </span>
     <span class='ocr_line' id='line_1_32' title="bbox 217 685 240 714; baseline 0 0"><span class='ocrx_word' id='word_1_223' title='bbox 217 685 240 714; x_wconf 88' lang='grc'><strong>1</strong></span> 
     </span>
     <span class='ocr_line' id='line_1_33' title="bbox 212 777 241 808; baseline 0 0"><span class='ocrx_word' id='word_1_224' title='bbox 212 777 241 808; x_wconf 71' lang='grc'><strong>1</strong></span> 
     </span>
     <span class='ocr_line' id='line_1_34' title="bbox 209 867 241 898; baseline 0 0"><span class='ocrx_word' id='word_1_225' title='bbox 209 867 241 898; x_wconf 71' lang='grc'><strong>’1</strong></span> 
     </span>
     <span class='ocr_line' id='line_1_35' title="bbox 216 956 242 985; baseline 0 0"><span class='ocrx_word' id='word_1_226' title='bbox 216 956 242 985; x_wconf 64' lang='grc'><strong>4</strong></span> 
     </span>
    </p>
   </div>
   <div class='ocr_carea' id='block_1_31' title="bbox 862 337 2799 421">
    <p class='ocr_par' dir='ltr' id='par_1_31' title="bbox 862 337 2799 421">
     <span class='ocr_line' id='line_1_36' title="bbox 862 337 2799 421; baseline 0.003 -7"><span class='ocrx_word' id='word_1_227' title='bbox 862 337 1236 417; x_wconf 73' lang='lat' dir='ltr'><strong>Exposmo</strong></span> <span class='ocrx_word' id='word_1_228' title='bbox 1273 357 1341 415; x_wconf 84' lang='lat' dir='ltr'><strong>1N</strong></span> <span class='ocrx_word' id='word_1_229' title='bbox 1379 358 1758 417; x_wconf 87' lang='lat' dir='ltr'><strong>EPISTOLAS</strong></span> <span class='ocrx_word' id='word_1_230' title='bbox 1790 357 2019 416; x_wconf 68' lang='lat' dir='ltr'><strong>mnu.</strong></span> <span class='ocrx_word' id='word_1_231' title='bbox 2057 391 2125 400; x_wconf 88' lang='grc'><strong><em>-</em></strong></span> <span class='ocrx_word' id='word_1_232' title='bbox 2163 359 2231 418; x_wconf 88' lang='lat' dir='ltr'><strong>IN</strong></span> <span class='ocrx_word' id='word_1_233' title='bbox 2265 361 2484 420; x_wconf 82' lang='lat' dir='ltr'><strong>EPIST.</strong></span> <span class='ocrx_word' id='word_1_234' title='bbox 2521 363 2613 418; x_wconf 86' lang='lat' dir='ltr'><strong>AD</strong></span> <span class='ocrx_word' id='word_1_235' title='bbox 2647 362 2799 421; x_wconf 75' lang='lat' dir='ltr'><strong>nes.</strong></span> 
     </span>
    </p>
   </div>
   <div class='ocr_carea' id='block_1_32' title="bbox 292 473 3490 550">
    <p class='ocr_par' dir='ltr' id='par_1_32' title="bbox 292 473 3490 550">
     <span class='ocr_line' id='line_1_37' title="bbox 292 473 3490 550; baseline -0 -14"><span class='ocrx_word' id='word_1_236' title='bbox 292 476 585 536; x_wconf 85' lang='lat' dir='ltr'><strong>scientiam</strong></span> <span class='ocrx_word' id='word_1_237' title='bbox 619 482 864 531; x_wconf 89' lang='lat' dir='ltr'><strong>nostram</strong></span> <span class='ocrx_word' id='word_1_238' title='bbox 913 477 984 532; x_wconf 89' lang='lat' dir='ltr'><strong>ab</strong></span> <span class='ocrx_word' id='word_1_239' title='bbox 1027 477 1287 546; x_wconf 87' lang='lat' dir='ltr'><strong>operibus</strong></span> <span class='ocrx_word' id='word_1_240' title='bbox 1324 475 1557 530; x_wconf 90' lang='lat' dir='ltr'><strong>mortuis</strong></span> <span class='ocrx_word' id='word_1_241' title='bbox 1597 473 1665 530; x_wconf 90' lang='lat' dir='ltr'><strong>ad</strong></span> <span class='ocrx_word' id='word_1_242' title='bbox 1694 488 1807 529; x_wconf 88' lang='lat' dir='ltr'><strong>ser-</strong></span> <span class='ocrx_word' id='word_1_243' title='bbox 1835 476 1888 538; x_wconf 82' lang='grc' dir='ltr'><strong>Α</strong></span> <span class='ocrx_word' id='word_1_244' title='bbox 1913 475 2340 532; x_wconf 89' lang='lat' dir='ltr'><strong>restituebantur</strong></span> <span class='ocrx_word' id='word_1_245' title='bbox 2362 475 2556 550; x_wconf 85' lang='lat' dir='ltr'><strong>(Ibid.,</strong></span> <span class='ocrx_word' id='word_1_246' title='bbox 2584 477 2868 549; x_wconf 80' lang='lat' dir='ltr'><strong>50).Quod</strong></span> <span class='ocrx_word' id='word_1_247' title='bbox 2894 479 3303 534; x_wconf 83' lang='lat' dir='ltr'><strong>tabernacuium</strong></span> <span class='ocrx_word' id='word_1_248' title='bbox 3316 482 3490 536; x_wconf 86' lang='lat' dir='ltr'><strong>conti-</strong></span> 
     </span>
    </p>
   </div>
   <div class='ocr_carea' id='block_1_33' title="bbox 3382 369 3486 425">
    <p class='ocr_par' dir='ltr' id='par_1_33' title="bbox 3382 369 3486 425">
     <span class='ocr_line' id='line_1_38' title="bbox 3382 369 3486 425; baseline 0 -1"><span class='ocrx_word' id='word_1_249' title='bbox 3382 369 3486 425; x_wconf 70' lang='lat'><strong>5&#39;54</strong></span> 
     </span>
    </p>
   </div>
   <div class='ocr_carea' id='block_1_34' title="bbox 1911 569 3493 642">
    <p class='ocr_par' dir='ltr' id='par_1_34' title="bbox 1911 569 3493 642">
     <span class='ocr_line' id='line_1_39' title="bbox 1911 569 3493 642; baseline 0.004 -20"><span class='ocrx_word' id='word_1_250' title='bbox 1911 583 2050 624; x_wconf 90' lang='lat' dir='ltr'><strong>nens</strong></span> <span class='ocrx_word' id='word_1_251' title='bbox 2072 570 2189 625; x_wconf 71' lang='lat' dir='ltr'><strong>haec</strong></span> <span class='ocrx_word' id='word_1_252' title='bbox 2210 569 2410 623; x_wconf 84' lang='lat' dir='ltr'><strong>dicitur</strong></span> <span class='ocrx_word' id='word_1_253' title='bbox 2433 571 2596 642; x_wconf 81' lang='lat'><strong>390</strong></span> <span class='ocrx_word' id='word_1_254' title='bbox 2617 569 2833 625; x_wconf 86' lang='lat' dir='ltr'><strong>Sancta.</strong></span> <span class='ocrx_word' id='word_1_255' title='bbox 2849 569 2979 626; x_wconf 87' lang='lat' dir='ltr'><strong>Erat</strong></span> <span class='ocrx_word' id='word_1_256' title='bbox 3006 581 3187 627; x_wconf 88' lang='lat' dir='ltr'><strong>autem</strong></span> <span class='ocrx_word' id='word_1_257' title='bbox 3211 581 3365 628; x_wconf 86' lang='lat' dir='ltr'><strong>extra</strong></span> <span class='ocrx_word' id='word_1_258' title='bbox 3388 575 3493 630; x_wconf 91' lang='lat' dir='ltr'><strong>hoc</strong></span> 
     </span>
    </p>
   </div>
   <div class='ocr_carea' id='block_1_35' title="bbox 1844 660 3493 743">
    <p class='ocr_par' dir='ltr' id='par_1_35' title="bbox 1844 660 3493 743">
     <span class='ocr_line' id='line_1_40' title="bbox 1844 660 3493 743; baseline 0.002 -29"><span class='ocrx_word' id='word_1_259' title='bbox 1844 730 1855 743; x_wconf 42' lang='grc'><strong>⁸</strong></span> <span class='ocrx_word' id='word_1_260' title='bbox 1912 660 2283 716; x_wconf 89' lang='lat' dir='ltr'><strong>tabernaclum</strong></span> <span class='ocrx_word' id='word_1_261' title='bbox 2303 662 2473 716; x_wconf 91' lang='lat' dir='ltr'><strong>altare</strong></span> <span class='ocrx_word' id='word_1_262' title='bbox 2488 661 2592 716; x_wconf 91' lang='lat' dir='ltr'><strong>sub</strong></span> <span class='ocrx_word' id='word_1_263' title='bbox 2602 661 2712 727; x_wconf 91' lang='lat' dir='ltr'><strong>dio,</strong></span> <span class='ocrx_word' id='word_1_264' title='bbox 2732 677 2896 732; x_wconf 91' lang='lat' dir='ltr'><strong>super</strong></span> <span class='ocrx_word' id='word_1_265' title='bbox 2912 663 3493 732; x_wconf 74' lang='lat' dir='ltr'><strong>quodfimmolabantur</strong></span> 
     </span>
    </p>
   </div>
   <div class='ocr_carea' id='block_1_36' title="bbox 1913 749 3496 811">
    <p class='ocr_par' dir='ltr' id='par_1_36' title="bbox 1913 749 3496 811">
     <span class='ocr_line' id='line_1_41' title="bbox 1913 749 3496 811; baseline 0.003 -5"><span class='ocrx_word' id='word_1_266' title='bbox 1913 751 2189 807; x_wconf 88' lang='lat' dir='ltr'><strong>animalia.</strong></span> <span class='ocrx_word' id='word_1_267' title='bbox 2241 752 2373 808; x_wconf 92' lang='lat' dir='ltr'><strong>Post</strong></span> <span class='ocrx_word' id='word_1_268' title='bbox 2417 749 2783 809; x_wconf 85' lang='lat' dir='ltr'><strong>velamentum</strong></span> <span class='ocrx_word' id='word_1_269' title='bbox 2828 765 3009 811; x_wconf 89' lang='lat' dir='ltr'><strong>autem</strong></span> <span class='ocrx_word' id='word_1_270' title='bbox 3048 764 3165 810; x_wconf 89' lang='lat' dir='ltr'><strong>erat</strong></span> <span class='ocrx_word' id='word_1_271' title='bbox 3197 757 3496 811; x_wconf 87' lang='lat' dir='ltr'><strong>secundum</strong></span> 
     </span>
    </p>
   </div>
   <div class='ocr_carea' id='block_1_37' title="bbox 1913 846 3493 921">
    <p class='ocr_par' dir='ltr' id='par_1_37' title="bbox 1913 846 3493 921">
     <span class='ocr_line' id='line_1_42' title="bbox 1913 846 3493 921; baseline 0.004 -21"><span class='ocrx_word' id='word_1_272' title='bbox 1913 846 2345 902; x_wconf 88' lang='lat' dir='ltr'><strong>tabernaculum.</strong></span> <span class='ocrx_word' id='word_1_273' title='bbox 2423 847 2612 904; x_wconf 85' lang='lat' dir='ltr'><strong>Velum</strong></span> <span class='ocrx_word' id='word_1_274' title='bbox 2639 849 2784 904; x_wconf 92' lang='lat' dir='ltr'><strong>enim</strong></span> <span class='ocrx_word' id='word_1_275' title='bbox 2861 851 3246 921; x_wconf 87' lang='lat' dir='ltr'><strong>interpositum</strong></span> <span class='ocrx_word' id='word_1_276' title='bbox 3289 851 3493 918; x_wconf 83' lang='lat' dir='ltr'><strong>fuerat,</strong></span> 
     </span>
    </p>
   </div>
   <div class='ocr_carea' id='block_1_38' title="bbox 1915 937 3498 1013">
    <p class='ocr_par' dir='ltr' id='par_1_38' title="bbox 1915 937 3498 1013">
     <span class='ocr_line' id='line_1_43' title="bbox 1915 937 3498 1013; baseline 0.006 -22"><span class='ocrx_word' id='word_1_277' title='bbox 1915 937 2062 1008; x_wconf 90' lang='lat' dir='ltr'><strong>quod</strong></span> <span class='ocrx_word' id='word_1_278' title='bbox 2089 939 2238 1008; x_wconf 90' lang='lat' dir='ltr'><strong>prius</strong></span> <span class='ocrx_word' id='word_1_279' title='bbox 2265 940 2720 996; x_wconf 88' lang='lat' dir='ltr'><strong>tabernaculuma</strong></span> <span class='ocrx_word' id='word_1_280' title='bbox 2746 942 2987 998; x_wconf 92' lang='lat' dir='ltr'><strong>secundo</strong></span> <span class='ocrx_word' id='word_1_281' title='bbox 3009 944 3315 1013; x_wconf 90' lang='lat' dir='ltr'><strong>separabat.</strong></span> <span class='ocrx_word' id='word_1_282' title='bbox 3343 943 3498 1010; x_wconf 80' lang='lat' dir='ltr'><strong>Quod</strong></span> 
     </span>
    </p>
   </div>
   <div class='ocr_carea' id='block_1_39' title="bbox 1915 1031 3494 1090">
    <p class='ocr_par' dir='ltr' id='par_1_39' title="bbox 1915 1031 3494 1090">
     <span class='ocr_line' id='line_1_44' title="bbox 1915 1031 3494 1090; baseline 0.003 -6"><span class='ocrx_word' id='word_1_283' title='bbox 1915 1031 2218 1086; x_wconf 88' lang='lat' dir='ltr'><strong>secundum</strong></span> <span class='ocrx_word' id='word_1_284' title='bbox 2251 1032 2663 1088; x_wconf 85' lang='lat' dir='ltr'><strong>tabernaculum</strong></span> <span class='ocrx_word' id='word_1_285' title='bbox 2696 1033 2897 1089; x_wconf 80' lang='lat' dir='ltr'><strong>dicitur</strong></span> <span class='ocrx_word' id='word_1_286' title='bbox 2940 1033 3138 1090; x_wconf 90' lang='lat' dir='ltr'><strong>Sancta</strong></span> <span class='ocrx_word' id='word_1_287' title='bbox 3169 1045 3494 1090; x_wconf 84' lang='lat' dir='ltr'><strong>sanctorum.</strong></span> 
     </span>
    </p>
   </div>
   <div class='ocr_carea' id='block_1_40' title="bbox 1917 1119 3501 1180">
    <p class='ocr_par' dir='ltr' id='par_1_40' title="bbox 1917 1119 3501 1180">
     <span class='ocr_line' id='line_1_45' title="bbox 1917 1119 3501 1180; baseline 0.003 -5"><span class='ocrx_word' id='word_1_288' title='bbox 1917 1119 2232 1176; x_wconf 87' lang='lat' dir='ltr'><strong>Secundum</strong></span> <span class='ocrx_word' id='word_1_289' title='bbox 2284 1123 2698 1179; x_wconf 87' lang='lat' dir='ltr'><strong>tabernaculum</strong></span> <span class='ocrx_word' id='word_1_290' title='bbox 2755 1126 2878 1180; x_wconf 86' lang='lat' dir='ltr'><strong>dico</strong></span> <span class='ocrx_word' id='word_1_291' title='bbox 2941 1125 3134 1180; x_wconf 82' lang='lat' dir='ltr'><strong>habens</strong></span> <span class='ocrx_word' id='word_1_292' title='bbox 3174 1127 3501 1180; x_wconf 81' lang='lat' dir='ltr'><strong>thuribulum</strong></span> 
     </span>
    </p>
   </div>
   <div class='ocr_carea' id='block_1_41' title="bbox 1918 1213 3502 1286">
    <p class='ocr_par' dir='ltr' id='par_1_41' title="bbox 1918 1213 3502 1286">
     <span class='ocr_line' id='line_1_46' title="bbox 1918 1213 3502 1286; baseline 0.003 -19"><span class='ocrx_word' id='word_1_293' title='bbox 1918 1229 2158 1280; x_wconf 89' lang='lat' dir='ltr'><strong>aureum,</strong></span> <span class='ocrx_word' id='word_1_294' title='bbox 2183 1222 2238 1268; x_wconf 87' lang='lat' dir='ltr'><strong>et</strong></span> <span class='ocrx_word' id='word_1_295' title='bbox 2267 1213 2476 1270; x_wconf 85' lang='lat' dir='ltr'><strong>habens</strong></span> <span class='ocrx_word' id='word_1_296' title='bbox 2505 1233 2687 1270; x_wconf 88' lang='lat' dir='ltr'><strong>arcam</strong></span> <span class='ocrx_word' id='word_1_297' title='bbox 2718 1219 3063 1286; x_wconf 86' lang='lat' dir='ltr'><strong>.testamenti,</strong></span> <span class='ocrx_word' id='word_1_298' title='bbox 3109 1217 3164 1273; x_wconf 89' lang='lat' dir='ltr'><strong>id</strong></span> <span class='ocrx_word' id='word_1_299' title='bbox 3201 1228 3286 1273; x_wconf 89' lang='lat' dir='ltr'><strong>est</strong></span> <span class='ocrx_word' id='word_1_300' title='bbox 3324 1219 3502 1274; x_wconf 88' lang='lat' dir='ltr'><strong>conti—</strong></span> 
     </span>
    </p>
   </div>
   <div class='ocr_carea' id='block_1_42' title="bbox 1917 1307 3503 1386">
    <p class='ocr_par' dir='ltr' id='par_1_42' title="bbox 1917 1307 3503 1386">
     <span class='ocr_line' id='line_1_47' title="bbox 1917 1307 3503 1386; baseline 0.004 -28"><span class='ocrx_word' id='word_1_301' title='bbox 1917 1319 2055 1360; x_wconf 89' lang='lat' dir='ltr'><strong>nens</strong></span> <span class='ocrx_word' id='word_1_302' title='bbox 2092 1313 2501 1374; x_wconf 88' lang='lat' dir='ltr'><strong>testamentum,</strong></span> <span class='ocrx_word' id='word_1_303' title='bbox 2538 1307 2594 1360; x_wconf 91' lang='lat' dir='ltr'><strong>in</strong></span> <span class='ocrx_word' id='word_1_304' title='bbox 2622 1308 2852 1363; x_wconf 91' lang='lat' dir='ltr'><strong>circuitu</strong></span> <span class='ocrx_word' id='word_1_305' title='bbox 2881 1317 3070 1363; x_wconf 81' lang='lat' dir='ltr'><strong>tectam</strong></span> <span class='ocrx_word' id='word_1_306' title='bbox 3097 1326 3248 1364; x_wconf 90' lang='lat' dir='ltr'><strong>auro.</strong></span> <span class='ocrx_word' id='word_1_307' title='bbox 3280 1309 3347 1364; x_wconf 93' lang='lat' dir='ltr'><strong>Et</strong></span> <span class='ocrx_word' id='word_1_308' title='bbox 3371 1311 3503 1386; x_wconf 78' lang='lat' dir='ltr'><strong>quia</strong></span> 
     </span>
    </p>
   </div>
   <div class='ocr_carea' id='block_1_43' title="bbox 1909 1395 3501 1468">
    <p class='ocr_par' dir='ltr' id='par_1_43' title="bbox 1909 1395 3501 1468">
     <span class='ocr_line' id='line_1_48' title="bbox 1909 1395 3501 1468; baseline 0.003 -18"><span class='ocrx_word' id='word_1_309' title='bbox 1909 1395 2160 1451; x_wconf 82' lang='lat' dir='ltr'><strong>exterius</strong></span> <span class='ocrx_word' id='word_1_310' title='bbox 2195 1397 2547 1453; x_wconf 72' lang='lat' dir='ltr'><strong>circumiecta</strong></span> <span class='ocrx_word' id='word_1_311' title='bbox 2586 1408 2772 1468; x_wconf 88' lang='lat' dir='ltr'><strong>posset</strong></span> <span class='ocrx_word' id='word_1_312' title='bbox 2812 1415 2932 1456; x_wconf 89' lang='lat' dir='ltr'><strong>esse</strong></span> <span class='ocrx_word' id='word_1_313' title='bbox 2971 1417 3106 1456; x_wconf 91' lang='lat' dir='ltr'><strong>auro</strong></span> <span class='ocrx_word' id='word_1_314' title='bbox 3141 1411 3194 1457; x_wconf 88' lang='lat' dir='ltr'><strong>et</strong></span> <span class='ocrx_word' id='word_1_315' title='bbox 3228 1418 3334 1456; x_wconf 92' lang='lat' dir='ltr'><strong>nou</strong></span> <span class='ocrx_word' id='word_1_316' title='bbox 3360 1402 3501 1455; x_wconf 88' lang='lat' dir='ltr'><strong>inte-</strong></span> 
     </span>
    </p>
   </div>
   <div class='ocr_carea' id='block_1_44' title="bbox 1921 1487 3503 1560">
    <p class='ocr_par' dir='ltr' id='par_1_44' title="bbox 1921 1487 3503 1560">
     <span class='ocr_line' id='line_1_49' title="bbox 1921 1487 3503 1560; baseline 0.002 -19"><span class='ocrx_word' id='word_1_317' title='bbox 1921 1487 2058 1554; x_wconf 87' lang='lat' dir='ltr'><strong>rius,</strong></span> <span class='ocrx_word' id='word_1_318' title='bbox 2085 1487 2208 1542; x_wconf 92' lang='lat' dir='ltr'><strong>ideo</strong></span> <span class='ocrx_word' id='word_1_319' title='bbox 2237 1488 2387 1543; x_wconf 90' lang='lat' dir='ltr'><strong>addit</strong></span> <span class='ocrx_word' id='word_1_320' title='bbox 2421 1496 2615 1544; x_wconf 88' lang='lat' dir='ltr'><strong>tectam</strong></span> <span class='ocrx_word' id='word_1_321' title='bbox 2649 1504 2786 1544; x_wconf 88' lang='lat' dir='ltr'><strong>auro</strong></span> <span class='ocrx_word' id='word_1_322' title='bbox 2818 1507 2882 1544; x_wconf 75' lang='lat' dir='ltr'><strong>ex</strong></span> <span class='ocrx_word' id='word_1_323' title='bbox 2916 1491 3058 1544; x_wconf 88' lang='lat' dir='ltr'><strong>omni</strong></span> <span class='ocrx_word' id='word_1_324' title='bbox 3081 1501 3230 1560; x_wconf 87' lang='lat' dir='ltr'><strong>parte</strong></span> <span class='ocrx_word' id='word_1_325' title='bbox 3263 1500 3319 1546; x_wconf 89' lang='lat' dir='ltr'><strong>et</strong></span> <span class='ocrx_word' id='word_1_326' title='bbox 3353 1491 3503 1545; x_wconf 91' lang='lat' dir='ltr'><strong>intus</strong></span> 
     </span>
    </p>
   </div>
   <div class='ocr_carea' id='block_1_45' title="bbox 1912 1580 3506 1653">
    <p class='ocr_par' dir='ltr' id='par_1_45' title="bbox 1912 1580 3506 1653">
     <span class='ocr_line' id='line_1_50' title="bbox 1912 1580 3506 1653; baseline 0.001 -20"><span class='ocrx_word' id='word_1_327' title='bbox 1912 1587 1976 1633; x_wconf 86' lang='lat' dir='ltr'><strong>et</strong></span> <span class='ocrx_word' id='word_1_328' title='bbox 2002 1587 2191 1645; x_wconf 87' lang='lat' dir='ltr'><strong>extra;</strong></span> <span class='ocrx_word' id='word_1_329' title='bbox 2222 1580 2276 1632; x_wconf 89' lang='lat' dir='ltr'><strong>in</strong></span> <span class='ocrx_word' id='word_1_330' title='bbox 2298 1596 2401 1649; x_wconf 86' lang='lat' dir='ltr'><strong>qua</strong></span> <span class='ocrx_word' id='word_1_331' title='bbox 2435 1595 2561 1634; x_wconf 87' lang='lat' dir='ltr'><strong>arca</strong></span> <span class='ocrx_word' id='word_1_332' title='bbox 2594 1588 2714 1636; x_wconf 89' lang='lat' dir='ltr'><strong>erat</strong></span> <span class='ocrx_word' id='word_1_333' title='bbox 2736 1598 2870 1635; x_wconf 89' lang='lat' dir='ltr'><strong>urna</strong></span> <span class='ocrx_word' id='word_1_334' title='bbox 2906 1599 3088 1648; x_wconf 86' lang='lat' dir='ltr'><strong>aurea,</strong></span> <span class='ocrx_word' id='word_1_335' title='bbox 3127 1583 3179 1637; x_wconf 91' lang='lat' dir='ltr'><strong>id</strong></span> <span class='ocrx_word' id='word_1_336' title='bbox 3202 1591 3285 1637; x_wconf 90' lang='lat' dir='ltr'><strong>est</strong></span> <span class='ocrx_word' id='word_1_337' title='bbox 3313 1597 3506 1653; x_wconf 88' lang='lat' dir='ltr'><strong>gomor</strong></span> 
     </span>
    </p>
   </div>
   <div class='ocr_carea' id='block_1_46' title="bbox 1921 1670 3507 1740">
    <p class='ocr_par' dir='ltr' id='par_1_46' title="bbox 1921 1670 3507 1740">
     <span class='ocr_line' id='line_1_51' title="bbox 1921 1670 3507 1740; baseline 0.003 -15"><span class='ocrx_word' id='word_1_338' title='bbox 1921 1670 1990 1725; x_wconf 92' lang='lat' dir='ltr'><strong>de</strong></span> <span class='ocrx_word' id='word_1_339' title='bbox 2013 1685 2149 1725; x_wconf 87' lang='lat' dir='ltr'><strong>auro</strong></span> <span class='ocrx_word' id='word_1_340' title='bbox 2178 1670 2403 1739; x_wconf 87' lang='lat' dir='ltr'><strong>factum,</strong></span> <span class='ocrx_word' id='word_1_341' title='bbox 2436 1672 2631 1726; x_wconf 81' lang='lat' dir='ltr'><strong>habens</strong></span> <span class='ocrx_word' id='word_1_342' title='bbox 2664 1690 2882 1740; x_wconf 82' lang='lat' dir='ltr'><strong>manna,</strong></span> <span class='ocrx_word' id='word_1_343' title='bbox 2910 1683 2970 1727; x_wconf 91' lang='lat' dir='ltr'><strong>ut</strong></span> <span class='ocrx_word' id='word_1_344' title='bbox 3008 1675 3324 1729; x_wconf 90' lang='lat' dir='ltr'><strong>memoriter</strong></span> <span class='ocrx_word' id='word_1_345' title='bbox 3357 1683 3507 1729; x_wconf 58' lang='lat' dir='ltr'><strong>teneo</strong></span> 
     </span>
    </p>
   </div>
   <div class='ocr_carea' id='block_1_47' title="bbox 1926 1762 3512 1834">
    <p class='ocr_par' dir='ltr' id='par_1_47' title="bbox 1926 1762 3512 1834">
     <span class='ocr_line' id='line_1_52' title="bbox 1926 1762 3512 1834; baseline -0.001 -17"><span class='ocrx_word' id='word_1_346' title='bbox 1926 1773 2048 1819; x_wconf 85' lang='lat' dir='ltr'><strong>rent</strong></span> <span class='ocrx_word' id='word_1_347' title='bbox 2078 1779 2189 1833; x_wconf 92' lang='lat' dir='ltr'><strong>quo</strong></span> <span class='ocrx_word' id='word_1_348' title='bbox 2219 1779 2359 1834; x_wconf 87' lang='lat' dir='ltr'><strong>pane</strong></span> <span class='ocrx_word' id='word_1_349' title='bbox 2387 1762 2531 1819; x_wconf 87' lang='lat' dir='ltr'><strong>Deus</strong></span> <span class='ocrx_word' id='word_1_350' title='bbox 2556 1775 2779 1834; x_wconf 89' lang='lat' dir='ltr'><strong>paverat</strong></span> <span class='ocrx_word' id='word_1_351' title='bbox 2815 1780 2911 1819; x_wconf 89' lang='lat' dir='ltr'><strong>eos</strong></span> <span class='ocrx_word' id='word_1_352' title='bbox 2937 1764 2992 1818; x_wconf 91' lang='lat' dir='ltr'><strong>in</strong></span> <span class='ocrx_word' id='word_1_353' title='bbox 3022 1764 3258 1818; x_wconf 82' lang='lat' dir='ltr'><strong>deserto.</strong></span> <span class='ocrx_word' id='word_1_354' title='bbox 3294 1763 3363 1815; x_wconf 86' lang='lat' dir='ltr'><strong>Et</strong></span> <span class='ocrx_word' id='word_1_355' title='bbox 3386 1766 3512 1831; x_wconf 29' lang='lat' dir='ltr'><strong>ierat</strong></span> 
     </span>
    </p>
   </div>
   <div class='ocr_carea' id='block_1_48' title="bbox 1923 1851 3514 1923">
    <p class='ocr_par' dir='ltr' id='par_1_48' title="bbox 1923 1851 3514 1923">
     <span class='ocr_line' id='line_1_53' title="bbox 1923 1851 3514 1923; baseline -0.002 -17"><span class='ocrx_word' id='word_1_356' title='bbox 1923 1853 1980 1906; x_wconf 94' lang='lat' dir='ltr'><strong>in</strong></span> <span class='ocrx_word' id='word_1_357' title='bbox 2005 1852 2196 1907; x_wconf 89' lang='lat' dir='ltr'><strong>eadem</strong></span> <span class='ocrx_word' id='word_1_358' title='bbox 2227 1869 2354 1908; x_wconf 89' lang='lat' dir='ltr'><strong>arca</strong></span> <span class='ocrx_word' id='word_1_359' title='bbox 2394 1854 2542 1923; x_wconf 80' lang='lat' dir='ltr'><strong>virga</strong></span> <span class='ocrx_word' id='word_1_360' title='bbox 2563 1853 2763 1919; x_wconf 85' lang='lat' dir='ltr'><strong>Aaron,</strong></span> <span class='ocrx_word' id='word_1_361' title='bbox 2803 1869 2926 1922; x_wconf 70' lang='lat' dir='ltr'><strong>qua:</strong></span> <span class='ocrx_word' id='word_1_362' title='bbox 2971 1851 3308 1918; x_wconf 82' lang='lat' dir='ltr'><strong>fronduerat,</strong></span> <span class='ocrx_word' id='word_1_363' title='bbox 3338 1851 3390 1905; x_wconf 93' lang='lat' dir='ltr'><strong>id</strong></span> <span class='ocrx_word' id='word_1_364' title='bbox 3428 1860 3514 1906; x_wconf 85' lang='lat' dir='ltr'><strong>est</strong></span> 
     </span>
    </p>
   </div>
   <div class='ocr_carea' id='block_1_49' title="bbox 1921 1942 3512 2016">
    <p class='ocr_par' dir='ltr' id='par_1_49' title="bbox 1921 1942 3512 2016">
     <span class='ocr_line' id='line_1_54' title="bbox 1921 1942 3512 2016; baseline -0.003 -16"><span class='ocrx_word' id='word_1_365' title='bbox 1921 1961 2019 2016; x_wconf 88' lang='lat' dir='ltr'><strong>per</strong></span> <span class='ocrx_word' id='word_1_366' title='bbox 2044 1961 2208 2015; x_wconf 90' lang='lat' dir='ltr'><strong>quam</strong></span> <span class='ocrx_word' id='word_1_367' title='bbox 2251 1945 2456 2000; x_wconf 86' lang='lat' dir='ltr'><strong>electus</strong></span> <span class='ocrx_word' id='word_1_368' title='bbox 2507 1955 2592 1999; x_wconf 90' lang='lat' dir='ltr'><strong>est</strong></span> <span class='ocrx_word' id='word_1_369' title='bbox 2639 1945 2694 1998; x_wconf 91' lang='lat' dir='ltr'><strong>in</strong></span> <span class='ocrx_word' id='word_1_370' title='bbox 2733 1945 3091 2009; x_wconf 87' lang='lat' dir='ltr'><strong>sacerdotem,</strong></span> <span class='ocrx_word' id='word_1_371' title='bbox 3133 1948 3199 2012; x_wconf 66' lang='lat' dir='ltr'><strong>et;</strong></span> <span class='ocrx_word' id='word_1_372' title='bbox 3227 1951 3383 1998; x_wconf 82' lang='lat' dir='ltr'><strong>erant</strong></span> <span class='ocrx_word' id='word_1_373' title='bbox 3413 1942 3512 1996; x_wconf 81' lang='lat' dir='ltr'><strong>ibi-</strong></span> 
     </span>
    </p>
   </div>
   <div class='ocr_carea' id='block_1_50' title="bbox 1924 2033 3514 2104">
    <p class='ocr_par' dir='ltr' id='par_1_50' title="bbox 1924 2033 3514 2104">
     <span class='ocr_line' id='line_1_55' title="bbox 1924 2033 3514 2104; baseline -0.004 -12"><span class='ocrx_word' id='word_1_374' title='bbox 1924 2037 2049 2092; x_wconf 92' lang='lat' dir='ltr'><strong>dem</strong></span> <span class='ocrx_word' id='word_1_375' title='bbox 2085 2037 2280 2091; x_wconf 67' lang='lat' dir='ltr'><strong>tabulre</strong></span> <span class='ocrx_word' id='word_1_376' title='bbox 2307 2037 2628 2103; x_wconf 80' lang='lat' dir='ltr'><strong>testamenti,</strong></span> <span class='ocrx_word' id='word_1_377' title='bbox 2654 2036 2710 2089; x_wconf 94' lang='lat' dir='ltr'><strong>in</strong></span> <span class='ocrx_word' id='word_1_378' title='bbox 2741 2035 2940 2104; x_wconf 89' lang='lat' dir='ltr'><strong>quibus</strong></span> <span class='ocrx_word' id='word_1_379' title='bbox 2965 2035 3050 2088; x_wconf 86' lang='lat' dir='ltr'><strong>lex</strong></span> <span class='ocrx_word' id='word_1_380' title='bbox 3075 2035 3278 2104; x_wconf 90' lang='lat' dir='ltr'><strong>scripta</strong></span> <span class='ocrx_word' id='word_1_381' title='bbox 3307 2033 3431 2100; x_wconf 88' lang='lat' dir='ltr'><strong>fuit,</strong></span> <span class='ocrx_word' id='word_1_382' title='bbox 3463 2042 3514 2087; x_wconf 85' lang='lat' dir='ltr'><strong>ct</strong></span> 
     </span>
    </p>
   </div>
   <div class='ocr_carea' id='block_1_51' title="bbox 1925 2125 3509 2199">
    <p class='ocr_par' dir='ltr' id='par_1_51' title="bbox 1925 2125 3509 2199">
     <span class='ocr_line' id='line_1_56' title="bbox 1925 2125 3509 2199; baseline -0.003 -17"><span class='ocrx_word' id='word_1_383' title='bbox 1925 2145 2080 2199; x_wconf 82' lang='lat' dir='ltr'><strong>super</strong></span> <span class='ocrx_word' id='word_1_384' title='bbox 2103 2146 2219 2183; x_wconf 82' lang='lat' dir='ltr'><strong>eum</strong></span> <span class='ocrx_word' id='word_1_385' title='bbox 2243 2144 2426 2182; x_wconf 89' lang='lat' dir='ltr'><strong>arcam</strong></span> <span class='ocrx_word' id='word_1_386' title='bbox 2448 2137 2603 2182; x_wconf 90' lang='lat' dir='ltr'><strong>erant</strong></span> <span class='ocrx_word' id='word_1_387' title='bbox 2633 2127 2920 2193; x_wconf 81' lang='lat' dir='ltr'><strong>cherubim,</strong></span> <span class='ocrx_word' id='word_1_388' title='bbox 2959 2126 3014 2181; x_wconf 89' lang='lat' dir='ltr'><strong>id</strong></span> <span class='ocrx_word' id='word_1_389' title='bbox 3044 2135 3130 2181; x_wconf 90' lang='lat' dir='ltr'><strong>est</strong></span> <span class='ocrx_word' id='word_1_390' title='bbox 3157 2126 3268 2180; x_wconf 92' lang='lat' dir='ltr'><strong>duo</strong></span> <span class='ocrx_word' id='word_1_391' title='bbox 3309 2125 3509 2196; x_wconf 86' lang='lat' dir='ltr'><strong>angeli.</strong></span> 
     </span>
    </p>
   </div>
   <div class='ocr_carea' id='block_1_52' title="bbox 1922 2219 3515 2294">
    <p class='ocr_par' dir='ltr' id='par_1_52' title="bbox 1922 2219 3515 2294">
     <span class='ocr_line' id='line_1_57' title="bbox 1922 2219 3515 2294; baseline -0.004 -17"><span class='ocrx_word' id='word_1_392' title='bbox 1922 2221 2221 2278; x_wconf 69' lang='lat' dir='ltr'><strong>Cherubin]</strong></span> <span class='ocrx_word' id='word_1_393' title='bbox 2246 2223 2371 2278; x_wconf 91' lang='lat' dir='ltr'><strong>dico</strong></span> <span class='ocrx_word' id='word_1_394' title='bbox 2397 2224 2604 2294; x_wconf 79' lang='lat' dir='ltr'><strong>gloriw,</strong></span> <span class='ocrx_word' id='word_1_395' title='bbox 2641 2222 2695 2276; x_wconf 92' lang='lat' dir='ltr'><strong>id</strong></span> <span class='ocrx_word' id='word_1_396' title='bbox 2731 2228 2815 2276; x_wconf 89' lang='lat' dir='ltr'><strong>est</strong></span> <span class='ocrx_word' id='word_1_397' title='bbox 2854 2219 3092 2291; x_wconf 89' lang='lat' dir='ltr'><strong>gloriose</strong></span> <span class='ocrx_word' id='word_1_398' title='bbox 3129 2219 3408 2280; x_wconf 89' lang='lat' dir='ltr'><strong>decorata,</strong></span> <span class='ocrx_word' id='word_1_399' title='bbox 3457 2227 3515 2272; x_wconf 92' lang='lat' dir='ltr'><strong>et</strong></span> 
     </span>
    </p>
   </div>
   <div class='ocr_carea' id='block_1_53' title="bbox 1927 2309 3509 2382">
    <p class='ocr_par' dir='ltr' id='par_1_53' title="bbox 1927 2309 3509 2382">
     <span class='ocr_line' id='line_1_58' title="bbox 1927 2309 3509 2382; baseline -0.004 -11"><span class='ocrx_word' id='word_1_400' title='bbox 1927 2316 2019 2371; x_wconf 89' lang='lat' dir='ltr'><strong>illa</strong></span> <span class='ocrx_word' id='word_1_401' title='bbox 2041 2316 2338 2371; x_wconf 87' lang='lat' dir='ltr'><strong>Cherubim</strong></span> <span class='ocrx_word' id='word_1_402' title='bbox 2362 2326 2518 2371; x_wconf 86' lang='lat' dir='ltr'><strong>erant</strong></span> <span class='ocrx_word' id='word_1_403' title='bbox 2535 2314 2904 2368; x_wconf 84' lang='lat' dir='ltr'><strong>obumbrantia</strong></span> <span class='ocrx_word' id='word_1_404' title='bbox 2916 2312 3371 2382; x_wconf 85' lang='lat' dir='ltr'><strong>propitiatorium.</strong></span> <span class='ocrx_word' id='word_1_405' title='bbox 3400 2309 3509 2364; x_wconf 92' lang='lat' dir='ltr'><strong>Ta-</strong></span> 
     </span>
    </p>
   </div>
   <div class='ocr_carea' id='block_1_54' title="bbox 1927 2399 3518 2476">
    <p class='ocr_par' dir='ltr' id='par_1_54' title="bbox 1927 2399 3518 2476">
     <span class='ocr_line' id='line_1_59' title="bbox 1927 2399 3518 2476; baseline -0.006 -14"><span class='ocrx_word' id='word_1_406' title='bbox 1927 2407 2052 2462; x_wconf 88' lang='lat' dir='ltr'><strong>bula</strong></span> <span class='ocrx_word' id='word_1_407' title='bbox 2085 2415 2204 2462; x_wconf 86' lang='lat' dir='ltr'><strong>erat</strong></span> <span class='ocrx_word' id='word_1_408' title='bbox 2257 2421 2421 2476; x_wconf 86' lang='lat' dir='ltr'><strong>super</strong></span> <span class='ocrx_word' id='word_1_409' title='bbox 2465 2420 2651 2461; x_wconf 90' lang='lat' dir='ltr'><strong>arcam</strong></span> <span class='ocrx_word' id='word_1_410' title='bbox 2694 2419 2818 2473; x_wconf 74' lang='lat' dir='ltr'><strong>quae</strong></span> <span class='ocrx_word' id='word_1_411' title='bbox 2858 2401 3141 2456; x_wconf 89' lang='lat' dir='ltr'><strong>dicebatur</strong></span> <span class='ocrx_word' id='word_1_412' title='bbox 3192 2399 3518 2470; x_wconf 87' lang='lat' dir='ltr'><strong>propitiato-</strong></span> 
     </span>
    </p>
   </div>
   <div class='ocr_carea' id='block_1_55' title="bbox 1928 2491 3518 2568">
    <p class='ocr_par' dir='ltr' id='par_1_55' title="bbox 1928 2491 3518 2568">
     <span class='ocr_line' id='line_1_60' title="bbox 1928 2491 3518 2568; baseline -0.006 -14"><span class='ocrx_word' id='word_1_413' title='bbox 1928 2501 2094 2566; x_wconf 89' lang='lat' dir='ltr'><strong>rium,</strong></span> <span class='ocrx_word' id='word_1_414' title='bbox 2137 2515 2203 2554; x_wconf 87' lang='lat' dir='ltr'><strong>eo</strong></span> <span class='ocrx_word' id='word_1_415' title='bbox 2234 2498 2378 2568; x_wconf 90' lang='lat' dir='ltr'><strong>quod</strong></span> <span class='ocrx_word' id='word_1_416' title='bbox 2413 2497 2554 2552; x_wconf 89' lang='lat' dir='ltr'><strong>inter</strong></span> <span class='ocrx_word' id='word_1_417' title='bbox 2593 2496 2704 2552; x_wconf 91' lang='lat' dir='ltr'><strong>duo</strong></span> <span class='ocrx_word' id='word_1_418' title='bbox 2737 2495 3021 2550; x_wconf 89' lang='lat' dir='ltr'><strong>cherubim</strong></span> <span class='ocrx_word' id='word_1_419' title='bbox 3060 2507 3226 2561; x_wconf 90' lang='lat' dir='ltr'><strong>super</strong></span> <span class='ocrx_word' id='word_1_420' title='bbox 3265 2491 3518 2546; x_wconf 88' lang='lat' dir='ltr'><strong>eamdem</strong></span> 
     </span>
    </p>
   </div>
   <div class='ocr_carea' id='block_1_56' title="bbox 1929 2583 3521 2659">
    <p class='ocr_par' dir='ltr' id='par_1_56' title="bbox 1929 2583 3521 2659">
     <span class='ocr_line' id='line_1_61' title="bbox 1929 2583 3521 2659; baseline -0.007 -12"><span class='ocrx_word' id='word_1_421' title='bbox 1929 2593 2172 2647; x_wconf 87' lang='lat' dir='ltr'><strong>tabulam</strong></span> <span class='ocrx_word' id='word_1_422' title='bbox 2198 2591 2411 2646; x_wconf 90' lang='lat' dir='ltr'><strong>conﬁxa</strong></span> <span class='ocrx_word' id='word_1_423' title='bbox 2435 2604 2696 2659; x_wconf 90' lang='lat' dir='ltr'><strong>apparere</strong></span> <span class='ocrx_word' id='word_1_424' title='bbox 2735 2587 2946 2643; x_wconf 89' lang='lat' dir='ltr'><strong>solebat</strong></span> <span class='ocrx_word' id='word_1_425' title='bbox 2981 2584 3229 2655; x_wconf 83' lang='lat' dir='ltr'><strong>angelus,</strong></span> <span class='ocrx_word' id='word_1_426' title='bbox 3268 2583 3521 2651; x_wconf 73' lang='lat' dir='ltr'><strong>daus,di-</strong></span> 
     </span>
    </p>
   </div>
   <div class='ocr_carea' id='block_1_57' title="bbox 1930 2677 3522 2754">
    <p class='ocr_par' dir='ltr' id='par_1_57' title="bbox 1930 2677 3522 2754">
     <span class='ocr_line' id='line_1_62' title="bbox 1930 2677 3522 2754; baseline -0.007 -15"><span class='ocrx_word' id='word_1_427' title='bbox 1930 2684 2057 2739; x_wconf 88' lang='lat' dir='ltr'><strong>vina</strong></span> <span class='ocrx_word' id='word_1_428' title='bbox 2089 2698 2373 2754; x_wconf 88' lang='lat' dir='ltr'><strong>responsa.</strong></span> <span class='ocrx_word' id='word_1_429' title='bbox 2403 2681 2470 2735; x_wconf 87' lang='lat' dir='ltr'><strong>Et</strong></span> <span class='ocrx_word' id='word_1_430' title='bbox 2499 2682 2553 2735; x_wconf 91' lang='lat' dir='ltr'><strong>in</strong></span> <span class='ocrx_word' id='word_1_431' title='bbox 2587 2681 2693 2735; x_wconf 90' lang='lat' dir='ltr'><strong>hoc</strong></span> <span class='ocrx_word' id='word_1_432' title='bbox 2731 2678 2974 2734; x_wconf 85' lang='lat' dir='ltr'><strong>secundo</strong></span> <span class='ocrx_word' id='word_1_433' title='bbox 3014 2677 3373 2732; x_wconf 86' lang='lat' dir='ltr'><strong>tabernaculo</strong></span> <span class='ocrx_word' id='word_1_434' title='bbox 3404 2682 3522 2729; x_wconf 89' lang='lat' dir='ltr'><strong>erat</strong></span> 
     </span>
    </p>
   </div>
   <div class='ocr_carea' id='block_1_58' title="bbox 1933 2765 3522 2841">
    <p class='ocr_par' dir='ltr' id='par_1_58' title="bbox 1933 2765 3522 2841">
     <span class='ocr_line' id='line_1_63' title="bbox 1933 2765 3522 2841; baseline -0.008 -10"><span class='ocrx_word' id='word_1_435' title='bbox 1933 2777 2102 2831; x_wconf 90' lang='lat' dir='ltr'><strong>altare</strong></span> <span class='ocrx_word' id='word_1_436' title='bbox 2128 2772 2368 2839; x_wconf 90' lang='lat' dir='ltr'><strong>incensi;</strong></span> <span class='ocrx_word' id='word_1_437' title='bbox 2403 2772 2457 2825; x_wconf 93' lang='lat' dir='ltr'><strong>in</strong></span> <span class='ocrx_word' id='word_1_438' title='bbox 2485 2771 2686 2841; x_wconf 88' lang='lat' dir='ltr'><strong>templo</strong></span> <span class='ocrx_word' id='word_1_439' title='bbox 2705 2785 2835 2825; x_wconf 86' lang='lat' dir='ltr'><strong>vero</strong></span> <span class='ocrx_word' id='word_1_440' title='bbox 2857 2777 3013 2823; x_wconf 88' lang='lat' dir='ltr'><strong>erant</strong></span> <span class='ocrx_word' id='word_1_441' title='bbox 3035 2769 3144 2822; x_wconf 90' lang='lat' dir='ltr'><strong>duo</strong></span> <span class='ocrx_word' id='word_1_442' title='bbox 3170 2765 3522 2821; x_wconf 86' lang='lat' dir='ltr'><strong>tabernacula</strong></span> 
     </span>
    </p>
   </div>
   <div class='ocr_carea' id='block_1_59' title="bbox 1932 2853 3668 2937">
    <p class='ocr_par' dir='ltr' id='par_1_59' title="bbox 1932 2853 3668 2937">
     <span class='ocr_line' id='line_1_64' title="bbox 1932 2853 3668 2937; baseline -0.01 -15"><span class='ocrx_word' id='word_1_443' title='bbox 1932 2883 2054 2937; x_wconf 72' lang='lat' dir='ltr'><strong>qua:</strong></span> <span class='ocrx_word' id='word_1_444' title='bbox 2081 2867 2259 2920; x_wconf 88' lang='lat' dir='ltr'><strong>velum</strong></span> <span class='ocrx_word' id='word_1_445' title='bbox 2299 2863 2682 2934; x_wconf 87' lang='lat' dir='ltr'><strong>interpositum</strong></span> <span class='ocrx_word' id='word_1_446' title='bbox 2729 2861 3024 2915; x_wconf 86' lang='lat' dir='ltr'><strong>dividebat.</strong></span> <span class='ocrx_word' id='word_1_447' title='bbox 3067 2858 3198 2913; x_wconf 87' lang='lat' dir='ltr'><strong>Erat</strong></span> <span class='ocrx_word' id='word_1_448' title='bbox 3249 2857 3303 2911; x_wconf 91' lang='lat' dir='ltr'><strong>in</strong></span> <span class='ocrx_word' id='word_1_449' title='bbox 3336 2857 3515 2925; x_wconf 89' lang='lat' dir='ltr'><strong>primo</strong></span> <span class='ocrx_word' id='word_1_450' title='bbox 3576 2931 3581 2935; x_wconf 26' lang='grc' dir='ltr'><strong><em>Ι</em></strong></span> <span class='ocrx_word' id='word_1_451' title='bbox 3650 2853 3668 2873; x_wconf 83' lang='grc'><strong>’</strong></span> 
     </span>
    </p>
   </div>
   <div class='ocr_carea' id='block_1_60' title="bbox 1931 2954 3524 3027">
    <p class='ocr_par' dir='ltr' id='par_1_60' title="bbox 1931 2954 3524 3027">
     <span class='ocr_line' id='line_1_65' title="bbox 1931 2954 3524 3027; baseline -0.01 -12"><span class='ocrx_word' id='word_1_452' title='bbox 1931 2958 2286 3015; x_wconf 87' lang='lat' dir='ltr'><strong>tabernaculo</strong></span> <span class='ocrx_word' id='word_1_453' title='bbox 2329 2957 2486 3027; x_wconf 81' lang='lat' dir='ltr'><strong>juxta</strong></span> <span class='ocrx_word' id='word_1_454' title='bbox 2518 2954 2805 3009; x_wconf 89' lang='lat' dir='ltr'><strong>introitum</strong></span> <span class='ocrx_word' id='word_1_455' title='bbox 2851 2966 3064 3019; x_wconf 84' lang='lat' dir='ltr'><strong>mensa,</strong></span> <span class='ocrx_word' id='word_1_456' title='bbox 3109 2959 3163 3004; x_wconf 90' lang='lat' dir='ltr'><strong>et</strong></span> <span class='ocrx_word' id='word_1_457' title='bbox 3204 2963 3368 3018; x_wconf 86' lang='lat' dir='ltr'><strong>super</strong></span> <span class='ocrx_word' id='word_1_458' title='bbox 3401 2962 3524 3000; x_wconf 90' lang='lat' dir='ltr'><strong>eam</strong></span> 
     </span>
    </p>
   </div>
   <div class='ocr_carea' id='block_1_61' title="bbox 1934 3039 3520 3120">
    <p class='ocr_par' dir='ltr' id='par_1_61' title="bbox 1934 3039 3520 3120">
     <span class='ocr_line' id='line_1_66' title="bbox 1934 3039 3520 3120; baseline -0.01 -12"><span class='ocrx_word' id='word_1_459' title='bbox 1934 3050 2222 3108; x_wconf 86' lang='lat' dir='ltr'><strong>duodecim</strong></span> <span class='ocrx_word' id='word_1_460' title='bbox 2268 3064 2456 3120; x_wconf 89' lang='lat' dir='ltr'><strong>panes,</strong></span> <span class='ocrx_word' id='word_1_461' title='bbox 2490 3055 2544 3102; x_wconf 84' lang='lat' dir='ltr'><strong>et</strong></span> <span class='ocrx_word' id='word_1_462' title='bbox 2596 3062 2762 3117; x_wconf 89' lang='lat' dir='ltr'><strong>super</strong></span> <span class='ocrx_word' id='word_1_463' title='bbox 2810 3044 3059 3116; x_wconf 77' lang='lat' dir='ltr'><strong>singulos</strong></span> <span class='ocrx_word' id='word_1_464' title='bbox 3137 3055 3328 3096; x_wconf 81' lang='lat' dir='ltr'><strong>eorum</strong></span> <span class='ocrx_word' id='word_1_465' title='bbox 3371 3039 3520 3094; x_wconf 87' lang='lat' dir='ltr'><strong>thus.</strong></span> 
     </span>
    </p>
   </div>
   <div class='ocr_carea' id='block_1_62' title="bbox 243 3133 3527 3217">
    <p class='ocr_par' dir='ltr' id='par_1_62' title="bbox 243 3133 3527 3217">
     <span class='ocr_line' id='line_1_67' title="bbox 243 3133 3527 3217; baseline -0.006 -13"><span class='ocrx_word' id='word_1_466' title='bbox 243 3162 265 3193; x_wconf 68' lang='grc' dir='ltr'><strong>ι</strong></span> <span class='ocrx_word' id='word_1_467' title='bbox 313 3139 798 3213; x_wconf 68' lang='lat' dir='ltr'><strong>[destructionem]</strong></span> <span class='ocrx_word' id='word_1_468' title='bbox 841 3139 1049 3209; x_wconf 67' lang='grc' dir='ltr'><strong>βεϐαιιὶ</strong></span> <span class='ocrx_word' id='word_1_469' title='bbox 1076 3153 1173 3209; x_wconf 70' lang='lat' dir='ltr'><strong>per</strong></span> <span class='ocrx_word' id='word_1_470' title='bbox 1203 3138 1442 3193; x_wconf 76' lang='lat' dir='ltr'><strong>hOSliam</strong></span> <span class='ocrx_word' id='word_1_471' title='bbox 1465 3152 1622 3193; x_wconf 78' lang='lat' dir='ltr'><strong>suam</strong></span> <span class='ocrx_word' id='word_1_472' title='bbox 1662 3151 1830 3207; x_wconf 73' lang='lat' dir='ltr'><strong>appa-</strong></span> <span class='ocrx_word' id='word_1_473' title='bbox 1857 3153 1903 3217; x_wconf 72' lang='grc' dir='ltr'>ο</span> <span class='ocrx_word' id='word_1_474' title='bbox 1934 3143 2066 3199; x_wconf 86' lang='lat' dir='ltr'><strong>Erat</strong></span> <span class='ocrx_word' id='word_1_475' title='bbox 2095 3150 2149 3199; x_wconf 89' lang='lat' dir='ltr'><strong>et</strong></span> <span class='ocrx_word' id='word_1_476' title='bbox 2179 3141 2568 3197; x_wconf 88' lang='lat' dir='ltr'><strong>candelabrum</strong></span> <span class='ocrx_word' id='word_1_477' title='bbox 2598 3155 2662 3194; x_wconf 86' lang='lat' dir='ltr'><strong>ex</strong></span> <span class='ocrx_word' id='word_1_478' title='bbox 2701 3154 2810 3193; x_wconf 91' lang='lat' dir='ltr'><strong>una</strong></span> <span class='ocrx_word' id='word_1_479' title='bbox 2852 3151 3093 3207; x_wconf 89' lang='lat' dir='ltr'><strong>quaque,</strong></span> <span class='ocrx_word' id='word_1_480' title='bbox 3128 3142 3281 3205; x_wconf 90' lang='lat' dir='ltr'><strong>parte</strong></span> <span class='ocrx_word' id='word_1_481' title='bbox 3317 3133 3527 3186; x_wconf 89' lang='lat' dir='ltr'><strong>habens</strong></span> 
     </span>
    </p>
   </div>
   <div class='ocr_carea' id='block_1_63' title="bbox 172 3227 1831 3305">
    <p class='ocr_par' dir='ltr' id='par_1_63' title="bbox 172 3227 1831 3305">
     <span class='ocr_line' id='line_1_68' title="bbox 172 3227 1831 3305; baseline -0.002 -20"><span class='ocrx_word' id='word_1_482' title='bbox 172 3300 180 3305; x_wconf 25' lang='grc'><strong><em>1</em></strong></span> <span class='ocrx_word' id='word_1_483' title='bbox 245 3255 266 3284; x_wconf 75' lang='grc' dir='ltr'>ι</span> <span class='ocrx_word' id='word_1_484' title='bbox 316 3232 449 3285; x_wconf 87' lang='lat' dir='ltr'><strong>ruit.</strong></span> <span class='ocrx_word' id='word_1_485' title='bbox 488 3229 554 3284; x_wconf 87' lang='lat' dir='ltr'><strong>Et</strong></span> <span class='ocrx_word' id='word_1_486' title='bbox 583 3230 1046 3300; x_wconf 89' lang='lat' dir='ltr'><strong>quemadmodum</strong></span> <span class='ocrx_word' id='word_1_487' title='bbox 1089 3237 1356 3285; x_wconf 87' lang='lat' dir='ltr'><strong>statutum</strong></span> <span class='ocrx_word' id='word_1_488' title='bbox 1401 3237 1485 3283; x_wconf 87' lang='lat' dir='ltr'><strong>est</strong></span> <span class='ocrx_word' id='word_1_489' title='bbox 1515 3227 1831 3282; x_wconf 91' lang='lat' dir='ltr'><strong>hominibus</strong></span> 
     </span>
    </p>
   </div>
   <div class='ocr_carea' id='block_1_64' title="bbox 247 3317 1835 3391">
    <p class='ocr_par' dir='ltr' id='par_1_64' title="bbox 247 3317 1835 3391">
     <span class='ocr_line' id='line_1_69' title="bbox 247 3317 1835 3391; baseline -0.001 -18"><span class='ocrx_word' id='word_1_490' title='bbox 247 3343 267 3373; x_wconf 70' lang='grc' dir='ltr'><strong>ε</strong></span> <span class='ocrx_word' id='word_1_491' title='bbox 316 3323 492 3378; x_wconf 89' lang='lat' dir='ltr'><strong>semel</strong></span> <span class='ocrx_word' id='word_1_492' title='bbox 532 3323 696 3389; x_wconf 89' lang='lat' dir='ltr'><strong>mori,</strong></span> <span class='ocrx_word' id='word_1_493' title='bbox 744 3329 866 3391; x_wconf 90' lang='lat' dir='ltr'><strong>post</strong></span> <span class='ocrx_word' id='word_1_494' title='bbox 923 3321 1030 3375; x_wconf 87' lang='lat' dir='ltr'><strong>hoc</strong></span> <span class='ocrx_word' id='word_1_495' title='bbox 1073 3327 1258 3374; x_wconf 87' lang='lat' dir='ltr'><strong>autem</strong></span> <span class='ocrx_word' id='word_1_496' title='bbox 1317 3317 1622 3388; x_wconf 87' lang='lat' dir='ltr'><strong>judicium;</strong></span> <span class='ocrx_word' id='word_1_497' title='bbox 1664 3317 1746 3372; x_wconf 90' lang='lat' dir='ltr'><strong>sic</strong></span> <span class='ocrx_word' id='word_1_498' title='bbox 1779 3325 1835 3372; x_wconf 91' lang='lat' dir='ltr'><strong>et</strong></span> 
     </span>
    </p>
   </div>
   <div class='ocr_carea' id='block_1_65' title="bbox 246 3409 1836 3470">
    <p class='ocr_par' dir='ltr' id='par_1_65' title="bbox 246 3409 1836 3470">
     <span class='ocr_line' id='line_1_70' title="bbox 246 3409 1836 3470; baseline -0.004 -2"><span class='ocrx_word' id='word_1_499' title='bbox 246 3437 267 3468; x_wconf 73' lang='grc' dir='ltr'><strong>ς</strong></span> <span class='ocrx_word' id='word_1_500' title='bbox 315 3414 575 3470; x_wconf 88' lang='lat' dir='ltr'><strong>Christus</strong></span> <span class='ocrx_word' id='word_1_501' title='bbox 613 3415 781 3470; x_wconf 85' lang='lat' dir='ltr'><strong>semel</strong></span> <span class='ocrx_word' id='word_1_502' title='bbox 809 3413 1028 3468; x_wconf 88' lang='lat' dir='ltr'><strong>oblatus</strong></span> <span class='ocrx_word' id='word_1_503' title='bbox 1067 3420 1151 3468; x_wconf 91' lang='lat' dir='ltr'><strong>est</strong></span> <span class='ocrx_word' id='word_1_504' title='bbox 1187 3410 1258 3466; x_wconf 85' lang='lat' dir='ltr'><strong>ad</strong></span> <span class='ocrx_word' id='word_1_505' title='bbox 1294 3410 1596 3466; x_wconf 90' lang='lat' dir='ltr'><strong>multorum</strong></span> <span class='ocrx_word' id='word_1_506' title='bbox 1633 3409 1836 3464; x_wconf 87' lang='lat' dir='ltr'><strong>exhau-</strong></span> 
     </span>
    </p>
   </div>
   <div class='ocr_carea' id='block_1_66' title="bbox 248 3503 1838 3578">
    <p class='ocr_par' dir='ltr' id='par_1_66' title="bbox 248 3503 1838 3578">
     <span class='ocr_line' id='line_1_71' title="bbox 248 3503 1838 3578; baseline -0.003 -16"><span class='ocrx_word' id='word_1_507' title='bbox 248 3529 267 3562; x_wconf 75' lang='grc' dir='ltr'><strong>ς</strong></span> <span class='ocrx_word' id='word_1_508' title='bbox 319 3507 512 3563; x_wconf 90' lang='lat' dir='ltr'><strong>rienda</strong></span> <span class='ocrx_word' id='word_1_509' title='bbox 548 3516 793 3578; x_wconf 88' lang='lat' dir='ltr'><strong>peccata.</strong></span> <span class='ocrx_word' id='word_1_510' title='bbox 839 3506 1094 3562; x_wconf 85' lang='lat' dir='ltr'><strong>Secundo</strong></span> <span class='ocrx_word' id='word_1_511' title='bbox 1129 3505 1249 3560; x_wconf 91' lang='lat' dir='ltr'><strong>sine</strong></span> <span class='ocrx_word' id='word_1_512' title='bbox 1280 3513 1505 3576; x_wconf 89' lang='lat' dir='ltr'><strong>peccato</strong></span> <span class='ocrx_word' id='word_1_513' title='bbox 1552 3503 1838 3574; x_wconf 89' lang='lat' dir='ltr'><strong>apparebit</strong></span> 
     </span>
    </p>
   </div>
   <div class='ocr_carea' id='block_1_67' title="bbox 248 3596 1838 3762">
    <p class='ocr_par' dir='ltr' id='par_1_67' title="bbox 248 3596 1838 3762">
     <span class='ocr_line' id='line_1_72' title="bbox 248 3596 1838 3762; baseline 0 -109"><span class='ocrx_word' id='word_1_514' title='bbox 248 3621 269 3652; x_wconf 75' lang='grc' dir='ltr'>ι</span> <span class='ocrx_word' id='word_1_515' title='bbox 315 3601 762 3762; x_wconf 56' lang='grc' dir='ltr'><strong>ειερεῖῑιωιὶιιυε</strong></span> <span class='ocrx_word' id='word_1_516' title='bbox 786 3616 846 3656; x_wconf 91' lang='lat' dir='ltr'><strong>se</strong></span> <span class='ocrx_word' id='word_1_517' title='bbox 872 3601 930 3656; x_wconf 91' lang='lat' dir='ltr'><strong>in</strong></span> <span class='ocrx_word' id='word_1_518' title='bbox 957 3601 1190 3657; x_wconf 88' lang='lat' dir='ltr'><strong>salutem</strong></span> <span class='ocrx_word' id='word_1_519' title='bbox 1220 3615 1314 3670; x_wconf 91' lang='lat' dir='ltr'><strong>per</strong></span> <span class='ocrx_word' id='word_1_520' title='bbox 1345 3598 1505 3654; x_wconf 90' lang='lat' dir='ltr'><strong>ﬁdem</strong></span> <span class='ocrx_word' id='word_1_521' title='bbox 1537 3596 1706 3671; x_wconf 82' lang='lat' dir='ltr'><strong>[deest</strong></span> <span class='ocrx_word' id='word_1_522' title='bbox 1741 3612 1838 3668; x_wconf 90' lang='lat' dir='ltr'><strong>per</strong></span> 
     </span>
     <span class='ocr_line' id='line_1_73' title="bbox 249 3688 586 3745; baseline 0.006 -6"><span class='ocrx_word' id='word_1_523' title='bbox 249 3711 270 3739; x_wconf 76' lang='grc' dir='ltr'>ι</span> <span class='ocrx_word' id='word_1_524' title='bbox 317 3688 480 3745; x_wconf 89' lang='lat' dir='ltr'><strong>ﬁdem</strong></span> <span class='ocrx_word' id='word_1_525' title='bbox 515 3730 529 3742; x_wconf 92' lang='lat'><strong>.</strong></span> <span class='ocrx_word' id='word_1_526' title='bbox 565 3707 586 3741; x_wconf 66' lang='grc' dir='ltr'>δ</span> 
     </span>
    </p>
   </div>
   <div class='ocr_carea' id='block_1_68' title="bbox 249 3688 586 3745">
    <p class='ocr_par' dir='ltr' id='par_1_68' title="bbox 249 3688 586 3745">
     <span class='ocr_line' id='line_1_74' title="bbox 249 3688 586 3745; baseline 0.006 -6"><span class='ocrx_word' id='word_1_527' title='bbox 249 3711 270 3739; x_wconf 76' lang='grc' dir='ltr'>ι</span> <span class='ocrx_word' id='word_1_528' title='bbox 317 3688 529 3745; x_wconf 72' lang='lat' dir='ltr'><strong>ﬁdem].</strong></span> <span class='ocrx_word' id='word_1_529' title='bbox 565 3707 586 3741; x_wconf 68' lang='grc' dir='ltr'><strong><em>ι</em></strong></span> 
     </span>
    </p>
   </div>
   <div class='ocr_carea' id='block_1_69' title="bbox 897 3795 1203 3837">
    <p class='ocr_par' dir='ltr' id='par_1_69' title="bbox 897 3795 1203 3837">
     <span class='ocr_line' id='line_1_75' title="bbox 897 3795 1203 3837; baseline 0 -2"><span class='ocrx_word' id='word_1_530' title='bbox 897 3795 1203 3837; x_wconf 75' lang='lat' dir='ltr'><strong>EXPOSITIO.</strong></span> 
     </span>
    </p>
   </div>
   <div class='ocr_carea' id='block_1_70' title="bbox 325 3869 1837 3941">
    <p class='ocr_par' dir='ltr' id='par_1_70' title="bbox 325 3869 1837 3941">
     <span class='ocr_line' id='line_1_76' title="bbox 325 3869 1837 3941; baseline -0.003 -15"><span class='ocrx_word' id='word_1_531' title='bbox 325 3869 437 3926; x_wconf 85' lang='lat' dir='ltr'><strong>Sed</strong></span> <span class='ocrx_word' id='word_1_532' title='bbox 464 3870 593 3927; x_wconf 88' lang='lat' dir='ltr'><strong>licet</strong></span> <span class='ocrx_word' id='word_1_533' title='bbox 613 3871 767 3941; x_wconf 90' lang='lat' dir='ltr'><strong>prius</strong></span> <span class='ocrx_word' id='word_1_534' title='bbox 797 3880 1184 3927; x_wconf 80' lang='lat' dir='ltr'><strong>testamentum</strong></span> <span class='ocrx_word' id='word_1_535' title='bbox 1215 3870 1286 3926; x_wconf 91' lang='lat' dir='ltr'><strong>sit</strong></span> <span class='ocrx_word' id='word_1_536' title='bbox 1327 3885 1496 3941; x_wconf 89' lang='lat' dir='ltr'><strong>prope</strong></span> <span class='ocrx_word' id='word_1_537' title='bbox 1528 3869 1837 3936; x_wconf 88' lang='lat' dir='ltr'><strong>interitum;</strong></span> 
     </span>
    </p>
   </div>
   <div class='ocr_carea' id='block_1_71' title="bbox 248 3960 1840 4034">
    <p class='ocr_par' dir='ltr' id='par_1_71' title="bbox 248 3960 1840 4034">
     <span class='ocr_line' id='line_1_77' title="bbox 248 3960 1840 4034; baseline -0.004 -15"><span class='ocrx_word' id='word_1_538' title='bbox 248 3974 438 4019; x_wconf 86' lang='lat' dir='ltr'><strong>tamen</strong></span> <span class='ocrx_word' id='word_1_539' title='bbox 468 3963 654 4017; x_wconf 84' lang='lat' dir='ltr'><strong>habuit</strong></span> <span class='ocrx_word' id='word_1_540' title='bbox 684 3963 897 4034; x_wconf 84' lang='lat' dir='ltr'><strong>quidem</strong></span> <span class='ocrx_word' id='word_1_541' title='bbox 924 3963 1089 4018; x_wconf 89' lang='lat' dir='ltr'><strong>etiam</strong></span> <span class='ocrx_word' id='word_1_542' title='bbox 1115 3963 1264 4033; x_wconf 86' lang='lat' dir='ltr'><strong>prius</strong></span> <span class='ocrx_word' id='word_1_543' title='bbox 1294 3970 1686 4017; x_wconf 90' lang='lat' dir='ltr'><strong>testamentum</strong></span> <span class='ocrx_word' id='word_1_544' title='bbox 1715 3960 1840 4030; x_wconf 85' lang='lat' dir='ltr'><strong>jus-</strong></span> 
     </span>
    </p>
   </div>
   <div class='ocr_carea' id='block_1_72' title="bbox 249 4052 1840 4124">
    <p class='ocr_par' dir='ltr' id='par_1_72' title="bbox 249 4052 1840 4124">
     <span class='ocr_line' id='line_1_78' title="bbox 249 4052 1840 4124; baseline -0.001 -18"><span class='ocrx_word' id='word_1_545' title='bbox 249 4054 580 4123; x_wconf 77' lang='lat' dir='ltr'><strong>tiﬁcationes</strong></span> <span class='ocrx_word' id='word_1_546' title='bbox 627 4069 738 4108; x_wconf 91' lang='lat' dir='ltr'><strong>non</strong></span> <span class='ocrx_word' id='word_1_547' title='bbox 770 4069 949 4120; x_wconf 89' lang='lat' dir='ltr'><strong>veras,</strong></span> <span class='ocrx_word' id='word_1_548' title='bbox 981 4053 1076 4109; x_wconf 93' lang='lat' dir='ltr'><strong>sed</strong></span> <span class='ocrx_word' id='word_1_549' title='bbox 1115 4069 1216 4124; x_wconf 92' lang='lat' dir='ltr'><strong>pro</strong></span> <span class='ocrx_word' id='word_1_550' title='bbox 1251 4052 1415 4108; x_wconf 89' lang='lat' dir='ltr'><strong>modo</strong></span> <span class='ocrx_word' id='word_1_551' title='bbox 1435 4052 1660 4107; x_wconf 71' lang='lat' dir='ltr'><strong>culturae</strong></span> <span class='ocrx_word' id='word_1_552' title='bbox 1705 4066 1840 4115; x_wconf 67' lang='lat' dir='ltr'><strong>suae,</strong></span> 
     </span>
    </p>
   </div>
   <div class='ocr_carea' id='block_1_73' title="bbox 253 4143 1845 4216">
    <p class='ocr_par' dir='ltr' id='par_1_73' title="bbox 253 4143 1845 4216">
     <span class='ocr_line' id='line_1_79' title="bbox 253 4143 1845 4216; baseline -0.002 -15"><span class='ocrx_word' id='word_1_553' title='bbox 253 4147 311 4201; x_wconf 90' lang='lat' dir='ltr'><strong>id</strong></span> <span class='ocrx_word' id='word_1_554' title='bbox 335 4155 422 4201; x_wconf 90' lang='lat' dir='ltr'><strong>est</strong></span> <span class='ocrx_word' id='word_1_555' title='bbox 443 4147 718 4213; x_wconf 88' lang='lat' dir='ltr'><strong>carnales,</strong></span> <span class='ocrx_word' id='word_1_556' title='bbox 749 4146 879 4216; x_wconf 90' lang='lat' dir='ltr'><strong>quia</strong></span> <span class='ocrx_word' id='word_1_557' title='bbox 908 4146 1146 4202; x_wconf 90' lang='lat' dir='ltr'><strong>carnalis</strong></span> <span class='ocrx_word' id='word_1_558' title='bbox 1174 4155 1292 4201; x_wconf 89' lang='lat' dir='ltr'><strong>erat</strong></span> <span class='ocrx_word' id='word_1_559' title='bbox 1326 4146 1506 4201; x_wconf 91' lang='lat' dir='ltr'><strong>cultus</strong></span> <span class='ocrx_word' id='word_1_560' title='bbox 1526 4186 1543 4212; x_wconf 95' lang='lat'><strong>,</strong></span> <span class='ocrx_word' id='word_1_561' title='bbox 1574 4153 1623 4198; x_wconf 84' lang='lat' dir='ltr'><strong>et</strong></span> <span class='ocrx_word' id='word_1_562' title='bbox 1653 4143 1845 4198; x_wconf 86' lang='lat' dir='ltr'><strong>habuit</strong></span> 
     </span>
    </p>
   </div>
   <div class='ocr_carea' id='block_1_74' title="bbox 252 4235 1842 4308">
    <p class='ocr_par' dir='ltr' id='par_1_74' title="bbox 252 4235 1842 4308">
     <span class='ocr_line' id='line_1_80' title="bbox 252 4235 1842 4308; baseline -0.003 -15"><span class='ocrx_word' id='word_1_563' title='bbox 252 4248 501 4293; x_wconf 83' lang='lat' dir='ltr'><strong>sanctum</strong></span> <span class='ocrx_word' id='word_1_564' title='bbox 530 4239 650 4292; x_wconf 90' lang='lat' dir='ltr'><strong>non&#39;</strong></span> <span class='ocrx_word' id='word_1_565' title='bbox 678 4237 957 4308; x_wconf 80' lang='lat' dir='ltr'><strong>spiritale,</strong></span> <span class='ocrx_word' id='word_1_566' title='bbox 982 4237 1079 4293; x_wconf 87' lang='lat' dir='ltr'><strong>sed</strong></span> <span class='ocrx_word' id='word_1_567' title='bbox 1104 4237 1386 4306; x_wconf 52' lang='lat' dir='ltr'><strong>maculare,</strong></span> <span class='ocrx_word' id='word_1_568' title='bbox 1419 4237 1546 4307; x_wconf 89' lang='lat' dir='ltr'><strong>quia</strong></span> <span class='ocrx_word' id='word_1_569' title='bbox 1570 4235 1638 4290; x_wconf 92' lang='lat' dir='ltr'><strong>ab</strong></span> <span class='ocrx_word' id='word_1_570' title='bbox 1661 4235 1842 4290; x_wconf 89' lang='lat' dir='ltr'><strong>homi-</strong></span> 
     </span>
    </p>
   </div>
   <div class='ocr_carea' id='block_1_75' title="bbox 252 4329 1844 4400">
    <p class='ocr_par' dir='ltr' id='par_1_75' title="bbox 252 4329 1844 4400">
     <span class='ocr_line' id='line_1_81' title="bbox 252 4329 1844 4400; baseline -0.003 -16"><span class='ocrx_word' id='word_1_571' title='bbox 252 4330 424 4384; x_wconf 86' lang='lat' dir='ltr'><strong>nibus</strong></span> <span class='ocrx_word' id='word_1_572' title='bbox 461 4329 683 4398; x_wconf 90' lang='lat' dir='ltr'><strong>quidem</strong></span> <span class='ocrx_word' id='word_1_573' title='bbox 717 4329 1013 4400; x_wconf 89' lang='lat' dir='ltr'><strong>putabatur</strong></span> <span class='ocrx_word' id='word_1_574' title='bbox 1047 4329 1122 4384; x_wconf 89' lang='lat' dir='ltr'><strong>ibi</strong></span> <span class='ocrx_word' id='word_1_575' title='bbox 1170 4329 1463 4396; x_wconf 89' lang='lat' dir='ltr'><strong>sanctitas,</strong></span> <span class='ocrx_word' id='word_1_576' title='bbox 1503 4344 1625 4398; x_wconf 75' lang='lat' dir='ltr'><strong>qua:</strong></span> <span class='ocrx_word' id='word_1_577' title='bbox 1661 4336 1844 4382; x_wconf 86' lang='lat' dir='ltr'><strong>tamen</strong></span> 
     </span>
    </p>
   </div>
   <div class='ocr_carea' id='block_1_76' title="bbox 252 4419 1846 4492">
    <p class='ocr_par' dir='ltr' id='par_1_76' title="bbox 252 4419 1846 4492">
     <span class='ocr_line' id='line_1_82' title="bbox 252 4419 1846 4492; baseline 0.001 -19"><span class='ocrx_word' id='word_1_578' title='bbox 252 4435 369 4474; x_wconf 88' lang='lat' dir='ltr'><strong>non</strong></span> <span class='ocrx_word' id='word_1_579' title='bbox 393 4429 530 4485; x_wconf 89' lang='lat' dir='ltr'><strong>erat,</strong></span> <span class='ocrx_word' id='word_1_580' title='bbox 559 4428 615 4474; x_wconf 91' lang='lat' dir='ltr'><strong>et</strong></span> <span class='ocrx_word' id='word_1_581' title='bbox 643 4420 748 4475; x_wconf 89' lang='lat' dir='ltr'><strong>hoc</strong></span> <span class='ocrx_word' id='word_1_582' title='bbox 775 4419 1131 4491; x_wconf 83' lang='lat' dir='ltr'><strong>probat.Vere</strong></span> <span class='ocrx_word' id='word_1_583' title='bbox 1157 4421 1310 4492; x_wconf 86' lang='lat' dir='ltr'><strong>prius</strong></span> <span class='ocrx_word' id='word_1_584' title='bbox 1330 4429 1713 4476; x_wconf 87' lang='lat' dir='ltr'><strong>testamentum</strong></span> <span class='ocrx_word' id='word_1_585' title='bbox 1747 4421 1846 4474; x_wconf 91' lang='lat' dir='ltr'><strong>ha-</strong></span> 
     </span>
    </p>
   </div>
   <div class='ocr_carea' id='block_1_77' title="bbox 1933 3223 3520 3299">
    <p class='ocr_par' dir='ltr' id='par_1_77' title="bbox 1933 3223 3520 3299">
     <span class='ocr_line' id='line_1_83' title="bbox 1933 3223 3520 3299; baseline -0.009 -8"><span class='ocrx_word' id='word_1_586' title='bbox 1933 3235 2036 3291; x_wconf 89' lang='lat' dir='ltr'><strong>tria</strong></span> <span class='ocrx_word' id='word_1_587' title='bbox 2081 3233 2306 3289; x_wconf 88' lang='lat' dir='ltr'><strong>brachia</strong></span> <span class='ocrx_word' id='word_1_588' title='bbox 2357 3230 2538 3286; x_wconf 90' lang='lat' dir='ltr'><strong>medio</strong></span> <span class='ocrx_word' id='word_1_589' title='bbox 2574 3229 2744 3299; x_wconf 92' lang='lat' dir='ltr'><strong>stipiti</strong></span> <span class='ocrx_word' id='word_1_590' title='bbox 2807 3225 3160 3291; x_wconf 67' lang='lat' dir='ltr'><strong>cohaerentia,</strong></span> <span class='ocrx_word' id='word_1_591' title='bbox 3211 3224 3268 3278; x_wconf 90' lang='lat' dir='ltr'><strong>iu</strong></span> <span class='ocrx_word' id='word_1_592' title='bbox 3316 3223 3520 3294; x_wconf 81' lang='lat' dir='ltr'><strong>quibus</strong></span> 
     </span>
    </p>
   </div>
   <div class='ocr_carea' id='block_1_78' title="bbox 1932 3316 3526 3394">
    <p class='ocr_par' dir='ltr' id='par_1_78' title="bbox 1932 3316 3526 3394">
     <span class='ocr_line' id='line_1_84' title="bbox 1932 3316 3526 3394; baseline -0.009 -11"><span class='ocrx_word' id='word_1_593' title='bbox 1932 3327 2174 3383; x_wconf 88' lang='lat' dir='ltr'><strong>brachiis</strong></span> <span class='ocrx_word' id='word_1_594' title='bbox 2205 3333 2361 3380; x_wconf 87' lang='lat' dir='ltr'><strong>erant</strong></span> <span class='ocrx_word' id='word_1_595' title='bbox 2384 3323 2669 3394; x_wconf 66' lang='lat' dir='ltr'><strong>sphazrula:</strong></span> <span class='ocrx_word' id='word_1_596' title='bbox 2693 3340 2706 3375; x_wconf 91' lang='lat'>:</span> <span class='ocrx_word' id='word_1_597' title='bbox 2732 3328 2857 3391; x_wconf 89' lang='lat' dir='ltr'><strong>post</strong></span> <span class='ocrx_word' id='word_1_598' title='bbox 2897 3316 3202 3389; x_wconf 70' lang='lat' dir='ltr'><strong>spbmrulas</strong></span> <span class='ocrx_word' id='word_1_599' title='bbox 3229 3316 3366 3382; x_wconf 91' lang='lat' dir='ltr'><strong>lilia,</strong></span> <span class='ocrx_word' id='word_1_600' title='bbox 3399 3321 3526 3384; x_wconf 90' lang='lat' dir='ltr'><strong>post</strong></span> 
     </span>
    </p>
   </div>
   <div class='ocr_carea' id='block_1_79' title="bbox 1935 3412 2322 3484">
    <p class='ocr_par' dir='ltr' id='par_1_79' title="bbox 1935 3412 2322 3484">
     <span class='ocr_line' id='line_1_85' title="bbox 1935 3412 2322 3484; baseline -0.016 -13"><span class='ocrx_word' id='word_1_601' title='bbox 1935 3430 2030 3471; x_wconf 89' lang='lat' dir='ltr'><strong>eas</strong></span> <span class='ocrx_word' id='word_1_602' title='bbox 2052 3412 2322 3484; x_wconf 88' lang='lat' dir='ltr'><strong>scyphuli.</strong></span> 
     </span>
    </p>
   </div>
   <div class='ocr_carea' id='block_1_80' title="bbox 1933 3495 3523 3573">
    <p class='ocr_par' dir='ltr' id='par_1_80' title="bbox 1933 3495 3523 3573">
     <span class='ocr_line' id='line_1_86' title="bbox 1933 3495 3523 3573; baseline -0.007 -13"><span class='ocrx_word' id='word_1_603' title='bbox 1933 3515 1936 3518; x_wconf 85' lang='lat'>‘</span> <span class='ocrx_word' id='word_1_604' title='bbox 2008 3506 2252 3560; x_wconf 85' lang='lat' dir='ltr'><strong>Primum</strong></span> <span class='ocrx_word' id='word_1_605' title='bbox 2303 3503 2486 3573; x_wconf 90' lang='lat' dir='ltr'><strong>itaque</strong></span> <span class='ocrx_word' id='word_1_606' title='bbox 2541 3499 2950 3557; x_wconf 89' lang='lat' dir='ltr'><strong>tabernaculum</strong></span> <span class='ocrx_word' id='word_1_607' title='bbox 3021 3496 3323 3553; x_wconf 90' lang='lat' dir='ltr'><strong>Ecclesiam</strong></span> <span class='ocrx_word' id='word_1_608' title='bbox 3387 3495 3523 3550; x_wconf 84' lang='lat' dir='ltr'><strong>ﬁde-</strong></span> 
     </span>
    </p>
   </div>
   <div class='ocr_carea' id='block_1_81' title="bbox 1936 3586 3532 3667">
    <p class='ocr_par' dir='ltr' id='par_1_81' title="bbox 1936 3586 3532 3667">
     <span class='ocr_line' id='line_1_87' title="bbox 1936 3586 3532 3667; baseline -0.009 -13"><span class='ocrx_word' id='word_1_609' title='bbox 1936 3600 2071 3654; x_wconf 92' lang='lat' dir='ltr'><strong>lium</strong></span> <span class='ocrx_word' id='word_1_610' title='bbox 2103 3613 2226 3667; x_wconf 76' lang='lat' dir='ltr'><strong>qua:</strong></span> <span class='ocrx_word' id='word_1_611' title='bbox 2281 3596 2337 3650; x_wconf 91' lang='lat' dir='ltr'><strong>in</strong></span> <span class='ocrx_word' id='word_1_612' title='bbox 2371 3593 2578 3649; x_wconf 90' lang='lat' dir='ltr'><strong>mundo</strong></span> <span class='ocrx_word' id='word_1_613' title='bbox 2611 3601 2696 3648; x_wconf 89' lang='lat' dir='ltr'><strong>est</strong></span> <span class='ocrx_word' id='word_1_614' title='bbox 2719 3591 3012 3663; x_wconf 84' lang='lat' dir='ltr'><strong>signiﬁcat,</strong></span> <span class='ocrx_word' id='word_1_615' title='bbox 3050 3590 3106 3643; x_wconf 93' lang='lat' dir='ltr'><strong>in</strong></span> <span class='ocrx_word' id='word_1_616' title='bbox 3147 3605 3255 3658; x_wconf 89' lang='lat' dir='ltr'><strong>qua</strong></span> <span class='ocrx_word' id='word_1_617' title='bbox 3289 3586 3532 3642; x_wconf 88' lang='lat' dir='ltr'><strong>ministri</strong></span> 
     </span>
    </p>
   </div>
   <div class='ocr_carea' id='block_1_82' title="bbox 1939 3678 3529 3757">
    <p class='ocr_par' dir='ltr' id='par_1_82' title="bbox 1939 3678 3529 3757">
     <span class='ocr_line' id='line_1_88' title="bbox 1939 3678 3529 3757; baseline -0.011 -10"><span class='ocrx_word' id='word_1_618' title='bbox 1939 3689 2200 3746; x_wconf 72' lang='lat' dir='ltr'><strong>Ecclesia:</strong></span> <span class='ocrx_word' id='word_1_619' title='bbox 2229 3687 2520 3757; x_wconf 51' lang='lat' dir='ltr'><strong>:orationes</strong></span> <span class='ocrx_word' id='word_1_620' title='bbox 2579 3699 2796 3756; x_wconf 89' lang='lat' dir='ltr'><strong>quaque</strong></span> <span class='ocrx_word' id='word_1_621' title='bbox 2837 3682 2924 3737; x_wconf 92' lang='lat' dir='ltr'><strong>die</strong></span> <span class='ocrx_word' id='word_1_622' title='bbox 2979 3681 3213 3735; x_wconf 72' lang='lat' dir='ltr'><strong>oderunt</strong></span> <span class='ocrx_word' id='word_1_623' title='bbox 3251 3688 3304 3733; x_wconf 92' lang='lat' dir='ltr'><strong>et</strong></span> <span class='ocrx_word' id='word_1_624' title='bbox 3355 3678 3529 3733; x_wconf 88' lang='lat' dir='ltr'><strong>sacri-</strong></span> 
     </span>
    </p>
   </div>
   <div class='ocr_carea' id='block_1_83' title="bbox 1941 3768 3530 3846">
    <p class='ocr_par' dir='ltr' id='par_1_83' title="bbox 1941 3768 3530 3846">
     <span class='ocr_line' id='line_1_89' title="bbox 1941 3768 3530 3846; baseline -0.011 -8"><span class='ocrx_word' id='word_1_625' title='bbox 1941 3784 2084 3839; x_wconf 88' lang='lat' dir='ltr'><strong>ﬁcia.</strong></span> <span class='ocrx_word' id='word_1_626' title='bbox 2118 3781 2303 3835; x_wconf 91' lang='lat' dir='ltr'><strong>Mensa</strong></span> <span class='ocrx_word' id='word_1_627' title='bbox 2331 3786 2514 3833; x_wconf 89' lang='lat' dir='ltr'><strong>autem</strong></span> <span class='ocrx_word' id='word_1_628' title='bbox 2544 3779 2601 3831; x_wconf 89' lang='lat' dir='ltr'><strong>in</strong></span> <span class='ocrx_word' id='word_1_629' title='bbox 2641 3776 2840 3846; x_wconf 85' lang='lat' dir='ltr'><strong>templo</strong></span> <span class='ocrx_word' id='word_1_630' title='bbox 2867 3774 3023 3844; x_wconf 88' lang='lat' dir='ltr'><strong>juxta</strong></span> <span class='ocrx_word' id='word_1_631' title='bbox 3068 3780 3304 3842; x_wconf 92' lang='lat' dir='ltr'><strong>portam,</strong></span> <span class='ocrx_word' id='word_1_632' title='bbox 3343 3768 3530 3838; x_wconf 91' lang='lat' dir='ltr'><strong>Scrip-</strong></span> 
     </span>
    </p>
   </div>
   <div class='ocr_carea' id='block_1_84' title="bbox 1941 3860 3528 3938">
    <p class='ocr_par' dir='ltr' id='par_1_84' title="bbox 1941 3860 3528 3938">
     <span class='ocr_line' id='line_1_90' title="bbox 1941 3860 3528 3938; baseline -0.01 -9"><span class='ocrx_word' id='word_1_633' title='bbox 1941 3883 2064 3930; x_wconf 90' lang='lat' dir='ltr'><strong>tura</strong></span> <span class='ocrx_word' id='word_1_634' title='bbox 2129 3871 2314 3927; x_wconf 90' lang='lat' dir='ltr'><strong>divina</strong></span> <span class='ocrx_word' id='word_1_635' title='bbox 2370 3867 2712 3938; x_wconf 84' lang='lat' dir='ltr'><strong>intelligitur,</strong></span> <span class='ocrx_word' id='word_1_636' title='bbox 2773 3879 2896 3935; x_wconf 78' lang='lat' dir='ltr'><strong>quae</strong></span> <span class='ocrx_word' id='word_1_637' title='bbox 2943 3879 3040 3933; x_wconf 90' lang='lat' dir='ltr'><strong>per</strong></span> <span class='ocrx_word' id='word_1_638' title='bbox 3101 3861 3274 3927; x_wconf 36' lang='lat' dir='ltr'><strong>ﬁdem,</strong></span> <span class='ocrx_word' id='word_1_639' title='bbox 3315 3860 3528 3914; x_wconf 88' lang='lat' dir='ltr'><strong>intran-</strong></span> 
     </span>
    </p>
   </div>
   <div class='ocr_carea' id='block_1_85' title="bbox 1943 3950 3524 4029">
    <p class='ocr_par' dir='ltr' id='par_1_85' title="bbox 1943 3950 3524 4029">
     <span class='ocr_line' id='line_1_91' title="bbox 1943 3950 3524 4029; baseline -0.012 -9"><span class='ocrx_word' id='word_1_640' title='bbox 1943 3966 2092 4020; x_wconf 90' lang='lat' dir='ltr'><strong>tibus</strong></span> <span class='ocrx_word' id='word_1_641' title='bbox 2118 3961 2418 4019; x_wconf 88' lang='lat' dir='ltr'><strong>Ecclesiam</strong></span> <span class='ocrx_word' id='word_1_642' title='bbox 2459 3973 2558 4029; x_wconf 84' lang='lat' dir='ltr'><strong>pro</strong></span> <span class='ocrx_word' id='word_1_643' title='bbox 2589 3971 2781 4011; x_wconf 87' lang='lat' dir='ltr'><strong>eorum</strong></span> <span class='ocrx_word' id='word_1_644' title='bbox 2818 3952 3118 4022; x_wconf 86' lang='lat' dir='ltr'><strong>capacitatc</strong></span> <span class='ocrx_word' id='word_1_645' title='bbox 3158 3950 3524 4004; x_wconf 90' lang='lat' dir='ltr'><strong>ministratur.</strong></span> 
     </span>
    </p>
   </div>
   <div class='ocr_carea' id='block_1_86' title="bbox 1943 4036 3535 4113">
    <p class='ocr_par' dir='ltr' id='par_1_86' title="bbox 1943 4036 3535 4113">
     <span class='ocr_line' id='line_1_92' title="bbox 1943 4036 3535 4113; baseline -0.014 0"><span class='ocrx_word' id='word_1_646' title='bbox 1943 4036 2122 4113; x_wconf 84' lang='lat' dir='ltr'><strong>Panes</strong></span> <span class='ocrx_word' id='word_1_647' title='bbox 2143 4069 2275 4110; x_wconf 90' lang='lat' dir='ltr'><strong>vero</strong></span> <span class='ocrx_word' id='word_1_648' title='bbox 2302 4050 2590 4108; x_wconf 88' lang='lat' dir='ltr'><strong>duodecim</strong></span> <span class='ocrx_word' id='word_1_649' title='bbox 2623 4055 2752 4104; x_wconf 90' lang='lat' dir='ltr'><strong>sunt</strong></span> <span class='ocrx_word' id='word_1_650' title='bbox 2780 4043 3066 4100; x_wconf 90' lang='lat' dir='ltr'><strong>duodecim</strong></span> <span class='ocrx_word' id='word_1_651' title='bbox 3100 4040 3354 4112; x_wconf 82' lang='lat' dir='ltr'><strong>apostoli,</strong></span> <span class='ocrx_word' id='word_1_652' title='bbox 3395 4054 3535 4108; x_wconf 89' lang='lat' dir='ltr'><strong>quo-</strong></span> 
     </span>
    </p>
   </div>
   <div class='ocr_carea' id='block_1_87' title="bbox 1945 4130 3537 4205">
    <p class='ocr_par' dir='ltr' id='par_1_87' title="bbox 1945 4130 3537 4205">
     <span class='ocr_line' id='line_1_93' title="bbox 1945 4130 3537 4205; baseline -0.011 0"><span class='ocrx_word' id='word_1_653' title='bbox 1945 4165 2070 4205; x_wconf 90' lang='lat' dir='ltr'><strong>rum</strong></span> <span class='ocrx_word' id='word_1_654' title='bbox 2112 4146 2362 4203; x_wconf 88' lang='lat' dir='ltr'><strong>doctrina</strong></span> <span class='ocrx_word' id='word_1_655' title='bbox 2416 4143 2601 4198; x_wconf 87' lang='lat' dir='ltr'><strong>ﬁdeles</strong></span> <span class='ocrx_word' id='word_1_656' title='bbox 2651 4140 2707 4194; x_wconf 90' lang='lat' dir='ltr'><strong>in</strong></span> <span class='ocrx_word' id='word_1_657' title='bbox 2751 4137 2992 4193; x_wconf 89' lang='lat' dir='ltr'><strong>Ecclesia</strong></span> <span class='ocrx_word' id='word_1_658' title='bbox 3041 4134 3380 4191; x_wconf 87' lang='lat' dir='ltr'><strong>reﬁciuntur.</strong></span> <span class='ocrx_word' id='word_1_659' title='bbox 3421 4130 3537 4187; x_wconf 85' lang='lat' dir='ltr'><strong>Hoc</strong></span> 
     </span>
    </p>
   </div>
   <div class='ocr_carea' id='block_1_88' title="bbox 1948 4221 3537 4308">
    <p class='ocr_par' dir='ltr' id='par_1_88' title="bbox 1948 4221 3537 4308">
     <span class='ocr_line' id='line_1_94' title="bbox 1948 4221 3537 4308; baseline -0.013 -12"><span class='ocrx_word' id='word_1_660' title='bbox 1948 4250 2128 4298; x_wconf 87' lang='lat' dir='ltr'><strong>autem</strong></span> <span class='ocrx_word' id='word_1_661' title='bbox 2161 4237 2306 4308; x_wconf 93' lang='lat' dir='ltr'><strong>quod</strong></span> <span class='ocrx_word' id='word_1_662' title='bbox 2330 4233 2746 4307; x_wconf 87' lang='lat' dir='ltr'><strong>superveniente</strong></span> <span class='ocrx_word' id='word_1_663' title='bbox 2775 4229 2957 4298; x_wconf 90' lang='lat' dir='ltr'><strong>aliqua</strong></span> <span class='ocrx_word' id='word_1_664' title='bbox 2991 4226 3316 4282; x_wconf 88' lang='lat' dir='ltr'><strong>necessitate</strong></span> <span class='ocrx_word' id='word_1_665' title='bbox 3336 4221 3537 4292; x_wconf 91' lang='lat' dir='ltr'><strong>aliquis</strong></span> 
     </span>
    </p>
   </div>
   <div class='ocr_carea' id='block_1_89' title="bbox 1949 4315 3537 4402">
    <p class='ocr_par' dir='ltr' id='par_1_89' title="bbox 1949 4315 3537 4402">
     <span class='ocr_line' id='line_1_95' title="bbox 1949 4315 3537 4402; baseline -0.011 -14"><span class='ocrx_word' id='word_1_666' title='bbox 1949 4333 2016 4389; x_wconf 91' lang='lat' dir='ltr'><strong>de</strong></span> <span class='ocrx_word' id='word_1_667' title='bbox 2043 4331 2283 4402; x_wconf 90' lang='lat' dir='ltr'><strong>panibus</strong></span> <span class='ocrx_word' id='word_1_668' title='bbox 2316 4327 2654 4389; x_wconf 86' lang='lat' dir='ltr'><strong>sumebatur,</strong></span> <span class='ocrx_word' id='word_1_669' title='bbox 2687 4330 2740 4376; x_wconf 90' lang='lat' dir='ltr'><strong>et</strong></span> <span class='ocrx_word' id='word_1_670' title='bbox 2765 4320 2906 4375; x_wconf 92' lang='lat' dir='ltr'><strong>alius</strong></span> <span class='ocrx_word' id='word_1_671' title='bbox 2943 4317 3379 4373; x_wconf 85' lang='lat' dir='ltr'><strong>substituebatur</strong></span> <span class='ocrx_word' id='word_1_672' title='bbox 3414 4315 3537 4370; x_wconf 91' lang='lat' dir='ltr'><strong>loco</strong></span> 
     </span>
    </p>
   </div>
   <div class='ocr_carea' id='block_1_90' title="bbox 1949 4405 3531 4488">
    <p class='ocr_par' dir='ltr' id='par_1_90' title="bbox 1949 4405 3531 4488">
     <span class='ocr_line' id='line_1_96' title="bbox 1949 4405 3531 4488; baseline -0.011 -11"><span class='ocrx_word' id='word_1_673' title='bbox 1949 4424 2118 4488; x_wconf 90' lang='lat' dir='ltr'><strong>illius,</strong></span> <span class='ocrx_word' id='word_1_674' title='bbox 2148 4419 2354 4476; x_wconf 89' lang='lat' dir='ltr'><strong>scilicet</strong></span> <span class='ocrx_word' id='word_1_675' title='bbox 2370 4415 2639 4485; x_wconf 88' lang='lat' dir='ltr'><strong>signiﬁcat</strong></span> <span class='ocrx_word' id='word_1_676' title='bbox 2661 4411 2828 4482; x_wconf 89' lang='lat' dir='ltr'><strong>quod,</strong></span> <span class='ocrx_word' id='word_1_677' title='bbox 2849 4409 3034 4478; x_wconf 90' lang='lat' dir='ltr'><strong>aliquo</strong></span> <span class='ocrx_word' id='word_1_678' title='bbox 3050 4407 3424 4477; x_wconf 90' lang='lat' dir='ltr'><strong>apostolorum</strong></span> <span class='ocrx_word' id='word_1_679' title='bbox 3445 4405 3531 4459; x_wconf 91' lang='lat' dir='ltr'><strong>vel</strong></span> 
     </span>
    </p>
   </div>
   <div class='ocr_carea' id='block_1_91' title="bbox 253 4498 3535 4582">
    <p class='ocr_par' dir='ltr' id='par_1_91' title="bbox 253 4498 3535 4582">
     <span class='ocr_line' id='line_1_97' title="bbox 253 4498 3535 4582; baseline -0.004 -17"><span class='ocrx_word' id='word_1_680' title='bbox 253 4511 384 4566; x_wconf 87' lang='lat' dir='ltr'><strong>buit</strong></span> <span class='ocrx_word' id='word_1_681' title='bbox 411 4519 688 4579; x_wconf 88' lang='lat' dir='ltr'><strong>sanctum,</strong></span> <span class='ocrx_word' id='word_1_682' title='bbox 716 4527 844 4566; x_wconf 90' lang='lat' dir='ltr'><strong>nam</strong></span> <span class='ocrx_word' id='word_1_683' title='bbox 869 4513 1280 4568; x_wconf 89' lang='lat' dir='ltr'><strong>tabernaculum</strong></span> <span class='ocrx_word' id='word_1_684' title='bbox 1311 4513 1549 4582; x_wconf 89' lang='lat' dir='ltr'><strong>primum</strong></span> <span class='ocrx_word' id='word_1_685' title='bbox 1580 4511 1773 4567; x_wconf 87' lang='lat' dir='ltr'><strong>habuit</strong></span> <span class='ocrx_word' id='word_1_686' title='bbox 1792 4519 1846 4566; x_wconf 90' lang='lat' dir='ltr'><strong>et</strong></span> <span class='ocrx_word' id='word_1_687' title='bbox 1875 4498 1928 4560; x_wconf 82' lang='grc' dir='ltr'><strong>ι)</strong></span> <span class='ocrx_word' id='word_1_688' title='bbox 1952 4529 2182 4572; x_wconf 90' lang='lat' dir='ltr'><strong>suorum</strong></span> <span class='ocrx_word' id='word_1_689' title='bbox 2237 4522 2622 4567; x_wconf 90' lang='lat' dir='ltr'><strong>successorum</strong></span> <span class='ocrx_word' id='word_1_690' title='bbox 2661 4505 2728 4559; x_wconf 93' lang='lat' dir='ltr'><strong>de</strong></span> <span class='ocrx_word' id='word_1_691' title='bbox 2757 4501 2962 4557; x_wconf 88' lang='lat' dir='ltr'><strong>mundo</strong></span> <span class='ocrx_word' id='word_1_692' title='bbox 3019 4500 3222 4565; x_wconf 90' lang='lat' dir='ltr'><strong>ablato,</strong></span> <span class='ocrx_word' id='word_1_693' title='bbox 3270 4499 3408 4553; x_wconf 89' lang='lat' dir='ltr'><strong>alius</strong></span> <span class='ocrx_word' id='word_1_694' title='bbox 3442 4499 3535 4566; x_wconf 90' lang='lat' dir='ltr'><strong>qui</strong></span> 
     </span>
    </p>
   </div>
   <div class='ocr_carea' id='block_1_92' title="bbox 255 4601 1846 4672">
    <p class='ocr_par' dir='ltr' id='par_1_92' title="bbox 255 4601 1846 4672">
     <span class='ocr_line' id='line_1_98' title="bbox 255 4601 1846 4672; baseline -0.001 -15"><span class='ocrx_word' id='word_1_695' title='bbox 255 4603 586 4657; x_wconf 87' lang='lat' dir='ltr'><strong>secundum.</strong></span> <span class='ocrx_word' id='word_1_696' title='bbox 625 4602 783 4668; x_wconf 84' lang='lat' dir='ltr'><strong>Quod</strong></span> <span class='ocrx_word' id='word_1_697' title='bbox 811 4603 884 4658; x_wconf 87' lang='lat' dir='ltr'><strong>ita</strong></span> <span class='ocrx_word' id='word_1_698' title='bbox 912 4603 989 4657; x_wconf 92' lang='lat' dir='ltr'><strong>ait</strong></span> <span class='ocrx_word' id='word_1_699' title='bbox 1017 4622 1030 4656; x_wconf 90' lang='lat'><strong>:</strong></span> <span class='ocrx_word' id='word_1_700' title='bbox 1060 4601 1289 4656; x_wconf 85' lang='lat' dir='ltr'><strong>Factum</strong></span> <span class='ocrx_word' id='word_1_701' title='bbox 1309 4613 1387 4656; x_wconf 82' lang='lat' dir='ltr'><strong>est</strong></span> <span class='ocrx_word' id='word_1_702' title='bbox 1407 4605 1638 4672; x_wconf 86' lang='lat' dir='ltr'><strong>primum</strong></span> <span class='ocrx_word' id='word_1_703' title='bbox 1671 4601 1846 4656; x_wconf 84' lang='lat' dir='ltr'><strong>taber-</strong></span> 
     </span>
    </p>
   </div>
   <div class='ocr_carea' id='block_1_93' title="bbox 257 4692 1848 4763">
    <p class='ocr_par' dir='ltr' id='par_1_93' title="bbox 257 4692 1848 4763">
     <span class='ocr_line' id='line_1_99' title="bbox 257 4692 1848 4763; baseline 0.003 -19"><span class='ocrx_word' id='word_1_704' title='bbox 257 4692 536 4758; x_wconf 79' lang='lat' dir='ltr'><strong>naculum,</strong></span> <span class='ocrx_word' id='word_1_705' title='bbox 560 4693 616 4746; x_wconf 85' lang='lat' dir='ltr'><strong>in</strong></span> <span class='ocrx_word' id='word_1_706' title='bbox 640 4709 743 4763; x_wconf 86' lang='lat' dir='ltr'><strong>quo</strong></span> <span class='ocrx_word' id='word_1_707' title='bbox 769 4692 946 4762; x_wconf 90' lang='lat' dir='ltr'><strong>primo</strong></span> <span class='ocrx_word' id='word_1_708' title='bbox 965 4701 1116 4747; x_wconf 88' lang='lat' dir='ltr'><strong>erant</strong></span> <span class='ocrx_word' id='word_1_709' title='bbox 1140 4692 1477 4746; x_wconf 83' lang='lat' dir='ltr'><strong>candelabra.</strong></span> <span class='ocrx_word' id='word_1_710' title='bbox 1494 4692 1644 4748; x_wconf 88' lang='lat' dir='ltr'><strong>Licet</strong></span> <span class='ocrx_word' id='word_1_711' title='bbox 1662 4693 1848 4762; x_wconf 89' lang='lat' dir='ltr'><strong>plura-</strong></span> 
     </span>
    </p>
   </div>
   <div class='ocr_carea' id='block_1_94' title="bbox 250 4783 1849 4852">
    <p class='ocr_par' dir='ltr' id='par_1_94' title="bbox 250 4783 1849 4852">
     <span class='ocr_line' id='line_1_100' title="bbox 250 4783 1849 4852; baseline 0.001 -15"><span class='ocrx_word' id='word_1_712' title='bbox 250 4783 389 4838; x_wconf 76' lang='lat' dir='ltr'><strong>liter</strong></span> <span class='ocrx_word' id='word_1_713' title='bbox 418 4783 565 4838; x_wconf 89' lang='lat' dir='ltr'><strong>dicat</strong></span> <span class='ocrx_word' id='word_1_714' title='bbox 610 4785 956 4852; x_wconf 87' lang='lat' dir='ltr'><strong>candelabra,</strong></span> <span class='ocrx_word' id='word_1_715' title='bbox 995 4801 1167 4839; x_wconf 90' lang='lat' dir='ltr'><strong>unum</strong></span> <span class='ocrx_word' id='word_1_716' title='bbox 1213 4794 1394 4839; x_wconf 90' lang='lat' dir='ltr'><strong>tamen</strong></span> <span class='ocrx_word' id='word_1_717' title='bbox 1435 4794 1553 4840; x_wconf 88' lang='lat' dir='ltr'><strong>erat</strong></span> <span class='ocrx_word' id='word_1_718' title='bbox 1591 4785 1849 4840; x_wconf 85' lang='lat' dir='ltr'><strong>candela-</strong></span> 
     </span>
    </p>
   </div>
   <div class='ocr_carea' id='block_1_95' title="bbox 259 4875 1851 4946">
    <p class='ocr_par' dir='ltr' id='par_1_95' title="bbox 259 4875 1851 4946">
     <span class='ocr_line' id='line_1_101' title="bbox 259 4875 1851 4946; baseline 0.002 -18"><span class='ocrx_word' id='word_1_719' title='bbox 259 4875 450 4940; x_wconf 92' lang='lat' dir='ltr'><strong>brum,</strong></span> <span class='ocrx_word' id='word_1_720' title='bbox 477 4875 688 4930; x_wconf 90' lang='lat' dir='ltr'><strong>habens</strong></span> <span class='ocrx_word' id='word_1_721' title='bbox 727 4877 924 4932; x_wconf 85' lang='lat' dir='ltr'><strong>hastile</strong></span> <span class='ocrx_word' id='word_1_722' title='bbox 957 4877 1015 4931; x_wconf 89' lang='lat' dir='ltr'><strong>in</strong></span> <span class='ocrx_word' id='word_1_723' title='bbox 1043 4875 1246 4942; x_wconf 87' lang='lat' dir='ltr'><strong>medio,</strong></span> <span class='ocrx_word' id='word_1_724' title='bbox 1293 4876 1348 4929; x_wconf 90' lang='lat' dir='ltr'><strong>in</strong></span> <span class='ocrx_word' id='word_1_725' title='bbox 1386 4893 1496 4946; x_wconf 91' lang='lat' dir='ltr'><strong>quo</strong></span> <span class='ocrx_word' id='word_1_726' title='bbox 1541 4876 1851 4931; x_wconf 89' lang='lat' dir='ltr'><strong>iuniteban-</strong></span> 
     </span>
    </p>
   </div>
   <div class='ocr_carea' id='block_1_96' title="bbox 262 4967 1853 5039">
    <p class='ocr_par' dir='ltr' id='par_1_96' title="bbox 262 4967 1853 5039">
     <span class='ocr_line' id='line_1_102' title="bbox 262 4967 1853 5039; baseline 0.002 -18"><span class='ocrx_word' id='word_1_727' title='bbox 262 4976 356 5021; x_wconf 85' lang='lat' dir='ltr'><strong>tur</strong></span> <span class='ocrx_word' id='word_1_728' title='bbox 393 4983 489 5022; x_wconf 87' lang='lat' dir='ltr'><strong>sex</strong></span> <span class='ocrx_word' id='word_1_729' title='bbox 534 4969 777 5036; x_wconf 88' lang='lat' dir='ltr'><strong>brachia,</strong></span> <span class='ocrx_word' id='word_1_730' title='bbox 823 4969 925 5023; x_wconf 91' lang='lat' dir='ltr'><strong>tria</strong></span> <span class='ocrx_word' id='word_1_731' title='bbox 952 4985 982 5023; x_wconf 90' lang='lat' dir='ltr'><strong>a</strong></span> <span class='ocrx_word' id='word_1_732' title='bbox 1005 4969 1228 5024; x_wconf 90' lang='lat' dir='ltr'><strong>sinistra</strong></span> <span class='ocrx_word' id='word_1_733' title='bbox 1258 4967 1457 5039; x_wconf 68' lang='lat' dir='ltr'><strong>(Exod.</strong></span> <span class='ocrx_word' id='word_1_734' title='bbox 1490 4985 1622 5034; x_wconf 87' lang='lat' dir='ltr'><strong>xxv,</strong></span> <span class='ocrx_word' id='word_1_735' title='bbox 1657 4968 1768 5038; x_wconf 73' lang='lat'><strong>52);</strong></span> <span class='ocrx_word' id='word_1_736' title='bbox 1797 4977 1853 5024; x_wconf 80' lang='lat' dir='ltr'><strong>et</strong></span> 
     </span>
    </p>
   </div>
   <div class='ocr_carea' id='block_1_97' title="bbox 261 5060 1850 5132">
    <p class='ocr_par' dir='ltr' id='par_1_97' title="bbox 261 5060 1850 5132">
     <span class='ocr_line' id='line_1_103' title="bbox 261 5060 1850 5132; baseline 0 -16"><span class='ocrx_word' id='word_1_737' title='bbox 261 5069 386 5116; x_wconf 90' lang='lat' dir='ltr'><strong>erat</strong></span> <span class='ocrx_word' id='word_1_738' title='bbox 416 5061 471 5114; x_wconf 90' lang='lat' dir='ltr'><strong>in</strong></span> <span class='ocrx_word' id='word_1_739' title='bbox 496 5061 588 5114; x_wconf 89' lang='lat' dir='ltr'><strong>illo</strong></span> <span class='ocrx_word' id='word_1_740' title='bbox 618 5061 971 5117; x_wconf 86' lang='lat' dir='ltr'><strong>tabernaculo</strong></span> <span class='ocrx_word' id='word_1_741' title='bbox 992 5079 1171 5116; x_wconf 81' lang='lat' dir='ltr'><strong>mensa</strong></span> <span class='ocrx_word' id='word_1_742' title='bbox 1194 5063 1379 5118; x_wconf 88' lang='lat' dir='ltr'><strong>statim</strong></span> <span class='ocrx_word' id='word_1_743' title='bbox 1408 5071 1533 5132; x_wconf 91' lang='lat' dir='ltr'><strong>post</strong></span> <span class='ocrx_word' id='word_1_744' title='bbox 1547 5060 1850 5128; x_wconf 87' lang='lat' dir='ltr'><strong>introitum,</strong></span> 
     </span>
    </p>
   </div>
   <div class='ocr_carea' id='block_1_98' title="bbox 261 5155 1850 5227">
    <p class='ocr_par' dir='ltr' id='par_1_98' title="bbox 261 5155 1850 5227">
     <span class='ocr_line' id='line_1_104' title="bbox 261 5155 1850 5227; baseline 0.004 -21"><span class='ocrx_word' id='word_1_745' title='bbox 261 5163 316 5206; x_wconf 81' lang='lat' dir='ltr'><strong>et</strong></span> <span class='ocrx_word' id='word_1_746' title='bbox 355 5167 522 5220; x_wconf 89' lang='lat' dir='ltr'><strong>super</strong></span> <span class='ocrx_word' id='word_1_747' title='bbox 569 5155 715 5210; x_wconf 87' lang='lat' dir='ltr'><strong>hanc</strong></span> <span class='ocrx_word' id='word_1_748' title='bbox 757 5171 1007 5212; x_wconf 90' lang='lat' dir='ltr'><strong>mensam</strong></span> <span class='ocrx_word' id='word_1_749' title='bbox 1046 5165 1163 5212; x_wconf 90' lang='lat' dir='ltr'><strong>erat</strong></span> <span class='ocrx_word' id='word_1_750' title='bbox 1210 5157 1499 5226; x_wconf 81' lang='lat' dir='ltr'><strong>prepositio</strong></span> <span class='ocrx_word' id='word_1_751' title='bbox 1531 5173 1748 5227; x_wconf 84' lang='lat' dir='ltr'><strong>panum,</strong></span> <span class='ocrx_word' id='word_1_752' title='bbox 1795 5157 1850 5212; x_wconf 92' lang='lat' dir='ltr'><strong>id</strong></span> 
     </span>
    </p>
   </div>
   <div class='ocr_carea' id='block_1_99' title="bbox 265 5242 1852 5317">
    <p class='ocr_par' dir='ltr' id='par_1_99' title="bbox 265 5242 1852 5317">
     <span class='ocr_line' id='line_1_105' title="bbox 265 5242 1852 5317; baseline 0.004 -22"><span class='ocrx_word' id='word_1_753' title='bbox 265 5250 355 5296; x_wconf 89' lang='lat' dir='ltr'><strong>est</strong></span> <span class='ocrx_word' id='word_1_754' title='bbox 387 5242 675 5300; x_wconf 88' lang='lat' dir='ltr'><strong>duodecim</strong></span> <span class='ocrx_word' id='word_1_755' title='bbox 724 5263 895 5316; x_wconf 85' lang='lat' dir='ltr'><strong>panes</strong></span> <span class='ocrx_word' id='word_1_756' title='bbox 926 5247 1036 5302; x_wconf 87' lang='lat' dir='ltr'><strong>Deo</strong></span> <span class='ocrx_word' id='word_1_757' title='bbox 1079 5263 1177 5317; x_wconf 90' lang='lat' dir='ltr'><strong>per</strong></span> <span class='ocrx_word' id='word_1_758' title='bbox 1213 5247 1698 5303; x_wconf 88' lang='lat' dir='ltr'><strong>sanctilicationem</strong></span> <span class='ocrx_word' id='word_1_759' title='bbox 1730 5263 1852 5317; x_wconf 87' lang='lat' dir='ltr'><strong>pro-</strong></span> 
     </span>
    </p>
   </div>
   <div class='ocr_carea' id='block_1_100' title="bbox 270 5331 1855 5410">
    <p class='ocr_par' dir='ltr' id='par_1_100' title="bbox 270 5331 1855 5410">
     <span class='ocr_line' id='line_1_106' title="bbox 270 5331 1855 5410; baseline 0.006 -25"><span class='ocrx_word' id='word_1_760' title='bbox 270 5331 462 5402; x_wconf 87' lang='lat' dir='ltr'><strong>positi,</strong></span> <span class='ocrx_word' id='word_1_761' title='bbox 501 5333 568 5388; x_wconf 89' lang='lat' dir='ltr'><strong>de</strong></span> <span class='ocrx_word' id='word_1_762' title='bbox 595 5336 795 5404; x_wconf 87' lang='lat' dir='ltr'><strong>quibus</strong></span> <span class='ocrx_word' id='word_1_763' title='bbox 843 5339 890 5394; x_wconf 91' lang='lat' dir='ltr'><strong>si</strong></span> <span class='ocrx_word' id='word_1_764' title='bbox 921 5339 1060 5395; x_wconf 86' lang='lat' dir='ltr'><strong>forte</strong></span> <span class='ocrx_word' id='word_1_765' title='bbox 1103 5355 1198 5409; x_wconf 90' lang='lat' dir='ltr'><strong>per</strong></span> <span class='ocrx_word' id='word_1_766' title='bbox 1233 5338 1617 5393; x_wconf 88' lang='lat' dir='ltr'><strong>necessitatem</strong></span> <span class='ocrx_word' id='word_1_767' title='bbox 1654 5339 1855 5410; x_wconf 86' lang='lat' dir='ltr'><strong>aliquis</strong></span> 
     </span>
    </p>
   </div>
   <div class='ocr_carea' id='block_1_101' title="bbox 266 5424 1854 5503">
    <p class='ocr_par' dir='ltr' id='par_1_101' title="bbox 266 5424 1854 5503">
     <span class='ocr_line' id='line_1_107' title="bbox 266 5424 1854 5503; baseline 0.006 -27"><span class='ocrx_word' id='word_1_768' title='bbox 266 5424 656 5483; x_wconf 86' lang='lat' dir='ltr'><strong>absumeretur</strong></span> <span class='ocrx_word' id='word_1_769' title='bbox 689 5430 800 5501; x_wconf 90' lang='lat' dir='ltr'><strong>(hic</strong></span> <span class='ocrx_word' id='word_1_770' title='bbox 823 5433 966 5485; x_wconf 88' lang='lat' dir='ltr'><strong>enim</strong></span> <span class='ocrx_word' id='word_1_771' title='bbox 1005 5432 1378 5497; x_wconf 79' lang='lat' dir='ltr'><strong>sanctiﬁcatus</strong></span> <span class='ocrx_word' id='word_1_772' title='bbox 1402 5433 1560 5503; x_wconf 89' lang='lat' dir='ltr'><strong>panis</strong></span> <span class='ocrx_word' id='word_1_773' title='bbox 1599 5441 1718 5488; x_wconf 90' lang='lat' dir='ltr'><strong>erat</strong></span> <span class='ocrx_word' id='word_1_774' title='bbox 1756 5447 1854 5486; x_wconf 89' lang='lat' dir='ltr'><strong>nc-</strong></span> 
     </span>
    </p>
   </div>
   <div class='ocr_carea' id='block_1_102' title="bbox 270 5515 1854 5594">
    <p class='ocr_par' dir='ltr' id='par_1_102' title="bbox 270 5515 1854 5594">
     <span class='ocr_line' id='line_1_108' title="bbox 270 5515 1854 5594; baseline 0.008 -29"><span class='ocrx_word' id='word_1_775' title='bbox 270 5515 551 5572; x_wconf 89' lang='lat' dir='ltr'><strong>cessarius</strong></span> <span class='ocrx_word' id='word_1_776' title='bbox 583 5519 648 5573; x_wconf 90' lang='lat' dir='ltr'><strong>ad</strong></span> <span class='ocrx_word' id='word_1_777' title='bbox 680 5522 980 5592; x_wconf 90' lang='lat' dir='ltr'><strong>sacriﬁcia)</strong></span> <span class='ocrx_word' id='word_1_778' title='bbox 1009 5532 1233 5592; x_wconf 87' lang='lat' dir='ltr'><strong>paratus</strong></span> <span class='ocrx_word' id='word_1_779' title='bbox 1254 5533 1372 5579; x_wconf 88' lang='lat' dir='ltr'><strong>erat</strong></span> <span class='ocrx_word' id='word_1_780' title='bbox 1412 5525 1569 5594; x_wconf 87' lang='lat' dir='ltr'><strong>panis</strong></span> <span class='ocrx_word' id='word_1_781' title='bbox 1606 5523 1854 5578; x_wconf 89' lang='lat' dir='ltr'><strong>similiter</strong></span> 
     </span>
    </p>
   </div>
   <div class='ocr_carea' id='block_1_103' title="bbox 271 5604 1848 5686">
    <p class='ocr_par' dir='ltr' id='par_1_103' title="bbox 271 5604 1848 5686">
     <span class='ocr_line' id='line_1_109' title="bbox 271 5604 1848 5686; baseline 0.009 -29"><span class='ocrx_word' id='word_1_782' title='bbox 271 5604 340 5660; x_wconf 88' lang='lat' dir='ltr'><strong>de</strong></span> <span class='ocrx_word' id='word_1_783' title='bbox 367 5607 570 5676; x_wconf 84' lang='lat' dir='ltr'><strong>simila,</strong></span> <span class='ocrx_word' id='word_1_784' title='bbox 600 5613 694 5680; x_wconf 90' lang='lat' dir='ltr'><strong>qui</strong></span> <span class='ocrx_word' id='word_1_785' title='bbox 728 5614 912 5668; x_wconf 87' lang='lat' dir='ltr'><strong>statim</strong></span> <span class='ocrx_word' id='word_1_786' title='bbox 939 5617 1060 5671; x_wconf 90' lang='lat' dir='ltr'><strong>loco</strong></span> <span class='ocrx_word' id='word_1_787' title='bbox 1095 5617 1364 5686; x_wconf 88' lang='lat' dir='ltr'><strong>assumpti</strong></span> <span class='ocrx_word' id='word_1_788' title='bbox 1399 5617 1848 5673; x_wconf 88' lang='lat' dir='ltr'><strong>substituebatur.</strong></span> 
     </span>
    </p>
   </div>
   <div class='ocr_carea' id='block_1_104' title="bbox 271 5691 1852 5778">
    <p class='ocr_par' dir='ltr' id='par_1_104' title="bbox 271 5691 1852 5778">
     <span class='ocr_line' id='line_1_110' title="bbox 271 5691 1852 5778; baseline 0.011 -32"><span class='ocrx_word' id='word_1_789' title='bbox 271 5691 340 5748; x_wconf 80' lang='lat' dir='ltr'><strong>Hi</strong></span> <span class='ocrx_word' id='word_1_790' title='bbox 373 5705 556 5752; x_wconf 88' lang='lat' dir='ltr'><strong>autem</strong></span> <span class='ocrx_word' id='word_1_791' title='bbox 587 5701 872 5760; x_wconf 88' lang='lat' dir='ltr'><strong>duodecim</strong></span> <span class='ocrx_word' id='word_1_792' title='bbox 915 5722 1083 5776; x_wconf 90' lang='lat' dir='ltr'><strong>panes</strong></span> <span class='ocrx_word' id='word_1_793' title='bbox 1112 5707 1166 5761; x_wconf 93' lang='lat' dir='ltr'><strong>in</strong></span> <span class='ocrx_word' id='word_1_794' title='bbox 1200 5705 1439 5764; x_wconf 88' lang='lat' dir='ltr'><strong>Sabbato</strong></span> <span class='ocrx_word' id='word_1_795' title='bbox 1473 5710 1852 5778; x_wconf 75' lang='lat' dir='ltr'><strong>ponebantur:</strong></span> 
     </span>
    </p>
   </div>
   <div class='ocr_carea' id='block_1_105' title="bbox 272 5785 1854 5867">
    <p class='ocr_par' dir='ltr' id='par_1_105' title="bbox 272 5785 1854 5867">
     <span class='ocr_line' id='line_1_111' title="bbox 272 5785 1854 5867; baseline 0.01 -25"><span class='ocrx_word' id='word_1_796' title='bbox 272 5785 484 5856; x_wconf 83' lang='lat' dir='ltr'><strong>quibus</strong></span> <span class='ocrx_word' id='word_1_797' title='bbox 531 5790 586 5848; x_wconf 91' lang='lat' dir='ltr'><strong>in</strong></span> <span class='ocrx_word' id='word_1_798' title='bbox 619 5800 866 5867; x_wconf 77' lang='lat' dir='ltr'><strong>sequenti</strong></span> <span class='ocrx_word' id='word_1_799' title='bbox 904 5799 1144 5858; x_wconf 88' lang='lat' dir='ltr'><strong>Sabbato</strong></span> <span class='ocrx_word' id='word_1_800' title='bbox 1183 5802 1398 5862; x_wconf 84' lang='lat' dir='ltr'><strong>ablatis.</strong></span> <span class='ocrx_word' id='word_1_801' title='bbox 1440 5801 1530 5857; x_wconf 91' lang='lat' dir='ltr'><strong>alii</strong></span> <span class='ocrx_word' id='word_1_802' title='bbox 1571 5802 1854 5858; x_wconf 84' lang='lat' dir='ltr'><strong>duodecim</strong></span> 
     </span>
    </p>
   </div>
   <div class='ocr_carea' id='block_1_106' title="bbox 1952 4586 3536 4678">
    <p class='ocr_par' dir='ltr' id='par_1_106' title="bbox 1952 4586 3536 4678">
     <span class='ocr_line' id='line_1_112' title="bbox 1952 4586 3536 4678; baseline -0.017 -14"><span class='ocrx_word' id='word_1_803' title='bbox 1952 4609 2074 4678; x_wconf 88' lang='lat' dir='ltr'><strong>ejus</strong></span> <span class='ocrx_word' id='word_1_804' title='bbox 2099 4605 2219 4660; x_wconf 90' lang='lat' dir='ltr'><strong>vice</strong></span> <span class='ocrx_word' id='word_1_805' title='bbox 2272 4602 2550 4672; x_wconf 85' lang='lat' dir='ltr'><strong>fungatur,</strong></span> <span class='ocrx_word' id='word_1_806' title='bbox 2601 4598 2723 4651; x_wconf 90' lang='lat' dir='ltr'><strong>loco</strong></span> <span class='ocrx_word' id='word_1_807' title='bbox 2749 4595 2895 4648; x_wconf 90' lang='lat' dir='ltr'><strong>illius</strong></span> <span class='ocrx_word' id='word_1_808' title='bbox 2939 4590 3196 4648; x_wconf 84' lang='lat' dir='ltr'><strong>substitui</strong></span> <span class='ocrx_word' id='word_1_809' title='bbox 3224 4589 3401 4643; x_wconf 85' lang='lat' dir='ltr'><strong>debet.</strong></span> <span class='ocrx_word' id='word_1_810' title='bbox 3428 4586 3536 4651; x_wconf 85' lang='lat' dir='ltr'><strong>Qui</strong></span> 
     </span>
    </p>
   </div>
   <div class='ocr_carea' id='block_1_107' title="bbox 1954 4679 3540 4771">
    <p class='ocr_par' dir='ltr' id='par_1_107' title="bbox 1954 4679 3540 4771">
     <span class='ocr_line' id='line_1_113' title="bbox 1954 4679 3540 4771; baseline -0.018 -16"><span class='ocrx_word' id='word_1_811' title='bbox 1954 4714 2125 4771; x_wconf 93' lang='lat' dir='ltr'><strong>panes</strong></span> <span class='ocrx_word' id='word_1_812' title='bbox 2147 4709 2336 4752; x_wconf 88' lang='lat' dir='ltr'><strong>omnes</strong></span> <span class='ocrx_word' id='word_1_813' title='bbox 2390 4693 2446 4747; x_wconf 92' lang='lat' dir='ltr'><strong>in</strong></span> <span class='ocrx_word' id='word_1_814' title='bbox 2479 4689 2718 4744; x_wconf 89' lang='lat' dir='ltr'><strong>Sabbato</strong></span> <span class='ocrx_word' id='word_1_815' title='bbox 2767 4688 3134 4740; x_wconf 88' lang='lat' dir='ltr'><strong>absumuntur</strong></span> <span class='ocrx_word' id='word_1_816' title='bbox 3173 4698 3187 4733; x_wconf 91' lang='lat'>:</span> <span class='ocrx_word' id='word_1_817' title='bbox 3219 4679 3353 4747; x_wconf 69' lang='lat' dir='ltr'><strong>quia.</strong></span> <span class='ocrx_word' id='word_1_818' title='bbox 3387 4683 3540 4744; x_wconf 91' lang='lat' dir='ltr'><strong>post-</strong></span> 
     </span>
    </p>
   </div>
   <div class='ocr_carea' id='block_1_108' title="bbox 1958 4771 3541 4864">
    <p class='ocr_par' dir='ltr' id='par_1_108' title="bbox 1958 4771 3541 4864">
     <span class='ocr_line' id='line_1_114' title="bbox 1958 4771 3541 4864; baseline -0.017 -17"><span class='ocrx_word' id='word_1_819' title='bbox 1958 4807 2123 4864; x_wconf 91' lang='lat' dir='ltr'><strong>quam</strong></span> <span class='ocrx_word' id='word_1_820' title='bbox 2151 4789 2218 4844; x_wconf 88' lang='lat' dir='ltr'><strong>ad</strong></span> <span class='ocrx_word' id='word_1_821' title='bbox 2241 4800 2384 4842; x_wconf 58' lang='lat' dir='ltr'><strong>verae</strong></span> <span class='ocrx_word' id='word_1_822' title='bbox 2422 4783 2607 4854; x_wconf 79' lang='lat' dir='ltr'><strong>gloriae</strong></span> <span class='ocrx_word' id='word_1_823' title='bbox 2636 4778 2878 4848; x_wconf 86' lang='lat' dir='ltr'><strong>requiem</strong></span> <span class='ocrx_word' id='word_1_824' title='bbox 2921 4776 2974 4829; x_wconf 90' lang='lat' dir='ltr'><strong>in</strong></span> <span class='ocrx_word' id='word_1_825' title='bbox 3007 4773 3092 4828; x_wconf 91' lang='lat' dir='ltr'><strong>die</strong></span> <span class='ocrx_word' id='word_1_826' title='bbox 3125 4771 3317 4843; x_wconf 91' lang='lat' dir='ltr'><strong>judicii</strong></span> <span class='ocrx_word' id='word_1_827' title='bbox 3347 4782 3541 4838; x_wconf 90' lang='lat' dir='ltr'><strong>pervc-</strong></span> 
     </span>
    </p>
   </div>
   <div class='ocr_carea' id='block_1_109' title="bbox 1958 4857 3541 4948">
    <p class='ocr_par' dir='ltr' id='par_1_109' title="bbox 1958 4857 3541 4948">
     <span class='ocr_line' id='line_1_115' title="bbox 1958 4857 3541 4948; baseline -0.018 -10"><span class='ocrx_word' id='word_1_828' title='bbox 1958 4857 2172 4946; x_wconf 79' lang='lat' dir='ltr'><strong>nietur,</strong></span> <span class='ocrx_word' id='word_1_829' title='bbox 2224 4878 2338 4948; x_wconf 90' lang='lat' dir='ltr'><strong>jam</strong></span> <span class='ocrx_word' id='word_1_830' title='bbox 2394 4873 2606 4929; x_wconf 90' lang='lat' dir='ltr'><strong>nullum</strong></span> <span class='ocrx_word' id='word_1_831' title='bbox 2661 4867 2903 4939; x_wconf 85' lang='lat' dir='ltr'><strong>episcOpi</strong></span> <span class='ocrx_word' id='word_1_832' title='bbox 2942 4863 3176 4919; x_wconf 81' lang='lat' dir='ltr'><strong>cilicium</strong></span> <span class='ocrx_word' id='word_1_833' title='bbox 3236 4860 3319 4915; x_wconf 83' lang='lat' dir='ltr'><strong>vel</strong></span> <span class='ocrx_word' id='word_1_834' title='bbox 3365 4857 3541 4912; x_wconf 81' lang='lat' dir='ltr'><strong>eccle-</strong></span> 
     </span>
    </p>
   </div>
   <div class='ocr_carea' id='block_1_110' title="bbox 1959 4947 3543 5032">
    <p class='ocr_par' dir='ltr' id='par_1_110' title="bbox 1959 4947 3543 5032">
     <span class='ocr_line' id='line_1_116' title="bbox 1959 4947 3543 5032; baseline -0.018 -2"><span class='ocrx_word' id='word_1_835' title='bbox 1959 4972 2194 5032; x_wconf 68' lang='lat' dir='ltr'><strong>siasticze</strong></span> <span class='ocrx_word' id='word_1_836' title='bbox 2227 4947 2389 5024; x_wconf 76' lang='lat' dir='ltr'><strong>cura:</strong></span> <span class='ocrx_word' id='word_1_837' title='bbox 2429 4961 2790 5020; x_wconf 83' lang='lat' dir='ltr'><strong>exercebitur.</strong></span> <span class='ocrx_word' id='word_1_838' title='bbox 2832 4957 2897 5012; x_wconf 85' lang='lat' dir='ltr'><strong>Hi</strong></span> <span class='ocrx_word' id='word_1_839' title='bbox 2929 4971 3098 5028; x_wconf 90' lang='lat' dir='ltr'><strong>panes</strong></span> <span class='ocrx_word' id='word_1_840' title='bbox 3135 4954 3202 5009; x_wconf 94' lang='lat' dir='ltr'><strong>de</strong></span> <span class='ocrx_word' id='word_1_841' title='bbox 3241 4951 3418 5008; x_wconf 90' lang='lat' dir='ltr'><strong>simila</strong></span> <span class='ocrx_word' id='word_1_842' title='bbox 3457 4947 3543 5002; x_wconf 91' lang='lat' dir='ltr'><strong>di-</strong></span> 
     </span>
    </p>
   </div>
   <div class='ocr_carea' id='block_1_111' title="bbox 1959 5038 3542 5124">
    <p class='ocr_par' dir='ltr' id='par_1_111' title="bbox 1959 5038 3542 5124">
     <span class='ocr_line' id='line_1_117' title="bbox 1959 5038 3542 5124; baseline -0.02 -2"><span class='ocrx_word' id='word_1_843' title='bbox 1959 5073 2160 5122; x_wconf 92' lang='lat' dir='ltr'><strong>cuntur</strong></span> <span class='ocrx_word' id='word_1_844' title='bbox 2209 5059 2417 5123; x_wconf 81' lang='lat' dir='ltr'><strong>fuisse,</strong></span> <span class='ocrx_word' id='word_1_845' title='bbox 2476 5054 2605 5124; x_wconf 90' lang='lat' dir='ltr'><strong>quia</strong></span> <span class='ocrx_word' id='word_1_846' title='bbox 2672 5053 2729 5104; x_wconf 92' lang='lat' dir='ltr'><strong>iu</strong></span> <span class='ocrx_word' id='word_1_847' title='bbox 2781 5048 3043 5120; x_wconf 88' lang='lat' dir='ltr'><strong>apostolis</strong></span> <span class='ocrx_word' id='word_1_848' title='bbox 3111 5045 3248 5099; x_wconf 90' lang='lat' dir='ltr'><strong>nihil</strong></span> <span class='ocrx_word' id='word_1_849' title='bbox 3302 5040 3407 5096; x_wconf 88' lang='lat' dir='ltr'><strong>nisi</strong></span> <span class='ocrx_word' id='word_1_850' title='bbox 3453 5038 3542 5093; x_wconf 89' lang='lat' dir='ltr'><strong>in-</strong></span> 
     </span>
    </p>
   </div>
   <div class='ocr_carea' id='block_1_112' title="bbox 1962 5134 3545 5220">
    <p class='ocr_par' dir='ltr' id='par_1_112' title="bbox 1962 5134 3545 5220">
     <span class='ocr_line' id='line_1_118' title="bbox 1962 5134 3545 5220; baseline -0.018 -9"><span class='ocrx_word' id='word_1_851' title='bbox 1962 5153 2230 5211; x_wconf 71' lang='lat' dir='ltr'><strong>nocentia:</strong></span> <span class='ocrx_word' id='word_1_852' title='bbox 2268 5148 2481 5220; x_wconf 88' lang='lat' dir='ltr'><strong>puritas</strong></span> <span class='ocrx_word' id='word_1_853' title='bbox 2511 5153 2566 5200; x_wconf 93' lang='lat' dir='ltr'><strong>et</strong></span> <span class='ocrx_word' id='word_1_854' title='bbox 2598 5143 2865 5198; x_wconf 90' lang='lat' dir='ltr'><strong>virtutum</strong></span> <span class='ocrx_word' id='word_1_855' title='bbox 2904 5137 3164 5209; x_wconf 78' lang='lat' dir='ltr'><strong>perfectio</strong></span> <span class='ocrx_word' id='word_1_856' title='bbox 3202 5134 3333 5201; x_wconf 83' lang='lat' dir='ltr'><strong>fuit,</strong></span> <span class='ocrx_word' id='word_1_857' title='bbox 3366 5145 3545 5199; x_wconf 89' lang='lat' dir='ltr'><strong>neque</strong></span> 
     </span>
    </p>
   </div>
   <div class='ocr_carea' id='block_1_113' title="bbox 1955 5227 3545 5307">
    <p class='ocr_par' dir='ltr' id='par_1_113' title="bbox 1955 5227 3545 5307">
     <span class='ocr_line' id='line_1_119' title="bbox 1955 5227 3545 5307; baseline -0.019 -1"><span class='ocrx_word' id='word_1_858' title='bbox 1955 5252 2010 5307; x_wconf 92' lang='lat' dir='ltr'><strong>iu</strong></span> <span class='ocrx_word' id='word_1_859' title='bbox 2035 5261 2226 5304; x_wconf 88' lang='lat' dir='ltr'><strong>eorum</strong></span> <span class='ocrx_word' id='word_1_860' title='bbox 2253 5237 2665 5300; x_wconf 87' lang='lat' dir='ltr'><strong>successoribus</strong></span> <span class='ocrx_word' id='word_1_861' title='bbox 2685 5234 2846 5289; x_wconf 89' lang='lat' dir='ltr'><strong>debet</strong></span> <span class='ocrx_word' id='word_1_862' title='bbox 2878 5246 3016 5286; x_wconf 89' lang='lat' dir='ltr'><strong>esse.</strong></span> <span class='ocrx_word' id='word_1_863' title='bbox 3060 5227 3213 5282; x_wconf 91' lang='lat' dir='ltr'><strong>Thus</strong></span> <span class='ocrx_word' id='word_1_864' title='bbox 3243 5235 3422 5280; x_wconf 90' lang='lat' dir='ltr'><strong>autem</strong></span> <span class='ocrx_word' id='word_1_865' title='bbox 3449 5237 3545 5277; x_wconf 86' lang='lat' dir='ltr'><strong>su-</strong></span> 
     </span>
    </p>
   </div>
   <div class='ocr_carea' id='block_1_114' title="bbox 1956 5318 3546 5416">
    <p class='ocr_par' dir='ltr' id='par_1_114' title="bbox 1956 5318 3546 5416">
     <span class='ocr_line' id='line_1_120' title="bbox 1956 5318 3546 5416; baseline -0.02 -18"><span class='ocrx_word' id='word_1_866' title='bbox 1956 5340 2317 5416; x_wconf 90' lang='lat' dir='ltr'><strong>perpositum,</strong></span> <span class='ocrx_word' id='word_1_867' title='bbox 2343 5332 2502 5402; x_wconf 86' lang='lat' dir='ltr'><strong>cujus</strong></span> <span class='ocrx_word' id='word_1_868' title='bbox 2533 5330 2670 5384; x_wconf 93' lang='lat' dir='ltr'><strong>odor</strong></span> <span class='ocrx_word' id='word_1_869' title='bbox 2679 5324 2957 5398; x_wconf 89' lang='lat' dir='ltr'><strong>jucundus</strong></span> <span class='ocrx_word' id='word_1_870' title='bbox 2977 5329 3078 5384; x_wconf 89' lang='lat' dir='ltr'><strong>est,</strong></span> <span class='ocrx_word' id='word_1_871' title='bbox 3112 5318 3398 5416; x_wconf 40' lang='lat' dir='ltr'><strong>orationes.</strong></span> <span class='ocrx_word' id='word_1_872' title='bbox 3417 5320 3546 5416; x_wconf 80' lang='lat' dir='ltr'><strong>sunt</strong></span> 
     </span>
    </p>
   </div>
   <div class='ocr_carea' id='block_1_115' title="bbox 1960 5406 3539 5496">
    <p class='ocr_par' dir='ltr' id='par_1_115' title="bbox 1960 5406 3539 5496">
     <span class='ocr_line' id='line_1_121' title="bbox 1960 5406 3539 5496; baseline -0.017 -9"><span class='ocrx_word' id='word_1_873' title='bbox 1960 5406 2174 5495; x_wconf 75' lang='lat' dir='ltr'><strong>eorum,</strong></span> <span class='ocrx_word' id='word_1_874' title='bbox 2207 5442 2329 5496; x_wconf 65' lang='lat' dir='ltr'><strong>qum</strong></span> <span class='ocrx_word' id='word_1_875' title='bbox 2355 5423 2467 5477; x_wconf 88' lang='lat' dir='ltr'><strong>Deo</strong></span> <span class='ocrx_word' id='word_1_876' title='bbox 2488 5418 2848 5490; x_wconf 87' lang='lat' dir='ltr'><strong>acccptabiles</strong></span> <span class='ocrx_word' id='word_1_877' title='bbox 2876 5423 3023 5479; x_wconf 90' lang='lat' dir='ltr'><strong>sunt,</strong></span> <span class='ocrx_word' id='word_1_878' title='bbox 3051 5421 3104 5467; x_wconf 89' lang='lat' dir='ltr'><strong>et</strong></span> <span class='ocrx_word' id='word_1_879' title='bbox 3131 5410 3247 5465; x_wconf 91' lang='lat' dir='ltr'><strong>suis</strong></span> <span class='ocrx_word' id='word_1_880' title='bbox 3280 5406 3539 5475; x_wconf 86' lang='lat' dir='ltr'><strong>subjectis</strong></span> 
     </span>
    </p>
   </div>
   <div class='ocr_carea' id='block_1_116' title="bbox 1954 5496 3545 5594">
    <p class='ocr_par' dir='ltr' id='par_1_116' title="bbox 1954 5496 3545 5594">
     <span class='ocr_line' id='line_1_122' title="bbox 1954 5496 3545 5594; baseline -0.018 -18"><span class='ocrx_word' id='word_1_881' title='bbox 1954 5519 2212 5594; x_wconf 66' lang='lat' dir='ltr'><strong>jucunda:</strong></span> <span class='ocrx_word' id='word_1_882' title='bbox 2255 5525 2308 5571; x_wconf 89' lang='lat' dir='ltr'><strong>et</strong></span> <span class='ocrx_word' id='word_1_883' title='bbox 2356 5515 2538 5569; x_wconf 89' lang='lat' dir='ltr'><strong>utiles.</strong></span> <span class='ocrx_word' id='word_1_884' title='bbox 2581 5510 2786 5566; x_wconf 83' lang='lat' dir='ltr'><strong>Hastile</strong></span> <span class='ocrx_word' id='word_1_885' title='bbox 2809 5522 2939 5562; x_wconf 91' lang='lat' dir='ltr'><strong>vero</strong></span> <span class='ocrx_word' id='word_1_886' title='bbox 2958 5499 3292 5566; x_wconf 87' lang='lat' dir='ltr'><strong>candelabri,</strong></span> <span class='ocrx_word' id='word_1_887' title='bbox 3328 5497 3415 5551; x_wconf 92' lang='lat' dir='ltr'><strong>cui</strong></span> <span class='ocrx_word' id='word_1_888' title='bbox 3440 5496 3545 5550; x_wconf 88' lang='lat' dir='ltr'><strong>tria</strong></span> 
     </span>
    </p>
   </div>
   <div class='ocr_carea' id='block_1_117' title="bbox 1961 5593 3539 5675">
    <p class='ocr_par' dir='ltr' id='par_1_117' title="bbox 1961 5593 3539 5675">
     <span class='ocr_line' id='line_1_123' title="bbox 1961 5593 3539 5675; baseline -0.016 -5"><span class='ocrx_word' id='word_1_889' title='bbox 1961 5593 2186 5670; x_wconf 90' lang='lat' dir='ltr'><strong>brachia</strong></span> <span class='ocrx_word' id='word_1_890' title='bbox 2209 5627 2276 5666; x_wconf 88' lang='lat' dir='ltr'><strong>ex</strong></span> <span class='ocrx_word' id='word_1_891' title='bbox 2301 5609 2525 5664; x_wconf 84' lang='lat' dir='ltr'><strong>dextera</strong></span> <span class='ocrx_word' id='word_1_892' title='bbox 2555 5613 2708 5675; x_wconf 89' lang='lat' dir='ltr'><strong>parte</strong></span> <span class='ocrx_word' id='word_1_893' title='bbox 2745 5600 3082 5656; x_wconf 68' lang='lat' dir='ltr'><strong>inhaerebant</strong></span> <span class='ocrx_word' id='word_1_894' title='bbox 3117 5603 3171 5650; x_wconf 91' lang='lat' dir='ltr'><strong>et</strong></span> <span class='ocrx_word' id='word_1_895' title='bbox 3207 5593 3431 5648; x_wconf 89' lang='lat' dir='ltr'><strong>totidem</strong></span> <span class='ocrx_word' id='word_1_896' title='bbox 3471 5607 3539 5646; x_wconf 81' lang='lat' dir='ltr'><strong>ex</strong></span> 
     </span>
    </p>
   </div>
   <div class='ocr_carea' id='block_1_118' title="bbox 1964 5683 3543 5768">
    <p class='ocr_par' dir='ltr' id='par_1_118' title="bbox 1964 5683 3543 5768">
     <span class='ocr_line' id='line_1_124' title="bbox 1964 5683 3543 5768; baseline -0.018 -8"><span class='ocrx_word' id='word_1_897' title='bbox 1964 5706 2206 5768; x_wconf 87' lang='lat' dir='ltr'><strong>sinistra,</strong></span> <span class='ocrx_word' id='word_1_898' title='bbox 2234 5699 2492 5756; x_wconf 88' lang='lat' dir='ltr'><strong>Christus</strong></span> <span class='ocrx_word' id='word_1_899' title='bbox 2513 5703 2616 5762; x_wconf 87' lang='lat' dir='ltr'><strong>est,</strong></span> <span class='ocrx_word' id='word_1_900' title='bbox 2639 5693 2726 5750; x_wconf 91' lang='lat' dir='ltr'><strong>cui</strong></span> <span class='ocrx_word' id='word_1_901' title='bbox 2753 5690 2910 5762; x_wconf 87' lang='lat' dir='ltr'><strong>quasi</strong></span> <span class='ocrx_word' id='word_1_902' title='bbox 2936 5688 3094 5742; x_wconf 87' lang='lat' dir='ltr'><strong>ﬁrmo</strong></span> <span class='ocrx_word' id='word_1_903' title='bbox 3116 5683 3287 5753; x_wconf 86' lang='lat' dir='ltr'><strong>stipiti</strong></span> <span class='ocrx_word' id='word_1_904' title='bbox 3323 5691 3435 5736; x_wconf 91' lang='lat' dir='ltr'><strong>tam</strong></span> <span class='ocrx_word' id='word_1_905' title='bbox 3456 5697 3543 5741; x_wconf 79' lang='lat' dir='ltr'><strong>ve-</strong></span> 
     </span>
    </p>
   </div>
   <div class='ocr_carea' id='block_1_119' title="bbox 1966 5777 3547 5857">
    <p class='ocr_par' dir='ltr' id='par_1_119' title="bbox 1966 5777 3547 5857">
     <span class='ocr_line' id='line_1_125' title="bbox 1966 5777 3547 5857; baseline -0.016 -1"><span class='ocrx_word' id='word_1_906' title='bbox 1966 5799 2096 5856; x_wconf 81' lang='lat' dir='ltr'><strong>teris</strong></span> <span class='ocrx_word' id='word_1_907' title='bbox 2124 5795 2380 5853; x_wconf 80' lang='lat' dir='ltr'><strong>Ecclesiae</strong></span> <span class='ocrx_word' id='word_1_908' title='bbox 2397 5791 2581 5848; x_wconf 89' lang='lat' dir='ltr'><strong>ﬁdeles</strong></span> <span class='ocrx_word' id='word_1_909' title='bbox 2601 5801 2765 5857; x_wconf 90' lang='lat' dir='ltr'><strong>quam</strong></span> <span class='ocrx_word' id='word_1_910' title='bbox 2790 5797 2941 5838; x_wconf 68' lang='lat' dir='ltr'><strong>novae</strong></span> <span class='ocrx_word' id='word_1_911' title='bbox 2965 5779 3247 5849; x_wconf 70' lang='lat' dir='ltr'><strong>inhaerent,</strong></span> <span class='ocrx_word' id='word_1_912' title='bbox 3263 5786 3317 5833; x_wconf 89' lang='lat' dir='ltr'><strong>et</strong></span> <span class='ocrx_word' id='word_1_913' title='bbox 3337 5777 3442 5833; x_wconf 88' lang='lat' dir='ltr'><strong>hoc</strong></span> <span class='ocrx_word' id='word_1_914' title='bbox 3464 5784 3547 5832; x_wconf 78' lang='lat' dir='ltr'><strong>to-</strong></span> 
     </span>
    </p>
   </div>
  </div>
