3988 6446
480 343 588 409 35.5
632 308 641 317 “

1011 339 1069 395 S.
1107 338 1454 395 BRUNONIS
1490 339 2128 399 CARTHUSIANORUM
2167 343 2653 402 lNSTlTUTORIS
2686 344 2838 404 OPP.
2879 345 3069 404 PARS
3096 345 3160 402 Il.

3622 344 3721 401 5'56

481 470 599 515 tum
625 458 773 530 quod
795 465 926 514 sunt
951 456 1037 511 vel
1062 455 1284 512 fuerunt
1301 472 1364 511 ex
1389 472 1455 511 eo
1494 456 1713 513 habent.
1742 455 1877 514 Tres
1903 458 2049 513 enim
2080 474 2128 532 Α
2154 459 2446 516 mundanis
2474 468 2530 516 et
2576 459 2645 515 de
2671 459 2989 516 caelestibus
3006 460 3133 530 jure
3161 470 3366 515 aureus
3394 454 3573 512 fuisse
3598 456 3725 512 dici-

478 550 619 607 ηιηὶ
642 551 738 620 qui
760 564 829 606 ex
857 547 1076 604 dextera
1100 557 1249 618 parte
1270 556 1418 616 sunt,
1445 558 1554 604 tres
1567 548 1795 604 ordines
1808 548 2047 621 fidelium

481 642 647 710 hujus
670 638 930 694 Ecclesiae
954 637 1097 711 (quae
1126 638 1341 709 dignior
1373 646 1455 694 est
1476 653 1641 708 quam
1665 638 1843 709 vetus)
1867 646 2051 695 osten-

479 732 638 799 dunt,
688 732 792 787 hos
840 731 1011 786 habes
1055 729 1112 784 in
1148 729 1440 808 Evangelio
1475 730 1568 785 ubi
1611 729 1845 786 dicitur:
1883 750 1902 783 ι
1931 729 2051 787 Duo

456 832 643 882 erunt
670 842 725 880 tn
746 826 890 882 lecto
929 845 943 881 :
971 841 1112 880 unus
1137 834 1468 893 assumetur,
1485 826 1621 881 alter
1646 826 2004 898 relinquetur.
2024 846 2045 881 ι

479 918 600 974 Duo
641 917 699 973 in
750 932 901 989 agro,
938 931 1083 971 unus
1126 925 1458 984 assumatur,
1493 917 1631 972 alter
1667 924 1851 974 autem
1887 917 2054 975 relin-

477 1019 699 1082 quetur.
732 1008 851 1064 Duo
877 1009 933 1063 in
961 1007 1294 1076 molendino,
1317 1024 1462 1065 unus
1482 1018 1815 1076 assumetur,
1841 1019 1899 1066 et
1918 1011 2054 1068 alter

483 1101 817 1172 relinquetur
839 1096 990 1170 (Luc.
1012 1114 1144 1164 xvu,
1174 1099 1265 1166 54,
1302 1099 1415 1169 '55).
1448 1097 1568 1154 Duo
1598 1098 1655 1153 in
1690 1100 1849 1168 lecto,
1877 1100 2055 1156 conti-

481 1198 692 1255 nentes,
713 1202 946 1258 quorum
973 1187 1049 1241 illi
1081 1186 1459 1261 relinquentur
1493 1187 1587 1257 qui
1620 1187 1704 1243 vel
1734 1204 1832 1258 pro
1867 1188 2054 1245 favore

479 1280 671 1335 mundi
707 1278 1066 1346 abstinentes,
1103 1278 1188 1333 vel
1227 1293 1328 1348 pro
1363 1278 1473 1334 Deo
1520 1280 1622 1333 hoc
1654 1278 1934 1349 facientes,
1970 1289 2055 1337 ta-

477 1385 604 1425 men
634 1369 913 1426 deficiunt.
953 1368 1047 1423 llli‘
1076 1378 1258 1425 autem
1298 1370 1393 1439 qui
1443 1384 1543 1440 pro
1583 1368 1800 1426 Christo
1830 1372 1935 1427 hoc
1967 1370 2054 1427 fa-

478 1462 632 1518 ciunt
652 1471 706 1517 et
745 1471 1118 1534 perseverant,
1149 1462 1205 1516 in
1240 1462 1413 1533 gloria
1444 1472 1821 1531 assumentur;
1853 1463 1963 1519 duo
1996 1464 2054 1519 in

476 1568 633 1623 agro,
666 1562 799 1609 sunt
822 1553 1138 1607 laborantes
1166 1551 1221 1606 in
1252 1551 1497 1609 Ecclesia
1517 1566 1640 1622 quae
1673 1550 1770 1606 Dei
1791 1567 1922 1623 ager
1947 1561 2052 1621 est,
2076 1578 2081 1583 ο

479 1659 719 1714 quorum
771 1643 938 1714 (sicut
960 1640 1028 1698 de
1052 1642 1176 1698 aliis
1201 1642 1405 1698 dictum
1442 1643 1548 1713 est)
1587 1642 1809 1714 quidam
1848 1643 1917 1699 ad
1936 1643 2055 1714 glo-

476 1734 616 1788 riam
648 1743 1022 1802 assumentur,
1051 1734 1274 1805 quidam
1300 1734 1368 1789 ad
1395 1749 1615 1806 ptenam
1642 1734 2051 1805 relinquentur;

2148 560 2258 608 tur.
2282 550 2346 607 in
2379 566 2447 607 eo
2470 559 2655 607 autem
2700 552 2849 622 quod
2892 551 3017 623 igne
3047 548 3334 607 eharitatis
3373 547 3434 603 in
3462 546 3641 605 Deum
3677 558 3729 605 et

2150 641 2206 697 in
2262 641 2571 713 proximum
2606 642 2802 712 plenus
2832 641 2963 710 (fuit,
3006 650 3063 697 et
3074 641 3387 713 jucundum
3416 640 3728 696 orationum

2150 732 2372 788 odorem
2399 747 2500 803 pro
2521 732 2728 788 mundo
2755 732 2869 788 Deo
2893 732 3102 800 eti‘udit,
3131 731 3414 788 thuribulo
3444 730 3577 801 jure
3598 732 3733 787 assi-

2151 808 2375 880 milatur
2430 824 2615 896 ignem
2640 824 2967 892 continenti,
2996 833 3053 881 et
3085 824 3312 880 odorem
3337 823 3526 880 thuris
3554 823 3613 878 in
3640 839 3733 880 su-

2151 916 2366 986 periora
2401 915 2690 972 emittenti.
2742 913 2889 971 Idem
2927 916 3095 971 etiam
3126 923 3213 971 est
3238 930 3368 971 arca
3396 914 3734 980 testamenti,

2152 1006 2208 1063 id
2227 1014 2314 1062 est
2343 1006 2403 1062 in
2426 1022 2535 1078 qua
2568 1007 2954 1062 reservabatur
2980 1014 3367 1062 testamean
3404 1014 3462 1061 et
3511 1005 3735 1071 latebat,

2152 1096 2284 1170 quia
2324 1098 2383 1153 in
2417 1098 2684 1169 sapientia
2704 1096 2905 1165 Patris,
2929 1112 3054 1152 cum
3078 1112 3188 1167 qua
3208 1097 3351 1152 idem
3377 1096 3736 1168 personalite-

2152 1199 2292 1260 erat,
2318 1198 2588 1261 praecepta
2615 1189 2814 1245 veteris
2841 1188 2976 1260 legis
3004 1199 3059 1244 et
3071 1203 3227 1245 novat
3257 1188 3527 1255 latebant,
3555 1195 3616 1243 et
3626 1187 3734 1257 jaa

2153 1296 2223 1338 ex
2245 1280 2364 1352 ejus
2382 1279 2744 1351 dispositione
2772 1277 3109 1349 pendebant;
3132 1276 3229 1348 qui
3254 1277 3422 1333 etiam
3441 1290 3513 1331 ea
3532 1275 3736 1330 claudit

2152 1379 2210 1428 et
2228 1386 2389 1427 nemo
2415 1372 2609 1442 aperit,
2640 1372 2818 1444 aperit
2840 1381 2896 1429 et
2921 1387 3085 1429 nemo
3104 1372 3312 1429 claudit
3331 1372 3526 1443 (Apoc.
3556 1386 3642 1437 ιιι,
3660 1371 3731 1441 7).

2154 1461 2282 1519 Haec
2314 1477 2444 1519 arca
2482 1463 2635 1519 omni
2673 1472 2828 1534 parte
2857 1472 2970 1520 tam
3016 1462 3249 1519 interius
3289 1477 3459 1534 quam
3498 1461 3736 1523 exterius

2154 1568 2291 1610 auro
2318 1562 2460 1609 tecta
2483 1563 2620 1622 erat,
2647 1554 2779 1626 quia
2805 1555 2924 1626 ipse
2965 1562 3021 1610 et
3046 1554 3231 1613 anima
3259 1562 3316 1610 et
3338 1568 3579 1624 corpore
3621 1568 3734 1607 om-

2155 1645 2309 1700 nium
2337 1645 2815 1702 consummatione
2859 1646 3127 1702 virtutum
3169 1645 3388 1713 enituit,
3418 1654 3475 1701 et
3503 1644 3656 1700 nulla
3688 1644 3737 1699 ei

2153 1735 2326 1794 defuit
2361 1736 2594 1808 iustitia.
2631 1735 2697 1793 In
2740 1737 2845 1793 hac
2879 1753 3008 1794 arca
3029 1746 3153 1794 erat
3183 1752 3323 1793 urna
3363 1751 3577 1803 aurea,
3616 1736 3737 1807 quia

479 1825 589 1880 duo
611 1825 666 1879 in
691 1824 1024 1892 molendino,
1045 1825 1424 1881 demonstrant
1445 1826 1610 1896 hujus
1632 1825 1816 1881 saeculi
1840 1840 2059 1897 posses-
2084 1818 2133 1881 B
2158 1827 2215 1882 in
2250 1842 2480 1899 corpore
2509 1825 2730 1884 Christi
2758 1837 2878 1885 erat
2920 1843 3051 1884 vera
3077 1837 3135 1885 et
3162 1827 3404 1883 humana
3446 1826 3661 1895 anima,
3689 1836 3740 1882 et

479 1930 638 1970 seres
667 1915 723 1969 in
751 1916 1090 1973 volubilitate
1109 1917 1510 1973 mundanarum
1533 1933 1717 1973 rerum
1746 1926 2051 1997 manentes,

475 2007 572 2076 qui
606 2007 859 2064 laborant
907 2010 1184 2081 quomodo
1222 2009 1308 2064 vir
1339 2009 1551 2080 placeat
1578 2009 1816 2076 mulieri,
1842 2019 1897 2066 et
1932 2025 2056 2065 mu-

473 2097 578 2155 .‘ier
624 2101 763 2155 viro.
816 2099 1023 2157 Horum
1080 2102 1161 2159 illi
1223 2102 1620 2173 relinquentur,
1676 2103 1824 2174 quod
1874 2102 2051 2173 ipsius

472 2191 664 2248 mundi
686 2192 971 2249 delectatio
993 2194 1047 2248 in
1063 2194 1294 2250 crimina
1306 2203 1360 2250 et
1373 2195 1668 2266 perniciem
1692 2194 1878 2251 trahit.
1891 2193 2050 2265 391

472 2280 556 2337 illi
576 2298 706 2339 vero
727 2293 1099 2353 assumentur,
1123 2287 1219 2357 qui
1242 2287 1296 2341 in
1319 2287 1550 2343 crimina
1566 2302 1678 2341 non
1702 2285 1968 2353 incidunt,
2001 2293 2057 2340 et

475 2374 544 2429 de
591 2386 905 2431 mammona
928 2376 1233 2447 iniquitatis
1285 2378 1493 2435 amicos
1521 2377 1627 2434 sibi
1660 2376 1868 2434 faciunt
1897 2374 2051 2446 (Luc.

476 2479 590 2530 xvi,
633 2464 709 2535 9).

550 2556 631 2611 illi
652 2565 834 2614 autem
863 2567 974 2615 tres
998 2560 1158 2627 rami,
1189 2560 1285 2631 qui
1325 2560 1564 2617 sinistra:
1586 2561 1727 2632 parti
1763 2561 2052 2628 inhaerent,

478 2657 591 2704 tres
635 2648 855 2707 ordines
907 2650 1147 2706 fidelium
1189 2651 1291 2706 sub
1333 2649 1502 2708 veteri
1534 2652 1832 2708 ostendunt
1875 2668 2058 2723 :quos

481 2741 651 2797 habes
687 2758 785 2812 per
818 2740 1117 2810 Danielem,
1146 2758 1243 2815 per
1270 2742 1402 2812 Noe,
1438 2760 1533 2815 per
1568 2743 1690 2800 Job.
1734 2743 1924 2800 Daniel
1972 2753 2056 2800 et-

476 2833 625 2899 enim
640 2833 735 2905 qui
750 2834 1062 2903 vixitcaste,
1080 2836 1423 2892 continentes
1445 2836 1549 2892 sub
1557 2835 1729 2892 veteri
1743 2835 1859 2908 lege
1875 2844 2059 2891 osten-

2154 1918 2346 1976 eadem
2388 1918 2541 1976 omni
2559 1918 2762 1975 virtute
2805 1927 2863 1977 et
2894 1918 3137 1990 perfecta
3164 1918 3434 1990 sapientia
3470 1918 3658 1990 plena.
3684 1916 3740 1973 In

2156 2025 2297 2066 urna
2354 2018 2474 2065 erat
2522 2024 2725 2064 manna
2780 2008 3196 2077 absconditum,
3250 2009 3381 2080 quia
3449 2008 3510 2065 in
3566 2008 3741 2065 anima

2153 2100 2361 2157 Christi
2394 2109 2479 2158 est
2528 2102 2649 2173 ipsa
2684 2100 2971 2169 divinitas;
3011 2116 3138 2172 quae
3181 2110 3267 2157 est
3298 2100 3469 2172 panis
3502 2110 3563 2157 et
3604 2099 3743 2156 refc-

2154 2191 2265 2249 ctio
2290 2192 2627 2264 angelorum.
2656 2190 2828 2249 Erant
2857 2191 3022 2250 etiam
3055 2191 3114 2247 in
3141 2206 3270 2248 arca
3305 2191 3463 2263 virga
3483 2193 3670 2247 Aaron
3696 2200 3746 2248 ct

2154 2283 2354 2340 tabulae
2395 2282 2749 2343 Testamenti.
2795 2282 2962 2356 Virga
3005 2283 3191 2340 Aaron
3232 2299 3428 2340 verum
3471 2284 3745 2356 signiﬁca-

2154 2375 2232 2430 vit
2260 2375 2651 2432 sacerdotium.
2706 2375 2929 2432 Tabula:
2974 2374 3310 2432 Testamenti
3353 2375 3526 2432 corda
3560 2391 3746 2431 eorum

2157 2475 2306 2533 sunt,
2358 2467 2416 2522 in
2449 2467 2652 2538 quibus
2676 2467 2825 2541 {legis
2859 2476 3132 2539 prmeepta
3175 2467 3416 2524 insident
3462 2477 3520 2523 et
3564 2466 3747 2539 quies-

2157 2567 2306 2616 cunt.
3085 2571 3087 2575 ⁴

2230 2650 2370 2708 Sunt
2400 2651 2584 2723 itaque
2613 2652 2669 2707 in
2699 2666 2827 2708 arca
2854 2652 3007 2724 virga
3028 2652 3212 2708 Aaron
3233 2660 3289 2709 et
3313 2652 3521 2708 tabulae
3556 2650 3750 2708 Testa—

2157 2744 2347 2812 menti,
2373 2744 2502 2814 quia
2531 2744 2589 2799 in
2634 2742 2858 2800 Christo
2901 2758 3093 2799 verum
3122 2752 3209 2800 est
3257 2742 3663 2809 sacerdotium,
3694 2752 3748 2797 et

2159 2832 2538 2904 unusquisque
2554 2832 2757 2900 fidelis;
2783 2832 2929 2888 unde
2952 2832 3008 2887 in
3033 2831 3331 2905 Evangelia
3349 2833 3464 2887 ait:
3491 2851 3511 2886 ι
3543 2831 3755 2887 nancte

477 2923 577 2979 dit.
626 2922 740 2980 Noe
773 2939 906 2980 vero
952 2922 1248 2980 fabricator
1280 2933 1337 2981 et
1382 2924 1578 2981 artifex
1624 2941 1766 2981 arca:
1806 2924 2056 2993 Domini,
2159 2926 2217 2981 in
2246 2941 2354 2993 me,
2379 2934 2434 2980 et
2456 2940 2557 2997 ego
2579 2925 2634 2980 in
2661 2924 2818 2981 vobis
2850 2923 3033 2997 (Joan.
3056 2941 3147 2991 xv,
3177 2924 3257 2995 4).
3301 2943 3321 2976 ι
3354 2922 3540 2995 Super
3569 2939 3753 2979 arcam

476 3015 731 3072 doctores
757 3015 892 3087 legis
920 3015 1288 3087 praesignavit.
1315 3014 1419 3073 Job
1449 3032 1579 3072 vero
1600 3017 1695 3088 qui
1720 3017 1774 3071 in
1807 3015 2059 3087 conjugio
2161 3025 2280 3073 erat
2314 3015 2503 3073 tabula
2548 3030 2673 3087 quae
2699 3016 3002 3072 vocabatur
3040 3014 3515 3088 propitiatorium,
3546 3014 3608 3070 in
3649 3029 3755 3085 qua

478 3112 534 3161 et
568 3122 754 3161 rerum
801 3107 1148 3177 possessione
1184 3106 1306 3175 fuit,
1355 3108 1695 3164 demonstrat
1723 3108 1843 3164 illos
1876 3107 1971 3179 qui
2001 3107 2057 3162 in
2085 3156 2129 3179 η
2165 3107 2312 3165 Deus
2363 3122 2634 3179 apparens
2662 3122 2760 3178 per
2793 3107 3049 3179 angelum
3086 3106 3488 3178 propitiabatur
3512 3106 3756 3177 peccatis

480 3197 751 3270 conjugiis
801 3156 857 3254 et
907 3199 1073 3255 rebus
1127 3156 1423 3256 mundanis
1479 3194 1594 3256 Deo
1640 3156 1960 3271 placuerint.
1994 3198 2057 3253 In
2083 3156 2129 3219 ε
2157 3214 2369 3257 eorum.
2398 3156 2574 3269 gbper
2595 3156 3056 3270 propitiatgrium,
3077 3156 3757 3267 duorcherubimrsemper

478 3289 763 3346 omnibus"
794 3297 976 3344 autem
1017 3289 1105 3346 his
1158 3290 1329 3347 ramis
1369 3299 1528 3347 erant
1571 3292 1879 3361 sphaerulte,
1930 3291 2060 3363 quia
2159 3289 2423 3346 inclinato
2471 3289 2627 3345 vultu
2684 3289 2818 3346 illud
2858 3289 3202 3361 aspicienda,
3251 3297 3307 3343 et
3356 3288 3757 3358 conjunctione

480 3382 794 3438 rotunditas
825 3381 1179 3452 perfectionis
1209 3391 1329 3438 erat
1356 3383 1410 3437 in
1444 3384 1723 3451 omnibus,
1753 3393 1809 3439 et
1837 3384 2061 3455 aequali-
2159 3381 2371 3436 alarum
2393 3396 2616 3437 suarum
2640 3379 2871 3452 desuper
2890 3388 3239 3436 extensarum
3263 3378 3396 3434 illud
3419 3377 3757 3434 obumbran-

484 3481 570 3527 tas
593 3471 836 3544 justitize.
867 3471 978 3530 Has
1007 3481 1187 3529 autem
1213 3473 1517 3545 sphaarulas
1536 3474 1650 3528 lilia
1670 3475 2059 3545 sequebantur,

483 3563 616 3633 quia
653 3571 942 3633 postquam
985 3562 1185 3633 aliquis
1239 3563 1515 3633 perfectus
1564 3573 1648 3619 est
1705 3574 1894 3634 gratus
1927 3564 2064 3619 odor

483 3652 618 3721 Deo,
648 3662 704 3709 et
733 3653 789 3708 in
816 3651 1059 3710 Ecclesia
1086 3653 1336 3726 exemplo
1361 3653 1633 3708 honorum
1658 3667 1882 3723 operum
1914 3653 2065 3708 redo-

483 3746 605 3802 lcns
631 3745 880 3801 edicitur.
894 3743 1025 3800 Post
1044 3744 1155 3801 lilia
1166 3760 1296 3800 vero
1320 3745 1622 3800 succedunt
1641 3745 1910 3816 scyphuli,
1933 3745 2063 3815 quia

480 3851 610 3894 cum
647 3836 849 3908 aliquis
902 3836 1166 3907 probatur
1213 3834 1521 3906 perfectus,
1545 3843 1599 3891 ct
1625 3835 1874 3906 exemplo
1909 3835 2065 3891 bonae

481 3928 819 4001 operationis
845 3935 1108 3999 tanquam
1136 3927 1311 3982 lilium
1350 3943 1449 3983 sua
1477 3927 1643 3983 odore
1672 3927 2023 4000 cognoscitur
2044 3970 2061 3995 ,

482 4029 653 4077 restat
679 4030 739 4076 ut
762 4019 1024 4076 efficiatur
1045 4020 1389 4090 praedicator,
1419 4029 1473 4076 et
1499 4019 1779 4076 catholicae
1804 4019 2066 4076 doctrinae

484 4111 859 4183 indigentibus
885 4110 1221 4181 propinator.
1255 4108 1361 4177 Qui
1386 4110 1700 4181 operatione
1730 4118 1784 4165 et
1816 4109 2065 4166 doctrina

484 4203 613 4258 talis
641 4200 886 4269 effectus,
931 4208 987 4256 et
1026 4201 1268 4270 seipsum
1298 4201 1421 4270 igne
1456 4201 1741 4256 charitatis
1789 4200 2062 4266 accendit,

483 4302 544 4348 ct
580 4292 703 4348 aliis
731 4294 914 4348 lumen
950 4292 1007 4348 in
1051 4292 1290 4346 tenebris
1316 4292 1571 4347 ostendit.
1628 4290 1939 4346 Secundum
1968 4307 2065 4346 au—

488 4393 601 4439 tem
636 4383 1051 4438 tabernaculum
1080 4398 1112 4438 a
1154 4382 1333 4452 primo
1359 4383 1463 4437 veli
1494 4382 1904 4451 interpositione
1929 4382 2066 4436 divi-

487 4473 738 4540 debatur,
756 4472 810 4527 in
835 4471 982 4543 quod
1008 4470 1248 4542 pontifex
1260 4471 1410 4527 solus
1428 4480 1483 4528 et
1508 4471 1673 4527 semel
1704 4471 1756 4526 in
1776 4486 1921 4527 anno
1940 4487 2065 4528 cum

486 4565 756 4637 sanguine
784 4565 1207 4637 ingrediebatur.

558 4657 997 4714 Tabernaculum
1053 4657 1186 4713 illud
1235 4657 1473 4713 caelestis
1524 4656 1769 4713 Ecclesia
1800 4666 1901 4713 est.
1929 4654 2065 4712 illud

487 4743 671 4807 autem
691 4750 968 4823 obtegitur
993 4749 1135 4816 velo,
1160 4750 1289 4820 quia
1314 4749 1442 4804 dum
1475 4765 1670 4805 sumus
1689 4750 1743 4804 in
1764 4750 1866 4805 hac
1887 4749 2067 4806 adhuc

484 4844 703 4899 mortali
737 4859 902 4899 carne
923 4842 1007 4897 vel
1034 4840 1304 4907 Ecclesia,
1329 4857 1451 4910 qua:
1479 4850 1533 4897 et
1555 4852 1756 4912 quanta
1785 4840 1928 4897 Deus
1951 4843 2068 4898 suis

485 4942 754 5005 praeparet
795 4934 1119 5005 ignorantia:
1146 4932 1387 4987 cmcitate
1420 4946 1750 5003 cognoscere
1786 4945 1895 4985 non
1935 4946 2066 5000 pos-

487 5042 713 5081 sumus-
733 5024 984 5081 Pontifex
1017 5034 1196 5080 autem
1237 5024 1332 5093 qui
1374 5023 1544 5078 semel
1576 5023 1630 5077 in
1664 5037 1830 5086 anno,
1860 5031 1911 5076 et
1940 5038 2065 5077 cum

488 5116 760 5186 sanguine
786 5117 1072 5183 introibat,
1098 5117 1352 5172 Christus
1378 5124 1481 5183 est,
1507 5115 1624 5187 qui,
1654 5115 1706 5169 in
1736 5114 2068 5186 perfectione

488 5215 797 5274 temporum
845 5205 1013 5260 semel
1066 5207 1387 5277 sanguinem
1424 5221 1585 5261 suum
1625 5204 1879 5271 offerens,
1921 5206 2065 5259 viam

489 5294 732 5353 ('mfcstis
759 5295 947 5364 patriae
968 5295 1126 5350 nobis
1147 5296 1398 5353 initiavit.
1421 5295 1576 5363 Quod
1600 5313 1727 5353 vero
1746 5295 1863 5366 ipsa
1889 5296 2066 5352 hostia

491 5401 604 5439 uno
658 5398 878 5456 quoque
935 5398 1081 5438 anno
1143 5385 1539 5452 reiterabatur,
1602 5384 2066 5456 imperfectionem

491 5476 668 5547 ipsius
709 5474 903 5531 hostiae
932 5474 1268 5541 ostendebat,
1319 5483 1375 5529 et
1407 5491 1474 5530 ex
1508 5474 1627 5544 ipsa
1660 5491 1760 5531 sua
1786 5476 2069 5532 iteratione

493 5566 657 5621 aliam
714 5566 948 5620 hostiam
978 5580 1143 5634 quam
1192 5564 1376 5619 iterari
1411 5579 1522 5619 non
1560 5575 1854 5636 Oporteret,
1877 5582 2067 5637 exspe-

494 5658 628 5710 ctari
653 5656 1016 5729 praecipiebat.
1059 5655 1419 5711 Thuribulum
1441 5672 1666 5712 aureum
1693 5657 1942 5715 Christus
1963 5671 2067 5725 est,

493 5747 588 5820 qui
616 5747 671 5804 in
702 5765 766 5804 ca)
801 5751 947 5819 quod
1001 5749 1297 5819 perfectam
1341 5751 1665 5825 sapientiam
1693 5751 1898 5821 habuit,
1927 5762 1978 5807 et
2000 5754 2065 5808 de

2162 3460 2257 3528 tia.
2312 3470 2458 3527 idem
2507 3469 2762 3528 Christus
2805 3469 3246 3542 propitiatorium
3288 3477 3393 3536 est,
3448 3468 3757 3525 secundum

2163 3560 2311 3634 quod
2350 3560 2420 3617 ab
2443 3575 2509 3618 eo
2548 3575 2672 3630 quae
2713 3561 2992 3629 volumus,
3025 3560 3393 3635 postulamus,
3420 3569 3482 3616 et
3515 3575 3623 3616 sua
3654 3559 3756 3614 mi-

2114 3712 2118 3716 .
2164 3652 2469 3708 sericordia
2496 3653 2702 3709 nostris
2734 3653 2994 3724 peccatis,
3024 3653 3370 3723 propitiatur.
3407 3650 3597 3723 Super
3635 3667 3757 3707 eum

2163 3750 2292 3797 sunt
2324 3741 2435 3797 duo
2469 3743 2752 3798 cherubim
2775 3784 2792 3810 ,
2843 3742 2974 3813 quia
3005 3743 3171 3799 etiam
3224 3742 3453 3800 altiores
3483 3743 3757 3798 caelorum

2162 3834 2394 3890 virtutes
2418 3835 2468 3890 ei
2516 3834 2845 3902 innituntur,
2869 3844 2924 3892 et
2963 3835 3370 3892 ﬁrmamentum
3402 3832 3757 3892 suaestabili-

2166 3923 2292 3978 tatis
2317 3924 2520 3980 habent
2550 3923 2724 3980 illum.
2749 3923 2954 3981 Eadem
2996 3925 3281 3983 cherubim
3312 3925 3755 3995 propitiatorium

2165 4032 2381 4088 semper
2435 4018 2709 4088 aspiciunt
2754 4037 2769 4072 :
2805 4018 2971 4091 392
3023 4016 3118 4073 sed
3161 4018 3399 4088 desuper
3437 4017 3755 4082 obdurant,

2165 4109 2294 4179 quia
2348 4109 2599 4165 cmlestes
2648 4110 2884 4167 virtutes
2914 4108 3349 4166 misericordiam
3384 4107 3484 4163 Dei
3540 4123 3759 4179 semper

2166 4201 2623 4271 contemplantur,
2657 4201 2784 4270 sed,
2839 4216 2950 4273 quo
2982 4200 3246 4255 intentius
3286 4215 3413 4255 eum
3453 4199 3754 4271 aspiciunt,

2169 4300 2322 4347 tanto
2337 4291 2621 4348 obscurior
2640 4301 2697 4348 et
2719 4291 2891 4363 magis
2921 4292 3144 4362 ignotus
3161 4291 3412 4359 cfiieitur,
3441 4310 3462 4343 ε
3491 4293 3757 4362 queuiam

2167 4382 2546 4438 misericordia
2566 4382 2779 4437 Domini
2794 4383 3027 4454 abyssus
3048 4382 3221 4437 multa
3244 4381 3422 4453 (Paul.
3441 4398 3619 4451 xxxv,
3639 4383 3712 4455 7).
3731 4401 3751 4437 ι

2097 4498 2143 4554 D
2168 4471 2227 4526 in
2278 4488 2403 4528 arca
2452 4481 2634 4527 autem
2664 4481 2903 4543 quatuor
2956 4482 3115 4528 erant
3159 4472 3379 4538 annuli,
3437 4472 3502 4528 in
3552 4474 3756 4543 quibus

2165 4572 2349 4619 vectes
2383 4563 2834 4630 immittebantur,
2879 4570 2936 4618 et
2969 4562 3053 4618 sic
3078 4577 3204 4617 arca
3237 4578 3350 4633 quo
3378 4577 3470 4617 res
3495 4564 3759 4634 poscebat

2168 4654 2532 4712 deferebatur.
2546 4655 2792 4723 Quatuor
2809 4655 3020 4722 annuli,
3033 4661 3270 4725 quatuor
3281 4663 3413 4709 sunt
3426 4652 3753 4725 Evangelia;

2167 4754 2369 4813 vectes,
2401 4744 2575 4800 sancti
2604 4744 2991 4815 predicatorcs,
3016 4742 3131 4813 qui,
3160 4741 3555 4797 in-doctrinam
3580 4741 3757 4797 Evan-

2168 4837 2290 4907 gelii
2322 4835 2576 4903 immissi,
2605 4844 2660 4891 et
2703 4833 2985 4890 Christum
3028 4841 3085 4890 et
3123 4832 3244 4903 ejus
3274 4831 3434 4887 ﬁdem
3463 4848 3583 4902 quo
3614 4831 3755 4888 Deus

2168 4929 2285 4984 vult
2329 4938 2384 4984 et
2430 4927 2762 4998 praeordinat
2788 4925 3059 4981 deferunt.
3094 4922 3211 4978 Hoc
3230 4932 3436 4989 autem,
3484 4922 3645 4992 quod
3696 4923 3755 4977 de

2166 5020 2332 5092 lignis
2369 5019 2531 5075 setim
2566 5020 2711 5089 (qua:
2744 5016 3098 5087 imputribiiia
3144 5014 3292 5084 sunt)
3322 5013 3468 5069 facta
3490 5022 3603 5082 est,
3633 5030 3753 5071 cor-

2169 5129 2274 5182 pus
2297 5111 2503 5167 Christi
2542 5118 2667 5182 post
2709 5108 3020 5180 passionem
3059 5107 3369 5161 immortale
3394 5115 3449 5163 et
3491 5106 3753 5179 impassi-

2168 5203 2278 5258 bile
2319 5201 2564 5257 futurum
2590 5198 2955 5272 prmsignavit.
2989 5196 3115 5253 Hzec
3134 5197 3191 5251 in
3215 5197 3395 5268 primo
3428 5205 3486 5250 et
3510 5196 3753 5253 secundo

2169 5300 2299 5351 sunt
2352 5288 2704 5345 tabernaculo
2770 5287 2854 5358 (de
2888 5286 3078 5359 quibus
3103 5302 3206 5340 non
3248 5295 3326 5340 est
3366 5286 3529 5341 modo
3569 5286 3750 5341 dicen-

2168 5383 2526 5456 dum)cundo
2581 5399 2673 5453 per
2693 5381 2906 5453 singula
2959 5395 3148 5435 eorum
3189 5375 3622 5449 interpretanda.
3680 5373 3750 5428 De

2169 5478 2403 5550 singulis
2431 5477 2651 5549 quidem
2700 5491 2811 5530 non
2857 5482 2943 5529 est
2982 5472 3326 5539 discendum,
3348 5471 3440 5525 sed
3464 5471 3537 5525 de
3563 5469 3651 5523 his
3678 5470 3748 5523 ita

2171 5571 2476 5641 compositis
2514 5577 2600 5624 est
2623 5566 2914 5624 dicendum
2941 5566 3065 5633 hoc,
3108 5564 3313 5620 scilicet
3338 5562 3481 5635 quod
3503 5563 3563 5616 in
3603 5561 3749 5631 prius

2171 5661 2380 5735 quidet):
2429 5658 2829 5713 tabernaculum
2877 5672 3077 5725 semper
3117 5654 3405 5708 introibant
3452 5651 3745 5705 sacerdotes

2173 5749 2773 5818 consummantcso/ﬁria
2800 5747 3185 5819 sacriﬁciorum
3234 5743 3287 5799 id
3306 5751 3389 5799 est
3410 5741 3745 5815 periicicntca
