3988 6408
184 330 303 403 sm.

802 326 1203 393 .EXPOSITIO
1234 328 1304 387 IN
1343 329 1725 391 EPISTULAS
1760 328 1989 387 PAULI.
2025 359 2099 372 --
2135 326 2203 385 IN
2239 327 2460 386 EPIST.
2499 326 2592 383 AD
2630 327 2785 385 ΗΕΒ.

3350 333 3467 395 5'58

186 430 473 511 sacriﬁcia
517 441 821 501 secundum
859 444 1027 515 ritum
1057 445 1222 503 oﬁicii
1254 447 1346 505 sui
1370 448 1426 503 in
1452 448 1608 527 prius
1629 463 1784 509 .sem-
1812 450 1861 511 Α
1891 448 2267 518 correctionis,
2290 445 2345 502 id
2370 454 2456 504 est
2480 462 2655 517 usque
2682 446 2749 503 ad
2779 445 3090 516 Christum,
3124 449 3459 520 perfectione

182 554 373 681 pegert
407 626 466 680 in
509 624 796 680 secundum
826 625 1225 682 tabernaculum
1254 629 1413 685 semet
1441 630 1496 684 in
1526 646 1665 684 anno
1694 629 1779 686 in-

180 708 399 773 troibai
426 715 571 771 solus
593 717 852 788 pontifex,
886 727 942 775 et
975 735 1081 775 non
1103 720 1216 777 sine
1241 722 1518 792 sanguine,
1544 737 1656 793 quo
1682 738 1777 780 ac-

181 820 372 881 cepto,
405 810 474 866 de
498 808 718 865 animali
755 808 891 866 foris
932 810 1250 879 immolato,
1303 812 1544 885 tingebat
1600 813 1669 870 de
1710 828 1778 869 co

179 892 401 959 cornua
433 902 624 958 altaris
652 902 896 971 incensi;
926 919 1081 975 quem
1123 904 1447 978 sanguinem
1488 906 1643 977 offert
1688 922 1778 962 sa-

177 995 387 1052 cerdos
432 1011 529 1067 pro
558 995 864 1066 ignorantia
898 1012 1017 1064 sua,
1044 1004 1095 1050 et
1131 1012 1231 1067 pro
1260 996 1569 1071 ignorantia
1594 999 1777 1070 populi

176 1086 537 1156 dimittenda,
565 1086 773 1159 Spiritu
806 1097 991 1144 sancto
1024 1086 1359 1161 signiﬁcante
1379 1105 1478 1162 per
1498 1091 1604 1147 hoc
1627 1089 1777 1163 quod

177 1182 239 1236 in
267 1180 430 1252 prius
451 1196 644 1237 omnes
676 1180 995 1248 introibant,
1020 1181 1076 1253 in
1100 1181 1406 1239 secundum
1432 1183 1617 1239 nullus
1637 1198 1690 1254 ιιι
1701 1213 1787 1243 ar.

174 1282 271 1328 ter
297 1273 482 1327 solum
510 1271 843 1344 pontiﬁcem,
869 1274 1010 1329 viam
1038 1284 1344 1330 sanctorum
1385 1275 1617 1331 nondum
1657 1292 1775 1335 esse

173 1365 551 1437 propalatam,
601 1364 656 1421 id
701 1373 787 1422 est
816 1374 1037 1423 sanctos
1084 1382 1196 1433 non
1244 1382 1409 1440 posse
1453 1366 1684 1425 introire
1715 1366 1771 1424 in

173 1457 389 1525 cmlos,
420 1472 545 1528 qua:
588 1456 675 1512 via
709 1457 1043 1529 propalanda
1080 1466 1201 1515 erat
1237 1459 1319 1516 eis
1359 1458 1415 1514 in
1459 1458 1680 1516 Christo
1707 1474 1774 1515 co

174 1557 529 1621 resurgente.
585 1547 655 1603 Et
702 1548 882 1605 adhuc
931 1551 1155 1622 quando
1193 1550 1436 1607 nondum
1490 1551 1771 1623 propalata

171 1649 303 1696 erat
333 1640 426 1696 via
455 1648 800 1709 sanctorum,
832 1641 927 1697 sed
975 1640 1252 1698 Abraham
1274 1651 1330 1698 et
1365 1658 1556 1701 onmes
1595 1642 1771 1700 sancti

174 1730 517 1786 tenebantur
552 1731 608 1786 in
639 1731 899 1798 tenebris,
933 1740 1087 1802 tunc,
1111 1734 1335 1807 inquam
1380 1736 1558 1807 priore
1589 1734 1766 1790 taber-

174 1822 380 1878 naculo
418 1823 642 1879 habente
661 1832 882 1880 statum.
914 1824 1099 1883 Donec
1123 1826 1269 1882 enim
1304 1827 1395 1884 via
1428 1836 1766 1896 sanctorum,

170 1914 406 1972 Christo
447 1916 756 1974 celebrante
802 1932 1007 1973 novum
1055 1917 1289 1987 Pascha,
1332 1920 1766 1994 propalata'l‘uit,

170 2017 340 2064 vetus
377 2008 467 2065 lex
496 2017 700 2064 statum
732 2025 893 2066 suum
921 2025 990 2065 ex
1024 2009 1135 2066 Deo
1160 2011 1370 2068 habuit.
1416 2011 1548 2079 Quae
1584 2012 1768 2069 omnia

168 2100 245 2157 de
272 2102 430 2157 omni
457 2100 629 2173 priori
657 2109 713 2158 et
734 2117 866 2160 vero
893 2101 1247 2159 tabernaculo
1281 2114 1359 2159 est
1389 2104 1649 2175 parabola
1684 2104 1768 2159 in-

166 2193 376 2246 stantis
407 2192 677 2263 temporis,
704 2192 760 2249 id
780 2206 866 2250 est
891 2194 1062 2267 ﬁgura
1092 2196 1370 2267 pertinens
1400 2197 1469 2253 ad
1511 2197 1615 2254 hoc
1638 2205 1770 2252 tem-

168 2298 283 2354 pus
308 2283 464 2355 quod
491 2300 637 2340 nunc
692 2284 883 2353 instat,
913 2287 1043 2357 quia
1062 2287 1329 2359 quidquid
1359 2287 1434 2344 ibi
1473 2288 1766 2361 ﬁguratum

169 2373 301 2442 fuit,
338 2391 488 2431 nunc
522 2375 580 2430 in
608 2374 830 2433 Christo
874 2376 1160 2447 impletum
1187 2388 1293 2435 est.
1320 2377 1379 2434 ln
1405 2379 1559 2450 prius
1584 2379 1767 2438 taber-

169 2467 441 2521 naculum
464 2468 986 2540 semperintroibant
1000 2470 1309 2528 sacerdotes
1319 2480 1767 2528 eonsummantes

168 2556 474 2626 sacriﬁcia,
504 2558 637 2630 quia
689 2560 746 2615 in
794 2570 1121 2632 praesentem
1169 2559 1471 2618 Ecclesiam
1522 2562 1768 2634 quotidie

168 2648 478 2706 introimus
552 2662 997 2708 consummantes
1071 2652 1356 2724 spirituale
1429 2654 1766 2714 sacriﬁcium

167 2738 409 2797 Christi.
439 2738 500 2796 In
531 2741 831 2798 secundum
866 2751 1047 2799 autem
1086 2744 1496 2800 tabernaculum
1522 2745 1767 2815 pontifex

169 2831 349 2886 semel
392 2831 800 2904 ingrediebatur
830 2833 887 2887 in
922 2850 1088 2899 altno,
1132 2833 1262 2904 quia
1303 2834 1560 2892 Christus
1600 2851 1767 2893 verus

168 2920 425 2993 pontifex
454 2921 735 2995 ingressus
759 2930 844 2979 est
868 2923 920 2979 in
943 2924 1220 2980 emit-stem
1245 2923 1543 2982 Ecclesium
1572 2928 1763 2996 semel,

166 3028 286 3069 non
318 3012 556 3070 ulterius
580 3028 904 3070 reversurus
925 3030 958 3069 a
987 3014 1181 3087 gloria.
1212 3012 1370 3082 Quod
1394 3031 1558 3072 verus
1578 3032 1764 3073 sacer-

167 3105 276 3162 dos
321 3105 557 3178 singulis
590 3106 767 3163 annis.
796 3106 1084 3164 introitum
1128 3108 1279 3164 illum
1321 3110 1547 3166 secundi
1577 3111 1763 3168 taber-

168 3197 361 3253 naculi
388 3198 917 3266 reiterabat,_verum
961 3201 1273 3271 pontiﬁcem
1295 3200 1580 3258 Christum
1620 3218 1762 3259 non-

167 3284 308 3341 dum
352 3285 611 3344 introisse
634 3287 691 3343 in
725 3304 888 3352 suum
917 3290 1330 3346 tabernaculum
1359 3291 1415 3348 in
1449 3293 1627 3362 ccelis,
1666 3294 1764 3351 sed

167 3376 361 3433 adhuc
391 3378 724 3435 intraturum
745 3382 1116 3452 exspectabat.
1150 3381 1363 3454 Legalis
1383 3385 1625 3457 pontifex
1650 3402 1763 3449 non

166 3467 443 3525 introibat
484 3470 604 3527 sine
647 3471 944 3544 sanguine,
996 3474 1126 3544 quia
1172 3474 1427 3533 Christus
1458 3494 1568 3534 non
1594 3494 1763 3550 pcne-

166 3561 340 3616 travit
371 3561 564 3631 caelos,
593 3561 703 3619 nisi
747 3563 901 3635 prius
947 3566 1214 3637 sanguine
1247 3583 1350 3623 suo
1377 3568 1550 3626 effuso
1584 3571 1639 3626 in
1674 3587 1763 3629 re-

166 3652 545 3725 demptionem
611 3656 889 3725 omnium;
928 3672 1093 3729 quem
1155 3659 1475 3732 sanguinem
1505 3661 1761 3720 Christus

166 3746 372 3801 obtulit
410 3762 521 3803 non
565 3747 757 3819 utique
802 3765 902 3820 pro
931 3764 1052 3817 sua,
1090 3751 1186 3807 sed
1229 3768 1329 3821 pro
1366 3752 1535 3810 totius
1573 3757 1759 3826 populi

167 3835 405 3890 delenda
438 3836 766 3907 ignorantia.
811 3836 982 3893 Juxta
1028 3857 1187 3910 quam
1213 3841 1551 3911 parabolam,
1592 3845 1648 3900 id
1673 3854 1760 3902 est

166 3926 406 3998 ﬁguram
434 3925 732 3996 oll'eruntur
754 3926 812 3984 in
842 3928 1008 3985 veteri
1041 3929 1157 4001 lege
1193 3946 1431 4000 munera,
1462 3931 1518 3988 id
1543 3941 1629 3991 cst
1664 3935 1763 3990 mi-

165 4034 338 4074 nores
357 4018 684 4077 oblationes.
1640 4028 1643 4031 '

237 4110 563 4168 Oﬂ'eruntur
586 4114 751 4168 etiam
792 4114 982 4171 hostia:
1025 4116 1367 4175 animalium.
1433 4118 1525 4177 Sic
1563 4122 1618 4177 in
1653 4122 1759 4180 hac

166 4200 432 4270 praesenti
471 4199 715 4257 Ecclesia
766 4218 995 4261 munera
1046 4214 1237 4262 nostra
1287 4217 1418 4265 sunt
1479 4212 1757 4269 orationes

164 4292 222 4346 in
252 4291 487 4348 odorem
525 4293 813 4350 suavitatis
838 4293 979 4363 Deo,
1024 4304 1081 4352 et
1123 4297 1318 4355 hostia:
1365 4308 1495 4357 sunt
1539 4300 1618 4360 illi
1659 4304 1755 4374 qui

1883 539 2191 596 testamenti
2268 537 2429 609 cujus
2488 537 2854 611 corrigeretur
2918 537 3255 609 imperfectio
3304 553 3453 600 vete-

1880 632 1978 689 ris.
2004 631 2237 693 Munera
2263 639 2323 687 ct
2346 631 2544 687 hostiae
2571 630 2772 702 legales
2815 630 3086 687 neminem
3122 644 3352 703 possunt
3371 635 3456 693 fa-

1877 739 2003 780 cere
2045 722 2380 794 perfectum,
2427 723 2521 779 sed
2551 721 2803 779 Christus
2828 722 3035 779 invenit
3076 733 3334 781 aeternam
3367 742 3455 786 re-

1876 815 2277 887 demptionem,
2304 815 2453 888 quod
2498 823 2580 872 est
2608 814 2791 872 dicere
2829 813 3086 873 Christus
3116 815 3246 874 facit
3272 818 3452 889 perfe-

1878 916 2048 965 ctum.
2070 907 2175 964 Sed
2195 907 2444 987 perquid
2464 915 2722 963 aeternam
2743 906 3170 978 redemptionem
3186 908 3458 983 invenerit

1877 998 2157 1069 pranuittit
2201 998 2429 1054 dicens:
2459 997 2701 1055 Christus
2741 999 3020 1066 assistens,
3050 1016 3159 1055 non
3197 1002 3456 1059 determi-

1875 1099 1973 1146 nat
1996 1090 2086 1148 cui
2113 1090 2356 1147 assistat.
2389 1088 2458 1145 Et
2495 1105 2791 1161 possumus
2817 1090 2999 1148 dicere
3030 1110 3044 1146 :
3075 1091 3329 1151 Christus
3362 1109 3455 1151 as—

1875 1180 2077 1237 sistens
2100 1179 2249 1237 Patri
2273 1184 2751 1252 repraesentatlone
2778 1196 2876 1237 sua
2898 1224 2914 1251 ,
2950 1198 3166 1255 semper
3198 1183 3456 1257 interpel-

1874 1272 1997 1330 lans
2023 1288 2124 1345 pro
2170 1272 2353 1329 nobis.
2380 1271 2480 1328 Vel
2512 1271 2768 1329 Christus
2800 1274 3100 1343 assistens,
3141 1291 3261 1348 pro.
3293 1278 3461 1335 nobis

1873 1364 2088 1437 erigens
2110 1364 2481 1420 inﬁrmitatem
2502 1374 2745 1419 nostram
2769 1365 2837 1421 ad
2856 1367 3098 1423 cmlcstia
3116 1409 3131 1436 ,
3155 1368 3456 1440 porigendo

1874 1456 2034 1514 nobis
2064 1472 2287 1513 manum
2321 1454 2530 1511 auxilii.
2557 1454 2848 1524 Christus,
2895 1456 3152 1528 inquam,
3187 1459 3454 1516 assistens

1872 1550 2112 1622 pontifex
2136 1565 2246 1606 non
2272 1547 2571 1605 carnalium
2590 1588 2606 1614 ,
2634 1547 2731 1604 sed
2757 1547 3011 1603 bonorum
3032 1551 3333 1621 futurorum
3352 1592 3369 1620 ,
3398 1549 3453 1605 id

1872 1650 1958 1698 est
2004 1640 2330 1698 ccelestium.
2385 1636 2484 1693 Vel
2533 1636 2805 1692 honorum
2863 1636 3208 1709 futurorum,
3262 1640 3315 1696 id
3369 1649 3456 1697 est

1870 1730 2159 1802 praesentis
2196 1728 2425 1801 iustitiae
2446 1734 2502 1783 et
2524 1734 2741 1782 aeternae
2774 1726 3156 1797 beatitudinis;
3185 1745 3307 1807 qua;
3332 1746 3454 1786 om-

1800 1806 1846 1864 Β
1871 1824 1961 1879 nia
1998 1833 2241 1894 tempore
2266 1821 2404 1895 legis
2450 1820 2635 1879 futura
2670 1832 2846 1879 erant.
2880 1822 3161 1890 Christus,
3195 1806 3453 1894 inquam,

1789 3166 1833 3225 C

1868 1914 2115 1986 pontifex
2157 1915 2289 1972 talis
2332 1915 2578 1972 introivit
2607 1914 3055 1983 tabernaculum,
3105 1914 3329 1970 nomine
3374 1914 3451 1970 si-

1868 2006 2180 2079 gniﬁcantis
2208 2005 2458 2077 designat
2483 2006 2874 2078 signiﬁcatum.

1944 2097 2366 2154 Tabernaculum
2394 2098 2516 2155 dico
2540 2098 2894 2170 peramplius,
2937 2096 3069 2169 quia
3120 2097 3166 2154 si
3200 2095 3333 2152 illud
3358 2111 3427 2150 ve

1867 2198 1956 2248 tus
1978 2190 2125 2245 mille
2155 2190 2241 2246 vel
2266 2190 2424 2260 plura
2451 2190 2622 2246 millia
2648 2190 2937 2246 hominum
2965 2189 3235 2260 capiebat,
3286 2188 3457 2244 ciale;

1866 2287 1949 2336 ste
1977 2280 2390 2336 tabernaculum
2416 2279 2583 2336 etiam
2615 2280 2953 2351 peramplius
2979 2288 3066 2336 est
3088 2280 3198 2335 late
3225 2278 3452 2349 capiens

1866 2372 2190 2430 inﬁnitatem
2225 2373 2474 2428 omnium
2497 2373 2919 2445 ingredientium
2966 2372 3020 2428 in
3065 2373 3219 2428 illud.
3253 2371 3453 2428 Taber-

1865 2463 2124 2518 naculum
2162 2461 2497 2533 perfectius},
2527 2462 2659 2532 quia
2688 2462 2744 2517 in
2781 2461 2876 2517 illo
2903 2461 3258 2517 tabernaculo
3281 2462 3454 2518 totius

1863 2551 2221 2608 beatitudinis
2257 2551 2527 2623 accipitur
2569 2550 2854 2623 perfectio.
2884 2551 2945 2607 In
2990 2551 3151 2623 leguli
3196 2552 3473 2613 taberna-.

1865 2643 1990 2699 culo
2034 2643 2236 2716 ubique
2277 2651 2399 2699 erat
2442 2642 2805 2714 imperfectio.
2839 2642 3263 2699 Tabernaculum
3290 2643 3451 2715 dicol,

1865 2755 1969 2791 non
1990 2754 2152 2793 manu
2181 2737 2387 2809 factum
2409 2756 2425 2807 ;
2455 2747 2603 2795 etne
2627 2739 2859 2810 quilibet
2882 2739 2991 2795 hoc
3019 2754 3275 2811 perverse
3299 2739 3446 2795 acci-

1863 2841 2015 2899 peret
2032 2871 2049 2898 ,
2076 2838 2280 2900 putans
2305 2846 2417 2886 non
2447 2846 2569 2889 esse
2590 2831 2794 2887 factum
2825 2846 2993 2887 manu
3016 2872 3033 2899 ,
3064 2831 3119 2887 id
3140 2840 3228 2887 est
3254 2845 3452 2902 cpera-

1864 2921 2013 2979 tione
2063 2920 2189 2990 Dei,
2220 2923 2549 2980 determinat
2593 2924 2783 2981 dicens
2809 2942 2827 2981 ε,
2849 2922 2919 2977 Id
2964 2923 3114 2995 quod
3161 2923 3287 2980 dico
3336 2940 3451 2980 non

1862 3011 2245 3068 munufactum
2261 3054 2278 3081 ,
2312 3021 2391 3068 est
2418 3012 2602 3070 dicere
2629 3012 2764 3069 illud
2790 3012 3203 3071 tabernaculum
3229 3030 3334 3069 non
3356 3022 3446 3070 est

1864 3105 2050 3174 huius,
2085 3105 2139 3163 id
2156 3114 2244 3164 est
2266 3107 2522 3164 humanae
2544 3106 2848 3173 creationis,
2874 3105 3017 3162 sicut
3044 3114 3217 3162 vetus.
3244 3105 3307 3161 In
3334 3122 3448 3178 quo

1866 3195 2125 3252 mulieres
2167 3196 2371 3252 nebant
2394 3195 2636 3253 cortinas
2654 3237 2671 3265 ,
2700 3193 2844 3251 fabri
2876 3195 2931 3251 in
2967 3210 3163 3268 genere
3189 3211 3292 3252 suo
3319 3212 3450 3267 ope-

1866 3289 2129 3345 rabantur
2150 3329 2167 3357 ,
2191 3298 2246 3346 ει
2269 3287 2524 3348 similiter
2550 3288 2734 3344 caeteri
2763 3287 3021 3347 artiﬁces.
3050 3287 3303 3355 Introivit
3331 3290 3451 3361 qui-

1862 3381 1987 3437 dem
2021 3380 2129 3438 hoc
2157 3379 2568 3437 tabernaculum
2604 3398 2766 3454 neque
2796 3398 2891 3454 per
2917 3382 3231 3454 sanguinem
3271 3382 3449 3437 hirco-
3550 3393 3554 3397 '

1866 3490 1987 3528 rum
2014 3481 2065 3527 et
2093 3471 2382 3528 vitulon
2404 3472 2671 3541 eﬂ‘usum,
2701 3475 2852 3545 quod
2875 3473 3202 3546 opportebat
3242 3474 3361 3530 ﬁeri
3393 3474 3450 3529 in

1863 3564 2098 3622 introitu
2145 3563 2373 3620 secundi
2424 3563 2785 3633 tabernaculi,
2805 3566 2897 3621 sed
2929 3564 3178 3622 introivit
3204 3582 3298 3636 per
3322 3581 3448 3635 pro-

1860 3657 2039 3729 prium
2079 3656 2389 3728 sanguinem
2413 3656 2648 3713 ell‘usum
2676 3656 2736 3714 in
2758 3658 2981 3715 eceleste
3000 3657 3444 3723 tabernaculum,

1860 3749 2070 3806 scilicet
2092 3748 2147 3803 in
2163 3747 2362 3805 Sancta
2387 3758 2724 3806 sanctorum.
2742 3750 2999 3806 Introivit
3013 3751 3234 3823 utique;
3263 3751 3445 3817 semet,

1859 3852 1914 3896 et
1940 3856 2037 3910 per
2061 3840 2384 3912 sanguinem
2427 3842 2599 3899 semel
2625 3842 2880 3899 cﬁ‘usum.
2909 3842 3066 3911 Quod
3101 3841 3247 3898 enim
3274 3842 3446 3898 semel

1857 3930 2084 3987 introire
2111 3939 2168 3987 et
2200 3933 2526 4004 sanguinem
2563 3934 2732 3990 semel
2757 3934 3038 3991 effundere
3060 3934 3214 4003 dicit,
3238 3934 3447 4005 Signiﬁ-

1857 4031 1945 4079 cat
1977 4016 2365 4090 perfectionem
2386 4023 2510 4095 ejus
2531 4024 2818 4093 sacriﬁcii;
2875 4025 3023 4097 quod
3052 4040 3165 4081 non
3199 4025 3447 4096 oportuit

1856 4114 2062 4170 iterari.
2087 4115 2249 4190 Quod
2295 4124 2478 4171 autem
2507 4117 2840 4173 sacriﬁcium
2883 4127 3041 4175 vetus
3086 4117 3248 4175 toties
3273 4117 3443 4174 itera-

1854 4205 2017 4274 bant,
2043 4206 2386 4279 signiﬁcabat
2411 4205 2469 4261 in
2495 4207 2590 4263 illo
2614 4223 2724 4263 non
2751 4223 2875 4265 esse
2894 4224 2997 4264 nec
3020 4208 3202 4264 adhuc
3225 4208 3446 4266 venisse

1853 4296 2257 4368 perfectionem.
2272 4297 2523 4355 Introivit
2537 4299 2594 4354 in
2609 4297 2811 4356 Sancta
2832 4300 3042 4356 inventa
3064 4298 3439 4370 redemptione.

163 4398 264 4453 pro
315 4382 542 4440 Christo
588 4393 928 4454 mactantur,
961 4396 1024 4444 ut
1068 4387 1420 4459 Laurentius,
1464 4392 1628 4448 etiam
1658 4394 1754 4464 qui
1786 4445 1790 4449 .
1853 4388 1975 4446 Non
2005 4391 2334 4449 determinat
2359 4407 2391 4449 a
2420 4406 2533 4463 quo
2554 4391 2776 4447 iuventa
2805 4407 2874 4447 au
2904 4406 2994 4460 se,
3025 4406 3096 4446 an
3125 4391 3196 4447 ab
3217 4390 3357 4459 alio,
3386 4400 3444 4446 et

163 4474 382 4544 seipsos
416 4484 661 4532 mactant
685 4477 935 4549 jejuniis,
964 4479 1186 4552 vigiliis,
1216 4491 1272 4539 et
1313 4484 1651 4541 multimodis
1671 4485 1753 4541 af-

1856 4476 2151 4553 utrumque
2196 4482 2380 4540 dicere
2429 4498 2747 4555 possumus.
2796 4481 3189 4553 Redemptione
3221 4482 3441 4536 inventa

161 4565 526 4623 dictionibus.
575 4568 713 4635 Qua:
773 4586 1004 4633 munera
1020 4540 1103 4628 vet
1138 4573 1331 4630 hostia:
1356 4575 1413 4630 in
1445 4577 1614 4632 veteri
1640 4577 1756 4649 lege
1786 4540 1831 4595 υ
1856 4592 1887 4631 a
1915 4540 2163 4642 Christo,
2186 4576 2316 4646 quia
2344 4540 2449 4632 hic.
2461 4575 2703 4647 pontifex
2728 4575 2785 4630 in
2805 4540 3078 4632 sacriﬁcio
3106 4589 3210 4630 suo
3232 4573 3442 4628 invenit

161 4675 269 4714 non
321 4671 544 4729 possunt
571 4662 747 4731 facere
789 4665 1080 4734 perfectum
1118 4667 1425 4722 servientem
1462 4667 1518 4723 in
1548 4668 1654 4725 his.
1690 4668 1757 4724 Et

163 4748 210 4804 si
239 4748 523 4820 perfectus
552 4760 640 4807 est
670 4754 970 4809 secundum
1013 4755 1413 4825 reputationem
1446 4756 1753 4824 hominum,

163 4856 278 4897 non
311 4849 498 4897 tamen
525 4843 801 4914 perfectus
820 4845 983 4915 juxta
1009 4848 1388 4905 conscientiam
1413 4863 1594 4916 suam,
1624 4849 1754 4920 quia

162 4948 223 4988 sc
270 4947 431 4988 reum
460 4934 684 4991 sceleris
717 4934 943 5004 factum,
984 4947 1040 4993 ct
1065 4954 1177 4994 non
1206 4939 1529 4994 mandatum
1553 4955 1650 5010 per
1677 4940 1755 4997 lc-

161 5024 331 5097 galia,
354 5025 689 5086 conscientia
704 5028 809 5085 sibi
831 5029 1037 5101 jugiter
1062 5030 1391 5087 insusurrat.
1414 5030 1528 5090 Nec
1548 5032 1750 5089 mirum

160 5113 209 5168 si
240 5128 354 5168 non
385 5114 706 5184 perfectum,
729 5119 1212 5188 quiaservientem
1232 5119 1356 5176 dico
1376 5121 1530 5176 illum
1551 5121 1752 5176 solum—

161 5205 324 5259 modo
360 5205 419 5259 in
448 5206 581 5263 cibis
606 5217 658 5264 et
691 5208 745 5265 in
772 5209 983 5279 potibus
1006 5225 1026 5263 :
1054 5211 1184 5282 quia
1211 5211 1430 5283 cepiose
1457 5211 1751 5268 manducat

157 5303 217 5349 ct
261 5301 438 5364 potat,
481 5305 532 5352 et
562 5296 619 5353 in
650 5301 813 5357 uariis
844 5301 1278 5373 baptismatibus,
1301 5304 1355 5360 id
1386 5315 1471 5362 cst
1508 5305 1746 5361 ablutio-

160 5384 335 5439 nibus
385 5384 545 5444 factis
578 5391 879 5453 secundum
913 5391 1055 5449 ritus
1099 5393 1385 5465 legalium;
1419 5396 1743 5452 servientem

157 5476 329 5532 etiam
365 5478 422 5533 in
437 5479 692 5549 justitiis,
723 5483 815 5541 sed
843 5485 1043 5551 carnis,
1070 5485 1198 5557 quia
1223 5488 1469 5545 carnales
1496 5497 1627 5544 sunt
1642 5489 1748 5546 ilhc

156 5567 417 5637 iustitiae;
449 5585 650 5641 corpus
671 5573 893 5643 quidem
923 5590 954 5630 a
976 5589 1137 5646 ptena
1158 5576 1294 5648 legis
1314 5578 1629 5647 liberantes,
1653 5581 1746 5637 sed

156 5659 402 5717 animam
418 5661 472 5717 in
485 5662 718 5721 vinculis
728 5666 933 5735 peccati
948 5667 1278 5724 deserentes.
1293 5667 1527 5728 Justitiis
1543 5673 1747 5739 carnis,

157 5751 322 5831 393
344 5753 502 5822 dico,
552 5756 812 5827 impositis
848 5768 906 5825 ut
946 5760 1206 5818 durarent
1240 5779 1399 5837 usque
1447 5766 1517 5819 ad
1547 5774 1745 5838 tempus

1854 4666 2282 4736 redemptionem
2311 4666 2597 4722 hominum
2633 4682 2666 4720 a
2687 4665 2928 4737 peccatis
2965 4685 2978 4720 :
3012 4666 3068 4723 in
3109 4680 3218 4735 qua
3245 4660 3438 4743 inven:
3468 4702 3473 4709 .

1855 4755 2002 4813 tione
2030 4756 2231 4827 legales
2260 4771 2478 4827 semper
2496 4755 2746 4812 defecere
2771 4757 3086 4827 pontilices,
3120 4755 3207 4810 vel
3226 4755 3440 4811 redem-

1854 4847 2037 4919 ptione
2064 4848 2288 4903 inventa
2314 4862 2346 4904 a
2375 4848 2552 4904 nobis.
2567 4846 2678 4903 Nos
2707 4849 2854 4904 enim
2889 4849 2944 4903 in
2976 4848 3198 4904 Christo
3226 4847 3438 4904 redem-

1853 4933 2092 5011 ptionem
2109 4947 2357 4999 nostram
2378 4938 2710 4996 invenimus.
2731 4938 3128 5010 Redemptione
3146 4939 3271 4995 dico
3290 4949 3441 4995 auer-

1854 5052 1952 5102 na,
1987 5034 2118 5106 quia
2143 5050 2285 5105 quos
2311 5032 2531 5089 redimit
2553 5042 2787 5089 :eternos
2839 5030 2989 5090 facit.
3012 5032 3220 5109 Probat
3270 5033 3377 5090 hoc
3403 5049 3438 5090 a

1853 5124 2053 5181 minori
2074 5122 2263 5179 dicens
2291 5139 2305 5176 :
2336 5120 2474 5179 Vere
2501 5138 2600 5194 per
2630 5123 2953 5196 sanguinem
2984 5123 3192 5179 Christi
3216 5124 3439 5185 inventa

1848 5225 1935 5273 est
1966 5214 2269 5288 redemptio
2282 5257 2298 5282 ,
2322 5215 2452 5287 quia
2469 5216 2518 5272 si
2539 5216 2756 5289 sanguis
2776 5216 3049 5272 hircorum
3068 5225 3119 5271 et
3139 5224 3435 5284 taurorum,

1847 5317 1900 5363 et
1928 5307 1975 5364 si
2000 5308 2135 5363 cinis
2156 5307 2339 5363 vitula:
2365 5306 2667 5365 combusta:
2692 5322 2934 5378 aspersus
2953 5322 3117 5377 super
3141 5305 3401 5378 populum
3417 5347 3435 5373 ,

1847 5399 2152 5470 sanctiﬁcat
2168 5399 2474 5472 inquinatos
2494 5444 2510 5467 ,
2535 5398 2590 5459 id
2612 5407 2696 5456 est
2718 5398 2947 5455 mundat
2960 5397 3290 5471 pollutiones
3309 5412 3436 5466 pec—

1847 5501 2096 5549 ceterum
2127 5510 2142 5549 :
2179 5492 2496 5550 Sanetiﬁcat
2540 5492 2664 5550 dico
2706 5492 2896 5548 valens
2922 5492 2992 5546 ad
3013 5488 3436 5547 emendationem

1850 5597 1959 5638 non
1995 5580 2185 5652 utique
2216 5582 2445 5649 animm,
2498 5580 2595 5637 sed
2631 5581 2808 5635 carnis
2852 5587 3108 5643 tantum,
3140 5574 3267 5647 quia
3306 5589 3433 5629 car-

1851 5689 1973 5728 nem
2016 5673 2213 5729 liberat
2252 5691 2282 5728 a
2315 5689 2475 5744 pinna
2501 5671 2669 5743 legis,
2704 5670 2887 5726 anima
2922 5667 3130 5738 polluta
3157 5672 3429 5730 remanet;

1853 5764 1928 5838 si,
1963 5765 2211 5839 inquam,
2232 5766 2456 5847 sanguis
2479 5765 2697 5822 illorum
2726 5760 3043 5847 animalium
3071 5757 3254 5843 aliquo
3268 5754 3431 5813 modo
