3900 6296
517 290 624 367 539

1050 310 1107 366 S.
1147 311 1498 372 BRUNONIS
1532 314 2176 373 CABTHUSIANORUM
2213 317 2702 381 lNSTlTUTORlS
2737 325 2887 384 OPP.
2928 328 3109 389 PARS
3146 331 3210 390 ll.

516 423 824 481 sanctiﬁcat
849 433 1046 497 quanta
1089 429 1259 500 magis
1285 430 1502 500 sanguis
1543 428 1745 484 Christi
1779 417 2086 488 emundabit
2115 436 2163 496 Α
2190 441 2543 504 stamentum,
2560 441 2688 510 quia
2715 442 3086 518 ubicunqueﬁt
3111 457 3478 508 testamentum
3497 457 3550 511 in
3570 457 3728 520 bunu-

518 516 654 570 nos?
680 517 772 586 qui
799 515 1053 574 Christus
1081 518 1278 574 obtulit
1302 535 1408 573 non
1437 519 1652 574 hircum
1671 563 1686 588 ,
1717 537 1828 576 non
1848 531 2094 592 taurum,

517 606 613 660 δέει
659 609 996 680 semetipsum
1021 606 1174 664 Deo}
1203 625 1262 664 se
1307 611 1430 665 dico
1475 611 1912 680 immaculatum,
1949 616 2097 685 quod

515 699 730 754 nullum
778 701 1106 757 sacriﬁcium
1136 701 1314 771 potuit
1358 716 1481 759 esse
1511 701 1566 756 in
1598 703 1734 776 iege.
1767 703 2096 762 Immacula-

513 798 632 846 tum
661 791 784 850 dico
804 809 898 864 per
918 791 1174 864 Spiritum
1207 801 1448 848 sanctum
1466 836 1482 861 ,
1508 795 1724 850 unitum
1769 795 1876 852 sibi
1901 797 1956 852 in
1979 807 2096 854 ute-

517 899 580 938 ro
611 886 804 942 matris
829 887 894 941 de
915 900 1025 956 quo
1052 894 1349 956 conceptus
1373 895 1486 955 est,
1517 885 1696 944 factus
1723 903 1821 960 per
1851 889 1957 946 hoc
1986 889 2095 945 im~-

515 975 700 1032 munis
720 993 750 1031 a
767 985 1006 1046 peccato.
1021 976 1110 1033 Vel
1123 978 1320 1034 obtulit
1336 994 1396 1035 se
1423 994 1520 1050 per
1531 979 1796 1050 Spiritum
1819 990 2092 1053 sanctum,

513 1067 810 1124 dictantem
841 1069 944 1124 sibi
975 1079 1035 1126 ut
1061 1071 1118 1125 in
1149 1071 1300 1128 omni
1326 1073 1588 1144 patientia
1622 1073 1868 1130 obediret
1885 1073 2054 1133 Patri.

583 1157 799 1226 Quanto
820 1160 1026 1232 magis,
1055 1161 1281 1234 inquam
1300 1207 1316 1232 ,
1361 1169 1587 1238 sanguis
1609 1168 1814 1226 Christi
1835 1172 2094 1226 emunda-

513 1249 617 1314 bit,
648 1265 757 1303 non
793 1249 918 1306 dico
948 1267 1202 1322 carnem,
1246 1256 1343 1312 sed
1383 1259 1547 1314 etiam
1574 1263 1952 1318 conscientiam
2000 1279 2096 1318 no-

511 1348 710 1406 stram;
738 1343 885 1412 quod
929 1359 1032 1400 nec
1063 1347 1404 1418 relinquetur
1441 1351 1585 1407 unde
1621 1353 1955 1410 conscientia
1989 1355 2095 1411 sibi

506 1429 782 1488 formidet.
825 1432 1158 1492 Emundabit
1201 1439 1391 1510 utique
1435 1440 1502 1495 ab
1549 1443 1792 1514 operibus
1837 1447 2092 1516 mortuis,

507 1518 561 1574 id
589 1529 672 1576 est
697 1537 728 1577 a
757 1525 998 1594 peccatis
1024 1535 1258 1584 mortem
1307 1533 1664 1600 operantibus
1685 1577 1699 1602 ,
1731 1534 1800 1590 ad
1847 1535 2094 1592 servien-

507 1613 640 1669 dum
677 1613 811 1672 Deo.
843 1615 971 1674 Haec
997 1618 1144 1674 enim
1188 1621 1299 1677 duo
1330 1625 1558 1695 sanguis
1605 1625 1813 1682 Christi
1836 1626 1996 1684 eﬁicit
2036 1627 2092 1684 in

509 1705 706 1772 nobis,
743 1707 871 1778 quia
917 1717 972 1764 et
1017 1711 1242 1766 mundat
1288 1729 1320 1768 a
1362 1715 1634 1784 peccatis,
1663 1725 1720 1772 et
1739 1718 1996 1774 virtutem
2023 1719 2091 1772 li-

511 1795 627 1850 beri
652 1799 863 1853 arbitrii
887 1801 1154 1869 restituit,
1183 1811 1240 1856 ut
1269 1802 1380 1860 Deo
1409 1805 1602 1860 servire
1627 1809 1812 1877 possit.
1835 1807 1944 1864 Deo
1966 1809 2090 1865 dico

509 1887 702 1942 viventi
729 1891 966 1959 positum
993 1892 1061 1946 ad
1103 1908 1360 1962 causam,
1404 1885 1532 1966 quia
1579 1898 1944 1956 servientibus
1986 1900 2090 1957 sibi

509 1979 676 2034 vitam
700 1983 957 2038 aiternam
978 1984 1146 2040 dabit.
1167 1985 1378 2042 Obtulit
1395 1991 1749 2060 semetipsum
1783 2010 1796 2046 :
1819 2001 1869 2046 et
1886 2003 1964 2048 est
1983 2010 2092 2048 me-

507 2069 717 2138 diator,
747 2073 801 2128 id
829 2083 912 2130 est
954 2075 1112 2132 dator
1139 2077 1278 2133 Novi
1325 2079 1666 2138 Testamenti.
1692 2083 1857 2156 39E.
1882 2084 2090 2143 Medius

511 2159 654 2215 inter
690 2161 860 2218 Deum
885 2182 917 2219 a
952 2182 1065 2236 quo
1092 2169 1322 2240 accipit,
1349 2181 1404 2226 et
1438 2173 1716 2229 hominem
1747 2176 1837 2230 cui
1865 2177 2086 2246 tribuit,

512 2251 636 2307 ideo
665 2253 824 2309 dator
856 2255 1192 2315 Testamenti
1237 2260 1404 2330 Novi,
1429 2271 1488 2317 ut
1529 2275 1695 2320 morte
1733 2267 1849 2336 ejus
1869 2269 2092 2323 interce-

511 2344 694 2410 dente,
733 2345 787 2400 id
822 2360 908 2402 est
951 2349 1346 2408 interveniente
1376 2354 1552 2410 media
1599 2355 1742 2412 inter
1771 2357 2089 2428 dispositio-

512 2449 636 2490 nem
663 2446 716 2491 et
744 2440 1164 2508 completionem
1187 2447 1518 2500 testamenti.
1552 2445 1725 2503 Morte
1748 2449 1870 2505 dico
1897 2465 2088 2506 neces-

511 2527 657 2582 saria
687 2529 743 2582 in
769 2530 1152 2602 redemptione,
1184 2549 1295 2590 non
1325 2535 1450 2592 dico
1477 2539 1758 2609 gentilium
1795 2541 1863 2596 dc
1889 2542 2091 2612 quibus

512 2629 752 2686 constat,
777 2623 872 2678 sed
890 2622 945 2678 in
967 2625 1337 2696 redemptione
1360 2645 1542 2684 earum
1563 2633 2085 2702 praevaricationum,

511 2727 628 2780 quae
651 2723 804 2767 erant
835 2715 932 2769 sub
956 2717 1126 2786 priori
1169 2717 1376 2792 [veteri]
1421 2720 1770 2780 Testamento.
1803 2725 1914 2782 Lex
1943 2729 2089 2783 enim

511 2799 600 2854 illa
652 2803 803 2872 prior
837 2807 1202 2877 przecipiendo
1235 2812 1707 2879 praevaricationes
1753 2817 2005 2886 addebat,
2057 2835 2090 2875 a

509 2893 711 2964 quibus
754 2898 906 2952 nullo
942 2900 1106 2954 modo
1153 2901 1364 2958 solvere
1403 2914 1634 2974 poterat.
1672 2905 1774 2976 Ut,
1831 2908 2088 2980 inquam,

509 2983 874 3044 intercedente
898 2999 1094 3058 morte,
1109 2993 1378 3064 accipiant
1400 2999 1853 3067 repromissionem
1881 3010 2092 3059 wterna:

505 3075 836 3184 Ιιιξςειιὶιαιίε
851 3123 866 3148 ,
896 3081 948 3137 id
975 3092 1060 3139 est
1083 3093 1344 3163 aeternam
1367 3087 1740 3146 [nereditatem
1768 3092 2091 3165 frequenter
2114 3119 2164 3184 ρ

506 3167 609 3222 sibi
666 3173 992 3240 promissam
1029 3193 1042 3228 :
1077 3176 1378 3247 accipiant,
1420 3196 1530 3236 non
1579 3199 1802 3250 omnes,
1852 3186 1947 3241 scd
1997 3187 2089 3257 qui

506 3261 678 3312 vocati
701 3270 822 3316 sunt
851 3279 882 3317 a
904 3262 1018 3320 Deo
1037 3307 1053 3332 ,
1079 3266 1237 3327 electi
1259 3269 1328 3324 ab
1351 3277 1575 3328 aeterno.
1600 3272 1900 3345 Postquam
1929 3276 2103 3347 Chri-_

507 3357 626 3406 stus
647 3350 858 3409 Novum
889 3353 1302 3416 Testamentum
1331 3362 1620 3433 disposuit,
1653 3381 1752 3435 pro
1798 3367 2088 3424 conﬁrma-

509 3440 656 3497 sione
693 3444 814 3514 ejus
844 3451 1153 3506 testamenti
1198 3467 1422 3508 necesse
1451 3453 1558 3509 fuit
1580 3471 1704 3510 eum
1746 3456 1890 3512 mori
1925 3477 1938 3512 :
1969 3467 2087 3514 tum

507 3533 638 3602 quia
659 3535 706 3590 si
730 3546 923 3608 captus
948 3555 979 3594 a
1007 3539 1209 3597 Judaeis
1235 3553 1460 3615 negaret
1485 3545 1632 3616 quod
1656 3557 1812 3603 antea
1843 3549 2086 3618 dixerat,

506 3632 562 3678 et
604 3640 702 3694 pro
750 3629 1056 3686 assertione
1101 3647 1292 3688 eorum
1340 3635 1612 3708 refugeret
1659 3638 1798 3709 pati,
1832 3649 2090 3710 putarent

506 3713 764 3787 discipuli
807 3718 1088 3778 Christum
1130 3739 1241 3778 non
1273 3725 1606 3785 intellexisse
1645 3745 1774 3786 vera
1814 3747 1937 3788 esse
1965 3749 2090 3804 quae

505 3806 804 3880 docuerat,
849 3813 979 3870 dum
1009 3832 1074 3872 ea
1101 3817 1302 3874 timore
1330 3820 1525 3876 mortis
1547 3831 1788 3893 negaret.
1818 3821 2087 3882 Praeterea

506 3901 647 3955 mori
667 3905 907 3972 oportuit
943 3914 1022 3973 ut,
1049 3924 1082 3964 a
1119 3916 1299 3965 morte
1327 3925 1618 3982 resurgens
1641 3928 1764 3983 quae
1805 3929 1865 3970 se
1887 3917 2086 3985 praedi-

507 4002 660 4047 xerat
682 3993 1032 4064 impleturum
1062 4013 1487 4072 consummaret,
1501 4004 1708 4061 scilicet
1745 4007 2086 4079 redemptio-

507 4098 635 4138 nem
680 4083 866 4142 lsrael.
902 4087 1083 4146 \‘itula
1109 4091 1177 4149 de
1205 4109 1316 4164 qua
1347 4095 1622 4166 superius,
1653 4094 1920 4169 diximus,
1962 4101 2086 4157 rufa

506 4182 655 4241 erat,
687 4183 876 4248 typum
915 4195 1107 4252 gerens
1133 4185 1418 4256 sanguinis
1441 4185 1680 4254 Christi,
1711 4202 1766 4243 ει
1799 4197 1913 4245 tota
1935 4207 2087 4248 com-

505 4265 807 4325 burebatur
833 4270 888 4326 in
915 4271 1151 4330 cinerem
1174 4277 1391 4333 redacta
1409 4320 1425 4346 ,
1461 4285 1686 4338 ut‘esset
1702 4279 2085 4340 holocaustum

506 4356 742 4416 Domino
773 4381 786 4417 :
814 4363 972 4435 cujus
996 4365 1134 4424 cinis
1165 4369 1561 4442 aspergebatur
1593 4386 1736 4442 aqua
1775 4391 1788 4426 :
1820 4371 1896 4428 ita
1921 4373 2084 4430 Chri-

2198 527 2283 584 nis
2329 527 2542 600 legibus
2561 572 2578 598 ,
2628 549 2833 590 necesse
2859 546 2946 591 est
2977 547 3038 594 ut
3065 540 3385 610 intercedat,
3433 544 3487 600 id
3507 559 3584 605 est
3617 554 3730 612 inter

2195 617 2604 690 dispositionem
2649 628 2964 683 testamenti
3029 639 3088 686 et
3136 633 3546 703 completionem
3577 645 3731 707 media

2193 713 2377 768 veniat
2410 729 2551 768 mors
2581 719 2879 788 testatoris,
2905 721 2960 776 id
2983 729 3068 778 est
3085 731 3474 782 testamentum
3500 727 3726 798 facientis.

2194 804 2321 864 Ideo
2343 825 2566 865 necesse
2588 819 2674 866 est
2701 823 2933 870 mortem
2953 817 3236 875 testatoris
3264 819 3610 892 intervenire,
3630 833 3730 900 quia

2195 913 2357 956 omne
2388 909 2755 960 testamentum
2774 908 3152 978 conﬁrmatum
3179 919 3258 966 est
3281 911 3340 966 in
3367 917 3583 970 mortuis
3599 927 3731 978 testa-

2195 992 2432 1066 toribus,
2464 996 2520 1052 id
2559 1008 2642 1054 est
2683 1015 2780 1071 per
2819 1009 3052 1058 mortem
3097 1018 3290 1062 eorum
3325 1009 3423 1078 qui
3452 1016 3730 1074 testamenta

2193 1083 2510 1156 disponunt.
2538 1089 2822 1162 Alioquin,
2870 1093 2924 1148 id
2953 1103 3038 1150 est
3060 1094 3107 1151 si
3134 1096 3295 1153 aliter
3341 1099 3416 1154 sit
3451 1101 3590 1170 quod
3612 1120 3730 1165 mors

2193 1176 2472 1233 testatoris
2499 1193 2610 1234 non
2635 1180 2989 1251 interveniat,
3021 1187 3257 1242 nondum
3291 1189 3431 1243 ualet
3453 1191 3730 1262 dispositum

2193 1272 2580 1324 testamentum
2603 1311 2618 1337 ,
2640 1270 2802 1340 dum,
2829 1271 2882 1328 id
2908 1283 2992 1329 est
3019 1275 3263 1345 quandiu
3303 1279 3434 1332 vivit
3463 1279 3548 1336 ille
3570 1284 3645 1352 qui
3667 1295 3728 1340 te-

2193 1364 2367 1413 status
2391 1367 2488 1440 est.
2531 1359 2588 1416 Si
2617 1361 2764 1417 enim
2796 1371 3028 1421 testator
3066 1377 3300 1424 mortem
3336 1371 3546 1440 evadit,
3572 1373 3730 1432 iterum

2194 1447 2240 1504 si
2266 1438 2445 1520 placei
2469 1459 2856 1510 testamentum
2886 1457 3140 1513 mutabit.
3175 1457 3326 1514 Unde
3351 1461 3482 1532 quia
3512 1438 3653 1520 omne
3671 1478 3732 1522 tc-

2193 1546 2524 1596 stamentum
2553 1545 2821 1617 sanguine
2847 1555 2902 1602 et
2923 1557 3099 1606 morte
3127 1551 3506 1608 conﬁrmatur.
3531 1553 3731 1614 Primum

2190 1632 2401 1702 quidem
2436 1642 2804 1692 testamentum
2825 1654 2926 1693 non
2967 1648 3045 1694 est
3074 1641 3412 1711 dedicatum,
3445 1644 3498 1700 id
3530 1655 3603 1702 est
3625 1663 3731 1704 con-

2191 1722 2467 1780 ﬁrmatum
2496 1727 2610 1782 sine
2657 1730 2935 1800 sanguine.
2961 1729 3163 1803 Utique
3202 1749 3313 1789 non
3355 1743 3442 1790 est
3471 1736 3732 1795 dedicatum

2192 1813 2312 1870 sine
2337 1817 2641 1888 sanguine:
2671 1818 2806 1873 lecto
2826 1821 2967 1875 enim
3005 1823 3149 1876 omni
3173 1823 3428 1878 mandato
3453 1823 3579 1896 legis
3599 1843 3615 1880 :
3637 1843 3729 1884 om-

2192 1906 2248 1961 ni
2291 1907 2414 1962 ideo
2449 1909 2578 1979 quia
2626 1910 2675 1965 si
2720 1911 2970 1982 quaedam
3013 1912 3346 1983 dimitteret,
3391 1915 3649 1972 videretur
3666 1919 3732 1974 di-

2191 1998 2361 2055 missa
2396 1999 2721 2070 reprobare,
2751 2009 2808 2057 et
2844 2005 3227 2061 tantummodo
3253 2007 3398 2062 lecta
3425 2007 3730 2066 conﬁrmare.

2192 2089 2380 2156 Lecto,
2407 2090 2654 2162 inquam,
2689 2093 2841 2148 omni
2871 2093 3132 2150 mandato
3161 2113 3194 2150 a
3227 2095 3432 2168 Moyse,
3461 2097 3596 2152 idem
3617 2100 3734 2156 enim

2191 2179 2564 2253 Moyseslegit,
2591 2183 2850 2240 universo
2869 2185 3071 2256 populo
3089 2186 3364 2242 audiente.
3383 2186 3540 2244 Tunc
3561 2187 3736 2262 Moyses

2190 2282 2482 2345 postquam
2508 2276 2743 2348 legerat,
2767 2277 3030 2348 accipiens
3069 2279 3385 2350 sanguinem
3416 2281 3679 2336 vitulorum
3695 2293 3736 2338 et

2191 2363 2458 2419 hircorum
2485 2381 2606 2419 eum
2625 2359 2766 2437 aqua
2789 2366 3016 2422 mistum
3051 2384 3066 2421 :
3102 2376 3326 2438 accepta
3347 2368 3514 2424 etiam
3535 2371 3737 2425 coccinea

2191 2453 2320 2521 lana
2369 2464 2421 2510 et
2469 2455 2694 2527 Izyssopo
2735 2457 2802 2512 de
2829 2456 3030 2527 quibus
3076 2457 3138 2513 ﬁt
3185 2459 3554 2530 aspersorium
3597 2461 3738 2530 ipsum

2191 2545 2354 2602 etiam
2378 2545 2602 2614 librum,
2629 2555 2679 2602 et
2707 2564 2912 2602 omnem
2938 2548 3192 2620 populum
3218 2551 3452 2621 aspersit
3485 2551 3737 2623 sanguine,

2191 2637 2371 2690 dicens
2397 2635 2474 2691 ita
2506 2655 2519 2691 :
2555 2635 2656 2690 Hic
2679 2639 2896 2709 sanguis
2916 2638 2983 2693 de
3006 2653 3118 2709 quo
3137 2654 3236 2694 vos
3256 2655 3490 2712 aSpergo
3510 2649 3588 2696 est
3607 2650 3741 2696 testa-

2192 2727 2392 2794 menti,
2422 2727 2476 2782 id
2503 2735 2587 2782 est
2620 2729 2688 2782 ad
2733 2728 3174 2784 conﬁrmandum
3218 2738 3600 2787 testamentum
3624 2735 3738 2804 quod

2192 2821 2334 2878 Deus
2362 2823 2632 2876 mandavit
2653 2824 2722 2878 ad
2743 2841 2852 2880 vos.
2877 2823 3032 2880 Sicut
3054 2824 3254 2880 librum
3276 2869 3292 2894 ,
3325 2827 3405 2882 sic
3425 2827 3580 2882 etiam
3604 2829 3741 2883 taber-

2193 2914 2444 2968 naculum
2492 2923 2542 2969 et
2583 2916 2764 2970 omnia
2793 2933 2920 2971 uasa
2947 2917 3234 2972 ministerii
3273 2918 3526 2974 similiter
3547 2922 3740 2988 aspersit
3803 2945 3807 2950 ’

2192 3003 2260 3058 de
2293 3004 2484 3060 eodem
2512 3007 2788 3078 sanguine.
2824 3005 2896 3060 Et
2924 3009 3104 3061 omnia
3147 3025 3308 3078 pene,
3333 3009 3409 3064 ait
3434 3009 3654 3078 Paulus,
3677 3028 3740 3065 se-

2192 3095 2424 3149 cundum
2461 3106 2699 3153 veterem
2743 3097 2910 3169 legem
2933 3099 3268 3154 mandantur
3290 3101 3348 3154 in
3399 3102 3742 3173 sanguine:Et

2191 3187 2456 3258 quidquid
2474 3188 2542 3244 de
2561 3189 2686 3245 aliis
2710 3189 2784 3246 sit
2808 3190 3060 3246 remissio
3079 3192 3283 3262 peccati
3309 3209 3413 3246 non
3431 3193 3500 3247 sit
3523 3193 3575 3248 in
3599 3195 3740 3272 veteri

2189 3276 2307 3348 lege
2335 3278 2450 3332 sine
2477 3279 2732 3348 effusione
2769 3280 3078 3350 sanguinis,
3116 3279 3173 3334 id
3221 3290 3308 3336 est
3335 3283 3542 3337 nullum
3575 3299 3740 3354 pecca-

2188 3375 2306 3422 tum
2341 3369 2747 3436 remittebatur,
2780 3370 2887 3426 nisi
2919 3371 3200 3442 quodlibet
3254 3373 3459 3428 animal
3484 3374 3536 3428 in
3561 3374 3740 3430 sacriﬁ-

2189 3457 2334 3515 cium
2351 3460 2710 3517 occideretur.
2739 3460 3003 3518 Similiter
3021 3462 3300 3532 Christus,
3329 3465 3424 3535 qui
3438 3481 3534 3536 per
3548 3464 3740 3537 Moysen

2190 3549 2528 3622 signiﬁcatur
2559 3553 2700 3609 lecto
2728 3553 2879 3608 omni
2930 3553 3192 3610 mandato
3220 3569 3378 3610 nova:
3414 3555 3550 3627 legis
3576 3571 3679 3611 suae
3699 3557 3740 3610 in

2189 3657 2366 3712 caena,
2390 3644 2646 3701 universo
2668 3645 2868 3716 populo
2889 3645 3284 3718 discipulorum
3305 3646 3557 3702 audiente
3580 3665 3594 3702 :
3617 3657 3744 3718 post-

2189 3750 2355 3804 quam
2419 3735 2604 3791 omnia
2673 3736 2823 3808 legit,
2891 3735 3054 3794 Jesus
3109 3737 3389 3808 accipiens
3450 3739 3742 3809 sanguinem

2188 3825 2482 3882 vitulorum
2520 3834 2575 3882 et
2617 3827 2927 3894 hircorum,
2982 3828 3036 3884 id
3082 3837 3167 3884 est
3209 3829 3496 3900 proprium
3543 3829 3742 3901 sangui-

2187 3933 2314 3972 nem
2337 3959 2354 3984 ,
2385 3917 2481 3988 qui
2504 3917 2760 3974 Christus
2784 3919 2986 3974 dicitur
3011 3919 3219 3976 vitulus
3243 3928 3468 3990 propter
3511 3921 3742 3974 virtutem

2187 4008 2350 4080 395
2379 4010 2561 4065 crucis
2590 4029 2602 4065 :
2634 4010 2793 4081 cujus
2818 4010 3077 4066 cornibus
3104 4011 3300 4082 impios
3321 4011 3620 4068 ventilavit.
3655 4009 3742 4078 Qui

2187 4101 2352 4156 etiam
2373 4099 2625 4158 Christus
2655 4102 2834 4158 dictus
2859 4109 2944 4158 est
2971 4102 3178 4168 hircus,
3209 4111 3432 4174 propter
3455 4101 3745 4158 similitudi-

2187 4205 2313 4246 nem
2335 4191 2518 4248 carnis
2541 4190 2771 4262 peccati,
2797 4199 2854 4247 et
2882 4190 3012 4262 quia
3045 4191 3224 4248 hostia
3253 4207 3356 4262 pro
3387 4200 3607 4262 peccato
3643 4189 3744 4256 fuit,

2187 4285 2318 4340 dum
2361 4294 2582 4356 peccata
2624 4291 2811 4340 nostra
2849 4297 3014 4353 super
3051 4283 3259 4354 lignum
3305 4282 3562 4354 portavit.
3613 4282 3733 4337 Acci

2185 4375 2363 4447 piens,
2388 4376 2638 4447 inquam,
2663 4373 2917 4432 Christus
2943 4375 3266 4447 sanguinem
3297 4391 3458 4430 suum
3485 4390 3605 4430 cum
3626 4387 3744 4442 aqua

505 4459 628 4506 stus
655 4453 842 4510 multis
871 4455 1317 4516 tribulationibus
1362 4461 1617 4528 attritus,
1649 4469 1706 4518 et
1747 4472 1920 4521 morte
1967 4473 2088 4520 tan-
2119 4457 2165 4514 Ι)
2188 4483 2468 4538 egressum
2508 4469 2576 4525 de
2611 4469 2780 4524 latere
2807 4483 2910 4524 suo
2941 4468 2999 4523 in
3042 4482 3207 4524 cruce
3233 4485 3246 4521 :
3275 4482 3372 4538 per
3413 4482 3608 4537 aquam
3637 4475 3747 4522 sal:

504 4542 628 4598 dem
657 4546 818 4614 quasi
848 4547 904 4602 in
924 4549 1163 4606 cinerem
1187 4551 1442 4608 redactus
1466 4552 1588 4610 fuit.
1617 4552 1772 4611 Cinis
1795 4565 1975 4612 autem
1999 4558 2084 4613 vi-

504 4637 660 4704 tula},
708 4639 804 4710 qui
842 4655 1008 4712 super
1053 4643 1302 4700 homines
1348 4645 1768 4717 projiclebatur,
1816 4650 2086 4721 signiﬁcat

502 4731 825 4786 memoriam
849 4734 1193 4791 contritionis
1211 4734 1438 4804 Christi,
1461 4753 1583 4808 quae
1603 4755 1817 4811 semper
1836 4741 2086 4813 ingeren-

501 4819 572 4874 da
595 4829 681 4876 est
704 4821 1038 4880 hominibus.
1065 4823 1156 4882 Sic
1173 4867 1189 4893 ,
1212 4823 1380 4882 frater
1399 4869 1414 4896 ,
1437 4838 1556 4886 esto
1578 4847 1787 4888 memor
1799 4829 2081 4888 Christum

503 4925 604 4980 pro
635 4921 691 4968 te
716 4929 940 4984 passum
967 4924 1024 4972 et
1065 4920 1360 4976 contritum
1380 4964 1395 4989 ,
1425 4930 1480 4978 et
1513 4923 1787 4994 peccando
1815 4924 1926 4980 noli
1956 4939 2082 4981 eum

503 5019 820 5072 provocare.
853 5006 912 5064 Si
961 5019 1140 5066 autem
1185 5011 1328 5068 cinis
1369 5013 1552 5070 vitula:
1595 5014 1926 5070 emundabat
1957 5031 2085 5072 car-

503 5108 654 5162 nem,
680 5097 840 5170 longe
870 5100 1090 5173 dignius
1114 5103 1254 5160 cinis
1273 5101 1478 5160 Christi
1505 5106 1766 5162 emundat
1793 5106 2052 5162 animam.

575 5183 724 5244 Dixit
776 5191 1063 5262 superius,
1103 5193 1386 5249 Christum
1431 5195 1678 5250 datorem
1719 5193 1856 5251 Novi
1890 5195 2085 5252 Testa-

502 5279 673 5334 menti
707 5291 881 5338 morte
928 5283 1297 5342 intercedente
1321 5305 1336 5342 :
1359 5301 1508 5341 nunc
1536 5293 1718 5340 autem
1747 5286 1896 5358 quod
1925 5303 2086 5358 opor-

501 5371 670 5426 tuerit
693 5388 820 5428 eum
835 5375 976 5443 mori
997 5390 1096 5444 pro
1122 5377 1537 5431 conﬁrmatione
1559 5373 1694 5432 Novi
1720 5375 2078 5446 Testamenti,

501 5463 768 5531 approbat
793 5467 1190 5521 consuetudine
1218 5467 1474 5521 humana:
1497 5465 1653 5537 legis.
1687 5466 1856 5534 Quasi
1881 5469 2084 5526 diceret

501 5552 702 5623 aliquis
726 5573 739 5610 :
763 5555 906 5622 Quid
938 5570 1078 5626 opus
1109 5555 1214 5610 fuit
1245 5565 1307 5611 ut
1341 5556 1409 5612 ad
1454 5557 1920 5616 conﬁrmationem
1951 5560 2085 5618 Trs-

501 5644 733 5700 tamcnti
777 5644 917 5702 Novi
947 5659 1097 5701 mors
1142 5644 1348 5700 Christi
1394 5645 1790 5702 intercederet?
1833 5647 2084 5720 Oportuit

505 5733 715 5806 utique,
751 5735 829 5792 ait
855 5736 1088 5804 Paulus,
1123 5746 1184 5792 ut
1209 5745 1382 5796 morte
1413 5737 1778 5797 intercedente
1798 5741 1950 5798 daret
1977 5742 2079 5800 Tc-

2191 4560 2436 4617 ctiﬁcans
2458 4559 2747 4631 baptisma,
2777 4559 2953 4631 pretio
2989 4559 3274 4630 sanguinis
3303 4557 3578 4614 redimens
3611 4573 3702 4613 nos
3721 4572 3747 4610 a

2189 4651 2466 4721 peccatis:
2495 4651 2768 4721 accipiens
2811 4649 2966 4704 illum
3012 4664 3138 4704 cum
3185 4648 3310 4702 lana
3354 4647 3609 4702 coccinea
3634 4665 3647 4700 :
3670 4645 3749 4716 qui

2189 4739 2340 4795 color
2379 4739 2570 4810 igneus
2596 4747 2682 4794 est
2717 4747 2772 4794 et
2797 4753 2923 4794 cum
2955 4737 3211 4808 hyssopo.
3253 4735 3403 4791 Lana
3429 4735 3575 4792 enim
3602 4733 3742 4804 signi-

2188 4831 2316 4887 ficat
2347 4829 2668 4886 eharitatem
2707 4828 2932 4898 Christi,
2963 4830 3108 4900 quod
3135 4829 3389 4884 coccinea
3436 4827 3542 4884 fuit
3576 4825 3752 4884 similis

2186 4919 2299 4993 igni
2341 4919 2606 4976 fervorem
2643 4919 2952 4975 dilectionis
2991 4917 3198 4974 Christi
3230 4935 3245 4972 :
3273 4918 3553 4988 hyssopus
3588 4924 3752 4970 autem

2184 5013 2279 5084 qui
2325 5013 2469 5068 valet
2509 5012 2576 5067 ad
2621 5009 2999 5082 depellendum
3034 5017 3307 5065 tumorem
3337 5007 3636 5078 pulmonis,
3665 5003 3743 5058 hu

2187 5105 2472 5160 militatem
2509 5103 2736 5170 Christi,
2776 5101 2872 5172 qui
2913 5117 3010 5172 per
3049 5099 3320 5156 fervorem
3363 5097 3670 5156 dilectionis
3709 5102 3755 5148 et

2187 5196 2548 5252 humilitatem
2609 5209 2710 5266 pro
2774 5193 3146 5264 redemptione
3199 5199 3388 5247 nostra
3449 5189 3754 5262 sanguinem

2187 5301 2351 5342 suum
2385 5285 2592 5341 eﬁ‘udit.
2629 5283 2815 5356 Ipsum
2850 5282 3014 5338 etiam
3052 5282 3272 5348 librum,
3313 5281 3369 5337 id
3403 5288 3490 5336 est
3524 5279 3753 5348 Evange-

2185 5376 2321 5432 lium
2361 5393 2520 5432 suum
2565 5377 2714 5448 quod
2763 5373 3128 5430 intercedente
3171 5381 3346 5428 morte
3390 5368 3752 5433 continuavit,

2183 5479 2239 5526 et
2276 5484 2492 5524 omnem
2516 5469 2778 5538 populum
2813 5466 3052 5522 ﬁdelium
3083 5465 3332 5535 aspersit,
3363 5463 3418 5520 id
3451 5472 3538 5520 est
3563 5460 3748 5518 sancti'

2185 5561 2370 5616 ﬁcavit
2411 5559 2676 5630 sanguine
2717 5573 2818 5613 suo
2862 5557 3082 5612 dicens:
3109 5555 3207 5611 llic
3243 5563 3331 5610 est
3375 5553 3601 5624 sanguis
3633 5549 3760 5606 Novi

2187 5647 2522 5706 Testamenti
2576 5647 2894 5714 aﬁirmator,
2931 5645 3078 5716 quod
3144 5643 3555 5700 Testamentum
3627 5639 3761 5694 Deus

2189 5742 2464 5800 mandavit
2497 5742 2564 5798 ad
2602 5757 2718 5798 vos.
2762 5739 2862 5796 llic
2885 5739 3102 5814 Moyses
3129 5737 3366 5794 multum
3393 5734 3622 5795 ﬁdeliter
3645 5745 3763 5810 prii-
