3988 6396
199 344 316 399 Ml

810 355 821 368 °
857 334 1223 394 EXPOSITIO
1257 334 1325 389 1N
1364 334 1751 393 EPISTOLAS
1788 336 2017 393 PAULI.
2057 367 2123 377 —
2164 336 2231 391 ΙΝ
2269 336 2488 394 EPIST.
2530 337 2625 392 AD
2660 336 2817 393 ΗΕΒ.

3370 346 3483 404 542

199 458 388 525 bavit,
415 456 604 513 dicens
630 454 818 511 eadem
858 452 1021 507 verba
1039 465 1163 521 qua
1189 448 1464 516 Christus,
1509 464 1636 505 cum
1675 455 1799 519 post
1823 454 1873 512 Α
1898 448 2171 505 destruxit
2210 464 2320 504 non
2360 457 2576 521 oportet
2612 449 2809 506 iterum
2852 448 3131 507 Christum
3172 454 3307 523 pati,
3356 456 3482 514 ideo

199 563 433 612 caenam
475 547 701 605 calicem
735 545 821 601 sui
861 541 1146 615 sanguinis
1189 541 1412 597 tradidit
1432 541 1659 597 dicens:
1698 539 1799 596 Hic

198 642 371 714 calix,
386 639 523 697 Novi
556 638 888 697 Testamenti
908 648 992 696 est
1013 639 1069 694 in
1089 653 1213 695 meo
1237 637 1520 709 sanguine.
1556 636 1805 706 Aspersit

202 735 444 803 librum,
483 732 719 805 aspersit
750 732 916 788 etiam
957 731 1372 788 tabernaculum
1400 728 1651 786 similiter
1674 742 1803 785 san-

202 827 403 898 guine.
440 824 643 881 Eadem
677 822 934 894 allegoria
959 821 1226 893 accipitur
1243 836 1341 893 per
1362 818 1797 886 tabernaculum,

205 916 428 975 scilicet
452 914 753 971 Ecclesium
780 912 987 970 Christi
1009 912 1276 985 sanguine
1299 912 1420 982 ejus
1442 911 1800 982 redemptam,

204 1022 343 1078 qua
412 1021 577 1077 supra
642 1019 740 1076 per
801 1018 1020 1060 omnem
1086 1002 1348 1073 populum
1412 1000 1797 1071 accipiebatur.

207 1097 470 1169 Aspersit
502 1096 667 1152 etiam
699 1094 886 1151 omnia
929 1109 1059 1150 vasa
1100 1091 1414 1161 ministerii,
1459 1091 1591 1163 quia
1638 1089 1802 1146 Chri-

208 1198 340 1247 stus
376 1188 629 1245 doctores
651 1185 909 1243 Ecclesia
931 1184 989 1240 in
1013 1183 1213 1256 quibus
1253 1183 1604 1241 continentur
1639 1181 1805 1238 mini-

209 1282 389 1340 steria
413 1295 535 1349 sua,
569 1286 625 1335 et
657 1278 925 1350 sanguine
952 1275 1201 1344 redemit,
1225 1282 1282 1330 et
1320 1273 1616 1345 redemptis
1641 1271 1805 1344 spiri-

208 1382 340 1430 tum
387 1370 669 1443 sapientia
714 1378 771 1426 et
808 1368 1049 1427 scientia
1087 1368 1297 1437 tribuit,
1325 1370 1382 1424 et
1403 1366 1586 1424 omnia
1608 1379 1805 1421 secun-

207 1467 352 1522 dum
399 1466 574 1538 legem
623 1461 831 1518 Christi
870 1461 1205 1518 mundantur
1243 1461 1300 1516 in
1348 1458 1616 1532 sanguine
1658 1456 1800 1528 ejus.

209 1557 358 1614 illud
389 1571 530 1628 pene
555 1554 693 1610 nihil
719 1553 883 1609 habet
902 1553 959 1608 in
979 1552 1255 1624 allegoria.
1291 1550 1361 1607 Et
1387 1551 1506 1608 sine
1537 1548 1805 1607 ell‘usione

212 1647 505 1721 sanguinis
524 1644 733 1702 Christi
754 1660 865 1700 non
892 1643 953 1699 lit
977 1643 1231 1699 remissio
1257 1638 1801 1712 cujuslibet‘peccati.

212 1737 287 1795 Et
314 1738 449 1809 quia
474 1736 664 1795 omnia
690 1742 907 1807 oportet
928 1734 1181 1789 mundari
1211 1749 1268 1788 ιιι
1291 1731 1579 1804 sanguine,
1601 1741 1656 1787 et
1683 1728 1803 1786 sine

210 1829 485 1887 ell'usione
506 1826 792 1899 sanguinis
812 1826 962 1881 nulla
984 1825 1047 1880 ﬁt
1070 1823 1345 1881 remissio.

288 1917 436 1990 Ergo
473 1933 677 1973 necesse
704 1924 782 1971 est
808 1913 1134 1986 exemplaria
1163 1913 1375 1985 quidem
1413 1910 1720 1977 caelestium,
1751 1910 1808 1967 id

210 2022 304 2071 est
335 2012 531 2085 legalia
558 2026 683 2084 qua
702 2020 834 2066 sunt
857 2011 1031 2080 ﬁgura
1055 2006 1407 2079 spiritalium,
1440 2004 1691 2060 mandari
1716 2002 1807 2060 his

214 2120 390 2176 supra
424 2104 606 2172 dictis,
634 2101 845 2160 scilicet
864 2100 1161 2157 vitulorum
1190 2107 1246 2155 et
1268 2098 1567 2155 hircorum.
1608 2095 1809 2152 Exem-

216 2194 395 2265 plaria
421 2209 675 2250 verorum
709 2208 936 2250 necesse
965 2190 1069 2247 fuit
1092 2190 1342 2247 mundari
1373 2191 1456 2245 his
1482 2190 1692 2258 hostiis,
1717 2188 1807 2244 sed

216 2289 341 2358 ipsa
379 2287 634 2354 calestia,
675 2286 836 2356 cujus
871 2285 987 2339 hac
1036 2290 1193 2340 erant
1233 2282 1410 2353 ﬁgura
1450 2296 1675 2338 necesse
1705 2279 1810 2336 fuit

217 2381 479 2440 mundari
536 2378 842 2434 melioribus
889 2377 1074 2432 hostiis
1116 2391 1283 2446 quam
1332 2375 1456 2430 istis
1511 2361 1806 2446 pradictis,

219 2474 380 2533 hirco
402 2480 459 2529 et
480 2470 670 2528 vitulo.
712 2454 779 2527 Et
799 2484 926 2525 vere
946 2468 1140 2525 melior
1170 2467 1350 2524 hostia
1376 2466 1479 2524 fuit
1507 2482 1617 2537 qua
1646 2482 1808 2522 mun-

215 2566 352 2624 data
391 2572 520 2621 sunt
564 2562 805 2620 calestia
837 2582 852 2617 :
887 2576 1018 2617 nam
1056 2559 1238 2629 Jesus,
1286 2570 1341 2617 et
1384 2575 1513 2617 vere
1548 2560 1653 2615 ista
1680 2567 1811 2615 sunt

217 2657 492 2723 caelestia,
534 2670 662 2710 nam
704 2668 816 2709 non
858 2667 1026 2707 manu
1057 2650 1221 2718 facta,
1244 2659 1347 2707 etc.
1386 2649 1545 2717 Quod
1577 2651 1652 2706 ita
1682 2651 1760 2706 ait
1790 2669 1805 2705 :

214 2747 379 2804 Jesus
412 2746 619 2801 introiit
659 2762 764 2799 non
804 2758 1035 2800 manens
1075 2743 1133 2796 in
1168 2742 1368 2796 sanctis
1419 2758 1581 2796 manu
1623 2741 1806 2813 factis,

219 2855 348 2911 qua
392 2854 560 2897 manu
598 2836 742 2894 facta
789 2843 981 2892 sancta
1022 2834 1242 2904 quidem
1290 2832 1443 2889 luere
1484 2834 1810 2904 exemplaria

218 2947 485 2998 terarum,
528 2929 623 2986 sed
670 2928 879 2984 introiit
925 2927 982 2980 in
1015 2926 1189 2996 ipsum
1235 2922 1443 2980 caelum.
1478 2925 1560 2980 Ad
1594 2924 1698 2981 hoc
1726 2925 1810 2980 in-

220 3022 397 3090 troiit,
434 3030 491 3077 ut
525 3036 659 3081 nunc
686 3027 974 3091 postquam
999 3026 1281 3074 ostensum
1310 3026 1415 3085 est,
1441 3016 1655 3072 inutilia
1687 3032 1811 3074 esse

219 3130 390 3175 manu
418 3114 559 3169 facta
582 3120 772 3170 sancta
798 3118 1051 3182 appareat
1079 3107 1270 3177 vultui,
1293 3108 1347 3164 id
1368 3117 1453 3166 est
1472 3109 1813 3180 beneplacito

220 3207 325 3268 Dei
345 3223 443 3277 pro
463 3206 612 3260 nobis
637 3205 693 3261 in
715 3204 916 3261 calum
938 3218 1126 3259 secum
1145 3201 1572 3258 introducendis.
1597 3200 1810 3258 introiit

218 3297 447 3368 quidem
489 3297 545 3352 in
583 3296 805 3363 calum,
837 3293 933 3351 sed
978 3307 1155 3364 neque
1192 3293 1269 3347 ita
1296 3292 1523 3361 introiit,
1565 3301 1625 3348 ut
1666 3308 1811 3365 sape

221 3386 352 3453 inde
373 3394 651 3443 revertens
678 3385 878 3440 iterum
911 3382 1104 3439 oﬁ‘erat
1127 3382 1480 3453 semetipsum
1508 3384 1669 3454 quasi
1698 3399 1809 3440 non

219 3478 506 3546 omnibus,
525 3486 581 3533 et
604 3476 757 3535 omni
779 3484 1021 3546 tempore
1042 3472 1274 3530 sulliciat
1294 3474 1624 3531 sacriﬁcium
1645 3490 1809 3531 suum

221 3571 399 3628 semei
434 3570 697 3626 oblatum.
748 3566 873 3622 Non
901 3576 958 3623 ut
978 3583 1115 3637 stepe
1154 3567 1345 3637 oﬂ'erat
1367 3568 1810 3639 quemadmodum

219 3660 465 3733 pontifex
485 3659 674 3731 legalis
699 3673 794 3728 per
818 3656 1064 3727 singulos
1092 3670 1269 3712 annos
1290 3656 1420 3727 quia
1448 3670 1559 3711 non
1589 3655 1806 3725 suﬂicit,

222 3754 560 3818 sacriﬁcium
570 3767 735 3808 suum
755 3751 959 3806 iterans
979 3750 1144 3804 intrat
1166 3749 1224 3804 in
1245 3746 1446 3804 Sancta
1460 3757 1805 3805 sanctorum:

222 3859 334 3900 non
365 3843 424 3898 in
451 3857 555 3898 suo
595 3841 740 3897 sicut
777 3839 1053 3906 Christus,
1096 3838 1193 3895 sed
1239 3838 1296 3892 in
1328 3838 1502 3894 alieno
1531 3841 1805 3911 sanguine.

222 3935 428 4002 Quare,
458 3932 589 4004 quia
616 3930 829 3988 alienus
856 3930 1082 4001 sanguis
1109 3938 1214 3996 est,
1229 3929 1537 4001 justiﬁcare
1566 3946 1676 3985 non
1706 3947 1807 4001 po-

221 4034 351 4083 test.
387 4023 449 4079 In
479 4024 586 4081 hoc
619 4032 675 4079 et
700 4021 1028 4079 sacriﬁcium
1057 4036 1219 4077 suum
1245 4021 1541 4090 sulliciens,
1561 4030 1617 4077 et
1639 4022 1811 4094 legale

223 4114 564 4172 insaﬂiciens
599 4113 856 4169 ostendit.

293 4205 572 4276 Alioquin,
617 4205 673 4261 id
704 4212 790 4260 est
819 4204 867 4260 si
910 4203 1068 4259 aliter
1109 4203 1195 4260 vis
1226 4203 1429 4272 dicere,
1466 4212 1529 4260 ut
1559 4203 1812 4262 Christus

223 4314 369 4369 sape
388 4297 583 4353 debeat
610 4312 669 4353 se
692 4297 906 4365 oll'erre,
931 4304 1062 4352 tunc
1080 4296 1456 4368 proculdubio
1491 4297 1563 4370 (si
1601 4299 1676 4353 ita
1702 4297 1808 4370 est)

222 4390 499 4462 oportebat
537 4406 658 4445 eum
698 4390 993 4461 frequenter
1015 4390 1149 4459 pati,
1182 4389 1491 4462 incipiendo
1517 4392 1582 4446 ab
1608 4392 1811 4463 origine

222 4482 436 4537 mundi.
478 4479 537 4536 Si
555 4479 705 4537 enim
730 4480 837 4537 illis
862 4488 1074 4536 tantum
1098 4480 1194 4551 qui
1215 4480 1271 4536 in
1301 4490 1546 4552 tempore
1573 4496 1675 4538 suo
1696 4480 1811 4538 fue-

221 4583 377 4641 runt,
399 4573 585 4644 passio
608 4573 730 4644 ejus
749 4572 973 4643 profuit,
1000 4581 1057 4628 et
1083 4572 1311 4644 singulis
1336 4572 1536 4629 futuris
1554 4574 1807 4630 atatibus

222 4674 481 4737 oporteat
504 4680 633 4723 eum
659 4665 855 4725 iterato
881 4665 994 4735 pati
1018 4684 1031 4719 :
1058 4673 1188 4725 tunc
1221 4665 1409 4735 utique
1442 4680 1666 4720 necesse
1687 4673 1808 4721 erat

223 4767 286 4814 ut
322 4757 636 4827 incipiendo
676 4772 710 4815 a
746 4756 937 4812 diebus
962 4755 1099 4815 Abel
1138 4756 1369 4827 singulis
1393 4755 1663 4823 atatibus,
1687 4757 1806 4812 sin-

223 4851 386 4921 gulas
411 4863 604 4905 cruces
629 4856 889 4918 portaret,
915 4848 1002 4904 vel
1027 4847 1306 4907 Abraham
1348 4856 1403 4904 et
1424 4847 1606 4903 cateri
1631 4846 1808 4903 sancti

222 4956 338 4999 non
366 4951 531 4997 erunt
553 4936 837 5011 redempti.
865 4939 956 4996 Sic
975 4940 1197 5011 quidem
1221 4949 1513 5009 oporteret.
1552 4938 1655 4995 Sed
1671 4957 1808 4995 nunc

222 5042 521 5105 postquam
541 5041 827 5089 ostensum
858 5039 944 5095 est
992 5040 1206 5089 tantum
1248 5031 1638 5091 inconveniens
1681 5031 1809 5092 inde

222 5122 515 5193 consequi,
550 5122 841 5179 dicendum
868 5122 1125 5193 estquod
1151 5121 1308 5181 semel
1346 5120 1600 5179 Christus
1641 5138 1808 5193 appa-

223 5214 338 5269 ruit
381 5213 441 5267 in
470 5215 920 5272 consummatione
962 5212 1298 5273 sweulorum.
1338 5213 1577 5286 Tempus
1608 5213 1814 5271 Christi

222 5306 855 5378 dicitur.consummatio
889 5325 902 5361 :
932 5306 1060 5379 quia
1087 5306 1359 5373 Christus,
1382 5306 1645 5377 quidquid
1669 5322 1811 5377 pra-

222 5397 436 5453 dictum
459 5397 528 5453 de
552 5411 620 5453 eo
641 5396 839 5465 fuerat,
860 5397 1279 5457 consummavit.
1315 5396 1383 5453 Et
1427 5412 1554 5453 cum
1595 5409 1721 5453 ante
1751 5397 1809 5453 in

224 5493 381 5550 nullo
400 5492 567 5549 fuerit
586 5493 1009 5559 consummatio,
1034 5492 1089 5547 id
1115 5501 1200 5550 est
1235 5489 1665 5562 vera,perlectio,
1694 5491 1810 5562 ipse

224 5586 477 5642 omnium
501 5585 885 5656 perfectionem
920 5583 1117 5639 attulit.
1153 5582 1434 5653 Apparuit,
1459 5583 1704 5654 inquam,
1738 5583 1807 5637 ad

225 5679 645 5744 destitutionem,
678 5677 730 5732 id
758 5686 844 5733 est
883 5676 950 5732 ad
982 5676 1403 5733 destructionem
1447 5692 1540 5746 per
1578 5675 1808 5729 hostium

226 5768 396 5853 396
421 5785 535 5826 non
563 5769 938 5855 alicnam,nscd
965 5784 1136 5826 suam.
1176 5766 1317 5838 Quia
1339 5768 1496 5848 plene
1522 5776 1807 5841 peccatum

1903 539 2069 595 etiam
2096 556 2207 596 non
2237 540 2395 597 debet
2430 541 2602 598 altera
2625 541 2744 598 vice
2766 540 2910 596 mori
2938 558 2953 597 :
2979 542 3111 614 quia
3151 546 3330 600 eateri
3376 547 3480 602 ho-

1903 632 2081 688 mines
2108 632 2276 689 semel
2301 640 2511 688 tantum
2551 633 2882 690 moriuntur.
2930 631 3003 688 Et
3042 635 3482 705 quemadmodum

1902 732 2168 779 statutum
2207 734 2286 780 est
2326 726 2623 781 hminibus
2652 727 2787 781 mori
2814 725 3003 793 semel;
3034 736 3152 797 post
3179 727 3277 783 hoc
3304 740 3483 785 autem

1902 816 2049 887 quod
2075 816 2281 872 mortui
2307 826 2455 885 sunt,
2490 826 2666 874 restat
2698 818 2766 874 de
2803 818 2912 875 illis
2946 818 3236 888 judicium.
3297 817 3388 874 Sic
3432 829 3484 874 ct

1904 906 2150 966 Christus
2178 907 2335 963 semel
2360 907 2577 979 quidem
2606 908 2818 964 oblatus
2863 906 2974 963 Deo
3003 923 3097 979 per
3134 916 3367 964 mortem
3411 908 3483 961 ad

1900 999 2337 1068 exhauriendum,
2367 1000 2424 1057 id
2451 1001 2872 1057 estevacuanda
2911 1010 3127 1071 peccata
3171 1000 3483 1056 multorum.

1902 1089 1964 1146 ln
2003 1091 2112 1147 hoc
2148 1091 2372 1162 quidem
2399 1091 2545 1162 quod
2577 1092 2746 1148 semel
2774 1100 3026 1149 mortuus
3053 1101 3139 1148 est
3163 1092 3360 1148 similis
3401 1101 3487 1147 est

1903 1181 2155 1238 homini:
2183 1182 2279 1240 sed
2308 1183 2364 1238 in
2385 1183 2492 1239 hoc
2518 1184 2667 1254 quod
2706 1184 2874 1240 homo
2919 1184 3174 1253 moritur,
3209 1184 3486 1254 judicetur

1902 1272 2178 1343 Christus,
2223 1283 2284 1331 ut
2317 1274 2525 1345 judicet
2564 1275 2866 1332 dissimilis.
2915 1276 3055 1343 Quia
3104 1276 3180 1331 ita
3221 1276 3297 1329 ait
3331 1293 3345 1329 :
3376 1273 3486 1329 'Sc-

1902 1364 2074 1419 eundo
2094 1363 2334 1420 'adventu
2362 1364 2589 1421 veniens
2627 1365 2697 1420 ad
2732 1365 2998 1437 judicium
3029 1364 3299 1436 apparebit
3328 1361 3459 1419 Chri

1902 1465 2022 1514 stus
2050 1456 2163 1511 sine
2184 1465 2419 1526 peccato,
2450 1456 2503 1511 id
2534 1464 2622 1512 est
2650 1472 2759 1512 non
2802 1456 2858 1512 in
2902 1457 3259 1513 similitudine
3301 1455 3488 1511 carnis

1902 1547 2133 1618 peccati,
2167 1547 2263 1604 sed
2287 1547 2601 1618 gloriﬁcata
2626 1563 2724 1619 per
2755 1548 3061 1604 claritatem
3104 1547 3487 1603 immortalita-

1904 1640 1976 1697 tis
2017 1648 2071 1696 et
2102 1640 2578 1712 impossibilitatis.
2621 1637 2716 1696 Vel
2748 1639 3029 1712 apparebit
3074 1639 3193 1695 sine
3238 1645 3486 1710 peccato,

1908 1730 1961 1788 id
1986 1740 2071 1788 est
2095 1747 2207 1788 non
2237 1732 2463 1788 veniens
2486 1740 2546 1787 ut
2570 1731 2712 1788 sicut
2749 1731 2903 1802 prius
2927 1731 3127 1787 iterum
3168 1730 3267 1785 ﬁat
3310 1729 3492 1784 hostia

1836 1812 1883 1869 Β
1906 1839 2006 1894 pro
2034 1832 2276 1895 peccato.
2312 1824 2609 1895 Apparebit
2642 1824 2833 1894 utique
2865 1824 2923 1877 in
2957 1822 3214 1891 salutem,
3243 1837 3353 1877 non
3387 1821 3493 1875 im-

1906 1914 2033 1987 piis,
2064 1915 2160 1972 sed
2188 1915 2612 1986 exspectantibus
2641 1932 2696 1970 se
2729 1915 2786 1969 in
2796 1914 3015 1985 justitia
3041 1922 3097 1969 et
3128 1914 3346 1968 timore.

2531 2005 2760 2063 CAPUT
2794 2005 2864 2062 X.

1984 2119 2004 2154 ι
2047 2099 2307 2167 Umbram
2338 2100 2484 2156 enim
2521 2100 2733 2156 habens
2751 2099 2838 2155 lex
2860 2097 3173 2156 futurorum
3197 2098 3491 2165 bonorum,

1915 2212 1934 2246 ι
1976 2206 2087 2248 non
2122 2176 2306 2264 ipsam
2354 2190 2649 2263 imaginem
2697 2206 2907 2258 rerum,
2929 2205 3024 2261 per
3052 2189 3297 2261 singulos
3317 2202 3494 2242 annos

1915 2303 1934 2337 ι
1973 2283 2182 2341 eisdem
2235 2283 2371 2355 ipsis
2417 2282 2613 2339 hostiis
2647 2298 2787 2353 quas
2820 2281 3059 2338 oll‘erunt
3085 2280 3490 2345 indesinenter,

1915 2392 1935 2429 ι
1974 2390 2257 2445 nunquam
2286 2382 2465 2445 potest
2485 2373 2805 2431 accedentes
2826 2372 3100 2444 perfectos
3113 2371 3311 2428 facere.
3348 2371 3494 2426 Alio-

1916 2485 1937 2521 ι
1978 2466 2115 2538 quin
2161 2470 2472 2524 cessassent
2520 2466 2733 2535 oﬁ‘erri,
2785 2465 2909 2522 ideo
2951 2466 3101 2537 quod
3144 2465 3349 2522 nullam
3387 2465 3491 2519 ha-

1924 2577 1944 2612 ι
1978 2559 2168 2614 berent
2212 2558 2353 2614 ultra
2410 2558 2803 2615 conscientiam
2850 2558 3060 2629 peccati
3120 2557 3356 2614 cultores
3405 2571 3493 2612 se-

1924 2670 1942 2704 ι
1975 2650 2085 2706 mel
2123 2650 2391 2707 mundati.
2430 2649 2538 2706 Sed
2566 2651 2624 2706 in
2654 2651 2789 2721 ipsis
2817 2650 3266 2706 commemoratio
3305 2663 3488 2719 peccao

1922 2760 1943 2796 ι
1980 2751 2164 2797 torum
2206 2756 2303 2813 per
2335 2742 2582 2815 singulos
2621 2757 2798 2799 annos
2831 2742 2912 2799 ﬁt.
2968 2741 3306 2813 impossibile
3344 2740 3493 2795 enim

1917 2853 1939 2888 r
1976 2842 2063 2890 est
2084 2835 2349 2906 sanguine
2376 2843 2662 2891 taurorum
2700 2844 2757 2892 et
2795 2836 3074 2891 hircorum
3122 2832 3324 2890 auferri
3361 2848 3491 2902 pec-

1917 2945 1935 2975 s
1975 2933 2116 2979 cata.
2152 2922 2277 2979 Ideo
2315 2924 2624 2996 ingrediens
2656 2924 2924 2980 mundum
2957 2924 3124 2980 dicit:
3152 2922 3397 2978 Hostiam
3437 2931 3494 2976 et

1918 3034 1935 3067 ι
1980 3015 2314 3070 oblationem
2349 3015 2597 3084 noluisti,
2646 3030 2847 3086 corpus
2889 3013 3299 3084 autemaptasti
3333 3012 3489 3068 mihi.

1918 3126 1936 3158 ι
1979 3105 2462 3163 Holocaustomata
2499 3116 2552 3162 et
2586 3122 2685 3177 pro
2714 3116 2938 3178 peccato
2984 3122 3096 3162 non
3135 3106 3233 3161 tibi
3275 3106 3493 3176 placue-

1917 3217 1936 3249 ι
1980 3207 2127 3253 runt.
2165 3196 2321 3253 Tune
2352 3197 2467 3253 dixi
2499 3217 2513 3253 :
2540 3196 2680 3254 Ecce
2703 3195 2884 3254 venio.
2920 3196 2982 3251 ln
3003 3196 3181 3268 capite
3203 3195 3328 3252 libri
3349 3195 3491 3251 scri-

1915 3310 1934 3342 ι
1978 3298 2130 3361 ptum
2153 3290 2336 3346 estde
2382 3304 2514 3346 me:
2558 3288 2629 3346 Ut
2678 3289 2901 3358 faciam,
2947 3288 3114 3358 Deus,
3157 3288 3493 3345 voluntatem

1914 3405 1934 3437 ι
1979 3392 2151 3439 tuam.
2189 3382 2454 3454 Superius
2477 3383 2684 3451 dicens,
2708 3383 2839 3455 quia
2868 3384 3081 3440 hostias
3111 3393 3168 3440 et
3189 3382 3495 3439 oblationes
3600 3413 3607 3420 -

1914 3496 1934 3529 ‹
1974 3485 2030 3532 ει
2073 3476 2545 3532 holocaustomata
2583 3486 2639 3532 et
2681 3491 2782 3547 pro
2818 3485 3043 3546 peccato
3089 3475 3347 3542 noluisti,
3393 3489 3497 3531 nec

1914 3587 1933 3620 ι
1977 3568 2176 3638 placita
2220 3576 2351 3627 sunt
2383 3567 2479 3623 tibi
2501 3582 2625 3637 qua
2644 3570 2946 3644 secundum
2971 3567 3145 3637 legem
3166 3566 3494 3622 oll‘eruntur.

1914 3679 1933 3712 ς
1979 3658 2135 3715 Tunc
2169 3659 2285 3716 dixi
2309 3678 2323 3715 :
2350 3658 2493 3716 Ecce
2512 3659 2692 3727 venio,
2719 3667 2778 3714 ut
2796 3658 3017 3727 iaciam,
3049 3659 3218 3726 Deus,
3238 3659 3493 3713 volunta-

1915 3771 1934 3804 ι
1980 3761 2087 3809 ιεω
2114 3761 2267 3807 tuam
2292 3770 2306 3808 :
2330 3750 2509 3807 aufert
2537 3751 2797 3821 primum,
2826 3760 2889 3807 ut
2911 3766 3148 3821 sequens
3167 3759 3390 3806 statuat.
3434 3748 3494 3804 In

1916 3862 1934 3894 σ
1978 3859 2089 3912 qua
2135 3843 2413 3898 voluntate
2456 3842 2778 3898 sanctiﬁcati
2823 3858 3016 3898 sumus
3043 3858 3138 3913 per
3163 3842 3496 3898 oblationem

1916 3954 1941 3989 ι
1977 3936 2226 4006 corporis
2250 3935 2381 3991 Jesu
2410 3935 2616 3991 Christi
2645 3936 2830 3991 semel.
2866 3934 2936 3989 Et
2954 3935 3136 3992 omnis
3155 3934 3377 4006 quidem
3401 3950 3494 3990 sa-

1915 4045 1937 4080 ς
1978 4028 2172 4084 eerdos
2203 4035 2402 4098 prasto
2423 4036 2510 4084 est
2534 4028 2777 4099 quotidie
2818 4028 3159 4096 ministrans,
3191 4038 3247 4084 et
3272 4028 3493 4086 easdem

1918 4136 1937 4169 ς
1982 4104 2125 4188 sape
2150 4116 2386 4174 oﬂ‘erens
2409 4116 2642 4185 hostias,
2677 4130 2802 4187 qua
2825 4133 3107 4188 nunquam
3129 4128 3360 4188 possunt
3390 4135 3492 4174 au-

1916 4229 1935 4261 r
1976 4208 2119 4264 ferre
2145 4216 2388 4279 peccata.
2428 4205 2529 4265 llic
2562 4218 2744 4264 autem
2769 4224 2936 4264 unam
2964 4224 3063 4280 pro
3087 4209 3326 4280 peccatis
3357 4210 3493 4268 olfe-

1916 4321 1936 4354 ι
1977 4317 2106 4358 rens
2137 4301 2395 4369 hostiam,
2430 4301 2487 4357 in
2534 4302 2928 4373 sempiternum
2973 4302 3126 4358 sedet
3167 4302 3222 4356 in
3271 4304 3495 4361 dextera

1917 4410 1937 4445 ί
1980 4391 2078 4447 Dei
2103 4409 2117 4446 :
2147 4391 2215 4447 de
2235 4400 2433 4448 caetero
2451 4402 2773 4464 exspectans
2794 4394 2967 4450 donec
2990 4402 3266 4464 ponantur
3285 4394 3495 4451 inimici

1837 4505 1885 4566 υ
1916 4499 1936 4533 ι
1976 4480 2098 4552 ejus
2126 4483 2425 4537 scabellum
2455 4488 2656 4554 pedum
2686 4483 2827 4554 ejus.
2867 4482 2986 4539 Una
3027 4485 3177 4540 enim
3217 4486 3497 4542 oblatione

1919 4591 1939 4625 ι
1982 4574 2383 4631 consummavit
2410 4574 2466 4629 in
2502 4575 2895 4646 sempiternum
2923 4576 3312 4632 sanetilicatos.
3349 4576 3495 4632 Con-

1920 4682 1940 4717 r
1982 4673 2211 4720 testatur
2250 4676 2435 4721 autem
2472 4680 2575 4721 nos
2605 4664 2812 4737 [nobis]
2859 4674 2913 4720 et
2966 4664 3203 4736 Spiritus
3248 4676 3491 4723 sanctus.

1919 4774 1941 4810 ι
1983 4754 2278 4827 Postquam
2313 4756 2460 4812 enim
2490 4755 2670 4811 dixit:
2700 4755 2816 4813 Hoc
2860 4765 3045 4812 autem
3085 4756 3494 4814 Testamentum

1920 4865 1941 4900 ι
1978 4847 2127 4918 quod
2164 4847 2404 4904 testabor
2443 4847 2513 4903 ad
2559 4845 2685 4903 illos
2709 4856 2834 4918 post
2858 4846 2980 4903 dies
3002 4848 3125 4903 illos
3153 4847 3287 4903 dicit
3307 4846 3495 4902 Domi-

1919 4959 1939 4993 ‹
1980 4956 2103 4997 nus.
2141 4939 2328 4997 Dando
2357 4938 2545 5013 [dabo]
2568 4940 2714 5013 leges
2734 4956 2886 4997 meas
2909 4941 2967 4996 in
2996 4942 3255 5000 cordibus
3278 4958 3493 5012 eorum,

1920 5053 1939 5086 ι
1980 5042 2035 5090 ει
2069 5033 2125 5088 in
2171 5034 2447 5090 mentibus
2478 5048 2670 5090 eorum
2708 5035 3111 5108 superscribam
3141 5052 3258 5105 cas,
3295 5046 3351 5092 et
3375 5052 3499 5108 pec¢

1919 5144 1938 5177 ι
1982 5134 2229 5180 catorum
2268 5133 2322 5180 et
2362 5124 2712 5195 iniquitatum
2738 5141 2932 5182 eorum
2963 5126 3080 5198 jam
3108 5144 3217 5184 non
3238 5130 3498 5186 recorda-

1919 5236 1939 5270 ι
1984 5216 2085 5272 hor
2111 5216 2368 5286 amplius.
2407 5214 2512 5272 Ubi
2537 5225 2719 5273 autem
2744 5218 2944 5275 horum
2965 5220 3218 5277 remissio
3240 5222 3358 5293 jam
3383 5238 3498 5279 non

1918 5325 1938 5360 ι
1981 5316 2066 5364 est
2092 5307 2297 5364 oblatio
2319 5324 2421 5380 pro
2453 5319 2699 5379 peccato.
2739 5308 3012 5368 Habentes
3037 5312 3242 5383 itaque,
3275 5312 3495 5380 fratres,

1916 5418 1937 5451 ‹
1981 5399 2237 5457 ﬁduciam
2270 5399 2328 5455 in
2361 5399 2587 5456 introitu
2618 5411 2935 5458 sanctorum
2956 5403 3014 5457 in
3035 5404 3303 5475 sanguine
3329 5403 3495 5459 Chri-

1916 5510 1935 5544 ι
1981 5491 2073 5558 sti,
2099 5508 2266 5562 quam
2292 5492 2528 5550 initiavit
2556 5494 2715 5551 nobis
2739 5495 2886 5550 viam
2920 5510 3119 5551 novam
3143 5505 3198 5550 et
3221 5496 3496 5549 viventem

1916 5601 1934 5634 ι
1978 5598 2077 5652 per
2095 5583 2362 5651 velamen,
2389 5585 2443 5641 id
2462 5595 2549 5641 est
2569 5602 2790 5642 carnem
2840 5602 2996 5642 suam
3022 5604 3036 5640 :
3058 5594 3114 5641 et
3154 5585 3493 5643 sacerdotem

1915 5694 1932 5726 ι
1975 5691 2234 5747 magnum
2261 5692 2425 5748 super
2449 5680 2674 5734 domum
2702 5678 2818 5745 Dei,
2852 5678 3177 5734 accedamus
3208 5693 3335 5733 cum
3359 5692 3492 5734 vero

1915 5790 1933 5824 ι
1980 5774 2142 5831 corde
2172 5774 2228 5830 in
2263 5774 2619 5849 plenitudine,
2649 5773 2775 5834 ﬁdei
2809 5773 3019 5849 aspersi
3057 5773 3222 5830 corda
3269 5789 3309 5833 a
3352 5787 3489 5837 con-
