  <div class='ocr_page' id='page_1' title='image "/cluster/home/n/w/nwhite01/storage/ocr_20150623/153/hvd.32044015473812/277.png"; bbox 0 0 3988 6394; ppageno 0'>
   <div class='ocr_carea' id='block_1_1' title="bbox 416 330 627 388">
    <p class='ocr_par' dir='ltr' id='par_1_1' title="bbox 416 330 627 388">
     <span class='ocr_line' id='line_1_1' title="bbox 416 330 627 388; baseline 0.005 -32"><span class='ocrx_word' id='word_1_1' title='bbox 416 330 627 388; x_wconf 55' lang='lat' dir='ltr'><strong>.m-</strong></span> 
     </span>
    </p>
   </div>
   <div class='ocr_carea' id='block_1_2' title="bbox 1043 325 3221 403">
    <p class='ocr_par' dir='ltr' id='par_1_2' title="bbox 1043 325 3221 403">
     <span class='ocr_line' id='line_1_2' title="bbox 1043 325 3221 403; baseline 0.009 -19"><span class='ocrx_word' id='word_1_2' title='bbox 1043 328 1101 384; x_wconf 86' lang='lat' dir='ltr'><strong>S.</strong></span> <span class='ocrx_word' id='word_1_3' title='bbox 1140 325 1491 385; x_wconf 80' lang='lat' dir='ltr'><strong>BRUNONIS</strong></span> <span class='ocrx_word' id='word_1_4' title='bbox 1524 325 2175 386; x_wconf 74' lang='lat' dir='ltr'><strong>CARTHUSIANORUM</strong></span> <span class='ocrx_word' id='word_1_5' title='bbox 2214 329 2712 394; x_wconf 80' lang='lat' dir='ltr'><strong>INSTITUTORIS</strong></span> <span class='ocrx_word' id='word_1_6' title='bbox 2747 326 2898 396; x_wconf 86' lang='lat' dir='ltr'><strong>OPP.</strong></span> <span class='ocrx_word' id='word_1_7' title='bbox 2939 340 3122 402; x_wconf 80' lang='lat' dir='ltr'><strong>PARS</strong></span> <span class='ocrx_word' id='word_1_8' title='bbox 3156 344 3221 403; x_wconf 76' lang='lat' dir='ltr'><strong>Il.</strong></span> 
     </span>
    </p>
   </div>
   <div class='ocr_carea' id='block_1_3' title="bbox 3678 348 3781 415">
    <p class='ocr_par' dir='ltr' id='par_1_3' title="bbox 3678 348 3781 415">
     <span class='ocr_line' id='line_1_3' title="bbox 3678 348 3781 415; baseline -0.078 0"><span class='ocrx_word' id='word_1_9' title='bbox 3678 348 3781 415; x_wconf 65' lang='lat' dir='ltr'><strong>5M</strong></span> 
     </span>
    </p>
   </div>
   <div class='ocr_carea' id='block_1_4' title="bbox 504 437 3781 540">
    <p class='ocr_par' dir='ltr' id='par_1_4' title="bbox 504 437 3781 540">
     <span class='ocr_line' id='line_1_4' title="bbox 504 437 3781 540; baseline 0.01 -46"><span class='ocrx_word' id='word_1_10' title='bbox 504 463 523 494; x_wconf 75' lang='grc' dir='ltr'><strong><em>ι</em></strong></span> <span class='ocrx_word' id='word_1_11' title='bbox 566 440 797 499; x_wconf 84' lang='lat' dir='ltr'><strong>scientia</strong></span> <span class='ocrx_word' id='word_1_12' title='bbox 825 439 989 509; x_wconf 88' lang='lat' dir='ltr'><strong>mala,</strong></span> <span class='ocrx_word' id='word_1_13' title='bbox 1018 437 1074 497; x_wconf 87' lang='lat' dir='ltr'><strong>et</strong></span> <span class='ocrx_word' id='word_1_14' title='bbox 1105 439 1277 498; x_wconf 88' lang='lat' dir='ltr'><strong>abluti</strong></span> <span class='ocrx_word' id='word_1_15' title='bbox 1304 461 1503 515; x_wconf 90' lang='lat' dir='ltr'><strong>corpus</strong></span> <span class='ocrx_word' id='word_1_16' title='bbox 1551 462 1693 517; x_wconf 87' lang='lat' dir='ltr'><strong>aqua</strong></span> <span class='ocrx_word' id='word_1_17' title='bbox 1730 444 1955 513; x_wconf 88' lang='lat' dir='ltr'><strong>munda,</strong></span> <span class='ocrx_word' id='word_1_18' title='bbox 2003 443 2161 502; x_wconf 17' lang='lat' dir='ltr'><strong>te-eA</strong></span> <span class='ocrx_word' id='word_1_19' title='bbox 2184 448 2507 505; x_wconf 82' lang='lat' dir='ltr'><strong>memoriam</strong></span> <span class='ocrx_word' id='word_1_20' title='bbox 2523 451 2723 521; x_wconf 82' lang='lat' dir='ltr'><strong>prioris</strong></span> <span class='ocrx_word' id='word_1_21' title='bbox 2744 455 2973 527; x_wconf 80' lang='lat' dir='ltr'><strong>peccati,</strong></span> <span class='ocrx_word' id='word_1_22' title='bbox 2995 472 3098 529; x_wconf 91' lang='lat' dir='ltr'><strong>pro</strong></span> <span class='ocrx_word' id='word_1_23' title='bbox 3118 475 3231 530; x_wconf 94' lang='lat' dir='ltr'><strong>quo</strong></span> <span class='ocrx_word' id='word_1_24' title='bbox 3240 461 3357 532; x_wconf 84' lang='lat' dir='ltr'><strong>jam</strong></span> <span class='ocrx_word' id='word_1_25' title='bbox 3378 462 3781 540; x_wconf 83' lang='lat' dir='ltr'><strong>immolaverat,</strong></span> 
     </span>
    </p>
   </div>
   <div class='ocr_carea' id='block_1_5' title="bbox 502 534 2078 605">
    <p class='ocr_par' dir='ltr' id='par_1_5' title="bbox 502 534 2078 605">
     <span class='ocr_line' id='line_1_5' title="bbox 502 534 2078 605; baseline 0.004 -18"><span class='ocrx_word' id='word_1_26' title='bbox 502 554 523 586; x_wconf 73' lang='grc' dir='ltr'><strong>ε</strong></span> <span class='ocrx_word' id='word_1_27' title='bbox 569 549 801 590; x_wconf 90' lang='lat' dir='ltr'><strong>neamus</strong></span> <span class='ocrx_word' id='word_1_28' title='bbox 826 534 942 605; x_wconf 91' lang='lat' dir='ltr'><strong>spei</strong></span> <span class='ocrx_word' id='word_1_29' title='bbox 967 544 1170 594; x_wconf 71' lang='lat' dir='ltr'><strong>nostrae</strong></span> <span class='ocrx_word' id='word_1_30' title='bbox 1194 535 2078 595; x_wconf 65' lang='lat' dir='ltr'><strong>confessionemindeclinabilem.</strong></span> 
     </span>
    </p>
   </div>
   <div class='ocr_carea' id='block_1_6' title="bbox 497 626 2084 700">
    <p class='ocr_par' dir='ltr' id='par_1_6' title="bbox 497 626 2084 700">
     <span class='ocr_line' id='line_1_6' title="bbox 497 626 2084 700; baseline 0.005 -19"><span class='ocrx_word' id='word_1_31' title='bbox 497 648 519 681; x_wconf 72' lang='grc' dir='ltr'>ι</span> <span class='ocrx_word' id='word_1_32' title='bbox 565 626 766 684; x_wconf 84' lang='lat' dir='ltr'><strong>Fidelis</strong></span> <span class='ocrx_word' id='word_1_33' title='bbox 787 628 949 687; x_wconf 80' lang='lat' dir='ltr'><strong>enim.</strong></span> <span class='ocrx_word' id='word_1_34' title='bbox 973 638 1057 687; x_wconf 90' lang='lat' dir='ltr'><strong>est</strong></span> <span class='ocrx_word' id='word_1_35' title='bbox 1086 629 1180 700; x_wconf 88' lang='lat' dir='ltr'><strong>qui</strong></span> <span class='ocrx_word' id='word_1_36' title='bbox 1212 630 1541 700; x_wconf 92' lang='lat' dir='ltr'><strong>repromisit.</strong></span> <span class='ocrx_word' id='word_1_37' title='bbox 1580 631 1648 687; x_wconf 81' lang='lat' dir='ltr'><strong>Et</strong></span> <span class='ocrx_word' id='word_1_38' title='bbox 1673 632 2084 689; x_wconf 85' lang='lat' dir='ltr'><strong>consideremus</strong></span> 
     </span>
    </p>
   </div>
   <div class='ocr_carea' id='block_1_7' title="bbox 495 718 2082 791">
    <p class='ocr_par' dir='ltr' id='par_1_7' title="bbox 495 718 2082 791">
     <span class='ocr_line' id='line_1_7' title="bbox 495 718 2082 791; baseline 0.004 -19"><span class='ocrx_word' id='word_1_39' title='bbox 495 739 518 772; x_wconf 85' lang='grc'><em>‹</em></span> <span class='ocrx_word' id='word_1_40' title='bbox 567 718 800 776; x_wconf 82' lang='lat' dir='ltr'><strong>invicem</strong></span> <span class='ocrx_word' id='word_1_41' title='bbox 839 720 893 775; x_wconf 93' lang='lat' dir='ltr'><strong>in</strong></span> <span class='ocrx_word' id='word_1_42' title='bbox 918 721 1359 791; x_wconf 88' lang='lat' dir='ltr'><strong>provocationem</strong></span> <span class='ocrx_word' id='word_1_43' title='bbox 1393 722 1678 779; x_wconf 79' lang='lat' dir='ltr'><strong>charitatis</strong></span> <span class='ocrx_word' id='word_1_44' title='bbox 1719 732 1775 779; x_wconf 90' lang='lat' dir='ltr'><strong>et</strong></span> <span class='ocrx_word' id='word_1_45' title='bbox 1808 724 2082 779; x_wconf 90' lang='lat' dir='ltr'><strong>bonorum</strong></span> 
     </span>
    </p>
   </div>
   <div class='ocr_carea' id='block_1_8' title="bbox 494 813 2082 885">
    <p class='ocr_par' dir='ltr' id='par_1_8' title="bbox 494 813 2082 885">
     <span class='ocr_line' id='line_1_8' title="bbox 494 813 2082 885; baseline 0.004 -20"><span class='ocrx_word' id='word_1_46' title='bbox 494 831 516 864; x_wconf 84' lang='grc'><em>‹</em></span> <span class='ocrx_word' id='word_1_47' title='bbox 568 826 821 881; x_wconf 89' lang='lat' dir='ltr'><strong>operum,</strong></span> <span class='ocrx_word' id='word_1_48' title='bbox 874 827 986 868; x_wconf 89' lang='lat' dir='ltr'><strong>non</strong></span> <span class='ocrx_word' id='word_1_49' title='bbox 1029 813 1338 870; x_wconf 68' lang='lat' dir='ltr'><strong>deserentes</strong></span> <span class='ocrx_word' id='word_1_50' title='bbox 1388 814 1765 870; x_wconf 90' lang='lat' dir='ltr'><strong>collectionem</strong></span> <span class='ocrx_word' id='word_1_51' title='bbox 1798 816 2082 885; x_wconf 86' lang='lat' dir='ltr'><strong>nostram,</strong></span> 
     </span>
    </p>
   </div>
   <div class='ocr_carea' id='block_1_9' title="bbox 496 900 2087 974">
    <p class='ocr_par' dir='ltr' id='par_1_9' title="bbox 496 900 2087 974">
     <span class='ocr_line' id='line_1_9' title="bbox 496 900 2087 974; baseline 0.003 -18"><span class='ocrx_word' id='word_1_52' title='bbox 496 921 517 956; x_wconf 72' lang='grc' dir='ltr'>ι</span> <span class='ocrx_word' id='word_1_53' title='bbox 567 900 711 958; x_wconf 80' lang='lat' dir='ltr'><strong>sicut</strong></span> <span class='ocrx_word' id='word_1_54' title='bbox 736 902 1148 960; x_wconf 83' lang='lat' dir='ltr'><strong>consuetudinis</strong></span> <span class='ocrx_word' id='word_1_55' title='bbox 1174 911 1260 958; x_wconf 88' lang='lat' dir='ltr'><strong>est</strong></span> <span class='ocrx_word' id='word_1_56' title='bbox 1291 903 1641 974; x_wconf 89' lang='lat' dir='ltr'><strong>quibusdam,</strong></span> <span class='ocrx_word' id='word_1_57' title='bbox 1673 905 1766 961; x_wconf 89' lang='lat' dir='ltr'><strong>sed</strong></span> <span class='ocrx_word' id='word_1_58' title='bbox 1792 905 2087 961; x_wconf 78' lang='lat' dir='ltr'><strong>consolan-</strong></span> 
     </span>
    </p>
   </div>
   <div class='ocr_carea' id='block_1_10' title="bbox 497 988 2103 1067">
    <p class='ocr_par' dir='ltr' id='par_1_10' title="bbox 497 988 2103 1067">
     <span class='ocr_line' id='line_1_10' title="bbox 497 988 2103 1067; baseline 0.005 -24"><span class='ocrx_word' id='word_1_59' title='bbox 497 1012 515 1043; x_wconf 74' lang='grc' dir='ltr'>ι</span> <span class='ocrx_word' id='word_1_60' title='bbox 572 1000 653 1049; x_wconf 87' lang='lat' dir='ltr'><strong>tes</strong></span> <span class='ocrx_word' id='word_1_61' title='bbox 677 999 733 1047; x_wconf 91' lang='lat' dir='ltr'><strong>et</strong></span> <span class='ocrx_word' id='word_1_62' title='bbox 751 1001 904 1048; x_wconf 89' lang='lat' dir='ltr'><strong>tanto</strong></span> <span class='ocrx_word' id='word_1_63' title='bbox 924 992 1119 1064; x_wconf 75' lang='lat' dir='ltr'><strong>magis,</strong></span> <span class='ocrx_word' id='word_1_64' title='bbox 1141 988 1350 1065; x_wconf 90' lang='lat' dir='ltr'><strong>quanto</strong></span> <span class='ocrx_word' id='word_1_65' title='bbox 1371 994 1620 1051; x_wconf 88' lang='lat' dir='ltr'><strong>videritis</strong></span> <span class='ocrx_word' id='word_1_66' title='bbox 1645 996 2103 1067; x_wconf 79' lang='lat' dir='ltr'><strong>appropinquau—-</strong></span> 
     </span>
    </p>
   </div>
   <div class='ocr_carea' id='block_1_11' title="bbox 500 1082 2084 1158">
    <p class='ocr_par' dir='ltr' id='par_1_11' title="bbox 500 1082 2084 1158">
     <span class='ocr_line' id='line_1_11' title="bbox 500 1082 2084 1158; baseline 0.003 -18"><span class='ocrx_word' id='word_1_67' title='bbox 500 1099 519 1132; x_wconf 79' lang='grc' dir='ltr'>ι</span> <span class='ocrx_word' id='word_1_68' title='bbox 572 1091 681 1140; x_wconf 88' lang='lat' dir='ltr'><strong>tem</strong></span> <span class='ocrx_word' id='word_1_69' title='bbox 707 1083 874 1139; x_wconf 88' lang='lat' dir='ltr'><strong>diem.</strong></span> <span class='ocrx_word' id='word_1_70' title='bbox 904 1082 1217 1142; x_wconf 86' lang='lat' dir='ltr'><strong>Voluntarie</strong></span> <span class='ocrx_word' id='word_1_71' title='bbox 1236 1086 1381 1141; x_wconf 90' lang='lat' dir='ltr'><strong>enim</strong></span> <span class='ocrx_word' id='word_1_72' title='bbox 1404 1087 1758 1157; x_wconf 85' lang='lat' dir='ltr'><strong>peccantibus</strong></span> <span class='ocrx_word' id='word_1_73' title='bbox 1780 1087 1940 1143; x_wconf 86' lang='lat' dir='ltr'><strong>nobis</strong></span> <span class='ocrx_word' id='word_1_74' title='bbox 1959 1095 2084 1158; x_wconf 91' lang='lat' dir='ltr'><strong>post</strong></span> 
     </span>
    </p>
   </div>
   <div class='ocr_carea' id='block_1_12' title="bbox 506 1173 2084 1248">
    <p class='ocr_par' dir='ltr' id='par_1_12' title="bbox 506 1173 2084 1248">
     <span class='ocr_line' id='line_1_12' title="bbox 506 1173 2084 1248; baseline 0.006 -24"><span class='ocrx_word' id='word_1_75' title='bbox 506 1191 527 1224; x_wconf 75' lang='grc' dir='ltr'>ι</span> <span class='ocrx_word' id='word_1_76' title='bbox 571 1180 845 1243; x_wconf 85' lang='lat' dir='ltr'><strong>acceptam</strong></span> <span class='ocrx_word' id='word_1_77' title='bbox 882 1173 1134 1229; x_wconf 88' lang='lat' dir='ltr'><strong>notitiam</strong></span> <span class='ocrx_word' id='word_1_78' title='bbox 1172 1175 1440 1243; x_wconf 78' lang='lat' dir='ltr'><strong>veritatis,</strong></span> <span class='ocrx_word' id='word_1_79' title='bbox 1473 1176 1587 1247; x_wconf 84' lang='lat' dir='ltr'><strong>jam</strong></span> <span class='ocrx_word' id='word_1_80' title='bbox 1614 1191 1725 1232; x_wconf 89' lang='lat' dir='ltr'><strong>non</strong></span> <span class='ocrx_word' id='word_1_81' title='bbox 1754 1176 2084 1248; x_wconf 84' lang='lat' dir='ltr'><strong>relinquitur</strong></span> 
     </span>
    </p>
   </div>
   <div class='ocr_carea' id='block_1_13' title="bbox 505 1266 2083 1341">
    <p class='ocr_par' dir='ltr' id='par_1_13' title="bbox 505 1266 2083 1341">
     <span class='ocr_line' id='line_1_13' title="bbox 505 1266 2083 1341; baseline 0.006 -24"><span class='ocrx_word' id='word_1_82' title='bbox 505 1282 527 1317; x_wconf 69' lang='grc' dir='ltr'><strong><em>α</em></strong></span> <span class='ocrx_word' id='word_1_83' title='bbox 567 1279 667 1335; x_wconf 89' lang='lat' dir='ltr'><strong>pro</strong></span> <span class='ocrx_word' id='word_1_84' title='bbox 698 1266 934 1335; x_wconf 82' lang='lat' dir='ltr'><strong>peccatis</strong></span> <span class='ocrx_word' id='word_1_85' title='bbox 968 1267 1182 1335; x_wconf 88' lang='lat' dir='ltr'><strong>hostia;</strong></span> <span class='ocrx_word' id='word_1_86' title='bbox 1215 1268 1473 1324; x_wconf 79' lang='lat' dir='ltr'><strong>terribilis</strong></span> <span class='ocrx_word' id='word_1_87' title='bbox 1502 1278 1686 1327; x_wconf 88' lang='lat' dir='ltr'><strong>autem</strong></span> <span class='ocrx_word' id='word_1_88' title='bbox 1713 1271 1961 1341; x_wconf 81' lang='lat' dir='ltr'><strong>quaedam</strong></span> <span class='ocrx_word' id='word_1_89' title='bbox 1987 1286 2083 1326; x_wconf 81' lang='lat' dir='ltr'><strong>ex-</strong></span> 
     </span>
    </p>
   </div>
   <div class='ocr_carea' id='block_1_14' title="bbox 414 1358 2083 1433">
    <p class='ocr_par' dir='ltr' id='par_1_14' title="bbox 414 1358 2083 1433">
     <span class='ocr_line' id='line_1_14' title="bbox 414 1358 2083 1433; baseline 0.007 -25"><span class='ocrx_word' id='word_1_90' title='bbox 414 1368 423 1378; x_wconf 83' lang='lat'>&#39;</span> <span class='ocrx_word' id='word_1_91' title='bbox 503 1378 522 1408; x_wconf 76' lang='grc' dir='ltr'>ι</span> <span class='ocrx_word' id='word_1_92' title='bbox 565 1358 1039 1431; x_wconf 86' lang='lat' dir='ltr'><strong>spcetatiojudieii</strong></span> <span class='ocrx_word' id='word_1_93' title='bbox 1082 1369 1131 1416; x_wconf 90' lang='lat' dir='ltr'><strong>et</strong></span> <span class='ocrx_word' id='word_1_94' title='bbox 1175 1360 1318 1432; x_wconf 85' lang='lat' dir='ltr'><strong>ignis</strong></span> <span class='ocrx_word' id='word_1_95' title='bbox 1345 1362 1643 1429; x_wconf 81' lang='lat' dir='ltr'><strong>aemulatio,</strong></span> <span class='ocrx_word' id='word_1_96' title='bbox 1672 1378 1795 1433; x_wconf 70' lang='lat' dir='ltr'><strong>qua:</strong></span> <span class='ocrx_word' id='word_1_97' title='bbox 1821 1378 2083 1420; x_wconf 92' lang='lat' dir='ltr'><strong>consum-</strong></span> 
     </span>
    </p>
   </div>
   <div class='ocr_carea' id='block_1_15' title="bbox 448 1450 2083 1528">
    <p class='ocr_par' dir='ltr' id='par_1_15' title="bbox 448 1450 2083 1528">
     <span class='ocr_line' id='line_1_15' title="bbox 448 1450 2083 1528; baseline 0.006 -26"><span class='ocrx_word' id='word_1_98' title='bbox 448 1516 451 1519; x_wconf 15' lang='grc' dir='ltr'>δ</span> <span class='ocrx_word' id='word_1_99' title='bbox 503 1470 522 1502; x_wconf 75' lang='grc' dir='ltr'>ι</span> <span class='ocrx_word' id='word_1_100' title='bbox 567 1458 725 1520; x_wconf 90' lang='lat' dir='ltr'><strong>ptura</strong></span> <span class='ocrx_word' id='word_1_101' title='bbox 755 1460 840 1507; x_wconf 89' lang='lat' dir='ltr'><strong>est</strong></span> <span class='ocrx_word' id='word_1_102' title='bbox 867 1451 1233 1507; x_wconf 79' lang='lat' dir='ltr'><strong>adversarios.</strong></span> <span class='ocrx_word' id='word_1_103' title='bbox 1272 1450 1487 1507; x_wconf 83' lang='lat' dir='ltr'><strong>irritam</strong></span> <span class='ocrx_word' id='word_1_104' title='bbox 1528 1453 1653 1523; x_wconf 87' lang='lat' dir='ltr'><strong>quis</strong></span> <span class='ocrx_word' id='word_1_105' title='bbox 1682 1452 2083 1528; x_wconf 78' lang='lat' dir='ltr'><strong>facienslegcm</strong></span> 
     </span>
    </p>
   </div>
   <div class='ocr_carea' id='block_1_16' title="bbox 501 1542 2082 1616">
    <p class='ocr_par' dir='ltr' id='par_1_16' title="bbox 501 1542 2082 1616">
     <span class='ocr_line' id='line_1_16' title="bbox 501 1542 2082 1616; baseline 0.006 -22"><span class='ocrx_word' id='word_1_106' title='bbox 501 1561 523 1594; x_wconf 73' lang='grc' dir='ltr'><strong><em>ι</em></strong></span> <span class='ocrx_word' id='word_1_107' title='bbox 568 1542 759 1616; x_wconf 78' lang='lat' dir='ltr'><strong>Moysi,</strong></span> <span class='ocrx_word' id='word_1_108' title='bbox 788 1544 907 1599; x_wconf 92' lang='lat' dir='ltr'><strong>sine</strong></span> <span class='ocrx_word' id='word_1_109' title='bbox 935 1544 1044 1599; x_wconf 92' lang='lat' dir='ltr'><strong>ulla</strong></span> <span class='ocrx_word' id='word_1_110' title='bbox 1080 1544 1432 1600; x_wconf 82' lang='lat' dir='ltr'><strong>miseratione</strong></span> <span class='ocrx_word' id='word_1_111' title='bbox 1449 1544 1663 1602; x_wconf 87' lang='lat' dir='ltr'><strong>duobus</strong></span> <span class='ocrx_word' id='word_1_112' title='bbox 1686 1547 1772 1607; x_wconf 81' lang='lat' dir='ltr'><strong>vel</strong></span> <span class='ocrx_word' id='word_1_113' title='bbox 1797 1547 1971 1604; x_wconf 90' lang='lat' dir='ltr'><strong>tribus</strong></span> <span class='ocrx_word' id='word_1_114' title='bbox 1997 1557 2082 1604; x_wconf 69' lang='lat' dir='ltr'><strong>te-</strong></span> 
     </span>
    </p>
   </div>
   <div class='ocr_carea' id='block_1_17' title="bbox 503 1637 2099 1711">
    <p class='ocr_par' dir='ltr' id='par_1_17' title="bbox 503 1637 2099 1711">
     <span class='ocr_line' id='line_1_17' title="bbox 503 1637 2099 1711; baseline 0.006 -23"><span class='ocrx_word' id='word_1_115' title='bbox 503 1656 523 1688; x_wconf 74' lang='grc' dir='ltr'>ι</span> <span class='ocrx_word' id='word_1_116' title='bbox 565 1637 745 1692; x_wconf 90' lang='lat' dir='ltr'><strong>stibus</strong></span> <span class='ocrx_word' id='word_1_117' title='bbox 769 1638 1022 1704; x_wconf 90' lang='lat' dir='ltr'><strong>moritur,</strong></span> <span class='ocrx_word' id='word_1_118' title='bbox 1040 1647 1246 1708; x_wconf 90' lang='lat' dir='ltr'><strong>quanto</strong></span> <span class='ocrx_word' id='word_1_119' title='bbox 1267 1639 1442 1711; x_wconf 82' lang='lat' dir='ltr'><strong>magis</strong></span> <span class='ocrx_word' id='word_1_120' title='bbox 1460 1640 1664 1710; x_wconf 82' lang='lat' dir='ltr'><strong>putatis</strong></span> <span class='ocrx_word' id='word_1_121' title='bbox 1683 1641 1953 1697; x_wconf 89' lang='lat' dir='ltr'><strong>deteriora</strong></span> <span class='ocrx_word' id='word_1_122' title='bbox 1974 1657 2099 1697; x_wconf 46' lang='lat' dir='ltr'><strong>mea</strong></span> 
     </span>
    </p>
   </div>
   <div class='ocr_carea' id='block_1_18' title="bbox 504 1729 2083 1803">
    <p class='ocr_par' dir='ltr' id='par_1_18' title="bbox 504 1729 2083 1803">
     <span class='ocr_line' id='line_1_18' title="bbox 504 1729 2083 1803; baseline 0.008 -24"><span class='ocrx_word' id='word_1_123' title='bbox 504 1751 522 1779; x_wconf 77' lang='grc' dir='ltr'>ι</span> <span class='ocrx_word' id='word_1_124' title='bbox 571 1729 679 1784; x_wconf 87' lang='lat' dir='ltr'><strong>reri</strong></span> <span class='ocrx_word' id='word_1_125' title='bbox 721 1730 1006 1799; x_wconf 65' lang='lat' dir='ltr'><strong>supplicia,</strong></span> <span class='ocrx_word' id='word_1_126' title='bbox 1047 1731 1144 1801; x_wconf 94' lang='lat' dir='ltr'><strong>qui</strong></span> <span class='ocrx_word' id='word_1_127' title='bbox 1174 1731 1370 1787; x_wconf 83' lang='lat' dir='ltr'><strong>Filium</strong></span> <span class='ocrx_word' id='word_1_128' title='bbox 1417 1731 1513 1787; x_wconf 91' lang='lat' dir='ltr'><strong>Dei</strong></span> <span class='ocrx_word' id='word_1_129' title='bbox 1557 1734 1979 1803; x_wconf 88' lang='lat' dir='ltr'><strong>conculcaverit,</strong></span> <span class='ocrx_word' id='word_1_130' title='bbox 2027 1743 2083 1791; x_wconf 90' lang='lat' dir='ltr'><strong>et</strong></span> 
     </span>
    </p>
   </div>
   <div class='ocr_carea' id='block_1_19' title="bbox 505 1821 2079 1897">
    <p class='ocr_par' dir='ltr' id='par_1_19' title="bbox 505 1821 2079 1897">
     <span class='ocr_line' id='line_1_19' title="bbox 505 1821 2079 1897; baseline 0.008 -27"><span class='ocrx_word' id='word_1_131' title='bbox 505 1837 524 1870; x_wconf 76' lang='grc' dir='ltr'>ι</span> <span class='ocrx_word' id='word_1_132' title='bbox 566 1821 887 1891; x_wconf 79' lang='lat' dir='ltr'><strong>sanguinem</strong></span> <span class='ocrx_word' id='word_1_133' title='bbox 934 1821 1265 1878; x_wconf 89' lang='lat' dir='ltr'><strong>Testamenti</strong></span> <span class='ocrx_word' id='word_1_134' title='bbox 1310 1824 1575 1893; x_wconf 89' lang='lat' dir='ltr'><strong>pollutum</strong></span> <span class='ocrx_word' id='word_1_135' title='bbox 1619 1825 1838 1881; x_wconf 81' lang='lat' dir='ltr'><strong>duxerit</strong></span> <span class='ocrx_word' id='word_1_136' title='bbox 1872 1826 1929 1882; x_wconf 88' lang='lat' dir='ltr'><strong>in</strong></span> <span class='ocrx_word' id='word_1_137' title='bbox 1967 1842 2079 1897; x_wconf 88' lang='lat' dir='ltr'><strong>quo</strong></span> 
     </span>
    </p>
   </div>
   <div class='ocr_carea' id='block_1_20' title="bbox 506 1913 2079 1988">
    <p class='ocr_par' dir='ltr' id='par_1_20' title="bbox 506 1913 2079 1988">
     <span class='ocr_line' id='line_1_20' title="bbox 506 1913 2079 1988; baseline 0.007 -25"><span class='ocrx_word' id='word_1_138' title='bbox 506 1931 525 1963; x_wconf 77' lang='grc' dir='ltr'>ι</span> <span class='ocrx_word' id='word_1_139' title='bbox 571 1913 943 1971; x_wconf 75' lang='lat' dir='ltr'><strong>sanetiﬁcatus</strong></span> <span class='ocrx_word' id='word_1_140' title='bbox 980 1924 1083 1984; x_wconf 89' lang='lat' dir='ltr'><strong>est,</strong></span> <span class='ocrx_word' id='word_1_141' title='bbox 1112 1923 1168 1971; x_wconf 89' lang='lat' dir='ltr'><strong>et</strong></span> <span class='ocrx_word' id='word_1_142' title='bbox 1195 1914 1421 1986; x_wconf 85' lang='lat' dir='ltr'><strong>Spiritui</strong></span> <span class='ocrx_word' id='word_1_143' title='bbox 1465 1915 1654 1988; x_wconf 75' lang='lat' dir='ltr'><strong>gratiae</strong></span> <span class='ocrx_word' id='word_1_144' title='bbox 1690 1919 2079 1975; x_wconf 85' lang='lat' dir='ltr'><strong>contumeliam</strong></span> 
     </span>
    </p>
   </div>
   <div class='ocr_carea' id='block_1_21' title="bbox 503 2001 2077 2079">
    <p class='ocr_par' dir='ltr' id='par_1_21' title="bbox 503 2001 2077 2079">
     <span class='ocr_line' id='line_1_21' title="bbox 503 2001 2077 2079; baseline 0.006 -24"><span class='ocrx_word' id='word_1_145' title='bbox 503 2021 522 2054; x_wconf 71' lang='grc' dir='ltr'>ι</span> <span class='ocrx_word' id='word_1_146' title='bbox 567 2001 797 2059; x_wconf 78' lang='lat' dir='ltr'><strong>fecerit?</strong></span> <span class='ocrx_word' id='word_1_147' title='bbox 825 2004 1042 2062; x_wconf 88' lang='lat' dir='ltr'><strong>Scimus</strong></span> <span class='ocrx_word' id='word_1_148' title='bbox 1074 2007 1223 2062; x_wconf 89' lang='lat' dir='ltr'><strong>enim</strong></span> <span class='ocrx_word' id='word_1_149' title='bbox 1255 2008 1349 2078; x_wconf 86' lang='lat' dir='ltr'><strong>qui</strong></span> <span class='ocrx_word' id='word_1_150' title='bbox 1384 2007 1552 2064; x_wconf 84' lang='lat' dir='ltr'><strong>dixit:</strong></span> <span class='ocrx_word' id='word_1_151' title='bbox 1589 2007 1720 2064; x_wconf 79' lang='lat' dir='ltr'><strong>Mihi</strong></span> <span class='ocrx_word' id='word_1_152' title='bbox 1756 2009 2077 2079; x_wconf 87' lang='lat' dir='ltr'><strong>vindictam,</strong></span> 
     </span>
    </p>
   </div>
   <div class='ocr_carea' id='block_1_22' title="bbox 501 2096 2078 2172">
    <p class='ocr_par' dir='ltr' id='par_1_22' title="bbox 501 2096 2078 2172">
     <span class='ocr_line' id='line_1_22' title="bbox 501 2096 2078 2172; baseline 0.008 -26"><span class='ocrx_word' id='word_1_153' title='bbox 501 2114 520 2145; x_wconf 71' lang='grc' dir='ltr'>ε</span> <span class='ocrx_word' id='word_1_154' title='bbox 566 2106 620 2150; x_wconf 83' lang='lat' dir='ltr'><strong>et</strong></span> <span class='ocrx_word' id='word_1_155' title='bbox 639 2111 739 2167; x_wconf 80' lang='lat' dir='ltr'><strong>ego</strong></span> <span class='ocrx_word' id='word_1_156' title='bbox 760 2097 1077 2154; x_wconf 84' lang='lat' dir='ltr'><strong>retribuam.</strong></span> <span class='ocrx_word' id='word_1_157' title='bbox 1121 2096 1414 2155; x_wconf 83' lang='lat' dir='ltr'><strong>Et-iterum</strong></span> <span class='ocrx_word' id='word_1_158' title='bbox 1445 2119 1459 2155; x_wconf 87' lang='lat'><strong>:</strong></span> <span class='ocrx_word' id='word_1_159' title='bbox 1487 2100 1625 2167; x_wconf 84' lang='lat' dir='ltr'><strong>Quia</strong></span> <span class='ocrx_word' id='word_1_160' title='bbox 1665 2100 1933 2172; x_wconf 89' lang='lat' dir='ltr'><strong>judicabit</strong></span> <span class='ocrx_word' id='word_1_161' title='bbox 1964 2101 2078 2159; x_wconf 88' lang='lat' dir='ltr'><strong>Do-</strong></span> 
     </span>
    </p>
   </div>
   <div class='ocr_carea' id='block_1_23' title="bbox 500 2187 2081 2260">
    <p class='ocr_par' dir='ltr' id='par_1_23' title="bbox 500 2187 2081 2260">
     <span class='ocr_line' id='line_1_23' title="bbox 500 2187 2081 2260; baseline 0.008 -22"><span class='ocrx_word' id='word_1_162' title='bbox 500 2207 519 2238; x_wconf 77' lang='grc' dir='ltr'>ι</span> <span class='ocrx_word' id='word_1_163' title='bbox 564 2187 746 2244; x_wconf 86' lang='lat' dir='ltr'><strong>minus</strong></span> <span class='ocrx_word' id='word_1_164' title='bbox 781 2191 1043 2260; x_wconf 90' lang='lat' dir='ltr'><strong>populum</strong></span> <span class='ocrx_word' id='word_1_165' title='bbox 1084 2206 1286 2247; x_wconf 89' lang='lat' dir='ltr'><strong>suum:</strong></span> <span class='ocrx_word' id='word_1_166' title='bbox 1314 2190 1660 2248; x_wconf 85' lang='lat' dir='ltr'><strong>Horrendum</strong></span> <span class='ocrx_word' id='word_1_167' title='bbox 1706 2203 1792 2250; x_wconf 90' lang='lat' dir='ltr'><strong>est</strong></span> <span class='ocrx_word' id='word_1_168' title='bbox 1836 2192 2081 2251; x_wconf 85' lang='lat' dir='ltr'><strong>incidere</strong></span> 
     </span>
    </p>
   </div>
   <div class='ocr_carea' id='block_1_24' title="bbox 501 2279 2081 2356">
    <p class='ocr_par' dir='ltr' id='par_1_24' title="bbox 501 2279 2081 2356">
     <span class='ocr_line' id='line_1_24' title="bbox 501 2279 2081 2356; baseline 0.006 -25"><span class='ocrx_word' id='word_1_169' title='bbox 501 2298 522 2330; x_wconf 75' lang='grc' dir='ltr'>ι</span> <span class='ocrx_word' id='word_1_170' title='bbox 566 2279 622 2333; x_wconf 89' lang='lat' dir='ltr'><strong>in</strong></span> <span class='ocrx_word' id='word_1_171' title='bbox 652 2296 850 2337; x_wconf 91' lang='lat' dir='ltr'><strong>manus</strong></span> <span class='ocrx_word' id='word_1_172' title='bbox 870 2280 968 2337; x_wconf 87' lang='lat' dir='ltr'><strong>Dei</strong></span> <span class='ocrx_word' id='word_1_173' title='bbox 988 2282 1240 2339; x_wconf 86' lang='lat' dir='ltr'><strong>viventis.</strong></span> <span class='ocrx_word' id='word_1_174' title='bbox 1277 2283 1741 2340; x_wconf 82' lang='lat' dir='ltr'><strong>Rememoramini</strong></span> <span class='ocrx_word' id='word_1_175' title='bbox 1763 2293 1945 2341; x_wconf 89' lang='lat' dir='ltr'><strong>autem</strong></span> <span class='ocrx_word' id='word_1_176' title='bbox 1965 2285 2081 2356; x_wconf 87' lang='lat' dir='ltr'><strong>pri-</strong></span> 
     </span>
    </p>
   </div>
   <div class='ocr_carea' id='block_1_25' title="bbox 501 2371 2079 2447">
    <p class='ocr_par' dir='ltr' id='par_1_25' title="bbox 501 2371 2079 2447">
     <span class='ocr_line' id='line_1_25' title="bbox 501 2371 2079 2447; baseline 0.006 -24"><span class='ocrx_word' id='word_1_177' title='bbox 501 2388 523 2422; x_wconf 73' lang='grc' dir='ltr'>ι</span> <span class='ocrx_word' id='word_1_178' title='bbox 562 2371 737 2426; x_wconf 88' lang='lat' dir='ltr'><strong>stinos</strong></span> <span class='ocrx_word' id='word_1_179' title='bbox 756 2372 893 2439; x_wconf 88' lang='lat' dir='ltr'><strong>dies,</strong></span> <span class='ocrx_word' id='word_1_180' title='bbox 919 2373 973 2426; x_wconf 89' lang='lat' dir='ltr'><strong>in</strong></span> <span class='ocrx_word' id='word_1_181' title='bbox 995 2373 1196 2444; x_wconf 86' lang='lat' dir='ltr'><strong>quibus</strong></span> <span class='ocrx_word' id='word_1_182' title='bbox 1217 2375 1504 2431; x_wconf 91' lang='lat' dir='ltr'><strong>illuminati</strong></span> <span class='ocrx_word' id='word_1_183' title='bbox 1522 2392 1779 2447; x_wconf 79' lang='lat' dir='ltr'><strong>magnum</strong></span> <span class='ocrx_word' id='word_1_184' title='bbox 1803 2385 2079 2433; x_wconf 88' lang='lat' dir='ltr'><strong>certamen</strong></span> 
     </span>
    </p>
   </div>
   <div class='ocr_carea' id='block_1_26' title="bbox 502 2463 2078 2540">
    <p class='ocr_par' dir='ltr' id='par_1_26' title="bbox 502 2463 2078 2540">
     <span class='ocr_line' id='line_1_26' title="bbox 502 2463 2078 2540; baseline 0.008 -26"><span class='ocrx_word' id='word_1_185' title='bbox 502 2481 523 2514; x_wconf 74' lang='grc' dir='ltr'>ι</span> <span class='ocrx_word' id='word_1_186' title='bbox 566 2463 728 2534; x_wconf 78' lang='lat'><strong>397</strong></span> <span class='ocrx_word' id='word_1_187' title='bbox 755 2465 1093 2522; x_wconf 88' lang='lat' dir='ltr'><strong>sustinuistis</strong></span> <span class='ocrx_word' id='word_1_188' title='bbox 1112 2468 1431 2537; x_wconf 87' lang='lat' dir='ltr'><strong>passionum</strong></span> <span class='ocrx_word' id='word_1_189' title='bbox 1460 2487 1476 2524; x_wconf 90' lang='lat'><strong>:</strong></span> <span class='ocrx_word' id='word_1_190' title='bbox 1500 2477 1555 2524; x_wconf 91' lang='lat' dir='ltr'><strong>et</strong></span> <span class='ocrx_word' id='word_1_191' title='bbox 1582 2469 1636 2523; x_wconf 92' lang='lat' dir='ltr'><strong>in</strong></span> <span class='ocrx_word' id='word_1_192' title='bbox 1662 2469 1834 2526; x_wconf 90' lang='lat' dir='ltr'><strong>altero</strong></span> <span class='ocrx_word' id='word_1_193' title='bbox 1857 2469 2078 2540; x_wconf 87' lang='lat' dir='ltr'><strong>quidem</strong></span> 
     </span>
    </p>
   </div>
   <div class='ocr_carea' id='block_1_27' title="bbox 501 2554 2078 2630">
    <p class='ocr_par' dir='ltr' id='par_1_27' title="bbox 501 2554 2078 2630">
     <span class='ocr_line' id='line_1_27' title="bbox 501 2554 2078 2630; baseline 0.007 -24"><span class='ocrx_word' id='word_1_194' title='bbox 501 2569 526 2606; x_wconf 73' lang='grc' dir='ltr'>ι</span> <span class='ocrx_word' id='word_1_195' title='bbox 564 2554 873 2624; x_wconf 85' lang='lat' dir='ltr'><strong>opprobriis</strong></span> <span class='ocrx_word' id='word_1_196' title='bbox 899 2565 954 2611; x_wconf 89' lang='lat' dir='ltr'><strong>et</strong></span> <span class='ocrx_word' id='word_1_197' title='bbox 978 2556 1422 2623; x_wconf 74' lang='lat' dir='ltr'><strong>tribulationibus</strong></span> <span class='ocrx_word' id='word_1_198' title='bbox 1445 2559 1813 2630; x_wconf 88' lang='lat' dir='ltr'><strong>spectaculum</strong></span> <span class='ocrx_word' id='word_1_199' title='bbox 1848 2560 1996 2629; x_wconf 80' lang='lat' dir='ltr'><strong>iacti,</strong></span> <span class='ocrx_word' id='word_1_200' title='bbox 2021 2563 2078 2617; x_wconf 91' lang='lat' dir='ltr'><strong>in</strong></span> 
     </span>
    </p>
   </div>
   <div class='ocr_carea' id='block_1_28' title="bbox 503 2646 2075 2712">
    <p class='ocr_par' dir='ltr' id='par_1_28' title="bbox 503 2646 2075 2712">
     <span class='ocr_line' id='line_1_28' title="bbox 503 2646 2075 2712; baseline 0.009 -15"><span class='ocrx_word' id='word_1_201' title='bbox 503 2663 524 2697; x_wconf 77' lang='grc' dir='ltr'><strong>σ</strong></span> <span class='ocrx_word' id='word_1_202' title='bbox 568 2646 742 2702; x_wconf 88' lang='lat' dir='ltr'><strong>altero</strong></span> <span class='ocrx_word' id='word_1_203' title='bbox 789 2656 970 2705; x_wconf 90' lang='lat' dir='ltr'><strong>autem</strong></span> <span class='ocrx_word' id='word_1_204' title='bbox 1014 2652 1149 2708; x_wconf 88' lang='lat' dir='ltr'><strong>socii</strong></span> <span class='ocrx_word' id='word_1_205' title='bbox 1198 2654 1380 2710; x_wconf 90' lang='lat' dir='ltr'><strong>taliter</strong></span> <span class='ocrx_word' id='word_1_206' title='bbox 1414 2654 2075 2712; x_wconf 80' lang='lat' dir='ltr'><strong>eonversantiumctleeti.</strong></span> 
     </span>
    </p>
   </div>
   <div class='ocr_carea' id='block_1_29' title="bbox 503 2737 2079 2818">
    <p class='ocr_par' dir='ltr' id='par_1_29' title="bbox 503 2737 2079 2818">
     <span class='ocr_line' id='line_1_29' title="bbox 503 2737 2079 2818; baseline 0.01 -28"><span class='ocrx_word' id='word_1_207' title='bbox 503 2757 522 2790; x_wconf 75' lang='grc' dir='ltr'>ι</span> <span class='ocrx_word' id='word_1_208' title='bbox 567 2737 702 2795; x_wconf 85' lang='lat' dir='ltr'><strong>Nam</strong></span> <span class='ocrx_word' id='word_1_209' title='bbox 732 2751 788 2796; x_wconf 88' lang='lat' dir='ltr'><strong>et</strong></span> <span class='ocrx_word' id='word_1_210' title='bbox 825 2742 1023 2800; x_wconf 89' lang='lat' dir='ltr'><strong>vinctis</strong></span> <span class='ocrx_word' id='word_1_211' title='bbox 1065 2746 1342 2816; x_wconf 85' lang='lat' dir='ltr'><strong>compassi</strong></span> <span class='ocrx_word' id='word_1_212' title='bbox 1373 2747 1529 2815; x_wconf 86' lang='lat' dir='ltr'><strong>estis,</strong></span> <span class='ocrx_word' id='word_1_213' title='bbox 1551 2756 1606 2803; x_wconf 91' lang='lat' dir='ltr'><strong>et</strong></span> <span class='ocrx_word' id='word_1_214' title='bbox 1634 2748 1881 2818; x_wconf 87' lang='lat' dir='ltr'><strong>rapinam</strong></span> <span class='ocrx_word' id='word_1_215' title='bbox 1906 2748 2079 2805; x_wconf 82' lang='lat' dir='ltr'><strong>bono-</strong></span> 
     </span>
    </p>
   </div>
   <div class='ocr_carea' id='block_1_30' title="bbox 502 2839 2079 2913">
    <p class='ocr_par' dir='ltr' id='par_1_30' title="bbox 502 2839 2079 2913">
     <span class='ocr_line' id='line_1_30' title="bbox 502 2839 2079 2913; baseline 0.008 -29"><span class='ocrx_word' id='word_1_216' title='bbox 502 2853 521 2883; x_wconf 71' lang='grc' dir='ltr'>ι</span> <span class='ocrx_word' id='word_1_217' title='bbox 567 2848 688 2887; x_wconf 89' lang='lat' dir='ltr'><strong>rum</strong></span> <span class='ocrx_word' id='word_1_218' title='bbox 730 2844 1032 2892; x_wconf 82' lang='lat' dir='ltr'><strong>vestrorum</strong></span> <span class='ocrx_word' id='word_1_219' title='bbox 1061 2853 1187 2893; x_wconf 90' lang='lat' dir='ltr'><strong>cum</strong></span> <span class='ocrx_word' id='word_1_220' title='bbox 1230 2839 1427 2910; x_wconf 78' lang='lat' dir='ltr'><strong>gaudio</strong></span> <span class='ocrx_word' id='word_1_221' title='bbox 1473 2839 1826 2911; x_wconf 68' lang='lat' dir='ltr'><strong>suscepistis;</strong></span> <span class='ocrx_word' id='word_1_222' title='bbox 1876 2856 2079 2913; x_wconf 79' lang='lat' dir='ltr'><strong>cogno-</strong></span> 
     </span>
    </p>
   </div>
   <div class='ocr_carea' id='block_1_31' title="bbox 502 2930 2076 2990">
    <p class='ocr_par' dir='ltr' id='par_1_31' title="bbox 502 2930 2076 2990">
     <span class='ocr_line' id='line_1_31' title="bbox 502 2930 2076 2990; baseline 0.008 -12"><span class='ocrx_word' id='word_1_223' title='bbox 502 2945 522 2976; x_wconf 77' lang='grc' dir='ltr'>ι</span> <span class='ocrx_word' id='word_1_224' title='bbox 563 2936 777 2984; x_wconf 89' lang='lat' dir='ltr'><strong>scentes</strong></span> <span class='ocrx_word' id='word_1_225' title='bbox 808 2945 907 2985; x_wconf 90' lang='lat' dir='ltr'><strong>vos</strong></span> <span class='ocrx_word' id='word_1_226' title='bbox 946 2930 1146 2987; x_wconf 87' lang='lat' dir='ltr'><strong>habere</strong></span> <span class='ocrx_word' id='word_1_227' title='bbox 1186 2932 1465 2988; x_wconf 86' lang='lat' dir='ltr'><strong>meliorem</strong></span> <span class='ocrx_word' id='word_1_228' title='bbox 1506 2943 1562 2988; x_wconf 91' lang='lat' dir='ltr'><strong>et</strong></span> <span class='ocrx_word' id='word_1_229' title='bbox 1604 2944 1913 2989; x_wconf 88' lang='lat' dir='ltr'><strong>manentem</strong></span> <span class='ocrx_word' id='word_1_230' title='bbox 1942 2934 2076 2990; x_wconf 84' lang='lat' dir='ltr'><strong>sub-</strong></span> 
     </span>
    </p>
   </div>
   <div class='ocr_carea' id='block_1_32' title="bbox 501 3020 2076 3095">
    <p class='ocr_par' dir='ltr' id='par_1_32' title="bbox 501 3020 2076 3095">
     <span class='ocr_line' id='line_1_32' title="bbox 501 3020 2076 3095; baseline 0.008 -25"><span class='ocrx_word' id='word_1_231' title='bbox 501 3040 522 3070; x_wconf 82' lang='grc'><strong>«</strong></span> <span class='ocrx_word' id='word_1_232' title='bbox 566 3022 843 3078; x_wconf 86' lang='lat' dir='ltr'><strong>stantiam.</strong></span> <span class='ocrx_word' id='word_1_233' title='bbox 874 3020 1050 3080; x_wconf 83' lang='lat' dir='ltr'><strong>Nolite</strong></span> <span class='ocrx_word' id='word_1_234' title='bbox 1075 3025 1257 3095; x_wconf 89' lang='lat' dir='ltr'><strong>itaque</strong></span> <span class='ocrx_word' id='word_1_235' title='bbox 1274 3026 1521 3083; x_wconf 83' lang='lat' dir='ltr'><strong>amittere</strong></span> <span class='ocrx_word' id='word_1_236' title='bbox 1553 3027 1938 3083; x_wconf 75' lang='lat' dir='ltr'><strong>conﬁdentiam</strong></span> <span class='ocrx_word' id='word_1_237' title='bbox 1973 3044 2076 3083; x_wconf 89' lang='lat' dir='ltr'><strong>ve-</strong></span> 
     </span>
    </p>
   </div>
   <div class='ocr_carea' id='block_1_33' title="bbox 501 3116 2149 3220">
    <p class='ocr_par' dir='ltr' id='par_1_33' title="bbox 501 3116 2149 3220">
     <span class='ocr_line' id='line_1_33' title="bbox 501 3116 2149 3220; baseline 0.005 -55"><span class='ocrx_word' id='word_1_238' title='bbox 501 3132 520 3164; x_wconf 78' lang='grc' dir='ltr'>ι</span> <span class='ocrx_word' id='word_1_239' title='bbox 565 3121 756 3177; x_wconf 87' lang='lat' dir='ltr'><strong>stram,</strong></span> <span class='ocrx_word' id='word_1_240' title='bbox 793 3129 916 3185; x_wconf 75' lang='lat' dir='ltr'><strong>qua:</strong></span> <span class='ocrx_word' id='word_1_241' title='bbox 942 3131 1196 3186; x_wconf 80' lang='lat' dir='ltr'><strong>magnam</strong></span> <span class='ocrx_word' id='word_1_242' title='bbox 1221 3116 1383 3171; x_wconf 87' lang='lat' dir='ltr'><strong>habet</strong></span> <span class='ocrx_word' id='word_1_243' title='bbox 1418 3118 1936 3174; x_wconf 85' lang='lat' dir='ltr'><strong>remunerationem.</strong></span> <span class='ocrx_word' id='word_1_244' title='bbox 1972 3117 2078 3173; x_wconf 89' lang='lat' dir='ltr'><strong>Pa-</strong></span> <span class='ocrx_word' id='word_1_245' title='bbox 2103 3157 2149 3220; x_wconf 79' lang='lat' dir='ltr'><strong>C</strong></span> 
     </span>
    </p>
   </div>
   <div class='ocr_carea' id='block_1_34' title="bbox 501 3201 2075 3275">
    <p class='ocr_par' dir='ltr' id='par_1_34' title="bbox 501 3201 2075 3275">
     <span class='ocr_line' id='line_1_34' title="bbox 501 3201 2075 3275; baseline 0.008 -24"><span class='ocrx_word' id='word_1_246' title='bbox 501 3221 521 3251; x_wconf 77' lang='lat' dir='ltr'><strong>s</strong></span> <span class='ocrx_word' id='word_1_247' title='bbox 566 3201 756 3257; x_wconf 88' lang='lat' dir='ltr'><strong>tientia</strong></span> <span class='ocrx_word' id='word_1_248' title='bbox 798 3202 943 3260; x_wconf 87' lang='lat' dir='ltr'><strong>enim</strong></span> <span class='ocrx_word' id='word_1_249' title='bbox 993 3205 1149 3262; x_wconf 84' lang='lat' dir='ltr'><strong>vobis</strong></span> <span class='ocrx_word' id='word_1_250' title='bbox 1179 3207 1486 3262; x_wconf 89' lang='lat' dir='ltr'><strong>necessaria</strong></span> <span class='ocrx_word' id='word_1_251' title='bbox 1515 3218 1619 3275; x_wconf 92' lang='lat' dir='ltr'><strong>est,</strong></span> <span class='ocrx_word' id='word_1_252' title='bbox 1653 3216 1713 3264; x_wconf 94' lang='lat' dir='ltr'><strong>ut</strong></span> <span class='ocrx_word' id='word_1_253' title='bbox 1737 3209 2075 3264; x_wconf 84' lang='lat' dir='ltr'><strong>voluntatem</strong></span> 
     </span>
    </p>
   </div>
   <div class='ocr_carea' id='block_1_35' title="bbox 502 3293 2079 3369">
    <p class='ocr_par' dir='ltr' id='par_1_35' title="bbox 502 3293 2079 3369">
     <span class='ocr_line' id='line_1_35' title="bbox 502 3293 2079 3369; baseline 0.006 -23"><span class='ocrx_word' id='word_1_254' title='bbox 502 3311 522 3345; x_wconf 73' lang='grc' dir='ltr'>ι</span> <span class='ocrx_word' id='word_1_255' title='bbox 567 3294 658 3349; x_wconf 86' lang='lat' dir='ltr'><strong>Dei</strong></span> <span class='ocrx_word' id='word_1_256' title='bbox 728 3293 989 3353; x_wconf 80' lang='lat' dir='ltr'><strong>iacientes</strong></span> <span class='ocrx_word' id='word_1_257' title='bbox 1050 3298 1337 3368; x_wconf 88' lang='lat' dir='ltr'><strong>reportetis</strong></span> <span class='ocrx_word' id='word_1_258' title='bbox 1385 3299 1827 3369; x_wconf 85' lang='lat' dir='ltr'><strong>promissionem.</strong></span> <span class='ocrx_word' id='word_1_259' title='bbox 1882 3299 2079 3356; x_wconf 85' lang='lat' dir='ltr'><strong>Adhuc</strong></span> 
     </span>
    </p>
   </div>
   <div class='ocr_carea' id='block_1_36' title="bbox 504 3382 2080 3458">
    <p class='ocr_par' dir='ltr' id='par_1_36' title="bbox 504 3382 2080 3458">
     <span class='ocr_line' id='line_1_36' title="bbox 504 3382 2080 3458; baseline 0.008 -26"><span class='ocrx_word' id='word_1_260' title='bbox 504 3400 524 3432; x_wconf 68' lang='grc' dir='ltr'><em>ς</em></span> <span class='ocrx_word' id='word_1_261' title='bbox 563 3383 711 3436; x_wconf 88' lang='lat' dir='ltr'><strong>enim</strong></span> <span class='ocrx_word' id='word_1_262' title='bbox 770 3382 1046 3438; x_wconf 88' lang='lat' dir='ltr'><strong>modicum</strong></span> <span class='ocrx_word' id='word_1_263' title='bbox 1095 3384 1621 3457; x_wconf 89' lang='lat' dir='ltr'><strong>aliquantulumque,</strong></span> <span class='ocrx_word' id='word_1_264' title='bbox 1670 3386 1766 3458; x_wconf 91' lang='lat' dir='ltr'><strong>qui</strong></span> <span class='ocrx_word' id='word_1_265' title='bbox 1813 3395 2080 3444; x_wconf 88' lang='lat' dir='ltr'><strong>venturus</strong></span> 
     </span>
    </p>
   </div>
   <div class='ocr_carea' id='block_1_37' title="bbox 503 3473 2081 3539">
    <p class='ocr_par' dir='ltr' id='par_1_37' title="bbox 503 3473 2081 3539">
     <span class='ocr_line' id='line_1_37' title="bbox 503 3473 2081 3539; baseline 0.008 -15"><span class='ocrx_word' id='word_1_266' title='bbox 503 3491 522 3524; x_wconf 73' lang='grc' dir='ltr'>ι</span> <span class='ocrx_word' id='word_1_267' title='bbox 562 3482 649 3529; x_wconf 92' lang='lat' dir='ltr'><strong>est</strong></span> <span class='ocrx_word' id='word_1_268' title='bbox 667 3473 864 3539; x_wconf 84' lang='lat' dir='ltr'><strong>veniet,</strong></span> <span class='ocrx_word' id='word_1_269' title='bbox 897 3482 953 3528; x_wconf 90' lang='lat' dir='ltr'><strong>et</strong></span> <span class='ocrx_word' id='word_1_270' title='bbox 985 3490 1092 3529; x_wconf 89' lang='lat' dir='ltr'><strong>non</strong></span> <span class='ocrx_word' id='word_1_271' title='bbox 1116 3475 1369 3532; x_wconf 89' lang='lat' dir='ltr'><strong>tardabit.</strong></span> <span class='ocrx_word' id='word_1_272' title='bbox 1403 3475 1593 3534; x_wconf 83' lang='lat' dir='ltr'><strong>Justus</strong></span> <span class='ocrx_word' id='word_1_273' title='bbox 1621 3486 1803 3534; x_wconf 84' lang='lat' dir='ltr'><strong>autem</strong></span> <span class='ocrx_word' id='word_1_274' title='bbox 1837 3494 1994 3536; x_wconf 88' lang='lat' dir='ltr'><strong>meus</strong></span> <span class='ocrx_word' id='word_1_275' title='bbox 2011 3495 2081 3536; x_wconf 82' lang='lat' dir='ltr'><strong>ex</strong></span> 
     </span>
    </p>
   </div>
   <div class='ocr_carea' id='block_1_38' title="bbox 505 3562 2082 3639">
    <p class='ocr_par' dir='ltr' id='par_1_38' title="bbox 505 3562 2082 3639">
     <span class='ocr_line' id='line_1_38' title="bbox 505 3562 2082 3639; baseline 0.006 -23"><span class='ocrx_word' id='word_1_276' title='bbox 505 3583 525 3616; x_wconf 72' lang='grc' dir='ltr'><em>α</em></span> <span class='ocrx_word' id='word_1_277' title='bbox 569 3564 674 3619; x_wconf 85' lang='lat' dir='ltr'><strong>ﬁde</strong></span> <span class='ocrx_word' id='word_1_278' title='bbox 715 3563 866 3619; x_wconf 80' lang='lat' dir='ltr'><strong>vivit.</strong></span> <span class='ocrx_word' id='word_1_279' title='bbox 903 3562 1062 3631; x_wconf 84' lang='lat' dir='ltr'><strong>Quod</strong></span> <span class='ocrx_word' id='word_1_280' title='bbox 1106 3565 1154 3622; x_wconf 91' lang='lat' dir='ltr'><strong>si</strong></span> <span class='ocrx_word' id='word_1_281' title='bbox 1196 3566 1528 3627; x_wconf 82' lang='lat' dir='ltr'><strong>subtraxerit</strong></span> <span class='ocrx_word' id='word_1_282' title='bbox 1567 3582 1648 3634; x_wconf 88' lang='lat' dir='ltr'><strong>se,</strong></span> <span class='ocrx_word' id='word_1_283' title='bbox 1697 3583 1811 3623; x_wconf 89' lang='lat' dir='ltr'><strong>non</strong></span> <span class='ocrx_word' id='word_1_284' title='bbox 1845 3569 2082 3639; x_wconf 64' lang='lat' dir='ltr'><strong>plawbit</strong></span> 
     </span>
    </p>
   </div>
   <div class='ocr_carea' id='block_1_39' title="bbox 502 3656 2083 3721">
    <p class='ocr_par' dir='ltr' id='par_1_39' title="bbox 502 3656 2083 3721">
     <span class='ocr_line' id='line_1_39' title="bbox 502 3656 2083 3721; baseline 0.007 -12"><span class='ocrx_word' id='word_1_285' title='bbox 502 3676 523 3709; x_wconf 72' lang='grc' dir='ltr'>ι</span> <span class='ocrx_word' id='word_1_286' title='bbox 567 3656 767 3713; x_wconf 64' lang='lat' dir='ltr'><strong>animae</strong></span> <span class='ocrx_word' id='word_1_287' title='bbox 797 3672 950 3713; x_wconf 70' lang='lat' dir='ltr'><strong>mete.</strong></span> <span class='ocrx_word' id='word_1_288' title='bbox 988 3656 1097 3713; x_wconf 86' lang='lat' dir='ltr'><strong>Nos</strong></span> <span class='ocrx_word' id='word_1_289' title='bbox 1118 3669 1299 3715; x_wconf 91' lang='lat' dir='ltr'><strong>autem</strong></span> <span class='ocrx_word' id='word_1_290' title='bbox 1330 3675 1441 3715; x_wconf 90' lang='lat' dir='ltr'><strong>non</strong></span> <span class='ocrx_word' id='word_1_291' title='bbox 1473 3660 1648 3717; x_wconf 89' lang='lat' dir='ltr'><strong>simus</strong></span> <span class='ocrx_word' id='word_1_292' title='bbox 1690 3662 2083 3721; x_wconf 87' lang='lat' dir='ltr'><strong>subtractionis</strong></span> 
     </span>
    </p>
   </div>
   <div class='ocr_carea' id='block_1_40' title="bbox 502 3750 2083 3825">
    <p class='ocr_par' dir='ltr' id='par_1_40' title="bbox 502 3750 2083 3825">
     <span class='ocr_line' id='line_1_40' title="bbox 502 3750 2083 3825; baseline 0.005 -22"><span class='ocrx_word' id='word_1_293' title='bbox 502 3769 522 3802; x_wconf 74' lang='grc' dir='ltr'><strong><em>ι</em></strong></span> <span class='ocrx_word' id='word_1_294' title='bbox 567 3751 659 3806; x_wconf 82' lang='lat' dir='ltr'><strong>lilii</strong></span> <span class='ocrx_word' id='word_1_295' title='bbox 710 3750 765 3806; x_wconf 88' lang='lat' dir='ltr'><strong>in</strong></span> <span class='ocrx_word' id='word_1_296' title='bbox 809 3750 1200 3823; x_wconf 87' lang='lat' dir='ltr'><strong>perditionem,</strong></span> <span class='ocrx_word' id='word_1_297' title='bbox 1250 3752 1346 3809; x_wconf 88' lang='lat' dir='ltr'><strong>sed</strong></span> <span class='ocrx_word' id='word_1_298' title='bbox 1391 3751 1515 3808; x_wconf 73' lang='lat' dir='ltr'><strong>fidei</strong></span> <span class='ocrx_word' id='word_1_299' title='bbox 1561 3752 1618 3808; x_wconf 92' lang='lat' dir='ltr'><strong>in</strong></span> <span class='ocrx_word' id='word_1_300' title='bbox 1661 3753 2083 3825; x_wconf 87' lang='lat' dir='ltr'><strong>acquisitioncm</strong></span> 
     </span>
    </p>
   </div>
   <div class='ocr_carea' id='block_1_41' title="bbox 502 3842 845 3899">
    <p class='ocr_par' dir='ltr' id='par_1_41' title="bbox 502 3842 845 3899">
     <span class='ocr_line' id='line_1_41' title="bbox 502 3842 845 3899; baseline 0.009 -3"><span class='ocrx_word' id='word_1_301' title='bbox 502 3860 522 3896; x_wconf 72' lang='grc' dir='ltr'>α</span> <span class='ocrx_word' id='word_1_302' title='bbox 562 3842 780 3899; x_wconf 79' lang='lat' dir='ltr'><strong>animte.</strong></span> <span class='ocrx_word' id='word_1_303' title='bbox 824 3861 845 3898; x_wconf 72' lang='grc' dir='ltr'><strong>ι</strong></span> 
     </span>
    </p>
   </div>
   <div class='ocr_carea' id='block_1_42' title="bbox 1129 3951 1432 3994">
    <p class='ocr_par' dir='ltr' id='par_1_42' title="bbox 1129 3951 1432 3994">
     <span class='ocr_line' id='line_1_42' title="bbox 1129 3951 1432 3994; baseline 0 0"><span class='ocrx_word' id='word_1_304' title='bbox 1129 3951 1432 3994; x_wconf 55' lang='grc' dir='ltr'><strong>131⁵0811⁸1οο</strong></span> 
     </span>
    </p>
   </div>
   <div class='ocr_carea' id='block_1_43' title="bbox 567 4027 2085 4101">
    <p class='ocr_par' dir='ltr' id='par_1_43' title="bbox 567 4027 2085 4101">
     <span class='ocr_line' id='line_1_43' title="bbox 567 4027 2085 4101; baseline 0.003 -17"><span class='ocrx_word' id='word_1_305' title='bbox 567 4027 824 4085; x_wconf 80' lang='lat' dir='ltr'><strong>Christus</strong></span> <span class='ocrx_word' id='word_1_306' title='bbox 848 4028 971 4085; x_wconf 90' lang='lat' dir='ltr'><strong>ideo</strong></span> <span class='ocrx_word' id='word_1_307' title='bbox 994 4028 1214 4086; x_wconf 87' lang='lat' dir='ltr'><strong>oblatus</strong></span> <span class='ocrx_word' id='word_1_308' title='bbox 1246 4038 1331 4086; x_wconf 91' lang='lat' dir='ltr'><strong>est</strong></span> <span class='ocrx_word' id='word_1_309' title='bbox 1349 4030 1419 4084; x_wconf 92' lang='lat' dir='ltr'><strong>ad</strong></span> <span class='ocrx_word' id='word_1_310' title='bbox 1446 4029 1817 4086; x_wconf 83' lang='lat' dir='ltr'><strong>exhaurienda</strong></span> <span class='ocrx_word' id='word_1_311' title='bbox 1839 4039 2085 4101; x_wconf 86' lang='lat' dir='ltr'><strong>peccata,</strong></span> 
     </span>
    </p>
   </div>
   <div class='ocr_carea' id='block_1_44' title="bbox 496 4119 2086 4192">
    <p class='ocr_par' dir='ltr' id='par_1_44' title="bbox 496 4119 2086 4192">
     <span class='ocr_line' id='line_1_44' title="bbox 496 4119 2086 4192; baseline 0.004 -19"><span class='ocrx_word' id='word_1_312' title='bbox 496 4119 627 4189; x_wconf 88' lang='lat' dir='ltr'><strong>quia</strong></span> <span class='ocrx_word' id='word_1_313' title='bbox 672 4120 757 4175; x_wconf 86' lang='lat' dir='ltr'><strong>lex</strong></span> <span class='ocrx_word' id='word_1_314' title='bbox 794 4135 904 4175; x_wconf 92' lang='lat' dir='ltr'><strong>non</strong></span> <span class='ocrx_word' id='word_1_315' title='bbox 931 4129 1110 4190; x_wconf 88' lang='lat' dir='ltr'><strong>potest</strong></span> <span class='ocrx_word' id='word_1_316' title='bbox 1155 4121 1336 4178; x_wconf 86' lang='lat' dir='ltr'><strong>lacere</strong></span> <span class='ocrx_word' id='word_1_317' title='bbox 1377 4121 1668 4192; x_wconf 73' lang='lat' dir='ltr'><strong>perfectos,</strong></span> <span class='ocrx_word' id='word_1_318' title='bbox 1716 4123 1925 4179; x_wconf 87' lang='lat' dir='ltr'><strong>scilicet</strong></span> <span class='ocrx_word' id='word_1_319' title='bbox 1975 4140 2086 4179; x_wconf 92' lang='lat' dir='ltr'><strong>non</strong></span> 
     </span>
    </p>
   </div>
   <div class='ocr_carea' id='block_1_45' title="bbox 496 4211 2119 4284">
    <p class='ocr_par' dir='ltr' id='par_1_45' title="bbox 496 4211 2119 4284">
     <span class='ocr_line' id='line_1_45' title="bbox 496 4211 2119 4284; baseline 0.003 -17"><span class='ocrx_word' id='word_1_320' title='bbox 496 4211 792 4267; x_wconf 84' lang='lat' dir='ltr'><strong>exhaurire</strong></span> <span class='ocrx_word' id='word_1_321' title='bbox 837 4223 1082 4282; x_wconf 85' lang='lat' dir='ltr'><strong>peccata.</strong></span> <span class='ocrx_word' id='word_1_322' title='bbox 1115 4212 1184 4268; x_wconf 85' lang='lat' dir='ltr'><strong>Et</strong></span> <span class='ocrx_word' id='word_1_323' title='bbox 1215 4227 1386 4284; x_wconf 90' lang='lat' dir='ltr'><strong>quare</strong></span> <span class='ocrx_word' id='word_1_324' title='bbox 1417 4213 1505 4269; x_wconf 85' lang='lat' dir='ltr'><strong>lex</strong></span> <span class='ocrx_word' id='word_1_325' title='bbox 1532 4230 1642 4270; x_wconf 89' lang='lat' dir='ltr'><strong>non</strong></span> <span class='ocrx_word' id='word_1_326' title='bbox 1687 4215 1861 4284; x_wconf 90' lang='lat' dir='ltr'><strong>possit</strong></span> <span class='ocrx_word' id='word_1_327' title='bbox 1908 4215 2119 4272; x_wconf 79' lang='lat' dir='ltr'><strong>facere-</strong></span> 
     </span>
    </p>
   </div>
   <div class='ocr_carea' id='block_1_46' title="bbox 497 4301 2088 4374">
    <p class='ocr_par' dir='ltr' id='par_1_46' title="bbox 497 4301 2088 4374">
     <span class='ocr_line' id='line_1_46' title="bbox 497 4301 2088 4374; baseline 0.004 -17"><span class='ocrx_word' id='word_1_328' title='bbox 497 4301 772 4374; x_wconf 86' lang='lat' dir='ltr'><strong>perl&#39;ectos</strong></span> <span class='ocrx_word' id='word_1_329' title='bbox 812 4304 1125 4374; x_wconf 75' lang='lat' dir='ltr'><strong>praemittit,</strong></span> <span class='ocrx_word' id='word_1_330' title='bbox 1171 4305 1402 4362; x_wconf 90' lang='lat' dir='ltr'><strong>dicens:</strong></span> <span class='ocrx_word' id='word_1_331' title='bbox 1452 4306 1565 4362; x_wconf 76' lang='lat' dir='ltr'><strong>Lea:</strong></span> <span class='ocrx_word' id='word_1_332' title='bbox 1603 4307 1799 4362; x_wconf 71' lang='lat' dir='ltr'><strong>habens</strong></span> <span class='ocrx_word' id='word_1_333' title='bbox 1845 4308 2088 4363; x_wconf 79' lang='lat' dir='ltr'><strong>umbram</strong></span> 
     </span>
    </p>
   </div>
   <div class='ocr_carea' id='block_1_47' title="bbox 500 4397 2085 4471">
    <p class='ocr_par' dir='ltr' id='par_1_47' title="bbox 500 4397 2085 4471">
     <span class='ocr_line' id='line_1_47' title="bbox 500 4397 2085 4471; baseline 0.004 -21"><span class='ocrx_word' id='word_1_334' title='bbox 500 4398 804 4464; x_wconf 83' lang='lat' dir='ltr'><strong>futurorum</strong></span> <span class='ocrx_word' id='word_1_335' title='bbox 832 4398 1106 4465; x_wconf 84' lang='lat' dir='ltr'><strong>bonorum,</strong></span> <span class='ocrx_word' id='word_1_336' title='bbox 1154 4397 1208 4452; x_wconf 91' lang='lat' dir='ltr'><strong>id</strong></span> <span class='ocrx_word' id='word_1_337' title='bbox 1256 4407 1341 4454; x_wconf 88' lang='lat' dir='ltr'><strong>est</strong></span> <span class='ocrx_word' id='word_1_338' title='bbox 1385 4397 1584 4454; x_wconf 77' lang='lat' dir='ltr'><strong>futura:</strong></span> <span class='ocrx_word' id='word_1_339' title='bbox 1605 4399 1833 4469; x_wconf 65' lang='lat' dir='ltr'><strong>iustitia:</strong></span> <span class='ocrx_word' id='word_1_340' title='bbox 1860 4400 1914 4455; x_wconf 92' lang='lat' dir='ltr'><strong>in</strong></span> <span class='ocrx_word' id='word_1_341' title='bbox 1943 4417 2085 4471; x_wconf 67' lang='lat' dir='ltr'><strong>pra:-</strong></span> 
     </span>
    </p>
   </div>
   <div class='ocr_carea' id='block_1_48' title="bbox 2183 538 3783 632">
    <p class='ocr_par' dir='ltr' id='par_1_48' title="bbox 2183 538 3783 632">
     <span class='ocr_line' id='line_1_48' title="bbox 2183 538 3783 632; baseline 0.018 -39"><span class='ocrx_word' id='word_1_342' title='bbox 2183 538 2479 632; x_wconf 77' lang='lat' dir='ltr'><strong>ostendens</strong></span> <span class='ocrx_word' id='word_1_343' title='bbox 2506 542 2971 614; x_wconf 80' lang='lat' dir='ltr'><strong>imperfectionem</strong></span> <span class='ocrx_word' id='word_1_344' title='bbox 2999 551 3255 608; x_wconf 84' lang='lat' dir='ltr'><strong>sacriﬁcii</strong></span> <span class='ocrx_word' id='word_1_345' title='bbox 3284 554 3430 612; x_wconf 90' lang='lat' dir='ltr'><strong>illius</strong></span> <span class='ocrx_word' id='word_1_346' title='bbox 3454 599 3471 623; x_wconf 87' lang='lat'><strong>,</strong></span> <span class='ocrx_word' id='word_1_347' title='bbox 3509 573 3614 629; x_wconf 86' lang='lat' dir='ltr'><strong>per</strong></span> <span class='ocrx_word' id='word_1_348' title='bbox 3637 538 3783 632; x_wconf 83' lang='lat' dir='ltr'><strong>quod</strong></span> 
     </span>
    </p>
   </div>
   <div class='ocr_carea' id='block_1_49' title="bbox 2183 627 3783 724">
    <p class='ocr_par' dir='ltr' id='par_1_49' title="bbox 2183 627 3783 724">
     <span class='ocr_line' id='line_1_49' title="bbox 2183 627 3783 724; baseline 0.015 -40"><span class='ocrx_word' id='word_1_349' title='bbox 2183 627 2231 684; x_wconf 90' lang='lat' dir='ltr'><strong>si</strong></span> <span class='ocrx_word' id='word_1_350' title='bbox 2251 629 2587 723; x_wconf 73' lang='lat' dir='ltr'><strong>iustiﬁcatus</strong></span> <span class='ocrx_word' id='word_1_351' title='bbox 2624 645 2791 704; x_wconf 85' lang='lat' dir='ltr'><strong>esset,</strong></span> <span class='ocrx_word' id='word_1_352' title='bbox 2838 637 3044 696; x_wconf 82' lang='lat' dir='ltr'><strong>frustra</strong></span> <span class='ocrx_word' id='word_1_353' title='bbox 3071 650 3230 700; x_wconf 89' lang='lat' dir='ltr'><strong>vetus</strong></span> <span class='ocrx_word' id='word_1_354' title='bbox 3256 627 3543 721; x_wconf 71' lang='lat' dir='ltr'><strong>peccatum</strong></span> <span class='ocrx_word' id='word_1_355' title='bbox 3574 627 3783 724; x_wconf 77' lang='lat' dir='ltr'><strong>recapi-</strong></span> 
     </span>
    </p>
   </div>
   <div class='ocr_carea' id='block_1_50' title="bbox 2183 720 3782 816">
    <p class='ocr_par' dir='ltr' id='par_1_50' title="bbox 2183 720 3782 816">
     <span class='ocr_line' id='line_1_50' title="bbox 2183 720 3782 816; baseline 0.014 -40"><span class='ocrx_word' id='word_1_356' title='bbox 2183 721 2401 816; x_wconf 77' lang='lat' dir='ltr'><strong>tula‘ret.</strong></span> <span class='ocrx_word' id='word_1_357' title='bbox 2433 720 2592 792; x_wconf 86' lang='lat' dir='ltr'><strong>Quod</strong></span> <span class='ocrx_word' id='word_1_358' title='bbox 2617 727 2693 783; x_wconf 87' lang='lat' dir='ltr'><strong>ita</strong></span> <span class='ocrx_word' id='word_1_359' title='bbox 2715 729 2826 786; x_wconf 91' lang='lat' dir='ltr'><strong>ait:</strong></span> <span class='ocrx_word' id='word_1_360' title='bbox 2855 730 3128 804; x_wconf 80' lang='lat' dir='ltr'><strong>Alioquin,</strong></span> <span class='ocrx_word' id='word_1_361' title='bbox 3159 735 3215 791; x_wconf 91' lang='lat' dir='ltr'><strong>id</strong></span> <span class='ocrx_word' id='word_1_362' title='bbox 3242 747 3327 793; x_wconf 86' lang='lat' dir='ltr'><strong>est</strong></span> <span class='ocrx_word' id='word_1_363' title='bbox 3349 738 3397 795; x_wconf 89' lang='lat' dir='ltr'><strong>si</strong></span> <span class='ocrx_word' id='word_1_364' title='bbox 3426 720 3632 797; x_wconf 66' lang='lat' dir='ltr'><strong>bestiae</strong></span> <span class='ocrx_word' id='word_1_365' title='bbox 3653 720 3782 816; x_wconf 66' lang='lat' dir='ltr'><strong>legis</strong></span> 
     </span>
    </p>
   </div>
   <div class='ocr_carea' id='block_1_51' title="bbox 2181 814 3784 894">
    <p class='ocr_par' dir='ltr' id='par_1_51' title="bbox 2181 814 3784 894">
     <span class='ocr_line' id='line_1_51' title="bbox 2181 814 3784 894; baseline 0.015 -25"><span class='ocrx_word' id='word_1_366' title='bbox 2181 814 2453 885; x_wconf 76' lang='lat' dir='ltr'><strong>perfectos</strong></span> <span class='ocrx_word' id='word_1_367' title='bbox 2478 817 2739 891; x_wconf 80' lang='lat' dir='ltr'><strong>iacerent,</strong></span> <span class='ocrx_word' id='word_1_368' title='bbox 2753 825 2952 894; x_wconf 73' lang='lat' dir='ltr'><strong>procul</strong></span> <span class='ocrx_word' id='word_1_369' title='bbox 2971 826 3140 883; x_wconf 91' lang='lat' dir='ltr'><strong>dubio</strong></span> <span class='ocrx_word' id='word_1_370' title='bbox 3160 843 3447 887; x_wconf 79' lang='lat' dir='ltr'><strong>cessassent</strong></span> <span class='ocrx_word' id='word_1_371' title='bbox 3466 834 3580 891; x_wconf 65' lang='lat' dir='ltr'><strong>illa</strong></span> <span class='ocrx_word' id='word_1_372' title='bbox 3596 814 3784 893; x_wconf 65' lang='lat' dir='ltr'><strong>hostia</strong></span> 
     </span>
    </p>
   </div>
   <div class='ocr_carea' id='block_1_52' title="bbox 2181 910 3782 991">
    <p class='ocr_par' dir='ltr' id='par_1_52' title="bbox 2181 910 3782 991">
     <span class='ocr_line' id='line_1_52' title="bbox 2181 910 3782 991; baseline 0.015 -29"><span class='ocrx_word' id='word_1_373' title='bbox 2181 921 2284 978; x_wconf 83' lang='lat' dir='ltr'><strong>pro</strong></span> <span class='ocrx_word' id='word_1_374' title='bbox 2330 910 2621 980; x_wconf 66' lang='lat' dir='ltr'><strong>praeteritis</strong></span> <span class='ocrx_word' id='word_1_375' title='bbox 2672 917 2934 984; x_wconf 87' lang='lat' dir='ltr'><strong>peccatis.</strong></span> <span class='ocrx_word' id='word_1_376' title='bbox 2999 916 3235 991; x_wconf 85' lang='lat' dir='ltr'><strong>Ideoque</strong></span> <span class='ocrx_word' id='word_1_377' title='bbox 3275 923 3519 981; x_wconf 88' lang='lat' dir='ltr'><strong>cultores</strong></span> <span class='ocrx_word' id='word_1_378' title='bbox 3570 928 3782 984; x_wconf 80' lang='lat' dir='ltr'><strong>sacriﬁ-</strong></span> 
     </span>
    </p>
   </div>
   <div class='ocr_carea' id='block_1_53' title="bbox 2182 998 3780 1084">
    <p class='ocr_par' dir='ltr' id='par_1_53' title="bbox 2182 998 3780 1084">
     <span class='ocr_line' id='line_1_53' title="bbox 2182 998 3780 1084; baseline 0.013 -29"><span class='ocrx_word' id='word_1_379' title='bbox 2182 998 2394 1056; x_wconf 88' lang='lat' dir='ltr'><strong>ciorum</strong></span> <span class='ocrx_word' id='word_1_380' title='bbox 2424 1004 2594 1060; x_wconf 88' lang='lat' dir='ltr'><strong>semel</strong></span> <span class='ocrx_word' id='word_1_381' title='bbox 2622 1004 2902 1063; x_wconf 85' lang='lat' dir='ltr'><strong>immolata</strong></span> <span class='ocrx_word' id='word_1_382' title='bbox 2927 1009 3129 1079; x_wconf 86' lang='lat' dir='ltr'><strong>hostia,</strong></span> <span class='ocrx_word' id='word_1_383' title='bbox 3166 1015 3434 1084; x_wconf 88' lang='lat' dir='ltr'><strong>mundati,</strong></span> <span class='ocrx_word' id='word_1_384' title='bbox 3483 1032 3594 1072; x_wconf 87' lang='lat' dir='ltr'><strong>non</strong></span> <span class='ocrx_word' id='word_1_385' title='bbox 3639 1019 3780 1077; x_wconf 73' lang='lat' dir='ltr'><strong>ultre</strong></span> 
     </span>
    </p>
   </div>
   <div class='ocr_carea' id='block_1_54' title="bbox 2181 1090 3777 1177">
    <p class='ocr_par' dir='ltr' id='par_1_54' title="bbox 2181 1090 3777 1177">
     <span class='ocr_line' id='line_1_54' title="bbox 2181 1090 3777 1177; baseline 0.014 -32"><span class='ocrx_word' id='word_1_386' title='bbox 2181 1090 2433 1149; x_wconf 79' lang='lat' dir='ltr'><strong>haberent</strong></span> <span class='ocrx_word' id='word_1_387' title='bbox 2476 1095 2646 1151; x_wconf 89' lang='lat' dir='ltr'><strong>ullam</strong></span> <span class='ocrx_word' id='word_1_388' title='bbox 2672 1099 3051 1156; x_wconf 75' lang='lat' dir='ltr'><strong>conscientiam</strong></span> <span class='ocrx_word' id='word_1_389' title='bbox 3076 1105 3335 1174; x_wconf 68' lang='lat' dir='ltr'><strong>pmeriti</strong></span> <span class='ocrx_word' id='word_1_390' title='bbox 3368 1110 3598 1177; x_wconf 84' lang='lat' dir='ltr'><strong>peccati.</strong></span> <span class='ocrx_word' id='word_1_391' title='bbox 3648 1110 3777 1168; x_wconf 83' lang='lat' dir='ltr'><strong>Ces-</strong></span> 
     </span>
    </p>
   </div>
   <div class='ocr_carea' id='block_1_55' title="bbox 2183 1187 3774 1270">
    <p class='ocr_par' dir='ltr' id='par_1_55' title="bbox 2183 1187 3774 1270">
     <span class='ocr_line' id='line_1_55' title="bbox 2183 1187 3774 1270; baseline 0.012 -30"><span class='ocrx_word' id='word_1_392' title='bbox 2183 1195 2399 1243; x_wconf 90' lang='lat' dir='ltr'><strong>sassent</strong></span> <span class='ocrx_word' id='word_1_393' title='bbox 2439 1187 2658 1257; x_wconf 90' lang='lat' dir='ltr'><strong>quidem</strong></span> <span class='ocrx_word' id='word_1_394' title='bbox 2705 1189 2921 1259; x_wconf 72' lang='lat' dir='ltr'><strong>oll‘e’rre,</strong></span> <span class='ocrx_word' id='word_1_395' title='bbox 2972 1194 3070 1248; x_wconf 91' lang='lat' dir='ltr'><strong>sed</strong></span> <span class='ocrx_word' id='word_1_396' title='bbox 3115 1195 3311 1253; x_wconf 73' lang='lat' dir='ltr'><strong>hostia:</strong></span> <span class='ocrx_word' id='word_1_397' title='bbox 3351 1214 3456 1269; x_wconf 84' lang='lat' dir='ltr'><strong>pro</strong></span> <span class='ocrx_word' id='word_1_398' title='bbox 3488 1203 3774 1270; x_wconf 62' lang='lat' dir='ltr'><strong>prater-itis</strong></span> 
     </span>
    </p>
   </div>
   <div class='ocr_carea' id='block_1_56' title="bbox 2183 1280 3775 1364">
    <p class='ocr_par' dir='ltr' id='par_1_56' title="bbox 2183 1280 3775 1364">
     <span class='ocr_line' id='line_1_56' title="bbox 2183 1280 3775 1364; baseline 0.013 -34"><span class='ocrx_word' id='word_1_399' title='bbox 2183 1289 2292 1331; x_wconf 91' lang='lat' dir='ltr'><strong>non</strong></span> <span class='ocrx_word' id='word_1_400' title='bbox 2343 1289 2621 1334; x_wconf 88' lang='lat' dir='ltr'><strong>cessarent</strong></span> <span class='ocrx_word' id='word_1_401' title='bbox 2671 1280 2897 1339; x_wconf 82' lang='lat' dir='ltr'><strong>oﬂ‘erri:</strong></span> <span class='ocrx_word' id='word_1_402' title='bbox 2952 1284 3011 1339; x_wconf 90' lang='lat' dir='ltr'><strong>in</strong></span> <span class='ocrx_word' id='word_1_403' title='bbox 3060 1285 3192 1357; x_wconf 80' lang='lat' dir='ltr'><strong>ipsis</strong></span> <span class='ocrx_word' id='word_1_404' title='bbox 3237 1289 3387 1343; x_wconf 90' lang='lat' dir='ltr'><strong>enim</strong></span> <span class='ocrx_word' id='word_1_405' title='bbox 3431 1290 3634 1348; x_wconf 90' lang='lat' dir='ltr'><strong>hostiis</strong></span> <span class='ocrx_word' id='word_1_406' title='bbox 3680 1309 3775 1364; x_wconf 87' lang='lat' dir='ltr'><strong>pro</strong></span> 
     </span>
    </p>
   </div>
   <div class='ocr_carea' id='block_1_57' title="bbox 2181 1371 3789 1447">
    <p class='ocr_par' dir='ltr' id='par_1_57' title="bbox 2181 1371 3789 1447">
     <span class='ocr_line' id='line_1_57' title="bbox 2181 1371 3789 1447; baseline 0.011 -23"><span class='ocrx_word' id='word_1_407' title='bbox 2181 1371 2495 1427; x_wconf 87' lang='lat' dir='ltr'><strong>recentibus</strong></span> <span class='ocrx_word' id='word_1_408' title='bbox 2522 1373 2697 1444; x_wconf 91' lang='lat' dir='ltr'><strong>culpis</strong></span> <span class='ocrx_word' id='word_1_409' title='bbox 2725 1391 2820 1445; x_wconf 85' lang='lat' dir='ltr'><strong>per</strong></span> <span class='ocrx_word' id='word_1_410' title='bbox 2841 1376 3079 1447; x_wconf 83' lang='lat' dir='ltr'><strong>singulos</strong></span> <span class='ocrx_word' id='word_1_411' title='bbox 3102 1395 3269 1434; x_wconf 81' lang='lat' dir='ltr'><strong>annos</strong></span> <span class='ocrx_word' id='word_1_412' title='bbox 3292 1381 3497 1438; x_wconf 82' lang='lat' dir='ltr'><strong>oblatis</strong></span> <span class='ocrx_word' id='word_1_413' title='bbox 3521 1385 3600 1438; x_wconf 81' lang='lat' dir='ltr'><strong>sit</strong></span> <span class='ocrx_word' id='word_1_414' title='bbox 3632 1402 3789 1443; x_wconf 50' lang='grc' dir='ltr'><strong>σοιν,</strong></span> 
     </span>
    </p>
   </div>
   <div class='ocr_carea' id='block_1_58' title="bbox 2183 1465 3773 1545">
    <p class='ocr_par' dir='ltr' id='par_1_58' title="bbox 2183 1465 3773 1545">
     <span class='ocr_line' id='line_1_58' title="bbox 2183 1465 3773 1545; baseline 0.012 -31"><span class='ocrx_word' id='word_1_415' title='bbox 2183 1465 2494 1518; x_wconf 81' lang='lat' dir='ltr'><strong>memoratio</strong></span> <span class='ocrx_word' id='word_1_416' title='bbox 2521 1466 2921 1534; x_wconf 66' lang='lat' dir='ltr'><strong>praeteritorum</strong></span> <span class='ocrx_word' id='word_1_417' title='bbox 2964 1479 3321 1540; x_wconf 77' lang='lat' dir='ltr'><strong>peccatorum,</strong></span> <span class='ocrx_word' id='word_1_418' title='bbox 3367 1472 3538 1545; x_wconf 83' lang='lat' dir='ltr'><strong>igitur</strong></span> <span class='ocrx_word' id='word_1_419' title='bbox 3587 1475 3773 1533; x_wconf 70' lang='lat' dir='ltr'><strong>hostia</strong></span> 
     </span>
    </p>
   </div>
   <div class='ocr_carea' id='block_1_59' title="bbox 2182 1552 3773 1630">
    <p class='ocr_par' dir='ltr' id='par_1_59' title="bbox 2182 1552 3773 1630">
     <span class='ocr_line' id='line_1_59' title="bbox 2182 1552 3773 1630; baseline 0.009 -22"><span class='ocrx_word' id='word_1_420' title='bbox 2182 1552 2290 1609; x_wconf 69' lang='lat' dir='ltr'><strong>illa:</strong></span> <span class='ocrx_word' id='word_1_421' title='bbox 2314 1552 2586 1625; x_wconf 83' lang='lat' dir='ltr'><strong>perfectos</strong></span> <span class='ocrx_word' id='word_1_422' title='bbox 2614 1555 2794 1614; x_wconf 82' lang='lat' dir='ltr'><strong>facere</strong></span> <span class='ocrx_word' id='word_1_423' title='bbox 2816 1574 2927 1614; x_wconf 91' lang='lat' dir='ltr'><strong>non</strong></span> <span class='ocrx_word' id='word_1_424' title='bbox 2958 1569 3210 1630; x_wconf 89' lang='lat' dir='ltr'><strong>possunt.</strong></span> <span class='ocrx_word' id='word_1_425' title='bbox 3248 1561 3316 1619; x_wconf 86' lang='lat' dir='ltr'><strong>Et</strong></span> <span class='ocrx_word' id='word_1_426' title='bbox 3340 1579 3575 1621; x_wconf 87' lang='lat' dir='ltr'><strong>necesse</strong></span> <span class='ocrx_word' id='word_1_427' title='bbox 3601 1575 3690 1621; x_wconf 89' lang='lat' dir='ltr'><strong>est</strong></span> <span class='ocrx_word' id='word_1_428' title='bbox 3718 1577 3773 1622; x_wconf 90' lang='lat' dir='ltr'><strong>ut</strong></span> 
     </span>
    </p>
   </div>
   <div class='ocr_carea' id='block_1_60' title="bbox 2181 1647 3772 1726">
    <p class='ocr_par' dir='ltr' id='par_1_60' title="bbox 2181 1647 3772 1726">
     <span class='ocr_line' id='line_1_60' title="bbox 2181 1647 3772 1726; baseline 0.008 -26"><span class='ocrx_word' id='word_1_429' title='bbox 2181 1660 2282 1716; x_wconf 86' lang='lat' dir='ltr'><strong>per</strong></span> <span class='ocrx_word' id='word_1_430' title='bbox 2304 1647 2552 1718; x_wconf 76' lang='lat' dir='ltr'><strong>singulos</strong></span> <span class='ocrx_word' id='word_1_431' title='bbox 2585 1647 2681 1703; x_wconf 84' lang='lat' dir='ltr'><strong>ﬁat</strong></span> <span class='ocrx_word' id='word_1_432' title='bbox 2709 1653 3161 1707; x_wconf 90' lang='lat' dir='ltr'><strong>commemoratio</strong></span> <span class='ocrx_word' id='word_1_433' title='bbox 3193 1654 3627 1723; x_wconf 70' lang='lat' dir='ltr'><strong>praeteritorum,</strong></span> <span class='ocrx_word' id='word_1_434' title='bbox 3655 1659 3772 1726; x_wconf 71' lang='lat' dir='ltr'><strong>quia</strong></span> 
     </span>
    </p>
   </div>
   <div class='ocr_carea' id='block_1_61' title="bbox 2184 1738 3775 1824">
    <p class='ocr_par' dir='ltr' id='par_1_61' title="bbox 2184 1738 3775 1824">
     <span class='ocr_line' id='line_1_61' title="bbox 2184 1738 3775 1824; baseline 0.006 -32"><span class='ocrx_word' id='word_1_435' title='bbox 2184 1738 2510 1809; x_wconf 75' lang='lat' dir='ltr'><strong>impossibile</strong></span> <span class='ocrx_word' id='word_1_436' title='bbox 2535 1749 2613 1794; x_wconf 88' lang='lat' dir='ltr'><strong>est</strong></span> <span class='ocrx_word' id='word_1_437' title='bbox 2638 1742 2841 1812; x_wconf 78' lang='lat' dir='ltr'><strong>auferri</strong></span> <span class='ocrx_word' id='word_1_438' title='bbox 2866 1752 3084 1824; x_wconf 66' lang='lat' dir='ltr'><strong>peccata</strong></span> <span class='ocrx_word' id='word_1_439' title='bbox 3124 1746 3382 1816; x_wconf 79' lang='lat' dir='ltr'><strong>sanguine</strong></span> <span class='ocrx_word' id='word_1_440' title='bbox 3423 1746 3701 1800; x_wconf 72' lang='lat' dir='ltr'><strong>hircorum</strong></span> <span class='ocrx_word' id='word_1_441' title='bbox 3727 1758 3775 1802; x_wconf 87' lang='lat' dir='ltr'><strong>et</strong></span> 
     </span>
    </p>
   </div>
   <div class='ocr_carea' id='block_1_62' title="bbox 2187 1831 3773 1907">
    <p class='ocr_par' dir='ltr' id='par_1_62' title="bbox 2187 1831 3773 1907">
     <span class='ocr_line' id='line_1_62' title="bbox 2187 1831 3773 1907; baseline 0.008 -23"><span class='ocrx_word' id='word_1_442' title='bbox 2187 1840 2483 1887; x_wconf 84' lang='lat' dir='ltr'><strong>taurorum.</strong></span> <span class='ocrx_word' id='word_1_443' title='bbox 2535 1831 2663 1889; x_wconf 85' lang='lat' dir='ltr'><strong>Ideo</strong></span> <span class='ocrx_word' id='word_1_444' title='bbox 2708 1833 2837 1906; x_wconf 90' lang='lat' dir='ltr'><strong>quia</strong></span> <span class='ocrx_word' id='word_1_445' title='bbox 2887 1850 2984 1905; x_wconf 89' lang='lat' dir='ltr'><strong>per</strong></span> <span class='ocrx_word' id='word_1_446' title='bbox 3035 1837 3359 1907; x_wconf 80' lang='lat' dir='ltr'><strong>sanguinem</strong></span> <span class='ocrx_word' id='word_1_447' title='bbox 3404 1845 3698 1894; x_wconf 85' lang='lat' dir='ltr'><strong>taurorum</strong></span> <span class='ocrx_word' id='word_1_448' title='bbox 3722 1852 3773 1896; x_wconf 88' lang='lat' dir='ltr'><strong>et</strong></span> 
     </span>
    </p>
   </div>
   <div class='ocr_carea' id='block_1_63' title="bbox 2182 1923 3775 1999">
    <p class='ocr_par' dir='ltr' id='par_1_63' title="bbox 2182 1923 3775 1999">
     <span class='ocr_line' id='line_1_63' title="bbox 2182 1923 3775 1999; baseline 0.004 -21"><span class='ocrx_word' id='word_1_449' title='bbox 2182 1923 2465 1980; x_wconf 89' lang='lat' dir='ltr'><strong>hircorum</strong></span> <span class='ocrx_word' id='word_1_450' title='bbox 2533 1924 2740 1982; x_wconf 80' lang='lat' dir='ltr'><strong>auferri</strong></span> <span class='ocrx_word' id='word_1_451' title='bbox 2808 1939 3093 1997; x_wconf 83' lang='lat' dir='ltr'><strong>nequeunt</strong></span> <span class='ocrx_word' id='word_1_452' title='bbox 3155 1934 3430 1997; x_wconf 87' lang='lat' dir='ltr'><strong>peccata:</strong></span> <span class='ocrx_word' id='word_1_453' title='bbox 3501 1939 3775 1999; x_wconf 76' lang='lat' dir='ltr'><strong>propterea</strong></span> 
     </span>
    </p>
   </div>
   <div class='ocr_carea' id='block_1_64' title="bbox 2178 2015 3775 2089">
    <p class='ocr_par' dir='ltr' id='par_1_64' title="bbox 2178 2015 3775 2089">
     <span class='ocr_line' id='line_1_64' title="bbox 2178 2015 3775 2089; baseline 0.005 -20"><span class='ocrx_word' id='word_1_454' title='bbox 2178 2015 2475 2087; x_wconf 85' lang='lat' dir='ltr'><strong>ingrediens</strong></span> <span class='ocrx_word' id='word_1_455' title='bbox 2503 2018 2778 2086; x_wconf 67' lang='lat' dir='ltr'><strong>nitendum,</strong></span> <span class='ocrx_word' id='word_1_456' title='bbox 2808 2018 2860 2073; x_wconf 91' lang='lat' dir='ltr'><strong>id</strong></span> <span class='ocrx_word' id='word_1_457' title='bbox 2882 2027 2966 2074; x_wconf 87' lang='lat' dir='ltr'><strong>est</strong></span> <span class='ocrx_word' id='word_1_458' title='bbox 2984 2016 3256 2089; x_wconf 85' lang='lat' dir='ltr'><strong>Propheta</strong></span> <span class='ocrx_word' id='word_1_459' title='bbox 3282 2019 3554 2076; x_wconf 89' lang='lat' dir='ltr'><strong>inducens</strong></span> <span class='ocrx_word' id='word_1_460' title='bbox 3584 2020 3775 2077; x_wconf 81' lang='lat' dir='ltr'><strong>Filium</strong></span> 
     </span>
    </p>
   </div>
   <div class='ocr_carea' id='block_1_65' title="bbox 2179 2104 3779 2181">
    <p class='ocr_par' dir='ltr' id='par_1_65' title="bbox 2179 2104 3779 2181">
     <span class='ocr_line' id='line_1_65' title="bbox 2179 2104 3779 2181; baseline 0.003 -18"><span class='ocrx_word' id='word_1_461' title='bbox 2179 2104 2276 2163; x_wconf 91' lang='lat' dir='ltr'><strong>Dei</strong></span> <span class='ocrx_word' id='word_1_462' title='bbox 2302 2108 2568 2163; x_wconf 88' lang='lat' dir='ltr'><strong>mundum</strong></span> <span class='ocrx_word' id='word_1_463' title='bbox 2593 2107 2986 2181; x_wconf 79' lang='lat' dir='ltr'><strong>ingredientem</strong></span> <span class='ocrx_word' id='word_1_464' title='bbox 3032 2125 3130 2181; x_wconf 89' lang='lat' dir='ltr'><strong>per</strong></span> <span class='ocrx_word' id='word_1_465' title='bbox 3172 2110 3615 2181; x_wconf 86' lang='lat' dir='ltr'><strong>assumptionem</strong></span> <span class='ocrx_word' id='word_1_466' title='bbox 3661 2128 3779 2168; x_wconf 54' lang='lat' dir='ltr'><strong>car.</strong></span> 
     </span>
    </p>
   </div>
   <div class='ocr_carea' id='block_1_66' title="bbox 2179 2198 3773 2272">
    <p class='ocr_par' dir='ltr' id='par_1_66' title="bbox 2179 2198 3773 2272">
     <span class='ocr_line' id='line_1_66' title="bbox 2179 2198 3773 2272; baseline 0.005 -19"><span class='ocrx_word' id='word_1_467' title='bbox 2179 2198 2285 2267; x_wconf 89' lang='lat' dir='ltr'><strong>nis,</strong></span> <span class='ocrx_word' id='word_1_468' title='bbox 2317 2199 2451 2256; x_wconf 89' lang='lat' dir='ltr'><strong>dicit</strong></span> <span class='ocrx_word' id='word_1_469' title='bbox 2470 2200 2526 2255; x_wconf 89' lang='lat' dir='ltr'><strong>in</strong></span> <span class='ocrx_word' id='word_1_470' title='bbox 2555 2216 2688 2257; x_wconf 86' lang='lat' dir='ltr'><strong>voce</strong></span> <span class='ocrx_word' id='word_1_471' title='bbox 2723 2201 2820 2257; x_wconf 81' lang='lat' dir='ltr'><strong>lilii</strong></span> <span class='ocrx_word' id='word_1_472' title='bbox 2860 2202 2928 2257; x_wconf 88' lang='lat' dir='ltr'><strong>ad</strong></span> <span class='ocrx_word' id='word_1_473' title='bbox 2958 2211 3189 2272; x_wconf 88' lang='lat' dir='ltr'><strong>patrem.</strong></span> <span class='ocrx_word' id='word_1_474' title='bbox 3226 2200 3273 2259; x_wconf 91' lang='grc' dir='ltr'>Ο</span> <span class='ocrx_word' id='word_1_475' title='bbox 3310 2202 3551 2260; x_wconf 87' lang='lat' dir='ltr'><strong>Domine</strong></span> <span class='ocrx_word' id='word_1_476' title='bbox 3597 2203 3773 2271; x_wconf 84' lang='lat' dir='ltr'><strong>Pater,</strong></span> 
     </span>
    </p>
   </div>
   <div class='ocr_carea' id='block_1_67' title="bbox 2181 2290 3774 2367">
    <p class='ocr_par' dir='ltr' id='par_1_67' title="bbox 2181 2290 3774 2367">
     <span class='ocr_line' id='line_1_67' title="bbox 2181 2290 3774 2367; baseline 0.004 -21"><span class='ocrx_word' id='word_1_477' title='bbox 2181 2299 2239 2346; x_wconf 91' lang='lat' dir='ltr'><strong>tu</strong></span> <span class='ocrx_word' id='word_1_478' title='bbox 2270 2290 2492 2357; x_wconf 76' lang='lat' dir='ltr'><strong>noluisti</strong></span> <span class='ocrx_word' id='word_1_479' title='bbox 2513 2292 2741 2347; x_wconf 85' lang='lat' dir='ltr'><strong>hostiam</strong></span> <span class='ocrx_word' id='word_1_480' title='bbox 2783 2302 2834 2349; x_wconf 90' lang='lat' dir='ltr'><strong>et</strong></span> <span class='ocrx_word' id='word_1_481' title='bbox 2869 2293 3188 2349; x_wconf 82' lang='lat' dir='ltr'><strong>oblationem</strong></span> <span class='ocrx_word' id='word_1_482' title='bbox 3218 2295 3524 2351; x_wconf 88' lang='lat' dir='ltr'><strong>secundum</strong></span> <span class='ocrx_word' id='word_1_483' title='bbox 3549 2296 3774 2367; x_wconf 75' lang='lat' dir='ltr'><strong>legalem</strong></span> 
     </span>
    </p>
   </div>
   <div class='ocr_carea' id='block_1_68' title="bbox 2179 2382 3777 2454">
    <p class='ocr_par' dir='ltr' id='par_1_68' title="bbox 2179 2382 3777 2454">
     <span class='ocr_line' id='line_1_68' title="bbox 2179 2382 3777 2454; baseline 0.002 -15"><span class='ocrx_word' id='word_1_484' title='bbox 2179 2384 2549 2440; x_wconf 74' lang='lat' dir='ltr'><strong>traditionem.</strong></span> <span class='ocrx_word' id='word_1_485' title='bbox 2586 2382 2804 2441; x_wconf 84' lang='lat' dir='ltr'><strong>Hostias</strong></span> <span class='ocrx_word' id='word_1_486' title='bbox 2833 2384 2901 2442; x_wconf 87' lang='lat' dir='ltr'><strong>de</strong></span> <span class='ocrx_word' id='word_1_487' title='bbox 2927 2383 3282 2454; x_wconf 87' lang='lat' dir='ltr'><strong>animalibus,</strong></span> <span class='ocrx_word' id='word_1_488' title='bbox 3327 2385 3675 2442; x_wconf 84' lang='lat' dir='ltr'><strong>oblationem</strong></span> <span class='ocrx_word' id='word_1_489' title='bbox 3710 2386 3777 2443; x_wconf 84' lang='lat' dir='ltr'><strong>de</strong></span> 
     </span>
    </p>
   </div>
   <div class='ocr_carea' id='block_1_69' title="bbox 2178 2474 3775 2547">
    <p class='ocr_par' dir='ltr' id='par_1_69' title="bbox 2178 2474 3775 2547">
     <span class='ocr_line' id='line_1_69' title="bbox 2178 2474 3775 2547; baseline 0.001 -17"><span class='ocrx_word' id='word_1_490' title='bbox 2178 2474 2412 2547; x_wconf 90' lang='lat' dir='ltr'><strong>panibus</strong></span> <span class='ocrx_word' id='word_1_491' title='bbox 2432 2484 2486 2531; x_wconf 92' lang='lat' dir='ltr'><strong>et</strong></span> <span class='ocrx_word' id='word_1_492' title='bbox 2509 2476 2818 2532; x_wconf 90' lang='lat' dir='ltr'><strong>luminariis</strong></span> <span class='ocrx_word' id='word_1_493' title='bbox 2846 2477 2996 2533; x_wconf 90' lang='lat' dir='ltr'><strong>dicit.</strong></span> <span class='ocrx_word' id='word_1_494' title='bbox 3026 2476 3120 2532; x_wconf 85' lang='lat' dir='ltr'><strong>illa</strong></span> <span class='ocrx_word' id='word_1_495' title='bbox 3145 2477 3368 2547; x_wconf 91' lang='lat' dir='ltr'><strong>quidem</strong></span> <span class='ocrx_word' id='word_1_496' title='bbox 3407 2477 3648 2534; x_wconf 87' lang='lat' dir='ltr'><strong>noluisti</strong></span> <span class='ocrx_word' id='word_1_497' title='bbox 3692 2479 3775 2532; x_wconf 75' lang='lat' dir='ltr'><strong>sed</strong></span> 
     </span>
    </p>
   </div>
   <div class='ocr_carea' id='block_1_70' title="bbox 2178 2567 3779 2640">
    <p class='ocr_par' dir='ltr' id='par_1_70' title="bbox 2178 2567 3779 2640">
     <span class='ocr_line' id='line_1_70' title="bbox 2178 2567 3779 2640; baseline 0.002 -19"><span class='ocrx_word' id='word_1_498' title='bbox 2178 2567 2401 2638; x_wconf 81' lang='lat' dir='ltr'><strong>optasti,</strong></span> <span class='ocrx_word' id='word_1_499' title='bbox 2457 2568 2513 2623; x_wconf 91' lang='lat' dir='ltr'><strong>id</strong></span> <span class='ocrx_word' id='word_1_500' title='bbox 2571 2576 2657 2624; x_wconf 91' lang='lat' dir='ltr'><strong>est</strong></span> <span class='ocrx_word' id='word_1_501' title='bbox 2698 2575 2887 2639; x_wconf 89' lang='lat' dir='ltr'><strong>aptare</strong></span> <span class='ocrx_word' id='word_1_502' title='bbox 2931 2567 3069 2623; x_wconf 91' lang='lat' dir='ltr'><strong>mihi</strong></span> <span class='ocrx_word' id='word_1_503' title='bbox 3104 2568 3328 2624; x_wconf 89' lang='lat' dir='ltr'><strong>voluisti</strong></span> <span class='ocrx_word' id='word_1_504' title='bbox 3371 2584 3591 2640; x_wconf 75' lang='lat' dir='ltr'><strong>corpus,</strong></span> <span class='ocrx_word' id='word_1_505' title='bbox 3622 2575 3689 2624; x_wconf 89' lang='lat' dir='ltr'><strong>ut</strong></span> <span class='ocrx_word' id='word_1_506' title='bbox 3713 2569 3779 2624; x_wconf 82' lang='lat' dir='ltr'><strong>de</strong></span> 
     </span>
    </p>
   </div>
   <div class='ocr_carea' id='block_1_71' title="bbox 2178 2658 3773 2731">
    <p class='ocr_par' dir='ltr' id='par_1_71' title="bbox 2178 2658 3773 2731">
     <span class='ocr_line' id='line_1_71' title="bbox 2178 2658 3773 2731; baseline 0.002 -16"><span class='ocrx_word' id='word_1_507' title='bbox 2178 2674 2405 2730; x_wconf 86' lang='lat' dir='ltr'><strong>corpore</strong></span> <span class='ocrx_word' id='word_1_508' title='bbox 2429 2675 2553 2715; x_wconf 89' lang='lat' dir='ltr'><strong>meo</strong></span> <span class='ocrx_word' id='word_1_509' title='bbox 2580 2658 2762 2716; x_wconf 88' lang='lat' dir='ltr'><strong>hostia</strong></span> <span class='ocrx_word' id='word_1_510' title='bbox 2786 2659 2886 2715; x_wconf 88' lang='lat' dir='ltr'><strong>tibi</strong></span> <span class='ocrx_word' id='word_1_511' title='bbox 2913 2659 3065 2716; x_wconf 87' lang='lat' dir='ltr'><strong>lleret</strong></span> <span class='ocrx_word' id='word_1_512' title='bbox 3091 2660 3455 2731; x_wconf 88' lang='lat' dir='ltr'><strong>beneplacens</strong></span> <span class='ocrx_word' id='word_1_513' title='bbox 3471 2669 3532 2717; x_wconf 86' lang='lat' dir='ltr'><strong>et</strong></span> <span class='ocrx_word' id='word_1_514' title='bbox 3549 2661 3773 2718; x_wconf 77' lang='lat' dir='ltr'><strong>munda.</strong></span> 
     </span>
    </p>
   </div>
   <div class='ocr_carea' id='block_1_72' title="bbox 2177 2750 3780 2823">
    <p class='ocr_par' dir='ltr' id='par_1_72' title="bbox 2177 2750 3780 2823">
     <span class='ocr_line' id='line_1_72' title="bbox 2177 2750 3780 2823; baseline 0.002 -18"><span class='ocrx_word' id='word_1_515' title='bbox 2177 2750 2390 2822; x_wconf 82' lang='lat' dir='ltr'><strong>Corpus</strong></span> <span class='ocrx_word' id='word_1_516' title='bbox 2414 2750 2618 2807; x_wconf 88' lang='lat' dir='ltr'><strong>Christi</strong></span> <span class='ocrx_word' id='word_1_517' title='bbox 2650 2761 2835 2822; x_wconf 90' lang='lat' dir='ltr'><strong>aptum</strong></span> <span class='ocrx_word' id='word_1_518' title='bbox 2861 2750 3033 2808; x_wconf 85' lang='lat' dir='ltr'><strong>fuisse</strong></span> <span class='ocrx_word' id='word_1_519' title='bbox 3054 2750 3275 2819; x_wconf 87' lang='lat' dir='ltr'><strong>dicitur,</strong></span> <span class='ocrx_word' id='word_1_520' title='bbox 3301 2751 3430 2823; x_wconf 87' lang='lat' dir='ltr'><strong>quia</strong></span> <span class='ocrx_word' id='word_1_521' title='bbox 3452 2760 3512 2807; x_wconf 88' lang='lat' dir='ltr'><strong>et</strong></span> <span class='ocrx_word' id='word_1_522' title='bbox 3533 2752 3780 2808; x_wconf 79' lang='lat' dir='ltr'><strong>immune</strong></span> 
     </span>
    </p>
   </div>
   <div class='ocr_carea' id='block_1_73' title="bbox 2179 2841 3777 2913">
    <p class='ocr_par' dir='ltr' id='par_1_73' title="bbox 2179 2841 3777 2913">
     <span class='ocr_line' id='line_1_73' title="bbox 2179 2841 3777 2913; baseline 0.001 -16"><span class='ocrx_word' id='word_1_523' title='bbox 2179 2857 2210 2897; x_wconf 90' lang='lat' dir='ltr'><strong>a</strong></span> <span class='ocrx_word' id='word_1_524' title='bbox 2249 2852 2493 2913; x_wconf 87' lang='lat' dir='ltr'><strong>peccato,</strong></span> <span class='ocrx_word' id='word_1_525' title='bbox 2522 2850 2579 2897; x_wconf 91' lang='lat' dir='ltr'><strong>et</strong></span> <span class='ocrx_word' id='word_1_526' title='bbox 2619 2842 2900 2913; x_wconf 87' lang='lat' dir='ltr'><strong>passibile,</strong></span> <span class='ocrx_word' id='word_1_527' title='bbox 2951 2851 3009 2898; x_wconf 88' lang='lat' dir='ltr'><strong>et</strong></span> <span class='ocrx_word' id='word_1_528' title='bbox 3050 2843 3283 2899; x_wconf 88' lang='lat' dir='ltr'><strong>mortale</strong></span> <span class='ocrx_word' id='word_1_529' title='bbox 3308 2841 3431 2898; x_wconf 81' lang='lat' dir='ltr'><strong>iuit.</strong></span> <span class='ocrx_word' id='word_1_530' title='bbox 3478 2841 3606 2899; x_wconf 86' lang='lat' dir='ltr'><strong>Nisi</strong></span> <span class='ocrx_word' id='word_1_531' title='bbox 3635 2843 3777 2899; x_wconf 75' lang='lat' dir='ltr'><strong>enim</strong></span> 
     </span>
    </p>
   </div>
   <div class='ocr_carea' id='block_1_74' title="bbox 2179 2932 3775 3005">
    <p class='ocr_par' dir='ltr' id='par_1_74' title="bbox 2179 2932 3775 3005">
     <span class='ocr_line' id='line_1_74' title="bbox 2179 2932 3775 3005; baseline 0.001 -18"><span class='ocrx_word' id='word_1_532' title='bbox 2179 2932 2297 2988; x_wconf 84' lang='lat' dir='ltr'><strong>sine</strong></span> <span class='ocrx_word' id='word_1_533' title='bbox 2325 2941 2549 3002; x_wconf 89' lang='lat' dir='ltr'><strong>peccato</strong></span> <span class='ocrx_word' id='word_1_534' title='bbox 2576 2941 2742 2999; x_wconf 87' lang='lat' dir='ltr'><strong>esset,</strong></span> <span class='ocrx_word' id='word_1_535' title='bbox 2789 2932 2968 2989; x_wconf 90' lang='lat' dir='ltr'><strong>hostia</strong></span> <span class='ocrx_word' id='word_1_536' title='bbox 2993 2933 3199 2989; x_wconf 88' lang='lat' dir='ltr'><strong>munda</strong></span> <span class='ocrx_word' id='word_1_537' title='bbox 3238 2948 3360 2989; x_wconf 86' lang='lat' dir='ltr'><strong>esse</strong></span> <span class='ocrx_word' id='word_1_538' title='bbox 3406 2948 3524 2990; x_wconf 89' lang='lat' dir='ltr'><strong>non</strong></span> <span class='ocrx_word' id='word_1_539' title='bbox 3567 2942 3775 3005; x_wconf 82' lang='lat' dir='ltr'><strong>posset-</strong></span> 
     </span>
    </p>
   </div>
   <div class='ocr_carea' id='block_1_75' title="bbox 2180 3022 3777 3095">
    <p class='ocr_par' dir='ltr' id='par_1_75' title="bbox 2180 3022 3777 3095">
     <span class='ocr_line' id='line_1_75' title="bbox 2180 3022 3777 3095; baseline 0.001 -17"><span class='ocrx_word' id='word_1_540' title='bbox 2180 3022 2238 3078; x_wconf 89' lang='lat' dir='ltr'><strong>Si</strong></span> <span class='ocrx_word' id='word_1_541' title='bbox 2277 3033 2461 3080; x_wconf 89' lang='lat' dir='ltr'><strong>autem</strong></span> <span class='ocrx_word' id='word_1_542' title='bbox 2508 3024 2844 3095; x_wconf 89' lang='lat' dir='ltr'><strong>impassibile</strong></span> <span class='ocrx_word' id='word_1_543' title='bbox 2881 3032 2938 3080; x_wconf 88' lang='lat' dir='ltr'><strong>et</strong></span> <span class='ocrx_word' id='word_1_544' title='bbox 2984 3025 3294 3081; x_wconf 88' lang='lat' dir='ltr'><strong>immortale</strong></span> <span class='ocrx_word' id='word_1_545' title='bbox 3318 3024 3494 3093; x_wconf 76' lang='lat' dir='ltr'><strong>ﬁeret,</strong></span> <span class='ocrx_word' id='word_1_546' title='bbox 3544 3033 3777 3081; x_wconf 82' lang='lat' dir='ltr'><strong>mortem</strong></span> 
     </span>
    </p>
   </div>
   <div class='ocr_carea' id='block_1_76' title="bbox 2179 3115 3779 3188">
    <p class='ocr_par' dir='ltr' id='par_1_76' title="bbox 2179 3115 3779 3188">
     <span class='ocr_line' id='line_1_76' title="bbox 2179 3115 3779 3188; baseline 0.001 -18"><span class='ocrx_word' id='word_1_547' title='bbox 2179 3131 2291 3170; x_wconf 91' lang='lat' dir='ltr'><strong>non</strong></span> <span class='ocrx_word' id='word_1_548' title='bbox 2329 3115 2655 3183; x_wconf 88' lang='lat' dir='ltr'><strong>destrueret,</strong></span> <span class='ocrx_word' id='word_1_549' title='bbox 2700 3131 2868 3187; x_wconf 86' lang='lat' dir='ltr'><strong>quam</strong></span> <span class='ocrx_word' id='word_1_550' title='bbox 2914 3115 3241 3173; x_wconf 86' lang='lat' dir='ltr'><strong>immortalis</strong></span> <span class='ocrx_word' id='word_1_551' title='bbox 3270 3126 3509 3173; x_wconf 82' lang='lat' dir='ltr'><strong>mortem</strong></span> <span class='ocrx_word' id='word_1_552' title='bbox 3557 3125 3779 3188; x_wconf 77' lang='lat' dir='ltr'><strong>gustare</strong></span> 
     </span>
    </p>
   </div>
   <div class='ocr_carea' id='block_1_77' title="bbox 2179 3206 3779 3279">
    <p class='ocr_par' dir='ltr' id='par_1_77' title="bbox 2179 3206 3779 3279">
     <span class='ocr_line' id='line_1_77' title="bbox 2179 3206 3779 3279; baseline 0 -17"><span class='ocrx_word' id='word_1_553' title='bbox 2179 3222 2290 3263; x_wconf 89' lang='lat' dir='ltr'><strong>non</strong></span> <span class='ocrx_word' id='word_1_554' title='bbox 2338 3216 2544 3278; x_wconf 91' lang='lat' dir='ltr'><strong>posset.</strong></span> <span class='ocrx_word' id='word_1_555' title='bbox 2598 3206 2705 3264; x_wconf 87' lang='lat' dir='ltr'><strong>Sed</strong></span> <span class='ocrx_word' id='word_1_556' title='bbox 2751 3209 2882 3279; x_wconf 91' lang='lat' dir='ltr'><strong>quia</strong></span> <span class='ocrx_word' id='word_1_557' title='bbox 2926 3216 2984 3263; x_wconf 90' lang='lat' dir='ltr'><strong>et</strong></span> <span class='ocrx_word' id='word_1_558' title='bbox 3032 3207 3295 3263; x_wconf 85' lang='lat' dir='ltr'><strong>immunis</strong></span> <span class='ocrx_word' id='word_1_559' title='bbox 3345 3223 3378 3262; x_wconf 87' lang='lat' dir='ltr'><strong>a</strong></span> <span class='ocrx_word' id='word_1_560' title='bbox 3422 3217 3682 3278; x_wconf 87' lang='lat' dir='ltr'><strong>peccato,</strong></span> <span class='ocrx_word' id='word_1_561' title='bbox 3725 3215 3779 3263; x_wconf 86' lang='lat' dir='ltr'><strong>et</strong></span> 
     </span>
    </p>
   </div>
   <div class='ocr_carea' id='block_1_78' title="bbox 2178 3298 3774 3370">
    <p class='ocr_par' dir='ltr' id='par_1_78' title="bbox 2178 3298 3774 3370">
     <span class='ocr_line' id='line_1_78' title="bbox 2178 3298 3774 3370; baseline -0.001 -15"><span class='ocrx_word' id='word_1_562' title='bbox 2178 3299 2554 3369; x_wconf 86' lang='lat' dir='ltr'><strong>impassibilis,</strong></span> <span class='ocrx_word' id='word_1_563' title='bbox 2588 3307 2644 3355; x_wconf 88' lang='lat' dir='ltr'><strong>et</strong></span> <span class='ocrx_word' id='word_1_564' title='bbox 2674 3299 3002 3356; x_wconf 77' lang='lat' dir='ltr'><strong>immortalis</strong></span> <span class='ocrx_word' id='word_1_565' title='bbox 3038 3298 3161 3366; x_wconf 82' lang='lat' dir='ltr'><strong>fuit,</strong></span> <span class='ocrx_word' id='word_1_566' title='bbox 3200 3298 3325 3355; x_wconf 88' lang='lat' dir='ltr'><strong>ideo</strong></span> <span class='ocrx_word' id='word_1_567' title='bbox 3366 3313 3619 3370; x_wconf 72' lang='lat' dir='ltr'><strong>congrue</strong></span> <span class='ocrx_word' id='word_1_568' title='bbox 3664 3299 3774 3354; x_wconf 79' lang='lat' dir='ltr'><strong>ait:</strong></span> 
     </span>
    </p>
   </div>
   <div class='ocr_carea' id='block_1_79' title="bbox 2178 3390 3774 3462">
    <p class='ocr_par' dir='ltr' id='par_1_79' title="bbox 2178 3390 3774 3462">
     <span class='ocr_line' id='line_1_79' title="bbox 2178 3390 3774 3462; baseline 0.001 -17"><span class='ocrx_word' id='word_1_569' title='bbox 2178 3390 2390 3462; x_wconf 89' lang='lat' dir='ltr'><strong>Corpus</strong></span> <span class='ocrx_word' id='word_1_570' title='bbox 2415 3392 2615 3461; x_wconf 88' lang='lat' dir='ltr'><strong>aptasti</strong></span> <span class='ocrx_word' id='word_1_571' title='bbox 2636 3390 2792 3459; x_wconf 91' lang='lat' dir='ltr'><strong>mihi,</strong></span> <span class='ocrx_word' id='word_1_572' title='bbox 2820 3391 3053 3449; x_wconf 90' lang='lat' dir='ltr'><strong>hostiam</strong></span> <span class='ocrx_word' id='word_1_573' title='bbox 3074 3400 3131 3447; x_wconf 91' lang='lat' dir='ltr'><strong>et</strong></span> <span class='ocrx_word' id='word_1_574' title='bbox 3155 3390 3490 3447; x_wconf 85' lang='lat' dir='ltr'><strong>oblationem</strong></span> <span class='ocrx_word' id='word_1_575' title='bbox 3513 3390 3774 3455; x_wconf 88' lang='lat' dir='ltr'><strong>noluisti;</strong></span> 
     </span>
    </p>
   </div>
   <div class='ocr_carea' id='block_1_80' title="bbox 2180 3481 3777 3549">
    <p class='ocr_par' dir='ltr' id='par_1_80' title="bbox 2180 3481 3777 3549">
     <span class='ocr_line' id='line_1_80' title="bbox 2180 3481 3777 3549; baseline 0.001 -13"><span class='ocrx_word' id='word_1_576' title='bbox 2180 3482 2635 3537; x_wconf 82' lang='lat' dir='ltr'><strong>holocaustomata</strong></span> <span class='ocrx_word' id='word_1_577' title='bbox 2666 3483 2850 3549; x_wconf 85' lang='lat' dir='ltr'><strong>etiam,</strong></span> <span class='ocrx_word' id='word_1_578' title='bbox 2891 3482 2946 3538; x_wconf 93' lang='lat' dir='ltr'><strong>id</strong></span> <span class='ocrx_word' id='word_1_579' title='bbox 2990 3491 3076 3539; x_wconf 89' lang='lat' dir='ltr'><strong>est</strong></span> <span class='ocrx_word' id='word_1_580' title='bbox 3108 3481 3440 3539; x_wconf 83' lang='lat' dir='ltr'><strong>sacriﬁcium</strong></span> <span class='ocrx_word' id='word_1_581' title='bbox 3474 3489 3661 3537; x_wconf 81' lang='lat' dir='ltr'><strong>totum</strong></span> <span class='ocrx_word' id='word_1_582' title='bbox 3694 3482 3777 3537; x_wconf 75' lang='lat' dir='ltr'><strong>in-</strong></span> 
     </span>
    </p>
   </div>
   <div class='ocr_carea' id='block_1_81' title="bbox 2181 3572 3779 3645">
    <p class='ocr_par' dir='ltr' id='par_1_81' title="bbox 2181 3572 3779 3645">
     <span class='ocr_line' id='line_1_81' title="bbox 2181 3572 3779 3645; baseline -0.002 -15"><span class='ocrx_word' id='word_1_583' title='bbox 2181 3590 2428 3642; x_wconf 90' lang='lat' dir='ltr'><strong>censum,</strong></span> <span class='ocrx_word' id='word_1_584' title='bbox 2452 3583 2509 3631; x_wconf 89' lang='lat' dir='ltr'><strong>et</strong></span> <span class='ocrx_word' id='word_1_585' title='bbox 2534 3590 2629 3645; x_wconf 80' lang='lat' dir='ltr'><strong>pro</strong></span> <span class='ocrx_word' id='word_1_586' title='bbox 2647 3581 2882 3645; x_wconf 81' lang='lat' dir='ltr'><strong>peccato,</strong></span> <span class='ocrx_word' id='word_1_587' title='bbox 2917 3573 2973 3628; x_wconf 91' lang='lat' dir='ltr'><strong>id</strong></span> <span class='ocrx_word' id='word_1_588' title='bbox 2997 3582 3084 3630; x_wconf 87' lang='lat' dir='ltr'><strong>est</strong></span> <span class='ocrx_word' id='word_1_589' title='bbox 3110 3572 3291 3629; x_wconf 91' lang='lat' dir='ltr'><strong>hostia</strong></span> <span class='ocrx_word' id='word_1_590' title='bbox 3312 3588 3441 3643; x_wconf 67' lang='lat' dir='ltr'><strong>qum</strong></span> <span class='ocrx_word' id='word_1_591' title='bbox 3475 3572 3779 3629; x_wconf 83' lang='lat' dir='ltr'><strong>vocabatur</strong></span> 
     </span>
    </p>
   </div>
   <div class='ocr_carea' id='block_1_82' title="bbox 2180 3662 3781 3737">
    <p class='ocr_par' dir='ltr' id='par_1_82' title="bbox 2180 3662 3781 3737">
     <span class='ocr_line' id='line_1_82' title="bbox 2180 3662 3781 3737; baseline -0.003 -16"><span class='ocrx_word' id='word_1_592' title='bbox 2180 3674 2464 3737; x_wconf 87' lang='lat' dir='ltr'><strong>peccatum</strong></span> <span class='ocrx_word' id='word_1_593' title='bbox 2484 3666 2570 3721; x_wconf 86' lang='lat' dir='ltr'><strong>vel</strong></span> <span class='ocrx_word' id='word_1_594' title='bbox 2598 3680 2698 3736; x_wconf 88' lang='lat' dir='ltr'><strong>pro</strong></span> <span class='ocrx_word' id='word_1_595' title='bbox 2725 3672 2968 3736; x_wconf 89' lang='lat' dir='ltr'><strong>peccato.</strong></span> <span class='ocrx_word' id='word_1_596' title='bbox 2993 3662 3139 3730; x_wconf 71' lang='lat' dir='ltr'><strong>Haec,</strong></span> <span class='ocrx_word' id='word_1_597' title='bbox 3164 3664 3412 3734; x_wconf 90' lang='lat' dir='ltr'><strong>inquam,</strong></span> <span class='ocrx_word' id='word_1_598' title='bbox 3435 3678 3546 3716; x_wconf 78' lang='lat' dir='ltr'><strong>non</strong></span> <span class='ocrx_word' id='word_1_599' title='bbox 3566 3662 3781 3733; x_wconf 68' lang='lat' dir='ltr'><strong>placue-</strong></span> 
     </span>
    </p>
   </div>
   <div class='ocr_carea' id='block_1_83' title="bbox 2184 3753 3777 3827">
    <p class='ocr_par' dir='ltr' id='par_1_83' title="bbox 2184 3753 3777 3827">
     <span class='ocr_line' id='line_1_83' title="bbox 2184 3753 3777 3827; baseline -0.001 -15"><span class='ocrx_word' id='word_1_600' title='bbox 2184 3767 2308 3812; x_wconf 86' lang='lat' dir='ltr'><strong>runt</strong></span> <span class='ocrx_word' id='word_1_601' title='bbox 2333 3756 2453 3824; x_wconf 88' lang='lat' dir='ltr'><strong>tibi,</strong></span> <span class='ocrx_word' id='word_1_602' title='bbox 2499 3765 2556 3813; x_wconf 91' lang='lat' dir='ltr'><strong>et</strong></span> <span class='ocrx_word' id='word_1_603' title='bbox 2578 3766 2702 3810; x_wconf 83' lang='lat' dir='ltr'><strong>tunc</strong></span> <span class='ocrx_word' id='word_1_604' title='bbox 2727 3763 3017 3827; x_wconf 81' lang='lat' dir='ltr'><strong>postquam</strong></span> <span class='ocrx_word' id='word_1_605' title='bbox 3047 3754 3158 3811; x_wconf 88' lang='lat' dir='ltr'><strong>vidi</strong></span> <span class='ocrx_word' id='word_1_606' title='bbox 3196 3754 3303 3810; x_wconf 87' lang='lat' dir='ltr'><strong>hoc</strong></span> <span class='ocrx_word' id='word_1_607' title='bbox 3336 3753 3640 3823; x_wconf 85' lang='lat' dir='ltr'><strong>displicere</strong></span> <span class='ocrx_word' id='word_1_608' title='bbox 3662 3753 3777 3819; x_wconf 85' lang='lat' dir='ltr'><strong>tibi,</strong></span> 
     </span>
    </p>
   </div>
   <div class='ocr_carea' id='block_1_84' title="bbox 2186 3842 3777 3919">
    <p class='ocr_par' dir='ltr' id='par_1_84' title="bbox 2186 3842 3777 3919">
     <span class='ocr_line' id='line_1_84' title="bbox 2186 3842 3777 3919; baseline -0.006 -12"><span class='ocrx_word' id='word_1_609' title='bbox 2186 3859 2244 3907; x_wconf 93' lang='lat' dir='ltr'><strong>ut</strong></span> <span class='ocrx_word' id='word_1_610' title='bbox 2265 3850 2467 3905; x_wconf 90' lang='lat' dir='ltr'><strong>munda</strong></span> <span class='ocrx_word' id='word_1_611' title='bbox 2493 3855 2548 3903; x_wconf 91' lang='lat' dir='ltr'><strong>et</strong></span> <span class='ocrx_word' id='word_1_612' title='bbox 2574 3847 2798 3919; x_wconf 90' lang='lat' dir='ltr'><strong>placens</strong></span> <span class='ocrx_word' id='word_1_613' title='bbox 2837 3845 3021 3901; x_wconf 87' lang='lat' dir='ltr'><strong>hostia</strong></span> <span class='ocrx_word' id='word_1_614' title='bbox 3065 3844 3353 3900; x_wconf 68' lang='lat' dir='ltr'><strong>offerretur</strong></span> <span class='ocrx_word' id='word_1_615' title='bbox 3373 3842 3514 3911; x_wconf 86' lang='lat' dir='ltr'><strong>tibi;</strong></span> <span class='ocrx_word' id='word_1_616' title='bbox 3550 3844 3698 3910; x_wconf 69' lang='lat' dir='ltr'><strong>dixi,</strong></span> <span class='ocrx_word' id='word_1_617' title='bbox 3725 3843 3777 3898; x_wconf 79' lang='lat' dir='ltr'><strong>id</strong></span> 
     </span>
    </p>
   </div>
   <div class='ocr_carea' id='block_1_85' title="bbox 2183 3934 3778 4009">
    <p class='ocr_par' dir='ltr' id='par_1_85' title="bbox 2183 3934 3778 4009">
     <span class='ocr_line' id='line_1_85' title="bbox 2183 3934 3778 4009; baseline -0.006 -11"><span class='ocrx_word' id='word_1_618' title='bbox 2183 3950 2271 3998; x_wconf 87' lang='lat' dir='ltr'><strong>est</strong></span> <span class='ocrx_word' id='word_1_619' title='bbox 2306 3940 2602 3997; x_wconf 87' lang='lat' dir='ltr'><strong>deliberavi</strong></span> <span class='ocrx_word' id='word_1_620' title='bbox 2636 3938 2779 4009; x_wconf 90' lang='lat' dir='ltr'><strong>apud</strong></span> <span class='ocrx_word' id='word_1_621' title='bbox 2806 3952 2894 3993; x_wconf 91' lang='lat' dir='ltr'><strong>me</strong></span> <span class='ocrx_word' id='word_1_622' title='bbox 2918 3937 3059 3992; x_wconf 85' lang='lat' dir='ltr'><strong>hoc:</strong></span> <span class='ocrx_word' id='word_1_623' title='bbox 3108 3934 3245 3990; x_wconf 84' lang='lat' dir='ltr'><strong>Ecce</strong></span> <span class='ocrx_word' id='word_1_624' title='bbox 3270 3942 3589 4004; x_wconf 85' lang='lat' dir='ltr'><strong>opportune</strong></span> <span class='ocrx_word' id='word_1_625' title='bbox 3610 3936 3778 4000; x_wconf 75' lang='lat' dir='ltr'><strong>mis,</strong></span> 
     </span>
    </p>
   </div>
   <div class='ocr_carea' id='block_1_86' title="bbox 2185 4025 3839 4106">
    <p class='ocr_par' dir='ltr' id='par_1_86' title="bbox 2185 4025 3839 4106">
     <span class='ocr_line' id='line_1_86' title="bbox 2185 4025 3839 4106; baseline -0.005 -18"><span class='ocrx_word' id='word_1_626' title='bbox 2185 4033 2314 4106; x_wconf 89' lang='lat' dir='ltr'><strong>quia</strong></span> <span class='ocrx_word' id='word_1_627' title='bbox 2336 4048 2486 4088; x_wconf 90' lang='lat' dir='ltr'><strong>nunc</strong></span> <span class='ocrx_word' id='word_1_628' title='bbox 2512 4029 2820 4101; x_wconf 89' lang='lat' dir='ltr'><strong>reprobatis</strong></span> <span class='ocrx_word' id='word_1_629' title='bbox 2848 4027 2957 4096; x_wconf 86' lang='lat' dir='ltr'><strong>illis</strong></span> <span class='ocrx_word' id='word_1_630' title='bbox 2977 4027 3261 4100; x_wconf 81' lang='lat' dir='ltr'><strong>legalibus,</strong></span> <span class='ocrx_word' id='word_1_631' title='bbox 3305 4025 3489 4082; x_wconf 85' lang='lat' dir='ltr'><strong>hostia</strong></span> <span class='ocrx_word' id='word_1_632' title='bbox 3509 4041 3660 4081; x_wconf 82' lang='lat' dir='ltr'><strong>nova</strong></span> <span class='ocrx_word' id='word_1_633' title='bbox 3686 4041 3779 4081; x_wconf 87' lang='lat' dir='ltr'><strong>ero</strong></span> <span class='ocrx_word' id='word_1_634' title='bbox 3834 4028 3839 4034; x_wconf 85' lang='grc'><strong>’</strong></span> 
     </span>
    </p>
   </div>
   <div class='ocr_carea' id='block_1_87' title="bbox 2185 4118 2776 4191">
    <p class='ocr_par' dir='ltr' id='par_1_87' title="bbox 2185 4118 2776 4191">
     <span class='ocr_line' id='line_1_87' title="bbox 2185 4118 2776 4191; baseline -0.008 -12"><span class='ocrx_word' id='word_1_635' title='bbox 2185 4132 2240 4179; x_wconf 91' lang='lat' dir='ltr'><strong>et</strong></span> <span class='ocrx_word' id='word_1_636' title='bbox 2263 4121 2622 4191; x_wconf 86' lang='lat' dir='ltr'><strong>beneplacens</strong></span> <span class='ocrx_word' id='word_1_637' title='bbox 2643 4118 2776 4175; x_wconf 87' lang='lat' dir='ltr'><strong>Deo.</strong></span> 
     </span>
    </p>
   </div>
   <div class='ocr_carea' id='block_1_88' title="bbox 2258 4204 3780 4280">
    <p class='ocr_par' dir='ltr' id='par_1_88' title="bbox 2258 4204 3780 4280">
     <span class='ocr_line' id='line_1_88' title="bbox 2258 4204 3780 4280; baseline -0.005 -12"><span class='ocrx_word' id='word_1_638' title='bbox 2258 4213 2433 4269; x_wconf 76' lang='lat' dir='ltr'><strong>Venio</strong></span> <span class='ocrx_word' id='word_1_639' title='bbox 2452 4212 2522 4267; x_wconf 90' lang='lat' dir='ltr'><strong>ad</strong></span> <span class='ocrx_word' id='word_1_640' title='bbox 2548 4212 2652 4265; x_wconf 92' lang='lat' dir='ltr'><strong>hoc</strong></span> <span class='ocrx_word' id='word_1_641' title='bbox 2670 4218 2729 4264; x_wconf 83' lang='lat' dir='ltr'><strong>ut</strong></span> <span class='ocrx_word' id='word_1_642' title='bbox 2751 4209 2953 4280; x_wconf 78' lang='lat' dir='ltr'><strong>faciam</strong></span> <span class='ocrx_word' id='word_1_643' title='bbox 2973 4207 3296 4264; x_wconf 79' lang='lat' dir='ltr'><strong>voluntatem</strong></span> <span class='ocrx_word' id='word_1_644' title='bbox 3319 4215 3489 4273; x_wconf 80' lang='lat' dir='ltr'><strong>tuam,</strong></span> <span class='ocrx_word' id='word_1_645' title='bbox 3519 4204 3581 4262; x_wconf 92' lang='lat' dir='ltr'><strong>id</strong></span> <span class='ocrx_word' id='word_1_646' title='bbox 3608 4213 3701 4261; x_wconf 82' lang='lat' dir='ltr'><strong>est</strong></span> <span class='ocrx_word' id='word_1_647' title='bbox 3724 4214 3780 4260; x_wconf 93' lang='lat' dir='ltr'><strong>ut</strong></span> 
     </span>
    </p>
   </div>
   <div class='ocr_carea' id='block_1_89' title="bbox 2187 4298 3779 4379">
    <p class='ocr_par' dir='ltr' id='par_1_89' title="bbox 2187 4298 3779 4379">
     <span class='ocr_line' id='line_1_89' title="bbox 2187 4298 3779 4379; baseline -0.007 -15"><span class='ocrx_word' id='word_1_648' title='bbox 2187 4322 2289 4379; x_wconf 91' lang='lat' dir='ltr'><strong>pro</strong></span> <span class='ocrx_word' id='word_1_649' title='bbox 2345 4305 2508 4361; x_wconf 89' lang='lat' dir='ltr'><strong>modo</strong></span> <span class='ocrx_word' id='word_1_650' title='bbox 2553 4302 2850 4358; x_wconf 89' lang='lat' dir='ltr'><strong>voluntatis</strong></span> <span class='ocrx_word' id='word_1_651' title='bbox 2911 4309 3019 4357; x_wconf 73' lang='lat' dir='ltr'><strong>ture</strong></span> <span class='ocrx_word' id='word_1_652' title='bbox 3075 4299 3300 4355; x_wconf 78' lang='lat' dir='ltr'><strong>oﬁ‘eram</strong></span> <span class='ocrx_word' id='word_1_653' title='bbox 3351 4298 3450 4355; x_wconf 85' lang='lat' dir='ltr'><strong>tibi</strong></span> <span class='ocrx_word' id='word_1_654' title='bbox 3503 4298 3779 4369; x_wconf 74' lang='lat' dir='ltr'><strong>meipsu-</strong></span> 
     </span>
    </p>
   </div>
   <div class='ocr_carea' id='block_1_90' title="bbox 2188 4387 3778 4461">
    <p class='ocr_par' dir='ltr' id='par_1_90' title="bbox 2188 4387 3778 4461">
     <span class='ocr_line' id='line_1_90' title="bbox 2188 4387 3778 4461; baseline -0.008 -4"><span class='ocrx_word' id='word_1_655' title='bbox 2188 4397 2517 4457; x_wconf 83' lang='lat' dir='ltr'><strong>sacrillcium</strong></span> <span class='ocrx_word' id='word_1_656' title='bbox 2558 4410 2783 4461; x_wconf 88' lang='lat' dir='ltr'><strong>novum,</strong></span> <span class='ocrx_word' id='word_1_657' title='bbox 2829 4394 2885 4448; x_wconf 91' lang='lat' dir='ltr'><strong>in</strong></span> <span class='ocrx_word' id='word_1_658' title='bbox 2908 4393 3133 4448; x_wconf 89' lang='lat' dir='ltr'><strong>odorem</strong></span> <span class='ocrx_word' id='word_1_659' title='bbox 3170 4390 3479 4447; x_wconf 79' lang='lat' dir='ltr'><strong>suavitatis.</strong></span> <span class='ocrx_word' id='word_1_660' title='bbox 3511 4387 3680 4455; x_wconf 82' lang='lat' dir='ltr'><strong>Quod</strong></span> <span class='ocrx_word' id='word_1_661' title='bbox 3708 4390 3778 4444; x_wconf 81' lang='lat' dir='ltr'><strong>ita</strong></span> 
     </span>
    </p>
   </div>
   <div class='ocr_carea' id='block_1_91' title="bbox 474 4479 3777 4564">
    <p class='ocr_par' dir='ltr' id='par_1_91' title="bbox 474 4479 3777 4564">
     <span class='ocr_line' id='line_1_91' title="bbox 474 4479 3777 4564; baseline -0.004 -18"><span class='ocrx_word' id='word_1_662' title='bbox 474 4489 639 4546; x_wconf 81' lang='lat' dir='ltr'><strong>&#39;senti</strong></span> <span class='ocrx_word' id='word_1_663' title='bbox 668 4488 932 4558; x_wconf 79' lang='lat' dir='ltr'><strong>Ecclesia,</strong></span> <span class='ocrx_word' id='word_1_664' title='bbox 979 4498 1034 4545; x_wconf 90' lang='lat' dir='ltr'><strong>et</strong></span> <span class='ocrx_word' id='word_1_665' title='bbox 1071 4490 1393 4546; x_wconf 82' lang='lat' dir='ltr'><strong>salvationis</strong></span> <span class='ocrx_word' id='word_1_666' title='bbox 1435 4490 1491 4546; x_wconf 91' lang='lat' dir='ltr'><strong>in</strong></span> <span class='ocrx_word' id='word_1_667' title='bbox 1532 4490 1737 4546; x_wconf 77' lang='lat' dir='ltr'><strong>futura.</strong></span> <span class='ocrx_word' id='word_1_668' title='bbox 1768 4491 1846 4547; x_wconf 83' lang='lat' dir='ltr'><strong>Ita</strong></span> <span class='ocrx_word' id='word_1_669' title='bbox 1879 4492 2085 4549; x_wconf 89' lang='lat' dir='ltr'><strong>habens</strong></span> <span class='ocrx_word' id='word_1_670' title='bbox 2112 4502 2164 4564; x_wconf 77' lang='grc' dir='ltr'>ο</span> <span class='ocrx_word' id='word_1_671' title='bbox 2187 4499 2507 4548; x_wconf 87' lang='lat' dir='ltr'><strong>construere</strong></span> <span class='ocrx_word' id='word_1_672' title='bbox 2532 4487 2827 4544; x_wconf 87' lang='lat' dir='ltr'><strong>debeamus</strong></span> <span class='ocrx_word' id='word_1_673' title='bbox 2853 4503 2867 4539; x_wconf 92' lang='lat'><strong>:</strong></span> <span class='ocrx_word' id='word_1_674' title='bbox 2895 4482 3069 4539; x_wconf 84' lang='lat' dir='ltr'><strong>Venio</strong></span> <span class='ocrx_word' id='word_1_675' title='bbox 3091 4491 3153 4537; x_wconf 92' lang='lat' dir='ltr'><strong>ut</strong></span> <span class='ocrx_word' id='word_1_676' title='bbox 3172 4480 3396 4547; x_wconf 85' lang='lat' dir='ltr'><strong>faciam,</strong></span> <span class='ocrx_word' id='word_1_677' title='bbox 3419 4479 3595 4551; x_wconf 72' lang='lat'><strong>398</strong></span> <span class='ocrx_word' id='word_1_678' title='bbox 3640 4480 3777 4535; x_wconf 78' lang='lat' dir='ltr'><strong>idem</strong></span> 
     </span>
    </p>
   </div>
   <div class='ocr_carea' id='block_1_92' title="bbox 496 4582 2085 4654">
    <p class='ocr_par' dir='ltr' id='par_1_92' title="bbox 496 4582 2085 4654">
     <span class='ocr_line' id='line_1_92' title="bbox 496 4582 2085 4654; baseline 0.003 -17"><span class='ocrx_word' id='word_1_679' title='bbox 496 4583 748 4638; x_wconf 87' lang='lat' dir='ltr'><strong>umbram</strong></span> <span class='ocrx_word' id='word_1_680' title='bbox 774 4582 921 4653; x_wconf 92' lang='lat' dir='ltr'><strong>quod</strong></span> <span class='ocrx_word' id='word_1_681' title='bbox 946 4598 1041 4636; x_wconf 86' lang='lat' dir='ltr'><strong>nec</strong></span> <span class='ocrx_word' id='word_1_682' title='bbox 1069 4582 1549 4654; x_wconf 84' lang='lat' dir='ltr'><strong>ipsam&#39;imaginem</strong></span> <span class='ocrx_word' id='word_1_683' title='bbox 1578 4599 1774 4649; x_wconf 87' lang='lat' dir='ltr'><strong>rerum,</strong></span> <span class='ocrx_word' id='word_1_684' title='bbox 1808 4585 1953 4654; x_wconf 92' lang='lat' dir='ltr'><strong>quod</strong></span> <span class='ocrx_word' id='word_1_685' title='bbox 1982 4599 2085 4641; x_wconf 87' lang='lat' dir='ltr'><strong>nec</strong></span> 
     </span>
    </p>
   </div>
   <div class='ocr_carea' id='block_1_93' title="bbox 494 4673 2083 4747">
    <p class='ocr_par' dir='ltr' id='par_1_93' title="bbox 494 4673 2083 4747">
     <span class='ocr_line' id='line_1_93' title="bbox 494 4673 2083 4747; baseline 0.001 -17"><span class='ocrx_word' id='word_1_686' title='bbox 494 4675 659 4731; x_wconf 88' lang='lat' dir='ltr'><strong>habet</strong></span> <span class='ocrx_word' id='word_1_687' title='bbox 701 4674 756 4729; x_wconf 89' lang='lat' dir='ltr'><strong>in</strong></span> <span class='ocrx_word' id='word_1_688' title='bbox 811 4689 872 4730; x_wconf 92' lang='lat' dir='ltr'><strong>se</strong></span> <span class='ocrx_word' id='word_1_689' title='bbox 913 4675 1151 4745; x_wconf 90' lang='lat' dir='ltr'><strong>aliquam</strong></span> <span class='ocrx_word' id='word_1_690' title='bbox 1187 4682 1394 4745; x_wconf 88' lang='lat' dir='ltr'><strong>partem</strong></span> <span class='ocrx_word' id='word_1_691' title='bbox 1437 4674 1700 4730; x_wconf 89' lang='lat' dir='ltr'><strong>veritatis.</strong></span> <span class='ocrx_word' id='word_1_692' title='bbox 1722 4673 1905 4747; x_wconf 79' lang='lat' dir='ltr'><strong>Imago</strong></span> <span class='ocrx_word' id='word_1_693' title='bbox 1935 4674 2083 4732; x_wconf 90' lang='lat' dir='ltr'><strong>enim</strong></span> 
     </span>
    </p>
   </div>
   <div class='ocr_carea' id='block_1_94' title="bbox 493 4768 2085 4841">
    <p class='ocr_par' dir='ltr' id='par_1_94' title="bbox 493 4768 2085 4841">
     <span class='ocr_line' id='line_1_94' title="bbox 493 4768 2085 4841; baseline 0 -16"><span class='ocrx_word' id='word_1_694' title='bbox 493 4770 687 4825; x_wconf 84' lang='lat' dir='ltr'><strong>saltem</strong></span> <span class='ocrx_word' id='word_1_695' title='bbox 711 4769 915 4841; x_wconf 80' lang='lat' dir='ltr'><strong>ﬁguras</strong></span> <span class='ocrx_word' id='word_1_696' title='bbox 934 4770 1306 4825; x_wconf 90' lang='lat' dir='ltr'><strong>membrorum</strong></span> <span class='ocrx_word' id='word_1_697' title='bbox 1334 4768 1578 4839; x_wconf 82' lang='lat' dir='ltr'><strong>singulas</strong></span> <span class='ocrx_word' id='word_1_698' title='bbox 1601 4769 1860 4837; x_wconf 86' lang='lat' dir='ltr'><strong>ostendit,</strong></span> <span class='ocrx_word' id='word_1_699' title='bbox 1888 4769 2085 4825; x_wconf 85' lang='lat' dir='ltr'><strong>umbra</strong></span> 
     </span>
    </p>
   </div>
   <div class='ocr_carea' id='block_1_95' title="bbox 493 4854 2083 4930">
    <p class='ocr_par' dir='ltr' id='par_1_95' title="bbox 493 4854 2083 4930">
     <span class='ocr_line' id='line_1_95' title="bbox 493 4854 2083 4930; baseline -0.001 -16"><span class='ocrx_word' id='word_1_700' title='bbox 493 4868 675 4915; x_wconf 89' lang='lat' dir='ltr'><strong>autem</strong></span> <span class='ocrx_word' id='word_1_701' title='bbox 730 4860 958 4916; x_wconf 83' lang='lat' dir='ltr'><strong>confuse</strong></span> <span class='ocrx_word' id='word_1_702' title='bbox 1009 4855 1194 4915; x_wconf 73' lang='lat' dir='ltr'><strong>omnia</strong></span> <span class='ocrx_word' id='word_1_703' title='bbox 1252 4854 1589 4916; x_wconf 87' lang='lat' dir='ltr'><strong>commiscet.</strong></span> <span class='ocrx_word' id='word_1_704' title='bbox 1649 4858 1783 4927; x_wconf 86' lang='lat' dir='ltr'><strong>Lex,</strong></span> <span class='ocrx_word' id='word_1_705' title='bbox 1836 4859 2083 4930; x_wconf 86' lang='lat' dir='ltr'><strong>inquam,</strong></span> 
     </span>
    </p>
   </div>
   <div class='ocr_carea' id='block_1_96' title="bbox 493 4949 2086 5022">
    <p class='ocr_par' dir='ltr' id='par_1_96' title="bbox 493 4949 2086 5022">
     <span class='ocr_line' id='line_1_96' title="bbox 493 4949 2086 5022; baseline -0.001 -17"><span class='ocrx_word' id='word_1_706' title='bbox 493 4951 703 5007; x_wconf 84' lang='lat' dir='ltr'><strong>habens</strong></span> <span class='ocrx_word' id='word_1_707' title='bbox 749 4953 1000 5008; x_wconf 89' lang='lat' dir='ltr'><strong>umbram</strong></span> <span class='ocrx_word' id='word_1_708' title='bbox 1047 4951 1255 5008; x_wconf 89' lang='lat' dir='ltr'><strong>eisdem</strong></span> <span class='ocrx_word' id='word_1_709' title='bbox 1305 4950 1440 5022; x_wconf 89' lang='lat' dir='ltr'><strong>ipsis</strong></span> <span class='ocrx_word' id='word_1_710' title='bbox 1478 4949 1676 5007; x_wconf 90' lang='lat' dir='ltr'><strong>hostiis</strong></span> <span class='ocrx_word' id='word_1_711' title='bbox 1719 4966 1842 5021; x_wconf 72' lang='lat' dir='ltr'><strong>qua:</strong></span> <span class='ocrx_word' id='word_1_712' title='bbox 1870 4965 2086 5021; x_wconf 87' lang='lat' dir='ltr'><strong>semper</strong></span> 
     </span>
    </p>
   </div>
   <div class='ocr_carea' id='block_1_97' title="bbox 493 5040 2080 5113">
    <p class='ocr_par' dir='ltr' id='par_1_97' title="bbox 493 5040 2080 5113">
     <span class='ocr_line' id='line_1_97' title="bbox 493 5040 2080 5113; baseline -0.003 -15"><span class='ocrx_word' id='word_1_713' title='bbox 493 5040 662 5108; x_wconf 79' lang='lat' dir='ltr'><strong>idem,</strong></span> <span class='ocrx_word' id='word_1_714' title='bbox 710 5042 764 5097; x_wconf 89' lang='lat' dir='ltr'><strong>id</strong></span> <span class='ocrx_word' id='word_1_715' title='bbox 796 5052 882 5099; x_wconf 88' lang='lat' dir='ltr'><strong>est</strong></span> <span class='ocrx_word' id='word_1_716' title='bbox 909 5041 1221 5113; x_wconf 84' lang='lat' dir='ltr'><strong>imperfecte</strong></span> <span class='ocrx_word' id='word_1_717' title='bbox 1254 5046 1430 5109; x_wconf 77' lang='lat' dir='ltr'><strong>erant,</strong></span> <span class='ocrx_word' id='word_1_718' title='bbox 1458 5059 1591 5113; x_wconf 83' lang='lat' dir='ltr'><strong>quas</strong></span> <span class='ocrx_word' id='word_1_719' title='bbox 1625 5041 1827 5095; x_wconf 73' lang='lat' dir='ltr'><strong>hostias</strong></span> <span class='ocrx_word' id='word_1_720' title='bbox 1852 5041 2080 5111; x_wconf 73' lang='lat' dir='ltr'><strong>offerunt</strong></span> 
     </span>
    </p>
   </div>
   <div class='ocr_carea' id='block_1_98' title="bbox 492 5129 2081 5200">
    <p class='ocr_par' dir='ltr' id='par_1_98' title="bbox 492 5129 2081 5200">
     <span class='ocr_line' id='line_1_98' title="bbox 492 5129 2081 5200; baseline 0.001 -16"><span class='ocrx_word' id='word_1_721' title='bbox 492 5145 586 5200; x_wconf 83' lang='lat' dir='ltr'><strong>per</strong></span> <span class='ocrx_word' id='word_1_722' title='bbox 617 5129 851 5199; x_wconf 82' lang='lat' dir='ltr'><strong>singulos</strong></span> <span class='ocrx_word' id='word_1_723' title='bbox 882 5146 1067 5197; x_wconf 86' lang='lat' dir='ltr'><strong>annos,</strong></span> <span class='ocrx_word' id='word_1_724' title='bbox 1114 5140 1170 5187; x_wconf 90' lang='lat' dir='ltr'><strong>et</strong></span> <span class='ocrx_word' id='word_1_725' title='bbox 1196 5132 1302 5187; x_wconf 89' lang='lat' dir='ltr'><strong>hoc</strong></span> <span class='ocrx_word' id='word_1_726' title='bbox 1341 5131 1714 5197; x_wconf 81' lang='lat' dir='ltr'><strong>indesinenter,</strong></span> <span class='ocrx_word' id='word_1_727' title='bbox 1765 5129 1820 5184; x_wconf 89' lang='lat' dir='ltr'><strong>id</strong></span> <span class='ocrx_word' id='word_1_728' title='bbox 1865 5138 1952 5186; x_wconf 86' lang='lat' dir='ltr'><strong>est</strong></span> <span class='ocrx_word' id='word_1_729' title='bbox 1993 5130 2081 5186; x_wconf 90' lang='lat' dir='ltr'><strong>vel</strong></span> 
     </span>
    </p>
   </div>
   <div class='ocr_carea' id='block_1_99' title="bbox 492 5208 2080 5295">
    <p class='ocr_par' dir='ltr' id='par_1_99' title="bbox 492 5208 2080 5295">
     <span class='ocr_line' id='line_1_99' title="bbox 492 5208 2080 5295; baseline 0.001 -19"><span class='ocrx_word' id='word_1_730' title='bbox 492 5220 725 5289; x_wconf 78' lang='lat' dir='ltr'><strong>singulis</strong></span> <span class='ocrx_word' id='word_1_731' title='bbox 752 5208 1054 5285; x_wconf 84' lang='lat' dir='ltr'><strong>mensibus,</strong></span> <span class='ocrx_word' id='word_1_732' title='bbox 1079 5222 1167 5277; x_wconf 88' lang='lat' dir='ltr'><strong>vel</strong></span> <span class='ocrx_word' id='word_1_733' title='bbox 1193 5223 1424 5295; x_wconf 77' lang='lat' dir='ltr'><strong>singulis</strong></span> <span class='ocrx_word' id='word_1_734' title='bbox 1463 5222 1913 5280; x_wconf 89' lang='lat' dir='ltr'><strong>hebdomadibus.</strong></span> <span class='ocrx_word' id='word_1_735' title='bbox 1946 5220 2080 5288; x_wconf 86' lang='lat' dir='ltr'><strong>Lex,</strong></span> 
     </span>
    </p>
   </div>
   <div class='ocr_carea' id='block_1_100' title="bbox 493 5311 2082 5386">
    <p class='ocr_par' dir='ltr' id='par_1_100' title="bbox 493 5311 2082 5386">
     <span class='ocr_line' id='line_1_100' title="bbox 493 5311 2082 5386; baseline -0.002 -17"><span class='ocrx_word' id='word_1_736' title='bbox 493 5313 742 5385; x_wconf 86' lang='lat' dir='ltr'><strong>inquam,</strong></span> <span class='ocrx_word' id='word_1_737' title='bbox 792 5311 998 5367; x_wconf 87' lang='lat' dir='ltr'><strong>eisdem</strong></span> <span class='ocrx_word' id='word_1_738' title='bbox 1054 5314 1247 5369; x_wconf 91' lang='lat' dir='ltr'><strong>hostiis</strong></span> <span class='ocrx_word' id='word_1_739' title='bbox 1298 5315 1462 5370; x_wconf 89' lang='lat' dir='ltr'><strong>toties</strong></span> <span class='ocrx_word' id='word_1_740' title='bbox 1508 5315 1772 5386; x_wconf 87' lang='lat' dir='ltr'><strong>repetitis,</strong></span> <span class='ocrx_word' id='word_1_741' title='bbox 1812 5329 2082 5385; x_wconf 83' lang='lat' dir='ltr'><strong>nunquam</strong></span> 
     </span>
    </p>
   </div>
   <div class='ocr_carea' id='block_1_101' title="bbox 493 5404 2081 5475">
    <p class='ocr_par' dir='ltr' id='par_1_101' title="bbox 493 5404 2081 5475">
     <span class='ocr_line' id='line_1_101' title="bbox 493 5404 2081 5475; baseline 0.001 -17"><span class='ocrx_word' id='word_1_742' title='bbox 493 5412 665 5475; x_wconf 75' lang='lat' dir='ltr'><strong>potest</strong></span> <span class='ocrx_word' id='word_1_743' title='bbox 692 5404 867 5474; x_wconf 81' lang='lat' dir='ltr'><strong>facere</strong></span> <span class='ocrx_word' id='word_1_744' title='bbox 904 5404 1159 5475; x_wconf 73' lang='lat' dir='ltr'><strong>perfectos</strong></span> <span class='ocrx_word' id='word_1_745' title='bbox 1194 5405 1492 5460; x_wconf 82' lang='lat' dir='ltr'><strong>accedentes</strong></span> <span class='ocrx_word' id='word_1_746' title='bbox 1546 5407 1616 5460; x_wconf 84' lang='lat' dir='ltr'><strong>ad</strong></span> <span class='ocrx_word' id='word_1_747' title='bbox 1658 5422 1732 5461; x_wconf 89' lang='lat' dir='ltr'><strong>se.</strong></span> <span class='ocrx_word' id='word_1_748' title='bbox 1768 5404 1927 5473; x_wconf 89' lang='lat' dir='ltr'><strong>Quod</strong></span> <span class='ocrx_word' id='word_1_749' title='bbox 1971 5420 2081 5459; x_wconf 89' lang='lat' dir='ltr'><strong>non</strong></span> 
     </span>
    </p>
   </div>
   <div class='ocr_carea' id='block_1_102' title="bbox 492 5495 2083 5569">
    <p class='ocr_par' dir='ltr' id='par_1_102' title="bbox 492 5495 2083 5569">
     <span class='ocr_line' id='line_1_102' title="bbox 492 5495 2083 5569; baseline 0.001 -18"><span class='ocrx_word' id='word_1_750' title='bbox 492 5495 659 5552; x_wconf 79' lang='lat' dir='ltr'><strong>faciat</strong></span> <span class='ocrx_word' id='word_1_751' title='bbox 714 5496 985 5567; x_wconf 81' lang='lat' dir='ltr'><strong>perfectos</strong></span> <span class='ocrx_word' id='word_1_752' title='bbox 1039 5496 1235 5567; x_wconf 92' lang='lat' dir='ltr'><strong>probat</strong></span> <span class='ocrx_word' id='word_1_753' title='bbox 1286 5511 1383 5566; x_wconf 89' lang='lat' dir='ltr'><strong>per</strong></span> <span class='ocrx_word' id='word_1_754' title='bbox 1433 5497 1595 5564; x_wconf 71' lang='lat' dir='ltr'><strong>hoc,</strong></span> <span class='ocrx_word' id='word_1_755' title='bbox 1630 5498 1761 5569; x_wconf 86' lang='lat' dir='ltr'><strong>quia</strong></span> <span class='ocrx_word' id='word_1_756' title='bbox 1816 5498 1864 5554; x_wconf 91' lang='lat' dir='ltr'><strong>si</strong></span> <span class='ocrx_word' id='word_1_757' title='bbox 1918 5497 2083 5552; x_wconf 84' lang='lat' dir='ltr'><strong>modo</strong></span> 
     </span>
    </p>
   </div>
   <div class='ocr_carea' id='block_1_103' title="bbox 494 5588 2077 5660">
    <p class='ocr_par' dir='ltr' id='par_1_103' title="bbox 494 5588 2077 5660">
     <span class='ocr_line' id='line_1_103' title="bbox 494 5588 2077 5660; baseline 0 -18"><span class='ocrx_word' id='word_1_758' title='bbox 494 5589 871 5645; x_wconf 88' lang='lat' dir='ltr'><strong>immolassent</strong></span> <span class='ocrx_word' id='word_1_759' title='bbox 904 5605 1003 5660; x_wconf 90' lang='lat' dir='ltr'><strong>pro</strong></span> <span class='ocrx_word' id='word_1_760' title='bbox 1033 5588 1219 5660; x_wconf 87' lang='lat' dir='ltr'><strong>aliquo</strong></span> <span class='ocrx_word' id='word_1_761' title='bbox 1236 5597 1477 5660; x_wconf 86' lang='lat' dir='ltr'><strong>peccato,</strong></span> <span class='ocrx_word' id='word_1_762' title='bbox 1506 5598 1563 5644; x_wconf 91' lang='lat' dir='ltr'><strong>et</strong></span> <span class='ocrx_word' id='word_1_763' title='bbox 1585 5589 1884 5650; x_wconf 86' lang='lat' dir='ltr'><strong>secundum</strong></span> <span class='ocrx_word' id='word_1_764' title='bbox 1906 5590 2077 5660; x_wconf 76' lang='lat' dir='ltr'><strong>legem</strong></span> 
     </span>
    </p>
   </div>
   <div class='ocr_carea' id='block_1_104' title="bbox 492 5679 2080 5752">
    <p class='ocr_par' dir='ltr' id='par_1_104' title="bbox 492 5679 2080 5752">
     <span class='ocr_line' id='line_1_104' title="bbox 492 5679 2080 5752; baseline -0.002 -13"><span class='ocrx_word' id='word_1_765' title='bbox 492 5681 907 5739; x_wconf 80' lang='lat' dir='ltr'><strong>absolverentur</strong></span> <span class='ocrx_word' id='word_1_766' title='bbox 938 5683 1009 5738; x_wconf 86' lang='lat' dir='ltr'><strong>ab</strong></span> <span class='ocrx_word' id='word_1_767' title='bbox 1048 5683 1179 5738; x_wconf 90' lang='lat' dir='ltr'><strong>illo:</strong></span> <span class='ocrx_word' id='word_1_768' title='bbox 1217 5679 1264 5739; x_wconf 91' lang='lat' dir='ltr'><strong>si</strong></span> <span class='ocrx_word' id='word_1_769' title='bbox 1300 5682 1497 5737; x_wconf 88' lang='lat' dir='ltr'><strong>iterum</strong></span> <span class='ocrx_word' id='word_1_770' title='bbox 1542 5690 1852 5752; x_wconf 88' lang='lat' dir='ltr'><strong>peccarent,</strong></span> <span class='ocrx_word' id='word_1_771' title='bbox 1899 5690 1952 5735; x_wconf 88' lang='lat' dir='ltr'><strong>ct</strong></span> <span class='ocrx_word' id='word_1_772' title='bbox 1981 5696 2080 5750; x_wconf 89' lang='lat' dir='ltr'><strong>pro</strong></span> 
     </span>
    </p>
   </div>
   <div class='ocr_carea' id='block_1_105' title="bbox 495 5771 2077 5844">
    <p class='ocr_par' dir='ltr' id='par_1_105' title="bbox 495 5771 2077 5844">
     <span class='ocr_line' id='line_1_105' title="bbox 495 5771 2077 5844; baseline 0.001 -20"><span class='ocrx_word' id='word_1_773' title='bbox 495 5783 640 5826; x_wconf 73' lang='lat' dir='ltr'><strong>novo</strong></span> <span class='ocrx_word' id='word_1_774' title='bbox 671 5781 895 5842; x_wconf 84' lang='lat' dir='ltr'><strong>peccato</strong></span> <span class='ocrx_word' id='word_1_775' title='bbox 938 5773 1134 5830; x_wconf 86' lang='lat' dir='ltr'><strong>iterum</strong></span> <span class='ocrx_word' id='word_1_776' title='bbox 1166 5773 1532 5844; x_wconf 85' lang='lat' dir='ltr'><strong>immolarent,</strong></span> <span class='ocrx_word' id='word_1_777' title='bbox 1565 5771 1797 5830; x_wconf 85' lang='lat' dir='ltr'><strong>faciebat</strong></span> <span class='ocrx_word' id='word_1_778' title='bbox 1822 5771 2077 5828; x_wconf 83' lang='lat' dir='ltr'><strong>sacerdos</strong></span> 
     </span>
    </p>
   </div>
   <div class='ocr_carea' id='block_1_106' title="bbox 2187 4564 3777 4650">
    <p class='ocr_par' dir='ltr' id='par_1_106' title="bbox 2187 4564 3777 4650">
     <span class='ocr_line' id='line_1_106' title="bbox 2187 4564 3777 4650; baseline -0.009 -10"><span class='ocrx_word' id='word_1_779' title='bbox 2187 4583 2346 4640; x_wconf 88' lang='lat' dir='ltr'><strong>docet</strong></span> <span class='ocrx_word' id='word_1_780' title='bbox 2393 4581 2448 4636; x_wconf 92' lang='lat' dir='ltr'><strong>in</strong></span> <span class='ocrx_word' id='word_1_781' title='bbox 2500 4577 2896 4650; x_wconf 89' lang='lat' dir='ltr'><strong>sequentibus:</strong></span> <span class='ocrx_word' id='word_1_782' title='bbox 2934 4573 3155 4631; x_wconf 84' lang='lat' dir='ltr'><strong>Faciam</strong></span> <span class='ocrx_word' id='word_1_783' title='bbox 3211 4564 3551 4629; x_wconf 83' lang='lat' dir='ltr'><strong>voluntatem</strong></span> <span class='ocrx_word' id='word_1_784' title='bbox 3581 4580 3777 4636; x_wconf 87' lang='lat' dir='ltr'><strong>tuam;</strong></span> 
     </span>
    </p>
   </div>
   <div class='ocr_carea' id='block_1_107' title="bbox 2185 4660 3778 4739">
    <p class='ocr_par' dir='ltr' id='par_1_107' title="bbox 2185 4660 3778 4739">
     <span class='ocr_line' id='line_1_107' title="bbox 2185 4660 3778 4739; baseline -0.007 -11"><span class='ocrx_word' id='word_1_785' title='bbox 2185 4673 2269 4729; x_wconf 92' lang='lat' dir='ltr'><strong>sic</strong></span> <span class='ocrx_word' id='word_1_786' title='bbox 2288 4671 2434 4727; x_wconf 90' lang='lat' dir='ltr'><strong>enim</strong></span> <span class='ocrx_word' id='word_1_787' title='bbox 2470 4670 2725 4739; x_wconf 77' lang='lat' dir='ltr'><strong>scriptum</strong></span> <span class='ocrx_word' id='word_1_788' title='bbox 2763 4675 2843 4722; x_wconf 83' lang='lat' dir='ltr'><strong>est</strong></span> <span class='ocrx_word' id='word_1_789' title='bbox 2883 4665 2948 4720; x_wconf 87' lang='lat' dir='ltr'><strong>de</strong></span> <span class='ocrx_word' id='word_1_790' title='bbox 2995 4679 3078 4718; x_wconf 83' lang='lat' dir='ltr'><strong>me</strong></span> <span class='ocrx_word' id='word_1_791' title='bbox 3116 4664 3174 4718; x_wconf 82' lang='lat' dir='ltr'><strong>in</strong></span> <span class='ocrx_word' id='word_1_792' title='bbox 3219 4663 3395 4733; x_wconf 85' lang='lat' dir='ltr'><strong>capite</strong></span> <span class='ocrx_word' id='word_1_793' title='bbox 3433 4662 3587 4717; x_wconf 82' lang='lat' dir='ltr'><strong>libri.</strong></span> <span class='ocrx_word' id='word_1_794' title='bbox 3621 4660 3778 4717; x_wconf 80' lang='lat' dir='ltr'><strong>Libet</strong></span> 
     </span>
    </p>
   </div>
   <div class='ocr_carea' id='block_1_108' title="bbox 2185 4752 3779 4827">
    <p class='ocr_par' dir='ltr' id='par_1_108' title="bbox 2185 4752 3779 4827">
     <span class='ocr_line' id='line_1_108' title="bbox 2185 4752 3779 4827; baseline -0.008 -8"><span class='ocrx_word' id='word_1_795' title='bbox 2185 4763 2388 4820; x_wconf 88' lang='lat' dir='ltr'><strong>dicitur</strong></span> <span class='ocrx_word' id='word_1_796' title='bbox 2426 4758 2681 4815; x_wconf 88' lang='lat' dir='ltr'><strong>Christus</strong></span> <span class='ocrx_word' id='word_1_797' title='bbox 2712 4759 2899 4824; x_wconf 88' lang='lat' dir='ltr'><strong>homo,</strong></span> <span class='ocrx_word' id='word_1_798' title='bbox 2950 4755 3045 4827; x_wconf 88' lang='lat' dir='ltr'><strong>qui</strong></span> <span class='ocrx_word' id='word_1_799' title='bbox 3093 4755 3151 4810; x_wconf 92' lang='lat' dir='ltr'><strong>in</strong></span> <span class='ocrx_word' id='word_1_800' title='bbox 3191 4754 3503 4824; x_wconf 83' lang='lat' dir='ltr'><strong>exemplum</strong></span> <span class='ocrx_word' id='word_1_801' title='bbox 3552 4752 3779 4821; x_wconf 64' lang='lat' dir='ltr'><strong>justiti:</strong></span> 
     </span>
    </p>
   </div>
   <div class='ocr_carea' id='block_1_109' title="bbox 2186 4843 3781 4924">
    <p class='ocr_par' dir='ltr' id='par_1_109' title="bbox 2186 4843 3781 4924">
     <span class='ocr_line' id='line_1_109' title="bbox 2186 4843 3781 4924; baseline -0.007 -15"><span class='ocrx_word' id='word_1_802' title='bbox 2186 4852 2470 4924; x_wconf 78' lang='lat' dir='ltr'><strong>expositus</strong></span> <span class='ocrx_word' id='word_1_803' title='bbox 2497 4858 2582 4905; x_wconf 90' lang='lat' dir='ltr'><strong>est</strong></span> <span class='ocrx_word' id='word_1_804' title='bbox 2608 4848 2885 4904; x_wconf 89' lang='lat' dir='ltr'><strong>omnibus.</strong></span> <span class='ocrx_word' id='word_1_805' title='bbox 2922 4845 3101 4916; x_wconf 82' lang='lat' dir='ltr'><strong>Caput</strong></span> <span class='ocrx_word' id='word_1_806' title='bbox 3118 4844 3252 4900; x_wconf 81' lang='lat' dir='ltr'><strong>libri</strong></span> <span class='ocrx_word' id='word_1_807' title='bbox 3279 4844 3485 4903; x_wconf 87' lang='lat' dir='ltr'><strong>dicitur</strong></span> <span class='ocrx_word' id='word_1_808' title='bbox 3518 4843 3781 4898; x_wconf 82' lang='lat' dir='ltr'><strong>divinitas</strong></span> 
     </span>
    </p>
   </div>
   <div class='ocr_carea' id='block_1_110' title="bbox 2190 4930 3780 5008">
    <p class='ocr_par' dir='ltr' id='par_1_110' title="bbox 2190 4930 3780 5008">
     <span class='ocr_line' id='line_1_110' title="bbox 2190 4930 3780 5008; baseline -0.01 -8"><span class='ocrx_word' id='word_1_809' title='bbox 2190 4943 2446 5000; x_wconf 87' lang='lat' dir='ltr'><strong>habitans</strong></span> <span class='ocrx_word' id='word_1_810' title='bbox 2474 4941 2531 4996; x_wconf 85' lang='lat' dir='ltr'><strong>in</strong></span> <span class='ocrx_word' id='word_1_811' title='bbox 2554 4938 2799 5005; x_wconf 89' lang='lat' dir='ltr'><strong>Christo,</strong></span> <span class='ocrx_word' id='word_1_812' title='bbox 2826 4936 2973 5008; x_wconf 89' lang='lat' dir='ltr'><strong>quod</strong></span> <span class='ocrx_word' id='word_1_813' title='bbox 3011 4930 3319 5005; x_wconf 77' lang='lat' dir='ltr'><strong>regit&#39;eum</strong></span> <span class='ocrx_word' id='word_1_814' title='bbox 3360 4932 3419 4987; x_wconf 91' lang='lat' dir='ltr'><strong>in</strong></span> <span class='ocrx_word' id='word_1_815' title='bbox 3465 4932 3631 4997; x_wconf 80' lang='lat' dir='ltr'><strong>omni</strong></span> <span class='ocrx_word' id='word_1_816' title='bbox 3660 4946 3780 5003; x_wconf 82' lang='lat' dir='ltr'><strong>per-</strong></span> 
     </span>
    </p>
   </div>
   <div class='ocr_carea' id='block_1_111' title="bbox 2180 5021 3780 5100">
    <p class='ocr_par' dir='ltr' id='par_1_111' title="bbox 2180 5021 3780 5100">
     <span class='ocr_line' id='line_1_111' title="bbox 2180 5021 3780 5100; baseline -0.013 -4"><span class='ocrx_word' id='word_1_817' title='bbox 2180 5038 2432 5096; x_wconf 78' lang='lat' dir='ltr'><strong>fectione.</strong></span> <span class='ocrx_word' id='word_1_818' title='bbox 2490 5033 2589 5088; x_wconf 81' lang='lat' dir='ltr'><strong>Vel</strong></span> <span class='ocrx_word' id='word_1_819' title='bbox 2632 5033 2690 5087; x_wconf 89' lang='lat' dir='ltr'><strong>in</strong></span> <span class='ocrx_word' id='word_1_820' title='bbox 2754 5029 2931 5100; x_wconf 82' lang='lat' dir='ltr'><strong>capite</strong></span> <span class='ocrx_word' id='word_1_821' title='bbox 2983 5026 3135 5093; x_wconf 84' lang='lat' dir='ltr'><strong>libri,</strong></span> <span class='ocrx_word' id='word_1_822' title='bbox 3178 5025 3235 5081; x_wconf 86' lang='lat' dir='ltr'><strong>id</strong></span> <span class='ocrx_word' id='word_1_823' title='bbox 3281 5032 3368 5079; x_wconf 88' lang='lat' dir='ltr'><strong>est</strong></span> <span class='ocrx_word' id='word_1_824' title='bbox 3414 5023 3471 5077; x_wconf 84' lang='lat' dir='ltr'><strong>in</strong></span> <span class='ocrx_word' id='word_1_825' title='bbox 3506 5021 3780 5093; x_wconf 82' lang='lat' dir='ltr'><strong>principio</strong></span> 
     </span>
    </p>
   </div>
   <div class='ocr_carea' id='block_1_112' title="bbox 2180 5112 3779 5189">
    <p class='ocr_par' dir='ltr' id='par_1_112' title="bbox 2180 5112 3779 5189">
     <span class='ocr_line' id='line_1_112' title="bbox 2180 5112 3779 5189; baseline -0.013 -1"><span class='ocrx_word' id='word_1_826' title='bbox 2180 5128 2410 5188; x_wconf 82' lang='lat' dir='ltr'><strong>Genesis</strong></span> <span class='ocrx_word' id='word_1_827' title='bbox 2459 5124 2546 5181; x_wconf 88' lang='lat' dir='ltr'><strong>vel</strong></span> <span class='ocrx_word' id='word_1_828' title='bbox 2589 5121 2841 5180; x_wconf 79' lang='lat' dir='ltr'><strong>Psalter’ii</strong></span> <span class='ocrx_word' id='word_1_829' title='bbox 2890 5120 3157 5189; x_wconf 89' lang='lat' dir='ltr'><strong>scriptum</strong></span> <span class='ocrx_word' id='word_1_830' title='bbox 3196 5123 3283 5172; x_wconf 87' lang='lat' dir='ltr'><strong>est</strong></span> <span class='ocrx_word' id='word_1_831' title='bbox 3323 5115 3377 5170; x_wconf 91' lang='lat' dir='ltr'><strong>in</strong></span> <span class='ocrx_word' id='word_1_832' title='bbox 3415 5114 3540 5185; x_wconf 70' lang='lat' dir='ltr'><strong>lege</strong></span> <span class='ocrx_word' id='word_1_833' title='bbox 3560 5112 3779 5169; x_wconf 69' lang='grc' dir='ltr'><strong>Βωιιὶηἰ</strong></span> 
     </span>
    </p>
   </div>
   <div class='ocr_carea' id='block_1_113' title="bbox 2180 5204 3780 5287">
    <p class='ocr_par' dir='ltr' id='par_1_113' title="bbox 2180 5204 3780 5287">
     <span class='ocr_line' id='line_1_113' title="bbox 2180 5204 3780 5287; baseline -0.013 -9"><span class='ocrx_word' id='word_1_834' title='bbox 2180 5218 2436 5278; x_wconf 82' lang='lat' dir='ltr'><strong>voluntas</strong></span> <span class='ocrx_word' id='word_1_835' title='bbox 2474 5217 2617 5287; x_wconf 85' lang='lat' dir='ltr'><strong>ejus,</strong></span> <span class='ocrx_word' id='word_1_836' title='bbox 2668 5223 2774 5271; x_wconf 90' lang='lat' dir='ltr'><strong>etc.</strong></span> <span class='ocrx_word' id='word_1_837' title='bbox 2815 5211 3109 5269; x_wconf 78' lang='lat' dir='ltr'><strong>Prtemissa</strong></span> <span class='ocrx_word' id='word_1_838' title='bbox 3155 5206 3456 5264; x_wconf 89' lang='lat' dir='ltr'><strong>auctoritas</strong></span> <span class='ocrx_word' id='word_1_839' title='bbox 3500 5204 3780 5275; x_wconf 83' lang='lat' dir='ltr'><strong>quomodo</strong></span> 
     </span>
    </p>
   </div>
   <div class='ocr_carea' id='block_1_114' title="bbox 2182 5294 3781 5383">
    <p class='ocr_par' dir='ltr' id='par_1_114' title="bbox 2182 5294 3781 5383">
     <span class='ocr_line' id='line_1_114' title="bbox 2182 5294 3781 5383; baseline -0.013 -13"><span class='ocrx_word' id='word_1_840' title='bbox 2182 5310 2529 5383; x_wconf 82' lang='lat' dir='ltr'><strong>intelligenda</strong></span> <span class='ocrx_word' id='word_1_841' title='bbox 2571 5308 2664 5375; x_wconf 88' lang='lat' dir='ltr'><strong>sit,</strong></span> <span class='ocrx_word' id='word_1_842' title='bbox 2705 5305 2913 5360; x_wconf 88' lang='lat' dir='ltr'><strong>Paulus</strong></span> <span class='ocrx_word' id='word_1_843' title='bbox 2957 5300 3200 5372; x_wconf 81' lang='lat' dir='ltr'><strong>exponit,</strong></span> <span class='ocrx_word' id='word_1_844' title='bbox 3249 5299 3325 5354; x_wconf 76' lang='lat' dir='ltr'><strong>ita</strong></span> <span class='ocrx_word' id='word_1_845' title='bbox 3381 5296 3668 5367; x_wconf 71' lang='lat' dir='ltr'><strong>Propheta</strong></span> <span class='ocrx_word' id='word_1_846' title='bbox 3726 5294 3781 5348; x_wconf 84' lang='lat' dir='ltr'><strong>in</strong></span> 
     </span>
    </p>
   </div>
   <div class='ocr_carea' id='block_1_115' title="bbox 2181 5385 3780 5468">
    <p class='ocr_par' dir='ltr' id='par_1_115' title="bbox 2181 5385 3780 5468">
     <span class='ocr_line' id='line_1_115' title="bbox 2181 5385 3780 5468; baseline -0.014 -6"><span class='ocrx_word' id='word_1_847' title='bbox 2181 5419 2319 5462; x_wconf 89' lang='lat' dir='ltr'><strong>voce</strong></span> <span class='ocrx_word' id='word_1_848' title='bbox 2353 5402 2496 5468; x_wconf 87' lang='lat' dir='ltr'><strong>Filii,</strong></span> <span class='ocrx_word' id='word_1_849' title='bbox 2543 5400 2733 5456; x_wconf 88' lang='lat' dir='ltr'><strong>dicens</strong></span> <span class='ocrx_word' id='word_1_850' title='bbox 2766 5395 3022 5466; x_wconf 87' lang='lat' dir='ltr'><strong>superius</strong></span> <span class='ocrx_word' id='word_1_851' title='bbox 3046 5393 3114 5448; x_wconf 89' lang='lat' dir='ltr'><strong>ad</strong></span> <span class='ocrx_word' id='word_1_852' title='bbox 3144 5397 3452 5461; x_wconf 88' lang='lat' dir='ltr'><strong>respectum</strong></span> <span class='ocrx_word' id='word_1_853' title='bbox 3476 5385 3780 5458; x_wconf 85' lang='lat' dir='ltr'><strong>superioris</strong></span> 
     </span>
    </p>
   </div>
   <div class='ocr_carea' id='block_1_116' title="bbox 2186 5474 3780 5566">
    <p class='ocr_par' dir='ltr' id='par_1_116' title="bbox 2186 5474 3780 5566">
     <span class='ocr_line' id='line_1_116' title="bbox 2186 5474 3780 5566; baseline -0.013 -15"><span class='ocrx_word' id='word_1_854' title='bbox 2186 5493 2380 5566; x_wconf 89' lang='lat' dir='ltr'><strong>partis,</strong></span> <span class='ocrx_word' id='word_1_855' title='bbox 2418 5492 2496 5547; x_wconf 92' lang='lat' dir='ltr'><strong>ait</strong></span> <span class='ocrx_word' id='word_1_856' title='bbox 2529 5489 2791 5560; x_wconf 79' lang='lat' dir='ltr'><strong>superius.</strong></span> <span class='ocrx_word' id='word_1_857' title='bbox 2828 5486 3046 5551; x_wconf 77' lang='lat' dir='ltr'><strong>Diceris,</strong></span> <span class='ocrx_word' id='word_1_858' title='bbox 3090 5484 3337 5554; x_wconf 88' lang='lat' dir='ltr'><strong>inquam,</strong></span> <span class='ocrx_word' id='word_1_859' title='bbox 3373 5480 3504 5555; x_wconf 72' lang='lat' dir='ltr'><strong>hoc,</strong></span> <span class='ocrx_word' id='word_1_860' title='bbox 3539 5479 3699 5549; x_wconf 69' lang='lat' dir='ltr'><strong>quia,</strong></span> <span class='ocrx_word' id='word_1_861' title='bbox 3729 5474 3780 5531; x_wconf 88' lang='lat' dir='ltr'><strong>id</strong></span> 
     </span>
    </p>
   </div>
   <div class='ocr_carea' id='block_1_117' title="bbox 2185 5569 3779 5656">
    <p class='ocr_par' dir='ltr' id='par_1_117' title="bbox 2185 5569 3779 5656">
     <span class='ocr_line' id='line_1_117' title="bbox 2185 5569 3779 5656; baseline -0.013 -14"><span class='ocrx_word' id='word_1_862' title='bbox 2185 5595 2269 5642; x_wconf 89' lang='lat' dir='ltr'><strong>est</strong></span> <span class='ocrx_word' id='word_1_863' title='bbox 2288 5584 2454 5656; x_wconf 86' lang='lat' dir='ltr'><strong>quod,</strong></span> <span class='ocrx_word' id='word_1_864' title='bbox 2486 5591 2545 5638; x_wconf 87' lang='lat' dir='ltr'><strong>tu</strong></span> <span class='ocrx_word' id='word_1_865' title='bbox 2579 5582 2761 5646; x_wconf 88' lang='lat' dir='ltr'><strong>Pater,</strong></span> <span class='ocrx_word' id='word_1_866' title='bbox 2804 5576 3023 5633; x_wconf 82' lang='lat' dir='ltr'><strong>noluisti</strong></span> <span class='ocrx_word' id='word_1_867' title='bbox 3061 5573 3351 5629; x_wconf 80' lang='lat' dir='ltr'><strong>oblationes</strong></span> <span class='ocrx_word' id='word_1_868' title='bbox 3375 5579 3429 5627; x_wconf 85' lang='lat' dir='ltr'><strong>et</strong></span> <span class='ocrx_word' id='word_1_869' title='bbox 3467 5569 3779 5642; x_wconf 60' lang='lat' dir='ltr'><strong>holocausta</strong></span> 
     </span>
    </p>
   </div>
   <div class='ocr_carea' id='block_1_118' title="bbox 2183 5659 3778 5748">
    <p class='ocr_par' dir='ltr' id='par_1_118' title="bbox 2183 5659 3778 5748">
     <span class='ocr_line' id='line_1_118' title="bbox 2183 5659 3778 5748; baseline -0.01 -19"><span class='ocrx_word' id='word_1_870' title='bbox 2183 5687 2233 5731; x_wconf 90' lang='lat' dir='ltr'><strong>et</strong></span> <span class='ocrx_word' id='word_1_871' title='bbox 2263 5692 2358 5748; x_wconf 88' lang='lat' dir='ltr'><strong>pro</strong></span> <span class='ocrx_word' id='word_1_872' title='bbox 2396 5684 2631 5745; x_wconf 72' lang='lat' dir='ltr'><strong>peccato,</strong></span> <span class='ocrx_word' id='word_1_873' title='bbox 2663 5672 2718 5728; x_wconf 90' lang='lat' dir='ltr'><strong>id</strong></span> <span class='ocrx_word' id='word_1_874' title='bbox 2750 5680 2835 5726; x_wconf 89' lang='lat' dir='ltr'><strong>cst</strong></span> <span class='ocrx_word' id='word_1_875' title='bbox 2868 5684 2976 5723; x_wconf 85' lang='lat' dir='ltr'><strong>non</strong></span> <span class='ocrx_word' id='word_1_876' title='bbox 3001 5662 3286 5737; x_wconf 82' lang='lat' dir='ltr'><strong>postulasti</strong></span> <span class='ocrx_word' id='word_1_877' title='bbox 3321 5661 3440 5717; x_wconf 60' lang='lat' dir='ltr'><strong>haec</strong></span> <span class='ocrx_word' id='word_1_878' title='bbox 3476 5660 3551 5717; x_wconf 79' lang='lat' dir='ltr'><strong>ab</strong></span> <span class='ocrx_word' id='word_1_879' title='bbox 3592 5659 3678 5716; x_wconf 84' lang='lat' dir='ltr'><strong>eis</strong></span> <span class='ocrx_word' id='word_1_880' title='bbox 3725 5664 3778 5713; x_wconf 77' lang='lat' dir='ltr'><strong>ut</strong></span> 
     </span>
    </p>
   </div>
   <div class='ocr_carea' id='block_1_119' title="bbox 2182 5752 3778 5851">
    <p class='ocr_par' dir='ltr' id='par_1_119' title="bbox 2182 5752 3778 5851">
     <span class='ocr_line' id='line_1_119' title="bbox 2182 5752 3778 5851; baseline -0.013 -26"><span class='ocrx_word' id='word_1_881' title='bbox 2182 5768 2374 5826; x_wconf 70' lang='lat' dir='ltr'><strong>tierent</strong></span> <span class='ocrx_word' id='word_1_882' title='bbox 2405 5767 2523 5836; x_wconf 88' lang='lat' dir='ltr'><strong>tibi,</strong></span> <span class='ocrx_word' id='word_1_883' title='bbox 2559 5781 2657 5824; x_wconf 86' lang='lat' dir='ltr'><strong>nec</strong></span> <span class='ocrx_word' id='word_1_884' title='bbox 2687 5764 2874 5836; x_wconf 81' lang='lat' dir='ltr'><strong>(etiam</strong></span> <span class='ocrx_word' id='word_1_885' title='bbox 2908 5761 2955 5817; x_wconf 89' lang='lat' dir='ltr'><strong>si</strong></span> <span class='ocrx_word' id='word_1_886' title='bbox 2990 5759 3199 5815; x_wconf 77' lang='lat' dir='ltr'><strong>iaciunt</strong></span> <span class='ocrx_word' id='word_1_887' title='bbox 3236 5753 3458 5827; x_wconf 70' lang='lat' dir='ltr'><strong>iniussi)</strong></span> <span class='ocrx_word' id='word_1_888' title='bbox 3496 5768 3611 5851; x_wconf 77' lang='lat' dir='ltr'><strong>non</strong></span> <span class='ocrx_word' id='word_1_889' title='bbox 3650 5752 3778 5808; x_wconf 77' lang='lat' dir='ltr'><strong>sunt</strong></span> 
     </span>
    </p>
   </div>
  </div>
