3988 6398
219 387 337 442 545

871 379 1234 438 EXPOSlTlO
1266 376 1332 433 IN
1373 374 1759 435 EPISTOLAS
1798 371 2024 430 PAULI.
2062 403 2132 413 —
2166 370 2234 427 ΙΝ
2273 367 2490 427 EPIST.
2534 371 2626 426 AD
2661 369 2818 426 ΗΕΒ.

3387 373 3495 433 546

217 495 426 566 placita
455 492 574 549 tibi.
617 491 829 548 Diceret
858 492 1055 563 aliquis
1090 491 1359 548 fortasse:
1391 489 1518 547 Ideo
1560 507 1670 545 non
1709 490 1826 560 pla-
1853 491 1900 550 Λ
1927 486 2056 553 lem,
2095 487 2394 543 adhortans
2428 502 2523 542 eos
2564 485 2619 541 in
2667 483 2862 558 primis
2908 493 2968 540 ut
3006 500 3144 555 puro
3171 487 3334 544 corde
3368 489 3506 548 inte~

215 595 374 651 cent,
401 585 531 655 quia
557 599 667 639 non
694 584 830 638 ﬁunt
864 584 1240 638 ortlinabiliter
1277 582 1577 637 secundum
1618 582 1813 651 legem.

214 675 306 731 Ad
353 677 460 732 hoc
495 673 883 730 removendum
908 675 1020 729 ait:
1065 673 1188 728 Non
1225 683 1346 728 sunt
1380 672 1582 743 placita
1628 672 1722 726 tibi
1755 690 1818 728 ea

210 783 342 840 qua
385 767 682 836 offeruntur
727 766 1012 819 secundum
1057 765 1253 836 legem,
1303 766 1357 820 id
1404 773 1490 821 est
1536 765 1662 820 licet
1687 765 1820 820 fiant

217 859 527 915 secundum
564 859 698 928 legis
745 858 1138 912 institutionem
1171 866 1300 912 tunc
1344 856 1646 926 reprobatis
1675 857 1820 928 lega-

214 950 368 1005 libus
400 950 598 1005 hostiis
619 949 731 1005 dixi
757 969 769 1003 :
816 949 954 1004 Ecce
987 949 1146 1004 venio
1175 959 1234 1004 ut
1259 948 1454 1004 faciam
1483 949 1818 1004 voluntatem

217 1051 402 1106 tuam,
433 1057 468 1096 ο
499 1041 664 1107 Deus,
692 1041 828 1107 hate,
870 1041 1112 1111 inquam,
1147 1041 1352 1104 dicens.
1399 1039 1457 1095 ln
1500 1041 1587 1097 his
1638 1040 1819 1096 verbis

217 1133 405 1202 aufert
448 1133 681 1202 primum
729 1141 1119 1198 testamentum,
1149 1133 1224 1186 ita
1275 1142 1332 1186 ut
1381 1141 1606 1198 statuat,
1638 1133 1689 1187 id
1735 1141 1820 1188 est

215 1233 490 1293 perpetuo
522 1223 833 1278 durandum
866 1224 1108 1278 stabiliat
1133 1241 1370 1294 sequens,
1411 1222 1621 1278 Novum
1665 1225 1816 1280 scili-

215 1324 308 1370 cet
339 1315 776 1383 Testamentum,
809 1315 865 1370 in
907 1333 1010 1386 qua
1055 1315 1343 1383 voluntate,
1389 1315 1446 1372 id
1494 1326 1579 1372 est
1623 1318 1677 1372 in
1707 1333 1819 1388 quo

214 1405 378 1461 Novo
421 1405 770 1462 Testamento
801 1423 865 1462 ex
903 1408 1181 1462 voluntate
1215 1406 1308 1462 Dei
1349 1409 1667 1475 constituto,
1715 1425 1818 1464 nos

215 1513 406 1552 sumus
447 1497 792 1566 sanctificati,
845 1499 1118 1568 positione
1164 1498 1426 1553 virtutum
1453 1507 1594 1569 post
1621 1515 1819 1555 emun-

215 1587 497 1640 dationem
529 1588 818 1642 malorum.
851 1587 1186 1644 Sanctiﬁcati
1213 1588 1356 1654 dico,
1387 1605 1479 1658 per
1500 1589 1819 1644 oblationem

218 1676 426 1732 Christi
453 1677 603 1745 Iesu,
662 1678 714 1733 id
768 1687 854 1734 est
916 1695 1013 1750 per
1063 1695 1262 1749 corpus
1317 1679 1519 1737 Christi
1575 1683 1818 1738 oblatum

215 1767 404 1834 semel,
435 1768 490 1821 in
514 1784 624 1838 qua
677 1770 845 1824 semel
895 1768 1038 1826 facta
1076 1771 1353 1827 oblatione
1393 1771 1667 1830 sufﬁciens
1717 1773 1820 1828 fuit

217 1857 286 1912 ad
312 1859 692 1928 purgationem
729 1860 976 1915 omnium
1002 1863 1364 1917 macularum.

290 1945 607 2018 Opponeret
660 1949 903 2022 aliquis:
967 1950 1308 2007 Sacriﬁcium
1360 1953 1633 2024 pontiﬁcis
1694 1954 1817 2010 ideo

217 2038 559 2095 insuﬁiciens
579 2050 718 2110 erat,
761 2043 891 2112 quia
938 2044 1105 2098 semel
1131 2052 1344 2099 tantum
1369 2045 1422 2100 in
1445 2061 1592 2101 anno
1615 2047 1775 2102 ﬁebat
1799 2065 1814 2115 ;

219 2131 317 2185 sed
365 2132 684 2201 quotidiana
731 2135 999 2190 sacriﬁcia
1045 2135 1341 2206 proderant
1396 2138 1463 2193 ad
1522 2138 1817 2194 auferenda

219 2232 468 2291 peccata.
505 2223 589 2279 Ad
633 2225 738 2282 hoc
765 2227 1152 2282 removendum
1205 2227 1319 2282 ait:
1375 2227 1530 2285 Sicut
1575 2229 1819 2300 pontifex

219 2313 396 2368 semel
437 2313 583 2371 facto
623 2317 894 2373 sacriﬁcio
915 2317 1131 2374 auferre
1170 2329 1391 2389 peccata
1435 2337 1544 2376 non
1585 2331 1816 2392 poterat,

219 2404 304 2459 sic
333 2405 497 2460 etiam
547 2407 727 2462 omnis
767 2409 987 2479 quidem
1036 2409 1226 2481 legalis
1273 2413 1531 2469 sacerdos
1587 2413 1819 2483 quotidie

220 2496 537 2550 ntittistrans
579 2507 774 2568 prtesto
801 2509 878 2553 est
901 2515 920 2552 :
955 2509 1010 2554 et
1040 2501 1155 2570 ipse
1189 2517 1331 2572 saepe
1358 2503 1650 2572 repetendo
1680 2502 1820 2558 refe-

222 2602 356 2642 rens
375 2590 595 2644 easdem
627 2590 837 2645 hostias
861 2591 976 2645 heri
1009 2592 1244 2659 hircum,
1289 2594 1452 2648 hodie
1472 2594 1669 2650 iterum
1700 2594 1818 2649 hir-

219 2693 374 2744 cum,
423 2680 550 2749 quia
592 2681 729 2736 sicut
759 2698 866 2736 non
900 2681 1040 2749 heri,
1091 2685 1172 2739 sic
1213 2699 1314 2739 nec
1341 2685 1502 2742 hodie
1522 2687 1816 2756 proderat;

220 2769 498 2838 oﬁ‘erens,
551 2771 774 2842 inquam
799 2814 815 2840 ,
868 2774 1091 2830 easdem
1150 2775 1396 2844 hostias,
1453 2793 1574 2848 qua:
1627 2779 1821 2835 hostia:

219 2875 508 2930 nunquam
559 2872 790 2932 possunt
848 2863 1065 2920 auferre
1113 2875 1357 2935 peccata.
1414 2866 1665 2944 Pontifex
1717 2885 1820 2925 seu

219 2951 446 3019 quilibet
498 2953 744 3008 sacerdos
789 2955 979 3026 legalis
1026 2965 1276 3027 repetens
1320 2958 1551 3027 hostias,
1598 2970 1820 3030 peccata

220 3043 419 3111 nequit
464 3044 708 3111 auferre,
757 3047 852 3102 sed
887 3048 978 3104 hic
1015 3047 1260 3118 pontifex
1299 3049 1554 3106 Christus
1598 3053 1819 3121 offerens

221 3133 457 3188 hostiam
480 3152 591 3190 non
620 3138 924 3208 repetitam,
951 3139 1047 3195 sed
1069 3157 1230 3194 unam
1265 3141 1437 3198 solam
1464 3158 1561 3213 pro
1591 3145 1820 3214 peccatis

219 3225 494 3292 omnium,
543 3228 707 3294 sedet,
769 3229 823 3284 id
870 3239 958 3286 est
1009 3231 1243 3302 quiescit
1276 3241 1332 3288 et
1373 3243 1565 3305 regnat
1606 3237 1819 3305 positus

219 3315 279 3368 in
320 3316 561 3385 dextera,
594 3318 647 3372 id
672 3327 756 3374 est
791 3319 846 3374 in
877 3322 1187 3392 :equalitate
1233 3323 1327 3380 Dei
1359 3327 1531 3396 patris
1564 3344 1818 3386 sessurus

220 3409 297 3463 ibi
328 3411 383 3462 in
410 3412 803 3481 sempiternum.
828 3412 939 3470 Nec
960 3430 1281 3475 reversurus
1300 3427 1362 3474 ut
1382 3420 1579 3477 iterum
1605 3421 1818 3493 offerat,

219 3501 383 3570 quasi
420 3502 598 3558 hostia
635 3504 756 3574 ejus
797 3504 961 3560 fuerit
988 3506 1340 3577 insuﬁiciens,
1382 3511 1478 3567 sed
1518 3513 1584 3568 de
1607 3522 1816 3584 cauere,

219 3592 273 3646 id
303 3602 390 3648 est
419 3595 486 3649 de
519 3594 703 3652 futuro
744 3607 1053 3668 exspectans
1081 3599 1159 3654 ibi
1184 3600 1240 3656 in
1264 3602 1485 3659 dextera
1517 3603 1613 3661 Dei
1656 3607 1820 3663 donec

219 3685 433 3739 inimici
473 3687 586 3756 ejus
609 3698 876 3758 ponantur
920 3689 1208 3745 scabellum
1253 3693 1444 3762 pedum
1483 3695 1620 3764 ejus,
1650 3697 1705 3751 id
1737 3707 1822 3755 est

221 3776 376 3830 omni
405 3777 568 3834 modo
598 3780 956 3851 subjectionis
1000 3782 1362 3852 subjiciantur
1390 3786 1460 3853 ei,
1491 3788 1638 3858 quod
1667 3788 1819 3845 futu-

221 3883 346 3921 rum
377 3877 463 3923 est
485 3869 538 3924 in
557 3871 656 3928 .die
675 3871 889 3942 judicii.
923 3869 1168 3930 Offerens
1198 3875 1435 3931 hostiam
1463 3894 1652 3947 unam,
1697 3882 1820 3938 ideo

225 3977 420 4029 unam,
461 3967 589 4034 quia
617 3983 722 4021 una
763 3969 877 4024 sola
913 3969 1179 4026 oblatione
1201 3975 1574 4045 sanctiﬁcarit,
1603 3988 1658 4034 et
1688 3996 1820 4035 san-

225 4055 494 4122 ctiﬁcatos
512 4057 772 4113 virtutum
789 4059 1118 4130 perfectione
1140 4067 1542 4134 consummavit,
1563 4083 1821 4138 perman-

223 4160 388 4200 suros
411 4149 465 4200 in
491 4151 882 4218 sempiternum.
911 4151 1021 4208 Nos
1039 4155 1258 4224 quidem
1283 4155 1519 4215 dicimus
1539 4159 1820 4219 Christum

224 4249 336 4289 una
395 4237 670 4294 oblatione
714 4241 1083 4298 sanctiﬁcatos
1133 4259 1568 4305 consummasse.
1624 4250 1683 4306 In
1716 4254 1822 4310 hoc

221 4336 409 4382 autem
437 4339 779 4397 contestatur,
805 4333 859 4387 id
879 4342 964 4389 est
986 4335 1274 4393 conﬁrmat
1307 4355 1438 4404 nos;
1468 4341 1610 4397 idem
1625 4343 1819 4401 nobis-

219 4432 349 4472 cum
371 4417 650 4477 afﬁrmans
677 4421 842 4477 etiam
883 4423 1114 4493 Spiritus
1137 4437 1373 4495 sanctus,
1395 4433 1523 4501 quia
1542 4443 1818 4506 postquam

1919 578 2169 648 gritatem
2221 578 2342 633 ﬁdei
2387 587 2645 646 teneant;
2695 587 2749 633 et
2803 579 2848 632 si
2900 577 3179 634 incumbat
3232 583 3506 654 persequi,

1919 666 2177 722 audacter
2220 667 2612 734 conﬁteantur,
2657 668 2954 739 gaudentes
2980 670 3088 738 pati
3135 685 3233 739 pro
3266 670 3507 740 Christo,

1919 765 1972 812 et
1997 757 2076 813 sic
2102 757 2156 812 in
2191 757 2314 825 ﬁde,
2341 767 2398 814 et
2429 757 2775 815 confessione
2809 758 3022 814 ﬁrmam
3055 776 3206 830 spem
3248 761 3505 818 habeant.

1920 848 2074 904 Unde
2103 850 2183 905 sic
2211 850 2286 905 ait
2313 869 2324 905 :
2354 849 2492 917 Quia
2519 849 2760 921 pontifex
2783 850 3038 907 Christus
3067 853 3236 908 semel
3273 853 3510 908 offerens

1919 941 2222 996 sanctiﬁcat
2251 951 2482 1008 veteres,
2522 958 2623 998 nec
2650 943 2981 1012 quotidianis
3012 945 3296 999 sacriﬁciis
3343 946 3511 1016 399

1917 1033 2178 1102 prodesse
2207 1042 2458 1102 possunt.
2490 1032 2678 1104 Itaque
2706 1035 2920 1104 fratres,
2969 1051 3068 1090 nos
3101 1036 3345 1090 habentes
3367 1038 3508 1106 ﬁdu-

1918 1126 2058 1178 ciam
2085 1125 2140 1179 in
2167 1125 2408 1192 introitu,
2446 1125 2500 1180 id
2528 1135 2612 1181 est
2646 1126 2713 1181 de
2741 1126 2966 1181 introitu
3013 1137 3339 1194 sanctorum,
3395 1128 3509 1183 sci-

1917 1215 2043 1272 licet
2064 1217 2210 1287 quod
2231 1231 2332 1272 nos
2369 1215 2568 1272 Sancta
2609 1226 2924 1273 sanctorum
2974 1234 3099 1274 vere
3135 1219 3505 1274 introibimus.

1919 1305 2212 1374 Habentes,
2238 1307 2382 1375 dico,
2424 1307 2678 1364 ﬁduciam
2716 1310 2772 1362 in
2811 1311 3066 1380 sanguine
3091 1310 3310 1377 Christi,
3341 1327 3506 1382 quem

1919 1399 2088 1459 semel
2108 1399 2345 1454 offerens
2369 1414 2470 1469 pro
2499 1408 2684 1454 nostra
2707 1401 3093 1457 cmundatione
3134 1401 3273 1456 fudit
3298 1421 3311 1455 :
3340 1418 3507 1472 quam

1919 1490 2084 1557 viam,
2131 1489 2185 1545 id
2205 1498 2291 1546 est
2321 1491 2604 1546 introitum
2635 1499 2952 1546 sanctorum
2997 1494 3136 1546 viam
3181 1493 3303 1547 dico
3351 1509 3504 1558 nova,

1920 1581 1973 1636 id
1996 1590 2080 1637 est
2100 1581 2312 1637 noviter
2339 1581 2397 1636 in
2427 1582 2646 1638 Christo
2669 1591 2962 1638 reseratam
2993 1583 3176 1653 (nemo
3197 1584 3357 1639 etiam
3380 1593 3509 1640 ante

1919 1671 2200 1727 Cbristum
2227 1672 2526 1728 ambulavit
2560 1674 2702 1728 hanc
2729 1673 2874 1728 viam
2902 1690 3061 1744 quant
3088 1674 3319 1728 initiavit
3357 1675 3506 1728 nobis

1921 1762 2210 1835 Christus).
2246 1763 2403 1819 Viam
2429 1779 2628 1820 novam
2651 1774 2700 1820 et
2733 1765 3006 1832 uiuentem,
3031 1765 3083 1820 id
3103 1774 3186 1821 est
3206 1766 3508 1836 perduran-

1843 1857 1892 1919 B
1919 1865 2028 1911 tem
2056 1857 2111 1911 in
2140 1865 2424 1912 aeternum.
2454 1855 2694 1911 Initiavit
2736 1857 2860 1912 dico
2905 1873 2998 1926 per
3047 1853 3300 1923 velamen,
3347 1857 3398 1912 id
3425 1865 3510 1911 est

1917 1964 2016 2018 per
2057 1947 2420 2019 signiﬁcatum
2469 1947 2616 2003 illius
2644 1948 2954 2015 velaminis,
3000 1949 3146 2018 quod
3169 1949 3280 2002 duo
3327 1948 3507 2002 taber-

1919 2040 2113 2095 nacula
2138 2039 2431 2107 dividebat,
2476 2039 2532 2094 id
2555 2048 2640 2096 est
2681 2055 2778 2110 per
2805 2055 3017 2093 carnem
3041 2055 3215 2093 suam.
3249 2037 3508 2093 Velamen

1917 2132 2062 2186 enim
2093 2131 2225 2187 illud
2247 2131 2395 2202 quod
2417 2129 2620 2187 Sancta
2663 2140 2978 2187 sanctorum
3024 2129 3352 2197 occultabat,
3380 2145 3508 2185 car-

1919 2238 2043 2278 nem
2065 2222 2294 2289 Christi,
2311 2238 2436 2294 qua:
2463 2223 2721 2279 deitatem
2747 2223 2850 2278 sibi
2881 2225 3090 2278 unitam
3119 2224 3503 2292 velabat,pra:-

1919 2311 2204 2382 ﬁgurabat.
2239 2311 2415 2380 Unde,
2431 2314 2716 2384 expirante
2735 2313 2956 2369 Christo
2983 2315 3038 2368 in
3067 2331 3230 2370 cruce
3248 2329 3510 2371 consum-

1918 2403 2104 2458 matis'
2129 2403 2406 2469 omnibus,
2453 2403 2688 2459 scissum
2711 2413 2794 2459 est
2834 2405 3014 2458 velitm
3049 2404 3235 2474 templi
3283 2403 3504 2474 (Matth.

1919 2510 2069 2560 xxvi,
2113 2493 2175 2550 51
2206 2512 2221 2561 ;
2257 2493 2422 2549 Mart.
2455 2511 2544 2564 xv,
2575 2495 2644 2550 58
2669 2514 2684 2563 ;
2722 2495 2834 2550 Luc
2865 2513 3024 2563 χχιιι,
3048 2497 3163 2568 45),
3192 2498 3509 2568 significans

1920 2595 2162 2656 apertam
2205 2602 2328 2642 esse
2369 2588 2513 2642 viam
2561 2589 2618 2643 in
2661 2587 2883 2644 Christo
2929 2590 3164 2646 intrandi
3218 2590 3273 2645 in
3307 2588 3508 2646 Sancta

1921 2686 2254 2732 sanctorum.
2287 2677 2384 2732 Vel
2411 2679 2484 2734 ita
2511 2679 2746 2735 initiavit
2770 2680 2928 2736 nobis
2953 2680 3097 2736 viam
3119 2696 3216 2750 per
3238 2681 3507 2749 velamen,

1921 2770 1976 2826 id
2001 2761 2086 2827 est
2112 2786 2208 2840 per
2245 2787 2465 2828 carnem
2512 2789 2692 2842 suam,
2741 2775 2900 2844 cujus
2949 2790 3171 2830 carnem
3210 2786 3265 2831 et
3289 2776 3510 2846 sangui-

1921 2878 2048 2918 nem
2099 2863 2157 2918 in
2201 2879 2430 2920 accessu
2471 2865 2667 2922 mortis
2695 2867 2999 2937 accipimus
3022 2867 3286 2923 viaticum
3311 2869 3378 2924 ad
3409 2884 3508 2939 pa-

1921 2953 2104 3009 triam.

1990 3044 2224 3103 Carnem
2249 3047 2373 3104 dico
2413 3056 2470 3104 et
2497 3048 2822 3121 sanguinem
2856 3050 3039 3121 specie
3063 3050 3223 3121 panis
3245 3050 3502 3106 velatam.

1921 3136 2162 3193 lnitiavit
2183 3140 2343 3196 nobis
2384 3155 2484 3211 per
2511 3155 2735 3196 carnem
2781 3156 2962 3207 suam,
2985 3153 3042 3197 et
3065 3158 3162 3212 per
3179 3157 3239 3198 se
3260 3143 3507 3196 sacerdo-

1923 3239 2024 3284 tem
2061 3230 2306 3300 quotidie
2338 3231 2557 3287 Patrem
2581 3247 2682 3303 pro
2713 3232 2874 3288 nobis
2918 3233 3374 3303 interpellantem.
3400 3232 3504 3288 Sa-

1920 3321 2195 3378 cerdotem
2218 3323 2344 3378 dico
2368 3341 2617 3395 magnum
2645 3326 2713 3381 ad
2733 3326 3199 3396 comparationem
3224 3326 3501 3398 legalium.

1919 3412 2174 3486 Magnum
2199 3414 2322 3470 dico
2345 3416 2690 3470 constitutum
2732 3434 2888 3487 super
2936 3418 3152 3472 domum
3192 3417 3310 3484 Dei,
3341 3417 3395 3473 id
3421 3426 3508 3474 est

1926 3515 2250 3578 praesentem
2273 3516 2328 3563 et
2351 3507 2592 3564 futuram
2620 3508 2942 3566 Ecclesiam.
2966 3509 3098 3578 Nos,
3120 3511 3366 3583 inquam,
3394 3509 3508 3566 fra-

1919 3608 2052 3665 tres,
2085 3599 2348 3656 babentes
2377 3600 2538 3655 talem
2562 3601 2818 3657 ﬁduciam
2853 3603 3190 3671 accedamus,
3222 3603 3276 3659 id
3305 3614 3390 3661 est
3407 3619 3506 3674 ap-

1919 3691 2294 3761 proximemus
2347 3693 2416 3748 ad
2451 3692 2746 3749 Dominum
2796 3711 2914 3748 cum
2950 3711 3069 3749 vero
3120 3696 3296 3762 corde,
3339 3695 3392 3750 id
3420 3705 3506 3751 est

1919 3798 2045 3839 cum
2071 3793 2219 3840 recta
2246 3784 2601 3856 intelligentia
2625 3786 2678 3839 in
2703 3785 3031 3856 plenitudine
3051 3786 3198 3856 ﬁdei,
3219 3787 3273 3841 id
3293 3795 3378 3841 est
3405 3787 3505 3842 ha-

1919 3875 2110 3931 bentes
2156 3876 2339 3942 ﬁdem,
2390 3891 2498 3932 non
2547 3877 2615 3932 de
2647 3877 2977 3947 quibusdam
3027 3886 3261 3945 tantum,
3311 3878 3405 3934 sed
3435 3879 3505 3935 de

1918 3969 2180 4026 omnibus
2199 3968 2488 4025 credendis
2506 3969 2827 4040 plenariam.
2855 3969 3222 4038 Accedamus,
3253 3971 3502 4042 inquam,

1921 4063 2123 4133 aspersi
2147 4062 2332 4129 corda,
2374 4062 2427 4117 id
2455 4071 2541 4118 est
2576 4062 2838 4117 habentes
2867 4062 3128 4117 mundata
3169 4063 3358 4129 corda,
3389 4078 3501 4118 non

1920 4154 2098 4210 solum
2125 4169 2156 4208 a
2176 4162 2419 4223 peccato,
2451 4153 2546 4208 sed
2570 4152 2737 4206 etiam
2761 4168 2794 4204 a
2815 4151 2961 4207 mala
2990 4155 3334 4221 conscientia,
3352 4153 3502 4224 quod

1921 4262 2022 4302 nec
2082 4245 2377 4316 cujuslibet
2421 4243 2549 4299 mali
2599 4243 2932 4299 conscientia
2978 4259 3082 4301 nos
3131 4247 3404 4314 mordeat;
3449 4256 3500 4301 et

1919 4330 2090 4393 abluti
2124 4354 2313 4408 corpus
2335 4354 2476 4408 aqua
2503 4337 2723 4402 munda,
2764 4335 2817 4390 id
2855 4345 2940 4393 est
2965 4337 3228 4395 habentes
3249 4339 3505 4410 puriﬁca-

1919 4438 2030 4485 tam
2071 4445 2294 4485 carnem
2350 4430 2621 4500 baptismo
2677 4431 2975 4487 mandante
3025 4447 3127 4487 nos
3154 4472 3171 4498 ,
3229 4442 3500 4487 teneamus

220 4508 362 4562 dixit
396 4510 448 4564 in
483 4510 757 4570 Jeremia:
797 4513 912 4569 Hoc
937 4525 1113 4572 autem
1157 4529 1235 4574 est
1277 4530 1646 4579 testamentum
1674 4529 1814 4597 quod
1843 4539 1894 4601 ι)
1919 4534 2083 4589 opere
2104 4528 2160 4574 et
2179 4519 2342 4575 corde
2368 4521 2782 4590 confessionem;
2803 4522 2950 4592 quod
2972 4521 3018 4577 si
3047 4522 3303 4593 ingruant
3330 4523 3500 4590 mala,

223 4601 461 4657 testabor
485 4604 555 4656 ad
577 4604 720 4673 illos,
745 4608 912 4662 ethoc
932 4609 1066 4663 dicit
1091 4609 1384 4668 Dominus:
1413 4625 1531 4685 post
1555 4617 1667 4671 dies
1693 4618 1816 4673 illas
1920 4609 2046 4664 inde
2074 4623 2184 4663 ηοῐὶ
2213 4608 2574 4664 formidem”
2603 4609 2726 4664 ideo
2749 4610 2999 4665 conmel'i
3019 4609 3322 4670 CbriSWm~
3351 4610 3500 4668 Con-

222 4689 361 4744 dabo
396 4690 531 4762 leges
562 4711 702 4749 meas
729 4697 784 4750 in
821 4698 1065 4753 cordibus
1091 4716 1292 4768 eorum,
1335 4714 1386 4757 et
1429 4707 1816 4774 superscribam

220 4798 313 4834 eas
349 4783 407 4835 in
431 4794 604 4839 monte
632 4802 834 4844 eorum.
878 4789 1177 4861 Postquam
1219 4793 1325 4849 hoc
1358 4795 1515 4862 dixit,
1569 4797 1818 4867 adjunxit

225 4870 468 4942 Spiritus
513 4885 776 4933 sanctus:
825 4888 882 4934 et
917 4881 1033 4950 jam
1073 4881 1303 4953 amplius
1349 4901 1453 4940 non
1502 4889 1819 4944 recordabar

222 4974 582 5033 peccatorum,
609 4967 958 5039 iniquitatum
981 4989 1182 5028 eorum.
1212 4973 1273 5029 In
1302 4975 1389 5031 his
1428 4986 1608 5034 autem
1634 4980 1815 5038 verbis

223 5064 568 5113 contestatur
607 5059 846 5131 Spiritus
869 5073 1092 5122 sanctus
1119 5081 1284 5122 unam
1310 5068 1640 5125 oblationem
1682 5086 1816 5126 con-

222 5161 539 5205 summasse
587 5153 998 5212 sanctiﬁcatos:
1037 5158 1168 5227 quia
1211 5159 1304 5213 ubi
1347 5169 1426 5215 est
1480 5171 1814 5231 peccatorum

223 5242 491 5311 remissio,
531 5244 650 5314 jam
702 5264 806 5302 non
851 5257 931 5303 est
973 5252 1283 5308 necessaria
1327 5253 1527 5309 oblatio
1558 5271 1653 5326 pro
1688 5271 1814 5327 pec-

224 5343 369 5391 tato.

293 5425 596 5497 Postquam
655 5446 754 5502 per
800 5433 1137 5504 pontiﬁcium
1191 5436 1428 5506 Christi,
1491 5437 1817 5495 sufﬁcienter

228 5528 384 5573 vetus
444 5522 782 5589 pontiﬁcium
835 5525 1144 5595 destruxit,
1198 5536 1253 5582 et
1314 5537 1498 5584 vetera
1547 5529 1816 5586 sacriﬁcia

225 5611 519 5680 reprobata
544 5654 561 5680 ,
614 5615 751 5669 etin
802 5616 1074 5673 sacriﬁcio
1125 5617 1327 5674 Christi
1391 5619 1558 5674 semel
1603 5619 1813 5686 oblato,

226 5716 450 5757 omnem
482 5705 925 5774 iustiﬁcationem
951 5709 1248 5766 consistere
1282 5711 1574 5781 perhibuit,
1613 5710 1817 5768 faciens

226 5794 394 5851 ﬁnem
421 5796 489 5853 de
520 5798 855 5871 hnjusmodi,
878 5802 1074 5859 transit
1098 5802 1164 5859 ad
1187 5802 1600 5860 instructionem
1633 5817 1815 5858 mora-
1854 5853 1861 5862 .

1918 4699 2212 4755 fessionem
2235 4701 2360 4755 dico
2380 4700 2824 4767 indeclinabilem,
2840 4701 2986 4772 quod
3011 4717 3114 4758 nec
3136 4701 3190 4756 in
3215 4701 3500 4759 dexteram

1917 4791 2275 4856 declinemus,
2296 4805 2397 4846 nec
2411 4790 2479 4845 ad
2503 4790 2810 4858 sinistram,
2829 4806 2953 4862 quas
2971 4791 3248 4848 confessio
3261 4802 3348 4848 est
3367 4809 3501 4852 rau-

1916 4900 1977 4939 sa
2003 4891 2198 4938 nostra:
2226 4883 2356 4953 spei.
2389 4882 2446 4937 Si
2471 4881 2616 4937 enim
2667 4881 2829 4936 ﬁdem
2869 4881 3075 4938 Christi
3101 4882 3158 4936 in
3195 4893 3498 4954 conspectu

1915 4983 2328 5047 persecutorum
2372 4990 2484 5029 non
2513 4972 2863 5029 timuerimus
2907 4971 3174 5041 conﬁteri,
3217 4982 3350 5030 tunc
3395 4981 3512 5046 pro'

1919 5075 2069 5125 certo
2113 5080 2334 5136 sperare
2375 5079 2670 5135 possumus
2725 5062 2966 5120 futuram
3003 5065 3230 5136 gloriam
3266 5067 3493 5123 sanctis.

1920 5157 2133 5213 Diceret
2152 5157 2242 5211 ille
2269 5172 2284 5208 :
2314 5153 2449 5222 Quis
2477 5153 2688 5220 tandiu,
2725 5163 2779 5210 et
2810 5163 2962 5209 tanta
2984 5155 3288 5223 tolerando,
3310 5165 3498 5227 posset

1918 5261 2140 5318 sperare
2177 5260 2294 5301 rem
2325 5244 2560 5299 fortasse
2592 5258 2873 5312 nunquam
2903 5244 3248 5301 habendam?
3272 5245 3355 5302 Ad
3389 5247 3498 5302 hoc

1918 5339 2159 5396 Paulus:
2192 5336 2250 5393 Si
2288 5337 2548 5393 audacter
2571 5334 2926 5402 conﬁtemini,
2955 5336 3106 5392 salva
3134 5353 3258 5408 spes
3285 5348 3372 5394 est
3397 5352 3496 5394 vo-

1917 5432 2026 5497 bis,
2055 5430 2182 5501 quia
2208 5428 2352 5485 Deus
2379 5435 2458 5482 est
2482 5425 2679 5498 fidelis,
2704 5435 2759 5481 et
2783 5427 3003 5482 mentiri
3027 5443 3137 5482 non
3182 5436 3377 5498 potest,
3399 5428 3494 5498 qui

1918 5522 2216 5594 repromisit
2260 5519 2652 5576 conﬁtentibus
2678 5533 2739 5574 se
2789 5518 2932 5575 bona
2957 5533 3081 5588 quae
3104 5517 3356 5588 speratis.
3383 5517 3493 5573 Te-

1915 5629 2144 5671 neamus
2186 5611 2587 5668 confessionem
2631 5618 2683 5664 et
2736 5609 3123 5664 consideremus
3160 5608 3403 5675 invicem,
3437 5609 3493 5664 id

1913 5715 1999 5764 est
2034 5707 2170 5762 alter
2191 5704 2446 5768 alterum,
2472 5718 2582 5758 non
2612 5701 2668 5756 in
2695 5699 2869 5771 litigio
2893 5707 2948 5754 et
2989 5697 3326 5754 detractione
3355 5716 3369 5753 :
3393 5697 3490 5753 sed

1913 5802 1968 5856 in
1994 5799 2358 5872 provocatione
2395 5795 2676 5850 charitatis
2704 5803 2754 5848 et
2783 5793 3036 5847 bonorum
3057 5807 3296 5861 operum,
3322 5790 3377 5847 id
3407 5800 3494 5848 est
