  <div class='ocr_page' id='page_1' title='image "/cluster/home/n/w/nwhite01/storage/ocr_20150623/153/hvd.32044015473812/279.png"; bbox 0 0 3988 6416; ppageno 0'>
   <div class='ocr_carea' id='block_1_1' title="bbox 502 398 606 454">
    <p class='ocr_par' dir='ltr' id='par_1_1' title="bbox 502 398 606 454">
     <span class='ocr_line' id='line_1_1' title="bbox 502 398 606 454; baseline -0.038 0"><span class='ocrx_word' id='word_1_1' title='bbox 502 398 606 454; x_wconf 60' lang='grc' dir='ltr'><strong>δι’]</strong></span> 
     </span>
    </p>
   </div>
   <div class='ocr_carea' id='block_1_2' title="bbox 1037 378 3192 448">
    <p class='ocr_par' dir='ltr' id='par_1_2' title="bbox 1037 378 3192 448">
     <span class='ocr_line' id='line_1_2' title="bbox 1037 378 3192 448; baseline -0.006 0"><span class='ocrx_word' id='word_1_2' title='bbox 1037 392 1096 448; x_wconf 91' lang='lat' dir='ltr'><strong>S.</strong></span> <span class='ocrx_word' id='word_1_3' title='bbox 1134 387 1483 447; x_wconf 73' lang='lat' dir='ltr'><strong>BRUNONlS</strong></span> <span class='ocrx_word' id='word_1_4' title='bbox 1515 381 2157 443; x_wconf 77' lang='lat' dir='ltr'><strong>CARTHUSIANORUM</strong></span> <span class='ocrx_word' id='word_1_5' title='bbox 2193 378 2684 437; x_wconf 76' lang='lat' dir='ltr'><strong>INSTITUTORIS</strong></span> <span class='ocrx_word' id='word_1_6' title='bbox 2719 380 2871 438; x_wconf 83' lang='lat' dir='ltr'><strong>OPP.</strong></span> <span class='ocrx_word' id='word_1_7' title='bbox 2909 381 3093 438; x_wconf 76' lang='lat' dir='ltr'><strong>PARS</strong></span> <span class='ocrx_word' id='word_1_8' title='bbox 3127 380 3192 436; x_wconf 84' lang='lat' dir='ltr'><strong>ll.</strong></span> 
     </span>
    </p>
   </div>
   <div class='ocr_carea' id='block_1_3' title="bbox 3662 376 3767 433">
    <p class='ocr_par' dir='ltr' id='par_1_3' title="bbox 3662 376 3767 433">
     <span class='ocr_line' id='line_1_3' title="bbox 3662 376 3767 433; baseline 0 -2"><span class='ocrx_word' id='word_1_9' title='bbox 3662 376 3767 433; x_wconf 65' lang='grc' dir='ltr'><strong>διε</strong></span> 
     </span>
    </p>
   </div>
   <div class='ocr_carea' id='block_1_4' title="bbox 502 482 3763 581">
    <p class='ocr_par' dir='ltr' id='par_1_4' title="bbox 502 482 3763 581">
     <span class='ocr_line' id='line_1_4' title="bbox 502 482 3763 581; baseline -0.005 -14"><span class='ocrx_word' id='word_1_10' title='bbox 502 514 641 569; x_wconf 90' lang='lat' dir='ltr'><strong>alter</strong></span> <span class='ocrx_word' id='word_1_11' title='bbox 668 510 916 581; x_wconf 79' lang='lat' dir='ltr'><strong>exemplo</strong></span> <span class='ocrx_word' id='word_1_12' title='bbox 965 509 1190 565; x_wconf 91' lang='lat' dir='ltr'><strong>alterius</strong></span> <span class='ocrx_word' id='word_1_13' title='bbox 1213 512 1535 578; x_wconf 78' lang='lat' dir='ltr'><strong>provocetur</strong></span> <span class='ocrx_word' id='word_1_14' title='bbox 1557 504 1626 560; x_wconf 89' lang='lat' dir='ltr'><strong>ad</strong></span> <span class='ocrx_word' id='word_1_15' title='bbox 1638 482 1995 560; x_wconf 69' lang='lat' dir='ltr'><strong>dilectionem</strong></span> <span class='ocrx_word' id='word_1_16' title='bbox 2020 508 2076 557; x_wconf 87' lang='lat' dir='ltr'><strong>et</strong></span> <span class='ocrx_word' id='word_1_17' title='bbox 2102 504 2146 561; x_wconf 79' lang='grc' dir='ltr'>Α</span> <span class='ocrx_word' id='word_1_18' title='bbox 2173 498 2403 569; x_wconf 87' lang='lat' dir='ltr'><strong>gratiam</strong></span> <span class='ocrx_word' id='word_1_19' title='bbox 2455 498 2654 565; x_wconf 81' lang='lat' dir='ltr'><strong>attulit,</strong></span> <span class='ocrx_word' id='word_1_20' title='bbox 2708 499 2837 555; x_wconf 83' lang='lat' dir='ltr'><strong>licet</strong></span> <span class='ocrx_word' id='word_1_21' title='bbox 2884 512 3194 570; x_wconf 85' lang='lat' dir='ltr'><strong>peccemus,</strong></span> <span class='ocrx_word' id='word_1_22' title='bbox 3240 511 3352 551; x_wconf 89' lang='lat' dir='ltr'><strong>non</strong></span> <span class='ocrx_word' id='word_1_23' title='bbox 3395 502 3615 551; x_wconf 71' lang='lat' dir='ltr'><strong>unum</strong></span> <span class='ocrx_word' id='word_1_24' title='bbox 3656 512 3763 550; x_wconf 84' lang='lat' dir='ltr'><strong>non</strong></span> 
     </span>
    </p>
   </div>
   <div class='ocr_carea' id='block_1_5' title="bbox 502 603 1114 674">
    <p class='ocr_par' dir='ltr' id='par_1_5' title="bbox 502 603 1114 674">
     <span class='ocr_line' id='line_1_5' title="bbox 502 603 1114 674; baseline -0.002 -16"><span class='ocrx_word' id='word_1_25' title='bbox 502 604 571 660; x_wconf 91' lang='lat' dir='ltr'><strong>ad</strong></span> <span class='ocrx_word' id='word_1_26' title='bbox 604 605 743 659; x_wconf 85' lang='lat' dir='ltr'><strong>bene</strong></span> <span class='ocrx_word' id='word_1_27' title='bbox 760 603 1114 674; x_wconf 90' lang='lat' dir='ltr'><strong>operandum.</strong></span> 
     </span>
    </p>
   </div>
   <div class='ocr_carea' id='block_1_6' title="bbox 574 687 2072 762">
    <p class='ocr_par' dir='ltr' id='par_1_6' title="bbox 574 687 2072 762">
     <span class='ocr_line' id='line_1_6' title="bbox 574 687 2072 762; baseline -0.007 -14"><span class='ocrx_word' id='word_1_28' title='bbox 574 693 706 762; x_wconf 89' lang='lat' dir='ltr'><strong>Nos,</strong></span> <span class='ocrx_word' id='word_1_29' title='bbox 748 695 893 760; x_wconf 88' lang='lat' dir='ltr'><strong>dico,</strong></span> <span class='ocrx_word' id='word_1_30' title='bbox 933 709 1037 747; x_wconf 90' lang='lat' dir='ltr'><strong>non</strong></span> <span class='ocrx_word' id='word_1_31' title='bbox 1082 692 1369 746; x_wconf 70' lang='lat' dir='ltr'><strong>deserentes</strong></span> <span class='ocrx_word' id='word_1_32' title='bbox 1411 687 1769 743; x_wconf 77' lang='lat' dir='ltr'><strong>collectionem</strong></span> <span class='ocrx_word' id='word_1_33' title='bbox 1815 693 2072 753; x_wconf 88' lang='lat' dir='ltr'><strong>nostram,</strong></span> 
     </span>
    </p>
   </div>
   <div class='ocr_carea' id='block_1_7' title="bbox 504 777 2075 857">
    <p class='ocr_par' dir='ltr' id='par_1_7' title="bbox 504 777 2075 857">
     <span class='ocr_line' id='line_1_7' title="bbox 504 777 2075 857; baseline -0.006 -16"><span class='ocrx_word' id='word_1_34' title='bbox 504 787 558 842; x_wconf 90' lang='lat' dir='ltr'><strong>id</strong></span> <span class='ocrx_word' id='word_1_35' title='bbox 590 796 675 842; x_wconf 88' lang='lat' dir='ltr'><strong>est</strong></span> <span class='ocrx_word' id='word_1_36' title='bbox 710 785 1183 857; x_wconf 79' lang='lat' dir='ltr'><strong>congregationem</strong></span> <span class='ocrx_word' id='word_1_37' title='bbox 1226 780 1504 846; x_wconf 65' lang='lat' dir='ltr'><strong>Ecclesiae,</strong></span> <span class='ocrx_word' id='word_1_38' title='bbox 1541 779 1737 833; x_wconf 91' lang='lat' dir='ltr'><strong>timore</strong></span> <span class='ocrx_word' id='word_1_39' title='bbox 1766 777 2075 848; x_wconf 84' lang='lat' dir='ltr'><strong>urgentium</strong></span> 
     </span>
    </p>
   </div>
   <div class='ocr_carea' id='block_1_8' title="bbox 504 868 2077 944">
    <p class='ocr_par' dir='ltr' id='par_1_8' title="bbox 504 868 2077 944">
     <span class='ocr_line' id='line_1_8' title="bbox 504 868 2077 944; baseline -0.006 -13"><span class='ocrx_word' id='word_1_40' title='bbox 504 882 913 944; x_wconf 84' lang='lat' dir='ltr'><strong>persecutorum</strong></span> <span class='ocrx_word' id='word_1_41' title='bbox 937 873 1126 940; x_wconf 86' lang='lat' dir='ltr'><strong>territi,</strong></span> <span class='ocrx_word' id='word_1_42' title='bbox 1158 873 1298 925; x_wconf 92' lang='lat' dir='ltr'><strong>sicut</strong></span> <span class='ocrx_word' id='word_1_43' title='bbox 1337 879 1415 925; x_wconf 86' lang='lat' dir='ltr'><strong>est</strong></span> <span class='ocrx_word' id='word_1_44' title='bbox 1443 868 1834 924; x_wconf 67' lang='lat' dir='ltr'><strong>conmetudinis</strong></span> <span class='ocrx_word' id='word_1_45' title='bbox 1861 868 2077 940; x_wconf 89' lang='lat' dir='ltr'><strong>quibus-</strong></span> 
     </span>
    </p>
   </div>
   <div class='ocr_carea' id='block_1_9' title="bbox 504 962 2078 1036">
    <p class='ocr_par' dir='ltr' id='par_1_9' title="bbox 504 962 2078 1036">
     <span class='ocr_line' id='line_1_9' title="bbox 504 962 2078 1036; baseline -0.003 -16"><span class='ocrx_word' id='word_1_46' title='bbox 504 968 653 1035; x_wconf 86' lang='lat' dir='ltr'><strong>dam,</strong></span> <span class='ocrx_word' id='word_1_47' title='bbox 677 977 738 1024; x_wconf 93' lang='lat' dir='ltr'><strong>ut</strong></span> <span class='ocrx_word' id='word_1_48' title='bbox 771 985 790 1020; x_wconf 71' lang='grc' dir='ltr'><strong>ε</strong></span> <span class='ocrx_word' id='word_1_49' title='bbox 832 968 899 1022; x_wconf 90' lang='lat' dir='ltr'><strong>ad</strong></span> <span class='ocrx_word' id='word_1_50' title='bbox 919 976 1133 1036; x_wconf 88' lang='lat' dir='ltr'><strong>tempus</strong></span> <span class='ocrx_word' id='word_1_51' title='bbox 1172 965 1415 1028; x_wconf 81' lang='lat' dir='ltr'><strong>credant,</strong></span> <span class='ocrx_word' id='word_1_52' title='bbox 1443 969 1498 1018; x_wconf 90' lang='lat' dir='ltr'><strong>et</strong></span> <span class='ocrx_word' id='word_1_53' title='bbox 1524 962 1579 1016; x_wconf 89' lang='lat' dir='ltr'><strong>in</strong></span> <span class='ocrx_word' id='word_1_54' title='bbox 1608 969 1852 1031; x_wconf 88' lang='lat' dir='ltr'><strong>tempore</strong></span> <span class='ocrx_word' id='word_1_55' title='bbox 1901 967 2078 1016; x_wconf 85' lang='lat' dir='ltr'><strong>tenta-</strong></span> 
     </span>
    </p>
   </div>
   <div class='ocr_carea' id='block_1_10' title="bbox 507 1050 2075 1129">
    <p class='ocr_par' dir='ltr' id='par_1_10' title="bbox 507 1050 2075 1129">
     <span class='ocr_line' id='line_1_10' title="bbox 507 1050 2075 1129; baseline -0.005 -15"><span class='ocrx_word' id='word_1_56' title='bbox 507 1060 675 1115; x_wconf 88' lang='lat' dir='ltr'><strong>tionis</strong></span> <span class='ocrx_word' id='word_1_57' title='bbox 719 1059 974 1114; x_wconf 80' lang='lat' dir='ltr'><strong>recedant</strong></span> <span class='ocrx_word' id='word_1_58' title='bbox 1020 1056 1172 1129; x_wconf 89' lang='lat' dir='ltr'><strong>(Luc.</strong></span> <span class='ocrx_word' id='word_1_59' title='bbox 1222 1071 1342 1122; x_wconf 85' lang='lat' dir='ltr'><strong>Vlll,</strong></span> <span class='ocrx_word' id='word_1_60' title='bbox 1376 1052 1486 1125; x_wconf 79' lang='lat' dir='ltr'><strong>l5).</strong></span> <span class='ocrx_word' id='word_1_61' title='bbox 1527 1071 1546 1105; x_wconf 73' lang='grc' dir='ltr'><strong><em>ι</em></strong></span> <span class='ocrx_word' id='word_1_62' title='bbox 1575 1050 1695 1107; x_wconf 83' lang='grc' dir='ltr'><strong>Νοη</strong></span> <span class='ocrx_word' id='word_1_63' title='bbox 1742 1052 2075 1118; x_wconf 78' lang='lat' dir='ltr'><strong>deserentes,</strong></span> 
     </span>
    </p>
   </div>
   <div class='ocr_carea' id='block_1_11' title="bbox 507 1141 2076 1212">
    <p class='ocr_par' dir='ltr' id='par_1_11' title="bbox 507 1141 2076 1212">
     <span class='ocr_line' id='line_1_11' title="bbox 507 1141 2076 1212; baseline -0.006 -8"><span class='ocrx_word' id='word_1_64' title='bbox 507 1151 598 1204; x_wconf 87' lang='lat' dir='ltr'><strong>sed</strong></span> <span class='ocrx_word' id='word_1_65' title='bbox 637 1148 958 1204; x_wconf 76' lang='lat' dir='ltr'><strong>consolantes</strong></span> <span class='ocrx_word' id='word_1_66' title='bbox 994 1146 1371 1202; x_wconf 86' lang='lat' dir='ltr'><strong>collectionem</strong></span> <span class='ocrx_word' id='word_1_67' title='bbox 1409 1142 1696 1208; x_wconf 59' lang='lat' dir='ltr'><strong>Ecclesia};</strong></span> <span class='ocrx_word' id='word_1_68' title='bbox 1734 1149 1879 1195; x_wconf 88' lang='lat' dir='ltr'><strong>tanto</strong></span> <span class='ocrx_word' id='word_1_69' title='bbox 1908 1141 2076 1212; x_wconf 88' lang='lat' dir='ltr'><strong>magis</strong></span> 
     </span>
    </p>
   </div>
   <div class='ocr_carea' id='block_1_12' title="bbox 508 1232 2079 1308">
    <p class='ocr_par' dir='ltr' id='par_1_12' title="bbox 508 1232 2079 1308">
     <span class='ocr_line' id='line_1_12' title="bbox 508 1232 2079 1308; baseline -0.008 -12"><span class='ocrx_word' id='word_1_70' title='bbox 508 1242 814 1295; x_wconf 90' lang='lat' dir='ltr'><strong>laborantes</strong></span> <span class='ocrx_word' id='word_1_71' title='bbox 842 1239 897 1293; x_wconf 92' lang='lat' dir='ltr'><strong>in</strong></span> <span class='ocrx_word' id='word_1_72' title='bbox 927 1239 1053 1305; x_wconf 90' lang='lat' dir='ltr'><strong>hoc,</strong></span> <span class='ocrx_word' id='word_1_73' title='bbox 1085 1246 1282 1308; x_wconf 88' lang='lat' dir='ltr'><strong>quanto</strong></span> <span class='ocrx_word' id='word_1_74' title='bbox 1329 1235 1558 1305; x_wconf 78' lang='lat' dir='ltr'><strong>amplius</strong></span> <span class='ocrx_word' id='word_1_75' title='bbox 1608 1232 1846 1286; x_wconf 81' lang='lat' dir='ltr'><strong>videritis</strong></span> <span class='ocrx_word' id='word_1_76' title='bbox 1889 1247 2079 1302; x_wconf 86' lang='lat' dir='ltr'><strong>appro—</strong></span> 
     </span>
    </p>
   </div>
   <div class='ocr_carea' id='block_1_13' title="bbox 504 1320 2079 1401">
    <p class='ocr_par' dir='ltr' id='par_1_13' title="bbox 504 1320 2079 1401">
     <span class='ocr_line' id='line_1_13' title="bbox 504 1320 2079 1401; baseline -0.005 -18"><span class='ocrx_word' id='word_1_77' title='bbox 504 1322 842 1401; x_wconf 78' lang='lat' dir='ltr'><strong>pinquantem</strong></span> <span class='ocrx_word' id='word_1_78' title='bbox 869 1329 1017 1384; x_wconf 90' lang='lat' dir='ltr'><strong>diem</strong></span> <span class='ocrx_word' id='word_1_79' title='bbox 1060 1326 1274 1382; x_wconf 90' lang='lat' dir='ltr'><strong>mortis.</strong></span> <span class='ocrx_word' id='word_1_80' title='bbox 1304 1323 1402 1380; x_wconf 88' lang='lat' dir='ltr'><strong>Vel</strong></span> <span class='ocrx_word' id='word_1_81' title='bbox 1437 1323 1512 1378; x_wconf 92' lang='lat' dir='ltr'><strong>ita</strong></span> <span class='ocrx_word' id='word_1_82' title='bbox 1560 1336 1918 1394; x_wconf 83' lang='lat' dir='ltr'><strong>provocemus</strong></span> <span class='ocrx_word' id='word_1_83' title='bbox 1966 1320 2079 1376; x_wconf 83' lang='lat' dir='ltr'><strong>fra-</strong></span> 
     </span>
    </p>
   </div>
   <div class='ocr_carea' id='block_1_14' title="bbox 503 1411 2080 1485">
    <p class='ocr_par' dir='ltr' id='par_1_14' title="bbox 503 1411 2080 1485">
     <span class='ocr_line' id='line_1_14' title="bbox 503 1411 2080 1485; baseline -0.004 -12"><span class='ocrx_word' id='word_1_84' title='bbox 503 1427 615 1474; x_wconf 87' lang='lat' dir='ltr'><strong>tres</strong></span> <span class='ocrx_word' id='word_1_85' title='bbox 641 1419 709 1474; x_wconf 89' lang='lat' dir='ltr'><strong>ad</strong></span> <span class='ocrx_word' id='word_1_86' title='bbox 730 1419 1075 1485; x_wconf 87' lang='lat' dir='ltr'><strong>cbaritatem,</strong></span> <span class='ocrx_word' id='word_1_87' title='bbox 1099 1431 1211 1471; x_wconf 91' lang='lat' dir='ltr'><strong>non</strong></span> <span class='ocrx_word' id='word_1_88' title='bbox 1246 1416 1556 1470; x_wconf 87' lang='lat' dir='ltr'><strong>deserentes</strong></span> <span class='ocrx_word' id='word_1_89' title='bbox 1580 1411 1950 1467; x_wconf 88' lang='lat' dir='ltr'><strong>collectionem</strong></span> <span class='ocrx_word' id='word_1_90' title='bbox 1979 1425 2080 1466; x_wconf 90' lang='lat' dir='ltr'><strong>no-</strong></span> 
     </span>
    </p>
   </div>
   <div class='ocr_carea' id='block_1_15' title="bbox 504 1502 2079 1579">
    <p class='ocr_par' dir='ltr' id='par_1_15' title="bbox 504 1502 2079 1579">
     <span class='ocr_line' id='line_1_15' title="bbox 504 1502 2079 1579; baseline -0.005 -14"><span class='ocrx_word' id='word_1_91' title='bbox 504 1519 696 1575; x_wconf 88' lang='lat' dir='ltr'><strong>stram,</strong></span> <span class='ocrx_word' id='word_1_92' title='bbox 718 1510 774 1565; x_wconf 90' lang='lat' dir='ltr'><strong>id</strong></span> <span class='ocrx_word' id='word_1_93' title='bbox 796 1518 883 1566; x_wconf 84' lang='lat' dir='ltr'><strong>est</strong></span> <span class='ocrx_word' id='word_1_94' title='bbox 908 1509 956 1565; x_wconf 91' lang='lat' dir='ltr'><strong>si</strong></span> <span class='ocrx_word' id='word_1_95' title='bbox 970 1507 1315 1579; x_wconf 89' lang='lat' dir='ltr'><strong>peccaverint</strong></span> <span class='ocrx_word' id='word_1_96' title='bbox 1337 1504 1550 1569; x_wconf 82' lang='lat' dir='ltr'><strong>fratres,</strong></span> <span class='ocrx_word' id='word_1_97' title='bbox 1575 1519 1683 1558; x_wconf 92' lang='lat' dir='ltr'><strong>non</strong></span> <span class='ocrx_word' id='word_1_98' title='bbox 1708 1502 1827 1558; x_wconf 93' lang='lat' dir='ltr'><strong>ideo</strong></span> <span class='ocrx_word' id='word_1_99' title='bbox 1849 1502 2079 1571; x_wconf 84' lang='lat' dir='ltr'><strong>superbe</strong></span> 
     </span>
    </p>
   </div>
   <div class='ocr_carea' id='block_1_16' title="bbox 504 1593 2079 1671">
    <p class='ocr_par' dir='ltr' id='par_1_16' title="bbox 504 1593 2079 1671">
     <span class='ocr_line' id='line_1_16' title="bbox 504 1593 2079 1671; baseline -0.004 -17"><span class='ocrx_word' id='word_1_100' title='bbox 504 1600 850 1671; x_wconf 87' lang='lat' dir='ltr'><strong>indignantes</strong></span> <span class='ocrx_word' id='word_1_101' title='bbox 885 1614 1201 1669; x_wconf 82' lang='lat' dir='ltr'><strong>separemur</strong></span> <span class='ocrx_word' id='word_1_102' title='bbox 1229 1598 1297 1652; x_wconf 87' lang='lat' dir='ltr'><strong>ab</strong></span> <span class='ocrx_word' id='word_1_103' title='bbox 1325 1596 1427 1662; x_wconf 91' lang='lat' dir='ltr'><strong>eis,</strong></span> <span class='ocrx_word' id='word_1_104' title='bbox 1452 1596 1595 1650; x_wconf 89' lang='lat' dir='ltr'><strong>sicut</strong></span> <span class='ocrx_word' id='word_1_105' title='bbox 1621 1604 1707 1650; x_wconf 89' lang='lat' dir='ltr'><strong>est</strong></span> <span class='ocrx_word' id='word_1_106' title='bbox 1730 1593 2079 1650; x_wconf 86' lang='lat' dir='ltr'><strong>consuetudi-</strong></span> 
     </span>
    </p>
   </div>
   <div class='ocr_carea' id='block_1_17' title="bbox 505 1685 2079 1761">
    <p class='ocr_par' dir='ltr' id='par_1_17' title="bbox 505 1685 2079 1761">
     <span class='ocr_line' id='line_1_17' title="bbox 505 1685 2079 1761; baseline -0.003 -18"><span class='ocrx_word' id='word_1_107' title='bbox 505 1690 595 1746; x_wconf 89' lang='lat' dir='ltr'><strong>nis</strong></span> <span class='ocrx_word' id='word_1_108' title='bbox 640 1691 990 1761; x_wconf 88' lang='lat' dir='ltr'><strong>quibusdam,</strong></span> <span class='ocrx_word' id='word_1_109' title='bbox 1019 1697 1081 1745; x_wconf 91' lang='lat' dir='ltr'><strong>ut</strong></span> <span class='ocrx_word' id='word_1_110' title='bbox 1107 1688 1307 1744; x_wconf 86' lang='lat' dir='ltr'><strong>labenti</strong></span> <span class='ocrx_word' id='word_1_111' title='bbox 1342 1686 1498 1741; x_wconf 86' lang='lat' dir='ltr'><strong>fratri</strong></span> <span class='ocrx_word' id='word_1_112' title='bbox 1545 1685 1902 1756; x_wconf 81' lang='lat' dir='ltr'><strong>dedignentur</strong></span> <span class='ocrx_word' id='word_1_113' title='bbox 1928 1698 2079 1739; x_wconf 89' lang='lat' dir='ltr'><strong>eom-</strong></span> 
     </span>
    </p>
   </div>
   <div class='ocr_carea' id='block_1_18' title="bbox 507 1775 2079 1851">
    <p class='ocr_par' dir='ltr' id='par_1_18' title="bbox 507 1775 2079 1851">
     <span class='ocr_line' id='line_1_18' title="bbox 507 1775 2079 1851; baseline -0.004 -17"><span class='ocrx_word' id='word_1_114' title='bbox 507 1781 655 1851; x_wconf 89' lang='lat' dir='ltr'><strong>pati’;</strong></span> <span class='ocrx_word' id='word_1_115' title='bbox 679 1782 773 1836; x_wconf 89' lang='lat' dir='ltr'><strong>sed</strong></span> <span class='ocrx_word' id='word_1_116' title='bbox 796 1781 1138 1837; x_wconf 86' lang='lat' dir='ltr'><strong>consolantes</strong></span> <span class='ocrx_word' id='word_1_117' title='bbox 1160 1787 1403 1834; x_wconf 90' lang='lat' dir='ltr'><strong>nostram</strong></span> <span class='ocrx_word' id='word_1_118' title='bbox 1433 1775 1826 1840; x_wconf 89' lang='lat' dir='ltr'><strong>collectionem,</strong></span> <span class='ocrx_word' id='word_1_119' title='bbox 1849 1783 1903 1828; x_wconf 91' lang='lat' dir='ltr'><strong>et</strong></span> <span class='ocrx_word' id='word_1_120' title='bbox 1927 1783 2079 1828; x_wconf 88' lang='lat' dir='ltr'><strong>tanto</strong></span> 
     </span>
    </p>
   </div>
   <div class='ocr_carea' id='block_1_19' title="bbox 2175 584 3767 659">
    <p class='ocr_par' dir='ltr' id='par_1_19' title="bbox 2175 584 3767 659">
     <span class='ocr_line' id='line_1_19' title="bbox 2175 584 3767 659; baseline -0.001 -17"><span class='ocrx_word' id='word_1_121' title='bbox 2175 586 2475 653; x_wconf 87' lang='lat' dir='ltr'><strong>damnabit,</strong></span> <span class='ocrx_word' id='word_1_122' title='bbox 2501 588 2597 643; x_wconf 89' lang='lat' dir='ltr'><strong>sed</strong></span> <span class='ocrx_word' id='word_1_123' title='bbox 2628 588 2943 659; x_wconf 79' lang='lat' dir='ltr'><strong>indulgebit.</strong></span> <span class='ocrx_word' id='word_1_124' title='bbox 2967 588 3050 644; x_wconf 85' lang='lat' dir='ltr'><strong>Ad</strong></span> <span class='ocrx_word' id='word_1_125' title='bbox 3071 588 3176 643; x_wconf 90' lang='lat' dir='ltr'><strong>hoc</strong></span> <span class='ocrx_word' id='word_1_126' title='bbox 3198 586 3599 642; x_wconf 87' lang='lat' dir='ltr'><strong>removendum</strong></span> <span class='ocrx_word' id='word_1_127' title='bbox 3623 584 3767 641; x_wconf 80' lang='lat' dir='ltr'><strong>Pan-</strong></span> 
     </span>
    </p>
   </div>
   <div class='ocr_carea' id='block_1_20' title="bbox 2175 675 3764 753">
    <p class='ocr_par' dir='ltr' id='par_1_20' title="bbox 2175 675 3764 753">
     <span class='ocr_line' id='line_1_20' title="bbox 2175 675 3764 753; baseline -0.002 -19"><span class='ocrx_word' id='word_1_128' title='bbox 2175 679 2262 734; x_wconf 90' lang='lat' dir='ltr'><strong>lus</strong></span> <span class='ocrx_word' id='word_1_129' title='bbox 2286 679 2481 749; x_wconf 88' lang='lat' dir='ltr'><strong>probat</strong></span> <span class='ocrx_word' id='word_1_130' title='bbox 2507 679 2791 753; x_wconf 83' lang='lat' dir='ltr'><strong>Christum</strong></span> <span class='ocrx_word' id='word_1_131' title='bbox 2816 695 2941 736; x_wconf 90' lang='lat' dir='ltr'><strong>esse</strong></span> <span class='ocrx_word' id='word_1_132' title='bbox 2955 678 3222 750; x_wconf 76' lang='lat' dir='ltr'><strong>iudicem,</strong></span> <span class='ocrx_word' id='word_1_133' title='bbox 3257 692 3363 733; x_wconf 90' lang='lat' dir='ltr'><strong>uec</strong></span> <span class='ocrx_word' id='word_1_134' title='bbox 3386 686 3617 748; x_wconf 85' lang='lat' dir='ltr'><strong>propter</strong></span> <span class='ocrx_word' id='word_1_135' title='bbox 3658 675 3764 731; x_wconf 85' lang='lat' dir='ltr'><strong>mi-</strong></span> 
     </span>
    </p>
   </div>
   <div class='ocr_carea' id='block_1_21' title="bbox 2176 766 3767 841">
    <p class='ocr_par' dir='ltr' id='par_1_21' title="bbox 2176 766 3767 841">
     <span class='ocr_line' id='line_1_21' title="bbox 2176 766 3767 841; baseline -0.002 -15"><span class='ocrx_word' id='word_1_136' title='bbox 2176 769 2527 826; x_wconf 88' lang='lat' dir='ltr'><strong>sericordiam</strong></span> <span class='ocrx_word' id='word_1_137' title='bbox 2552 770 2866 826; x_wconf 86' lang='lat' dir='ltr'><strong>deseruisse</strong></span> <span class='ocrx_word' id='word_1_138' title='bbox 2894 769 3397 841; x_wconf 88' lang='lat' dir='ltr'><strong>judicium,dicens</strong></span> <span class='ocrx_word' id='word_1_139' title='bbox 3427 784 3442 820; x_wconf 88' lang='lat'>:</span> <span class='ocrx_word' id='word_1_140' title='bbox 3468 766 3612 822; x_wconf 83' lang='lat' dir='ltr'><strong>Vere</strong></span> <span class='ocrx_word' id='word_1_141' title='bbox 3634 781 3767 823; x_wconf 75' lang='lat' dir='ltr'><strong>coo-</strong></span> 
     </span>
    </p>
   </div>
   <div class='ocr_carea' id='block_1_22' title="bbox 2177 855 3767 928">
    <p class='ocr_par' dir='ltr' id='par_1_22' title="bbox 2177 855 3767 928">
     <span class='ocr_line' id='line_1_22' title="bbox 2177 855 3767 928; baseline -0.004 -13"><span class='ocrx_word' id='word_1_142' title='bbox 2177 860 2401 915; x_wconf 90' lang='lat' dir='ltr'><strong>culcans</strong></span> <span class='ocrx_word' id='word_1_143' title='bbox 2446 859 2648 914; x_wconf 89' lang='lat' dir='ltr'><strong>Filium</strong></span> <span class='ocrx_word' id='word_1_144' title='bbox 2696 859 2816 925; x_wconf 91' lang='lat' dir='ltr'><strong>Dei,</strong></span> <span class='ocrx_word' id='word_1_145' title='bbox 2868 859 3138 915; x_wconf 88' lang='lat' dir='ltr'><strong>deteriora</strong></span> <span class='ocrx_word' id='word_1_146' title='bbox 3181 858 3441 928; x_wconf 65' lang='lat' dir='ltr'><strong>patietur.</strong></span> <span class='ocrx_word' id='word_1_147' title='bbox 3471 855 3591 910; x_wconf 84' lang='lat' dir='ltr'><strong>Nos</strong></span> <span class='ocrx_word' id='word_1_148' title='bbox 3626 858 3767 909; x_wconf 73' lang='lat' dir='ltr'><strong>cuius</strong></span> 
     </span>
    </p>
   </div>
   <div class='ocr_carea' id='block_1_23' title="bbox 2175 946 3763 1021">
    <p class='ocr_par' dir='ltr' id='par_1_23' title="bbox 2175 946 3763 1021">
     <span class='ocr_line' id='line_1_23' title="bbox 2175 946 3763 1021; baseline -0.004 -17"><span class='ocrx_word' id='word_1_149' title='bbox 2175 950 2372 1004; x_wconf 77' lang='lat' dir='ltr'><strong>scimus</strong></span> <span class='ocrx_word' id='word_1_150' title='bbox 2414 964 2542 1005; x_wconf 89' lang='lat' dir='ltr'><strong>eum</strong></span> <span class='ocrx_word' id='word_1_151' title='bbox 2583 951 2675 1021; x_wconf 87' lang='lat' dir='ltr'><strong>qui</strong></span> <span class='ocrx_word' id='word_1_152' title='bbox 2716 950 2856 1004; x_wconf 75' lang='lat' dir='ltr'><strong>dixit</strong></span> <span class='ocrx_word' id='word_1_153' title='bbox 2888 950 2997 1007; x_wconf 90' lang='lat' dir='ltr'><strong>hoc</strong></span> <span class='ocrx_word' id='word_1_154' title='bbox 3045 949 3100 1003; x_wconf 92' lang='lat' dir='ltr'><strong>in</strong></span> <span class='ocrx_word' id='word_1_155' title='bbox 3129 946 3763 1016; x_wconf 73' lang='lat' dir='ltr'><strong>Deuteronomio(Dest.</strong></span> 
     </span>
    </p>
   </div>
   <div class='ocr_carea' id='block_1_24' title="bbox 2175 1037 3768 1112">
    <p class='ocr_par' dir='ltr' id='par_1_24' title="bbox 2175 1037 3768 1112">
     <span class='ocr_line' id='line_1_24' title="bbox 2175 1037 3768 1112; baseline -0.003 -17"><span class='ocrx_word' id='word_1_156' title='bbox 2175 1055 2349 1107; x_wconf 65' lang='lat' dir='ltr'><strong>xxxii,</strong></span> <span class='ocrx_word' id='word_1_157' title='bbox 2380 1041 2471 1112; x_wconf 76' lang='grc'><strong>55)</strong></span> <span class='ocrx_word' id='word_1_158' title='bbox 2509 1059 2523 1096; x_wconf 89' lang='lat'><strong>:</strong></span> <span class='ocrx_word' id='word_1_159' title='bbox 2555 1040 2690 1095; x_wconf 81' lang='lat' dir='ltr'><strong>Mihi</strong></span> <span class='ocrx_word' id='word_1_160' title='bbox 2732 1051 3009 1097; x_wconf 87' lang='lat' dir='ltr'><strong>reservate</strong></span> <span class='ocrx_word' id='word_1_161' title='bbox 3054 1039 3369 1104; x_wconf 85' lang='lat' dir='ltr'><strong>vindictam,</strong></span> <span class='ocrx_word' id='word_1_162' title='bbox 3407 1037 3456 1093; x_wconf 90' lang='lat' dir='ltr'><strong>si</strong></span> <span class='ocrx_word' id='word_1_163' title='bbox 3480 1037 3768 1107; x_wconf 76' lang='lat' dir='ltr'><strong>proximus</strong></span> 
     </span>
    </p>
   </div>
   <div class='ocr_carea' id='block_1_25' title="bbox 2175 1127 3765 1202">
    <p class='ocr_par' dir='ltr' id='par_1_25' title="bbox 2175 1127 3765 1202">
     <span class='ocr_line' id='line_1_25' title="bbox 2175 1127 3765 1202; baseline -0.006 -15"><span class='ocrx_word' id='word_1_164' title='bbox 2175 1140 2384 1202; x_wconf 85' lang='lat' dir='ltr'><strong>peccat.</strong></span> <span class='ocrx_word' id='word_1_165' title='bbox 2421 1146 2542 1187; x_wconf 87' lang='lat' dir='ltr'><strong>mea</strong></span> <span class='ocrx_word' id='word_1_166' title='bbox 2568 1141 2655 1188; x_wconf 87' lang='lat' dir='ltr'><strong>est</strong></span> <span class='ocrx_word' id='word_1_167' title='bbox 2679 1132 2817 1187; x_wconf 87' lang='lat' dir='ltr'><strong>ultio</strong></span> <span class='ocrx_word' id='word_1_168' title='bbox 2837 1132 2894 1186; x_wconf 92' lang='lat' dir='ltr'><strong>in</strong></span> <span class='ocrx_word' id='word_1_169' title='bbox 2915 1131 3250 1201; x_wconf 80' lang='lat' dir='ltr'><strong>proximum,</strong></span> <span class='ocrx_word' id='word_1_170' title='bbox 3272 1139 3325 1183; x_wconf 89' lang='lat' dir='ltr'><strong>et</strong></span> <span class='ocrx_word' id='word_1_171' title='bbox 3349 1144 3446 1199; x_wconf 82' lang='lat' dir='ltr'><strong>ego</strong></span> <span class='ocrx_word' id='word_1_172' title='bbox 3472 1127 3765 1182; x_wconf 72' lang='lat' dir='ltr'><strong>retribuat</strong></span> 
     </span>
    </p>
   </div>
   <div class='ocr_carea' id='block_1_26' title="bbox 2176 1219 3766 1299">
    <p class='ocr_par' dir='ltr' id='par_1_26' title="bbox 2176 1219 3766 1299">
     <span class='ocr_line' id='line_1_26' title="bbox 2176 1219 3766 1299; baseline -0.003 -23"><span class='ocrx_word' id='word_1_173' title='bbox 2176 1222 2273 1288; x_wconf 88' lang='lat' dir='ltr'><strong>eis,</strong></span> <span class='ocrx_word' id='word_1_174' title='bbox 2303 1222 2361 1277; x_wconf 89' lang='lat' dir='ltr'><strong>in</strong></span> <span class='ocrx_word' id='word_1_175' title='bbox 2389 1230 2635 1299; x_wconf 85' lang='lat' dir='ltr'><strong>tempore</strong></span> <span class='ocrx_word' id='word_1_176' title='bbox 2652 1237 2752 1293; x_wconf 92' lang='lat' dir='ltr'><strong>pro</strong></span> <span class='ocrx_word' id='word_1_177' title='bbox 2780 1221 2946 1277; x_wconf 88' lang='lat' dir='ltr'><strong>modo</strong></span> <span class='ocrx_word' id='word_1_178' title='bbox 2963 1221 3168 1278; x_wconf 89' lang='lat' dir='ltr'><strong>delicti.</strong></span> <span class='ocrx_word' id='word_1_179' title='bbox 3194 1220 3350 1287; x_wconf 83' lang='lat' dir='ltr'><strong>Quod</strong></span> <span class='ocrx_word' id='word_1_180' title='bbox 3373 1219 3423 1275; x_wconf 90' lang='lat' dir='ltr'><strong>si</strong></span> <span class='ocrx_word' id='word_1_181' title='bbox 3452 1233 3689 1290; x_wconf 80' lang='lat' dir='ltr'><strong>peccare</strong></span> <span class='ocrx_word' id='word_1_182' title='bbox 3715 1219 3766 1271; x_wconf 85' lang='lat' dir='ltr'><strong>in</strong></span> 
     </span>
    </p>
   </div>
   <div class='ocr_carea' id='block_1_27' title="bbox 2176 1310 3769 1384">
    <p class='ocr_par' dir='ltr' id='par_1_27' title="bbox 2176 1310 3769 1384">
     <span class='ocr_line' id='line_1_27' title="bbox 2176 1310 3769 1384; baseline -0.001 -17"><span class='ocrx_word' id='word_1_183' title='bbox 2176 1313 2487 1384; x_wconf 83' lang='lat' dir='ltr'><strong>proximum</strong></span> <span class='ocrx_word' id='word_1_184' title='bbox 2532 1329 2644 1369; x_wconf 91' lang='lat' dir='ltr'><strong>non</strong></span> <span class='ocrx_word' id='word_1_185' title='bbox 2690 1314 2896 1369; x_wconf 86' lang='lat' dir='ltr'><strong>deserit</strong></span> <span class='ocrx_word' id='word_1_186' title='bbox 2913 1313 3173 1380; x_wconf 89' lang='lat' dir='ltr'><strong>inultum,</strong></span> <span class='ocrx_word' id='word_1_187' title='bbox 3204 1320 3413 1382; x_wconf 90' lang='lat' dir='ltr'><strong>quanto</strong></span> <span class='ocrx_word' id='word_1_188' title='bbox 3444 1310 3629 1381; x_wconf 81' lang='lat' dir='ltr'><strong>magis</strong></span> <span class='ocrx_word' id='word_1_189' title='bbox 3647 1324 3769 1380; x_wconf 80' lang='lat' dir='ltr'><strong>pec-</strong></span> 
     </span>
    </p>
   </div>
   <div class='ocr_carea' id='block_1_28' title="bbox 2179 1402 3770 1476">
    <p class='ocr_par' dir='ltr' id='par_1_28' title="bbox 2179 1402 3770 1476">
     <span class='ocr_line' id='line_1_28' title="bbox 2179 1402 3770 1476; baseline -0.003 -15"><span class='ocrx_word' id='word_1_190' title='bbox 2179 1421 2305 1461; x_wconf 89' lang='lat' dir='ltr'><strong>care</strong></span> <span class='ocrx_word' id='word_1_191' title='bbox 2331 1406 2386 1460; x_wconf 94' lang='lat' dir='ltr'><strong>in</strong></span> <span class='ocrx_word' id='word_1_192' title='bbox 2409 1406 2691 1476; x_wconf 85' lang='lat' dir='ltr'><strong>seipsum?</strong></span> <span class='ocrx_word' id='word_1_193' title='bbox 2718 1405 2790 1460; x_wconf 87' lang='lat' dir='ltr'><strong>Et</strong></span> <span class='ocrx_word' id='word_1_194' title='bbox 2811 1407 3005 1460; x_wconf 87' lang='lat' dir='ltr'><strong>iterum</strong></span> <span class='ocrx_word' id='word_1_195' title='bbox 3036 1406 3320 1475; x_wconf 88' lang='lat' dir='ltr'><strong>Scriptura</strong></span> <span class='ocrx_word' id='word_1_196' title='bbox 3341 1403 3666 1474; x_wconf 85' lang='lat' dir='ltr'><strong>approbans</strong></span> <span class='ocrx_word' id='word_1_197' title='bbox 3684 1402 3770 1473; x_wconf 56' lang='lat' dir='ltr'><strong>ju-o</strong></span> 
     </span>
    </p>
   </div>
   <div class='ocr_carea' id='block_1_29' title="bbox 2178 1493 3768 1568">
    <p class='ocr_par' dir='ltr' id='par_1_29' title="bbox 2178 1493 3768 1568">
     <span class='ocr_line' id='line_1_29' title="bbox 2178 1493 3768 1568; baseline -0.003 -16"><span class='ocrx_word' id='word_1_198' title='bbox 2178 1495 2382 1552; x_wconf 86' lang='lat' dir='ltr'><strong>dicium</strong></span> <span class='ocrx_word' id='word_1_199' title='bbox 2417 1497 2513 1553; x_wconf 85' lang='lat' dir='ltr'><strong>Dei</strong></span> <span class='ocrx_word' id='word_1_200' title='bbox 2554 1498 2672 1552; x_wconf 90' lang='lat' dir='ltr'><strong>ait:</strong></span> <span class='ocrx_word' id='word_1_201' title='bbox 2709 1496 2848 1563; x_wconf 85' lang='lat' dir='ltr'><strong>Quia</strong></span> <span class='ocrx_word' id='word_1_202' title='bbox 2895 1496 3166 1568; x_wconf 83' lang='lat' dir='ltr'><strong>judicabit</strong></span> <span class='ocrx_word' id='word_1_203' title='bbox 3211 1495 3474 1550; x_wconf 78' lang='lat' dir='ltr'><strong>Dominus</strong></span> <span class='ocrx_word' id='word_1_204' title='bbox 3520 1493 3768 1564; x_wconf 66' lang='lat' dir='ltr'><strong>populus</strong></span> 
     </span>
    </p>
   </div>
   <div class='ocr_carea' id='block_1_30' title="bbox 2178 1587 3768 1660">
    <p class='ocr_par' dir='ltr' id='par_1_30' title="bbox 2178 1587 3768 1660">
     <span class='ocr_line' id='line_1_30' title="bbox 2178 1587 3768 1660; baseline -0.003 -16"><span class='ocrx_word' id='word_1_205' title='bbox 2178 1606 2354 1644; x_wconf 89' lang='lat' dir='ltr'><strong>suum.</strong></span> <span class='ocrx_word' id='word_1_206' title='bbox 2383 1589 2447 1644; x_wconf 86' lang='lat' dir='ltr'><strong>Et</strong></span> <span class='ocrx_word' id='word_1_207' title='bbox 2470 1589 2601 1660; x_wconf 86' lang='lat' dir='ltr'><strong>quia</strong></span> <span class='ocrx_word' id='word_1_208' title='bbox 2651 1588 2915 1643; x_wconf 84' lang='lat' dir='ltr'><strong>Dominus</strong></span> <span class='ocrx_word' id='word_1_209' title='bbox 2932 1588 3192 1659; x_wconf 86' lang='lat' dir='ltr'><strong>judicans</strong></span> <span class='ocrx_word' id='word_1_210' title='bbox 3236 1588 3431 1642; x_wconf 87' lang='lat' dir='ltr'><strong>reddet</strong></span> <span class='ocrx_word' id='word_1_211' title='bbox 3469 1587 3768 1655; x_wconf 83' lang='lat' dir='ltr'><strong>unicuique</strong></span> 
     </span>
    </p>
   </div>
   <div class='ocr_carea' id='block_1_31' title="bbox 2177 1676 3768 1752">
    <p class='ocr_par' dir='ltr' id='par_1_31' title="bbox 2177 1676 3768 1752">
     <span class='ocr_line' id='line_1_31' title="bbox 2177 1676 3768 1752; baseline -0.003 -15"><span class='ocrx_word' id='word_1_212' title='bbox 2177 1681 2474 1737; x_wconf 82' lang='lat' dir='ltr'><strong>vindictam</strong></span> <span class='ocrx_word' id='word_1_213' title='bbox 2520 1680 2750 1752; x_wconf 85' lang='lat' dir='ltr'><strong>peccati,</strong></span> <span class='ocrx_word' id='word_1_214' title='bbox 2797 1679 2979 1735; x_wconf 87' lang='lat' dir='ltr'><strong>videte</strong></span> <span class='ocrx_word' id='word_1_215' title='bbox 3018 1695 3088 1735; x_wconf 90' lang='lat' dir='ltr'><strong>ne</strong></span> <span class='ocrx_word' id='word_1_216' title='bbox 3133 1679 3373 1750; x_wconf 87' lang='lat' dir='ltr'><strong>peccetis</strong></span> <span class='ocrx_word' id='word_1_217' title='bbox 3422 1679 3505 1733; x_wconf 89' lang='lat' dir='ltr'><strong>ait</strong></span> <span class='ocrx_word' id='word_1_218' title='bbox 3548 1676 3768 1733; x_wconf 83' lang='lat' dir='ltr'><strong>Paulus.</strong></span> 
     </span>
    </p>
   </div>
   <div class='ocr_carea' id='block_1_32' title="bbox 2178 1770 3767 1841">
    <p class='ocr_par' dir='ltr' id='par_1_32' title="bbox 2178 1770 3767 1841">
     <span class='ocr_line' id='line_1_32' title="bbox 2178 1770 3767 1841; baseline -0.003 -13"><span class='ocrx_word' id='word_1_219' title='bbox 2178 1772 2319 1841; x_wconf 87' lang='lat' dir='ltr'><strong>Quia</strong></span> <span class='ocrx_word' id='word_1_220' title='bbox 2347 1773 2668 1827; x_wconf 82' lang='lat' dir='ltr'><strong>horrendum</strong></span> <span class='ocrx_word' id='word_1_221' title='bbox 2694 1782 2774 1826; x_wconf 90' lang='lat' dir='ltr'><strong>est</strong></span> <span class='ocrx_word' id='word_1_222' title='bbox 2803 1771 3037 1826; x_wconf 84' lang='lat' dir='ltr'><strong>incidere</strong></span> <span class='ocrx_word' id='word_1_223' title='bbox 3078 1772 3136 1826; x_wconf 92' lang='lat' dir='ltr'><strong>in</strong></span> <span class='ocrx_word' id='word_1_224' title='bbox 3169 1787 3361 1825; x_wconf 88' lang='lat' dir='ltr'><strong>manus</strong></span> <span class='ocrx_word' id='word_1_225' title='bbox 3398 1770 3505 1825; x_wconf 85' lang='lat' dir='ltr'><strong>Dei</strong></span> <span class='ocrx_word' id='word_1_226' title='bbox 3532 1770 3767 1835; x_wconf 68' lang='lat' dir='ltr'><strong>vit-auis,</strong></span> 
     </span>
    </p>
   </div>
   <div class='ocr_carea' id='block_1_33' title="bbox 507 1847 3138 1944">
    <p class='ocr_par' dir='ltr' id='par_1_33' title="bbox 507 1847 3138 1944">
     <span class='ocr_line' id='line_1_33' title="bbox 507 1847 3138 1944; baseline -0.005 -17"><span class='ocrx_word' id='word_1_227' title='bbox 507 1847 683 1944; x_wconf 77' lang='lat' dir='ltr'><strong>magis</strong></span> <span class='ocrx_word' id='word_1_228' title='bbox 734 1889 831 1944; x_wconf 91' lang='lat' dir='ltr'><strong>per</strong></span> <span class='ocrx_word' id='word_1_229' title='bbox 877 1872 1311 1943; x_wconf 90' lang='lat' dir='ltr'><strong>compassionem</strong></span> <span class='ocrx_word' id='word_1_230' title='bbox 1373 1877 1624 1924; x_wconf 88' lang='lat' dir='ltr'><strong>revocate</strong></span> <span class='ocrx_word' id='word_1_231' title='bbox 1668 1882 1763 1936; x_wconf 89' lang='lat' dir='ltr'><strong>eos</strong></span> <span class='ocrx_word' id='word_1_232' title='bbox 1815 1882 1847 1921; x_wconf 92' lang='lat' dir='ltr'><strong>a</strong></span> <span class='ocrx_word' id='word_1_233' title='bbox 1895 1865 2076 1933; x_wconf 90' lang='lat' dir='ltr'><strong>malis,</strong></span> <span class='ocrx_word' id='word_1_234' title='bbox 2111 1847 2154 1906; x_wconf 78' lang='grc' dir='ltr'><strong>Β</strong></span> <span class='ocrx_word' id='word_1_235' title='bbox 2181 1862 2237 1918; x_wconf 91' lang='lat' dir='ltr'><strong>id</strong></span> <span class='ocrx_word' id='word_1_236' title='bbox 2257 1871 2340 1918; x_wconf 88' lang='lat' dir='ltr'><strong>est</strong></span> <span class='ocrx_word' id='word_1_237' title='bbox 2359 1875 2699 1933; x_wconf 58' lang='lat' dir='ltr'><strong>quaecunque</strong></span> <span class='ocrx_word' id='word_1_238' title='bbox 2725 1860 2843 1915; x_wconf 90' lang='lat' dir='ltr'><strong>vult</strong></span> <span class='ocrx_word' id='word_1_239' title='bbox 2878 1861 3138 1930; x_wconf 89' lang='lat' dir='ltr'><strong>potentis.</strong></span> 
     </span>
    </p>
   </div>
   <div class='ocr_carea' id='block_1_34' title="bbox 505 1953 2080 2032">
    <p class='ocr_par' dir='ltr' id='par_1_34' title="bbox 505 1953 2080 2032">
     <span class='ocr_line' id='line_1_34' title="bbox 505 1953 2080 2032; baseline -0.005 -15"><span class='ocrx_word' id='word_1_240' title='bbox 505 1972 713 2032; x_wconf 90' lang='lat' dir='ltr'><strong>quanto</strong></span> <span class='ocrx_word' id='word_1_241' title='bbox 742 1962 983 2018; x_wconf 89' lang='lat' dir='ltr'><strong>videritis</strong></span> <span class='ocrx_word' id='word_1_242' title='bbox 1033 1960 1555 2032; x_wconf 85' lang='lat' dir='ltr'><strong>appropinquantem</strong></span> <span class='ocrx_word' id='word_1_243' title='bbox 1583 1956 1727 2012; x_wconf 91' lang='lat' dir='ltr'><strong>diem</strong></span> <span class='ocrx_word' id='word_1_244' title='bbox 1766 1953 2080 2009; x_wconf 89' lang='lat' dir='ltr'><strong>retributio-</strong></span> 
     </span>
    </p>
   </div>
   <div class='ocr_carea' id='block_1_35' title="bbox 504 2043 2084 2118">
    <p class='ocr_par' dir='ltr' id='par_1_35' title="bbox 504 2043 2084 2118">
     <span class='ocr_line' id='line_1_35' title="bbox 504 2043 2084 2118; baseline -0.006 -12"><span class='ocrx_word' id='word_1_245' title='bbox 504 2052 613 2107; x_wconf 74' lang='lat' dir='ltr'><strong>nis.</strong></span> <span class='ocrx_word' id='word_1_246' title='bbox 666 2052 820 2107; x_wconf 86' lang='lat' dir='ltr'><strong>Malis</strong></span> <span class='ocrx_word' id='word_1_247' title='bbox 842 2052 1003 2118; x_wconf 91' lang='lat' dir='ltr'><strong>male,</strong></span> <span class='ocrx_word' id='word_1_248' title='bbox 1027 2050 1187 2105; x_wconf 89' lang='lat' dir='ltr'><strong>bonis</strong></span> <span class='ocrx_word' id='word_1_249' title='bbox 1213 2050 1369 2104; x_wconf 90' lang='lat' dir='ltr'><strong>bene.</strong></span> <span class='ocrx_word' id='word_1_250' title='bbox 1394 2047 1519 2103; x_wconf 90' lang='lat' dir='ltr'><strong>Ideo</strong></span> <span class='ocrx_word' id='word_1_251' title='bbox 1541 2055 1824 2101; x_wconf 88' lang='lat' dir='ltr'><strong>teneamus</strong></span> <span class='ocrx_word' id='word_1_252' title='bbox 1845 2043 2003 2098; x_wconf 88' lang='lat' dir='ltr'><strong>tidem</strong></span> <span class='ocrx_word' id='word_1_253' title='bbox 2028 2051 2084 2098; x_wconf 90' lang='lat' dir='ltr'><strong>et</strong></span> 
     </span>
    </p>
   </div>
   <div class='ocr_carea' id='block_1_36' title="bbox 476 2136 2079 2197">
    <p class='ocr_par' dir='ltr' id='par_1_36' title="bbox 476 2136 2079 2197">
     <span class='ocr_line' id='line_1_36' title="bbox 476 2136 2079 2197; baseline -0.006 -1"><span class='ocrx_word' id='word_1_254' title='bbox 476 2139 902 2197; x_wconf 78' lang='lat' dir='ltr'><strong>’confessionem</strong></span> <span class='ocrx_word' id='word_1_255' title='bbox 933 2157 1039 2197; x_wconf 90' lang='lat' dir='ltr'><strong>non</strong></span> <span class='ocrx_word' id='word_1_256' title='bbox 1061 2140 1373 2195; x_wconf 87' lang='lat' dir='ltr'><strong>deserentes</strong></span> <span class='ocrx_word' id='word_1_257' title='bbox 1416 2136 1788 2193; x_wconf 88' lang='lat' dir='ltr'><strong>collectionem</strong></span> <span class='ocrx_word' id='word_1_258' title='bbox 1815 2141 2079 2188; x_wconf 91' lang='lat' dir='ltr'><strong>nostram.</strong></span> 
     </span>
    </p>
   </div>
   <div class='ocr_carea' id='block_1_37' title="bbox 484 2225 2084 2303">
    <p class='ocr_par' dir='ltr' id='par_1_37' title="bbox 484 2225 2084 2303">
     <span class='ocr_line' id='line_1_37' title="bbox 484 2225 2084 2303; baseline -0.005 -18"><span class='ocrx_word' id='word_1_259' title='bbox 484 2231 632 2289; x_wconf 65' lang='lat' dir='ltr'><strong>Haec</strong></span> <span class='ocrx_word' id='word_1_260' title='bbox 660 2233 844 2288; x_wconf 86' lang='lat' dir='ltr'><strong>omnia</strong></span> <span class='ocrx_word' id='word_1_261' title='bbox 884 2233 1141 2303; x_wconf 69' lang='lat' dir='ltr'><strong>prcedicta</strong></span> <span class='ocrx_word' id='word_1_262' title='bbox 1171 2231 1294 2286; x_wconf 91' lang='lat' dir='ltr'><strong>ideo</strong></span> <span class='ocrx_word' id='word_1_263' title='bbox 1336 2229 1624 2295; x_wconf 78' lang='lat' dir='ltr'><strong>faciamus,</strong></span> <span class='ocrx_word' id='word_1_264' title='bbox 1672 2227 1762 2298; x_wconf 87' lang='lat' dir='ltr'><strong>qui</strong></span> <span class='ocrx_word' id='word_1_265' title='bbox 1791 2225 1940 2280; x_wconf 91' lang='lat' dir='ltr'><strong>nobis</strong></span> <span class='ocrx_word' id='word_1_266' title='bbox 1964 2241 2084 2297; x_wconf 90' lang='lat' dir='ltr'><strong>pec-</strong></span> 
     </span>
    </p>
   </div>
   <div class='ocr_carea' id='block_1_38' title="bbox 480 2316 2084 2397">
    <p class='ocr_par' dir='ltr' id='par_1_38' title="bbox 480 2316 2084 2397">
     <span class='ocr_line' id='line_1_38' title="bbox 480 2316 2084 2397; baseline -0.002 -21"><span class='ocrx_word' id='word_1_267' title='bbox 480 2324 747 2377; x_wconf 78' lang='lat' dir='ltr'><strong>cantibus</strong></span> <span class='ocrx_word' id='word_1_268' title='bbox 789 2323 1103 2389; x_wconf 83' lang='lat' dir='ltr'><strong>voluntarie,</strong></span> <span class='ocrx_word' id='word_1_269' title='bbox 1142 2321 1196 2377; x_wconf 93' lang='lat' dir='ltr'><strong>id</strong></span> <span class='ocrx_word' id='word_1_270' title='bbox 1241 2330 1421 2377; x_wconf 80' lang='lat' dir='ltr'><strong>estex</strong></span> <span class='ocrx_word' id='word_1_271' title='bbox 1467 2320 1745 2377; x_wconf 82' lang='lat' dir='ltr'><strong>voluntate</strong></span> <span class='ocrx_word' id='word_1_272' title='bbox 1783 2325 1838 2372; x_wconf 85' lang='lat' dir='ltr'><strong>et</strong></span> <span class='ocrx_word' id='word_1_273' title='bbox 1866 2316 2084 2397; x_wconf 84' lang='lat' dir='ltr'><strong>propria</strong></span> 
     </span>
    </p>
   </div>
   <div class='ocr_carea' id='block_1_39' title="bbox 481 2409 2085 2482">
    <p class='ocr_par' dir='ltr' id='par_1_39' title="bbox 481 2409 2085 2482">
     <span class='ocr_line' id='line_1_39' title="bbox 481 2409 2085 2482; baseline -0.005 -17"><span class='ocrx_word' id='word_1_274' title='bbox 481 2413 892 2467; x_wconf 86' lang='lat' dir='ltr'><strong>-deliberatione</strong></span> <span class='ocrx_word' id='word_1_275' title='bbox 914 2413 970 2466; x_wconf 91' lang='lat' dir='ltr'><strong>in</strong></span> <span class='ocrx_word' id='word_1_276' title='bbox 1017 2420 1242 2482; x_wconf 89' lang='lat' dir='ltr'><strong>peccato</strong></span> <span class='ocrx_word' id='word_1_277' title='bbox 1269 2409 1641 2473; x_wconf 89' lang='lat' dir='ltr'><strong>manentibus,</strong></span> <span class='ocrx_word' id='word_1_278' title='bbox 1673 2413 1789 2477; x_wconf 88' lang='lat' dir='ltr'><strong>post</strong></span> <span class='ocrx_word' id='word_1_279' title='bbox 1814 2413 2085 2475; x_wconf 85' lang='lat' dir='ltr'><strong>acceptam</strong></span> 
     </span>
    </p>
   </div>
   <div class='ocr_carea' id='block_1_40' title="bbox 508 2495 2088 2571">
    <p class='ocr_par' dir='ltr' id='par_1_40' title="bbox 508 2495 2088 2571">
     <span class='ocr_line' id='line_1_40' title="bbox 508 2495 2088 2571; baseline -0.004 -16"><span class='ocrx_word' id='word_1_280' title='bbox 508 2503 756 2556; x_wconf 84' lang='lat' dir='ltr'><strong>notitiam</strong></span> <span class='ocrx_word' id='word_1_281' title='bbox 782 2503 1044 2568; x_wconf 83' lang='lat' dir='ltr'><strong>veritatis,</strong></span> <span class='ocrx_word' id='word_1_282' title='bbox 1074 2501 1128 2555; x_wconf 91' lang='lat' dir='ltr'><strong>id</strong></span> <span class='ocrx_word' id='word_1_283' title='bbox 1151 2508 1234 2556; x_wconf 89' lang='lat' dir='ltr'><strong>est</strong></span> <span class='ocrx_word' id='word_1_284' title='bbox 1274 2507 1563 2571; x_wconf 89' lang='lat' dir='ltr'><strong>postquam</strong></span> <span class='ocrx_word' id='word_1_285' title='bbox 1587 2497 1864 2553; x_wconf 88' lang='lat' dir='ltr'><strong>Christum</strong></span> <span class='ocrx_word' id='word_1_286' title='bbox 1889 2495 1984 2566; x_wconf 90' lang='lat' dir='ltr'><strong>qui</strong></span> <span class='ocrx_word' id='word_1_287' title='bbox 2003 2502 2088 2550; x_wconf 89' lang='lat' dir='ltr'><strong>est</strong></span> 
     </span>
    </p>
   </div>
   <div class='ocr_carea' id='block_1_41' title="bbox 487 2586 2086 2664">
    <p class='ocr_par' dir='ltr' id='par_1_41' title="bbox 487 2586 2086 2664">
     <span class='ocr_line' id='line_1_41' title="bbox 487 2586 2086 2664; baseline -0.004 -17"><span class='ocrx_word' id='word_1_288' title='bbox 487 2606 627 2664; x_wconf 65' lang='lat' dir='ltr'><strong>:ipsa</strong></span> <span class='ocrx_word' id='word_1_289' title='bbox 662 2594 865 2649; x_wconf 90' lang='lat' dir='ltr'><strong>veritas</strong></span> <span class='ocrx_word' id='word_1_290' title='bbox 904 2592 1282 2664; x_wconf 87' lang='lat' dir='ltr'><strong>cognovimus,</strong></span> <span class='ocrx_word' id='word_1_291' title='bbox 1323 2592 1594 2661; x_wconf 88' lang='lat' dir='ltr'><strong>ﬁdemque</strong></span> <span class='ocrx_word' id='word_1_292' title='bbox 1627 2588 1968 2659; x_wconf 89' lang='lat' dir='ltr'><strong>suscepimus</strong></span> <span class='ocrx_word' id='word_1_293' title='bbox 1999 2605 2012 2641; x_wconf 89' lang='lat'><strong>:</strong></span> <span class='ocrx_word' id='word_1_294' title='bbox 2039 2586 2086 2642; x_wconf 92' lang='lat' dir='ltr'><strong>si</strong></span> 
     </span>
    </p>
   </div>
   <div class='ocr_carea' id='block_1_42' title="bbox 488 2675 2085 2754">
    <p class='ocr_par' dir='ltr' id='par_1_42' title="bbox 488 2675 2085 2754">
     <span class='ocr_line' id='line_1_42' title="bbox 488 2675 2085 2754; baseline -0.004 -19"><span class='ocrx_word' id='word_1_295' title='bbox 488 2684 763 2738; x_wconf 80' lang='lat' dir='ltr'><strong>.voluntas</strong></span> <span class='ocrx_word' id='word_1_296' title='bbox 783 2683 1042 2753; x_wconf 84' lang='lat' dir='ltr'><strong>peccandi</strong></span> <span class='ocrx_word' id='word_1_297' title='bbox 1071 2683 1332 2754; x_wconf 86' lang='lat' dir='ltr'><strong>perdurat</strong></span> <span class='ocrx_word' id='word_1_298' title='bbox 1360 2681 1415 2735; x_wconf 91' lang='lat' dir='ltr'><strong>in</strong></span> <span class='ocrx_word' id='word_1_299' title='bbox 1443 2680 1623 2745; x_wconf 89' lang='lat' dir='ltr'><strong>nobis,</strong></span> <span class='ocrx_word' id='word_1_300' title='bbox 1638 2678 1757 2748; x_wconf 83' lang='lat' dir='ltr'><strong>jam</strong></span> <span class='ocrx_word' id='word_1_301' title='bbox 1779 2694 1883 2731; x_wconf 90' lang='lat' dir='ltr'><strong>non</strong></span> <span class='ocrx_word' id='word_1_302' title='bbox 1921 2675 2085 2730; x_wconf 87' lang='lat' dir='ltr'><strong>relin-</strong></span> 
     </span>
    </p>
   </div>
   <div class='ocr_carea' id='block_1_43' title="bbox 509 2767 2087 2842">
    <p class='ocr_par' dir='ltr' id='par_1_43' title="bbox 509 2767 2087 2842">
     <span class='ocr_line' id='line_1_43' title="bbox 509 2767 2087 2842; baseline -0.002 -17"><span class='ocrx_word' id='word_1_303' title='bbox 509 2774 708 2842; x_wconf 86' lang='lat' dir='ltr'><strong>quitur,</strong></span> <span class='ocrx_word' id='word_1_304' title='bbox 721 2772 858 2827; x_wconf 91' lang='lat' dir='ltr'><strong>nihil</strong></span> <span class='ocrx_word' id='word_1_305' title='bbox 878 2771 1115 2842; x_wconf 88' lang='lat' dir='ltr'><strong>proderit</strong></span> <span class='ocrx_word' id='word_1_306' title='bbox 1136 2771 1292 2826; x_wconf 92' lang='lat' dir='ltr'><strong>nobis</strong></span> <span class='ocrx_word' id='word_1_307' title='bbox 1304 2769 1555 2825; x_wconf 91' lang='lat' dir='ltr'><strong>Christus</strong></span> <span class='ocrx_word' id='word_1_308' title='bbox 1577 2768 1754 2824; x_wconf 83' lang='lat' dir='ltr'><strong>factus</strong></span> <span class='ocrx_word' id='word_1_309' title='bbox 1783 2767 1962 2824; x_wconf 90' lang='lat' dir='ltr'><strong>hostia</strong></span> <span class='ocrx_word' id='word_1_310' title='bbox 1986 2782 2087 2837; x_wconf 92' lang='lat' dir='ltr'><strong>pro</strong></span> 
     </span>
    </p>
   </div>
   <div class='ocr_carea' id='block_1_44' title="bbox 512 2858 2089 2933">
    <p class='ocr_par' dir='ltr' id='par_1_44' title="bbox 512 2858 2089 2933">
     <span class='ocr_line' id='line_1_44' title="bbox 512 2858 2089 2933; baseline -0.004 -14"><span class='ocrx_word' id='word_1_311' title='bbox 512 2864 750 2933; x_wconf 88' lang='lat' dir='ltr'><strong>peccatis</strong></span> <span class='ocrx_word' id='word_1_312' title='bbox 771 2863 1038 2919; x_wconf 91' lang='lat' dir='ltr'><strong>delendis.</strong></span> <span class='ocrx_word' id='word_1_313' title='bbox 1077 2862 1169 2918; x_wconf 85' lang='lat' dir='ltr'><strong>Vel</strong></span> <span class='ocrx_word' id='word_1_314' title='bbox 1194 2863 1266 2917; x_wconf 92' lang='lat' dir='ltr'><strong>ita</strong></span> <span class='ocrx_word' id='word_1_315' title='bbox 1283 2862 1400 2931; x_wconf 90' lang='lat' dir='ltr'><strong>jam</strong></span> <span class='ocrx_word' id='word_1_316' title='bbox 1427 2876 1529 2914; x_wconf 90' lang='lat' dir='ltr'><strong>non</strong></span> <span class='ocrx_word' id='word_1_317' title='bbox 1559 2859 1893 2930; x_wconf 86' lang='lat' dir='ltr'><strong>relinquitur,</strong></span> <span class='ocrx_word' id='word_1_318' title='bbox 1929 2858 1981 2913; x_wconf 92' lang='lat' dir='ltr'><strong>id</strong></span> <span class='ocrx_word' id='word_1_319' title='bbox 2004 2866 2089 2913; x_wconf 86' lang='lat' dir='ltr'><strong>est</strong></span> 
     </span>
    </p>
   </div>
   <div class='ocr_carea' id='block_1_45' title="bbox 510 2950 2085 3022">
    <p class='ocr_par' dir='ltr' id='par_1_45' title="bbox 510 2950 2085 3022">
     <span class='ocr_line' id='line_1_45' title="bbox 510 2950 2085 3022; baseline -0.003 -14"><span class='ocrx_word' id='word_1_320' title='bbox 510 2970 618 3009; x_wconf 77' lang='lat' dir='ltr'><strong>non</strong></span> <span class='ocrx_word' id='word_1_321' title='bbox 640 2962 951 3010; x_wconf 88' lang='lat' dir='ltr'><strong>reservatur</strong></span> <span class='ocrx_word' id='word_1_322' title='bbox 980 2953 1263 3020; x_wconf 85' lang='lat' dir='ltr'><strong>Christus;</strong></span> <span class='ocrx_word' id='word_1_323' title='bbox 1293 2960 1353 3007; x_wconf 91' lang='lat' dir='ltr'><strong>ut</strong></span> <span class='ocrx_word' id='word_1_324' title='bbox 1376 2966 1475 3021; x_wconf 92' lang='lat' dir='ltr'><strong>pro</strong></span> <span class='ocrx_word' id='word_1_325' title='bbox 1497 2951 1694 3006; x_wconf 89' lang='lat' dir='ltr'><strong>iterum</strong></span> <span class='ocrx_word' id='word_1_326' title='bbox 1717 2950 2085 3022; x_wconf 90' lang='lat' dir='ltr'><strong>peccantibus,</strong></span> 
     </span>
    </p>
   </div>
   <div class='ocr_carea' id='block_1_46' title="bbox 508 3041 2089 3115">
    <p class='ocr_par' dir='ltr' id='par_1_46' title="bbox 508 3041 2089 3115">
     <span class='ocr_line' id='line_1_46' title="bbox 508 3041 2089 3115; baseline -0.002 -16"><span class='ocrx_word' id='word_1_327' title='bbox 508 3054 708 3102; x_wconf 82' lang='lat' dir='ltr'><strong>iterum</strong></span> <span class='ocrx_word' id='word_1_328' title='bbox 734 3045 829 3101; x_wconf 89' lang='lat' dir='ltr'><strong>ﬁat</strong></span> <span class='ocrx_word' id='word_1_329' title='bbox 860 3046 1036 3100; x_wconf 87' lang='lat' dir='ltr'><strong>hostia</strong></span> <span class='ocrx_word' id='word_1_330' title='bbox 1081 3061 1176 3115; x_wconf 86' lang='lat' dir='ltr'><strong>pro</strong></span> <span class='ocrx_word' id='word_1_331' title='bbox 1202 3044 1454 3115; x_wconf 84' lang='lat' dir='ltr'><strong>peccatis.</strong></span> <span class='ocrx_word' id='word_1_332' title='bbox 1480 3041 1584 3098; x_wconf 93' lang='lat' dir='ltr'><strong>Sed</strong></span> <span class='ocrx_word' id='word_1_333' title='bbox 1630 3043 1735 3099; x_wconf 86' lang='lat' dir='ltr'><strong>hoc</strong></span> <span class='ocrx_word' id='word_1_334' title='bbox 1760 3041 2089 3113; x_wconf 85' lang='lat' dir='ltr'><strong>relinquitur</strong></span> 
     </span>
    </p>
   </div>
   <div class='ocr_carea' id='block_1_47' title="bbox 509 3132 2088 3208">
    <p class='ocr_par' dir='ltr' id='par_1_47' title="bbox 509 3132 2088 3208">
     <span class='ocr_line' id='line_1_47' title="bbox 509 3132 2088 3208; baseline -0.003 -17"><span class='ocrx_word' id='word_1_335' title='bbox 509 3137 689 3203; x_wconf 89' lang='lat' dir='ltr'><strong>nobis,</strong></span> <span class='ocrx_word' id='word_1_336' title='bbox 730 3137 957 3204; x_wconf 85' lang='lat' dir='ltr'><strong>scilicet,</strong></span> <span class='ocrx_word' id='word_1_337' title='bbox 987 3137 1231 3208; x_wconf 74' lang='lat' dir='ltr'><strong>quwdam</strong></span> <span class='ocrx_word' id='word_1_338' title='bbox 1268 3135 1433 3208; x_wconf 62' lang='grc'><strong>400</strong></span> <span class='ocrx_word' id='word_1_339' title='bbox 1467 3134 1722 3189; x_wconf 83' lang='lat' dir='ltr'><strong>terribilis</strong></span> <span class='ocrx_word' id='word_1_340' title='bbox 1766 3132 2088 3203; x_wconf 69' lang='lat' dir='ltr'><strong>exspectatio</strong></span> 
     </span>
    </p>
   </div>
   <div class='ocr_carea' id='block_1_48' title="bbox 488 3225 2091 3297">
    <p class='ocr_par' dir='ltr' id='par_1_48' title="bbox 488 3225 2091 3297">
     <span class='ocr_line' id='line_1_48' title="bbox 488 3225 2091 3297; baseline 0 -15"><span class='ocrx_word' id='word_1_341' title='bbox 488 3260 493 3263; x_wconf 90' lang='lat'><strong><em>-</em></strong></span> <span class='ocrx_word' id='word_1_342' title='bbox 508 3229 699 3296; x_wconf 80' lang='lat' dir='ltr'><strong>iudicii</strong></span> <span class='ocrx_word' id='word_1_343' title='bbox 727 3227 929 3296; x_wconf 83' lang='lat' dir='ltr'><strong>futuri;</strong></span> <span class='ocrx_word' id='word_1_344' title='bbox 953 3236 1008 3283; x_wconf 88' lang='lat' dir='ltr'><strong>et</strong></span> <span class='ocrx_word' id='word_1_345' title='bbox 1036 3228 1367 3297; x_wconf 88' lang='lat' dir='ltr'><strong>relinquitur</strong></span> <span class='ocrx_word' id='word_1_346' title='bbox 1402 3226 1560 3282; x_wconf 88' lang='lat' dir='ltr'><strong>nobis</strong></span> <span class='ocrx_word' id='word_1_347' title='bbox 1603 3225 1895 3293; x_wconf 65' lang='lat' dir='ltr'><strong>aemulatio,</strong></span> <span class='ocrx_word' id='word_1_348' title='bbox 1923 3225 1978 3281; x_wconf 92' lang='lat' dir='ltr'><strong>id</strong></span> <span class='ocrx_word' id='word_1_349' title='bbox 2006 3234 2091 3282; x_wconf 88' lang='lat' dir='ltr'><strong>est</strong></span> 
     </span>
    </p>
   </div>
   <div class='ocr_carea' id='block_1_49' title="bbox 512 3317 2090 3390">
    <p class='ocr_par' dir='ltr' id='par_1_49' title="bbox 512 3317 2090 3390">
     <span class='ocr_line' id='line_1_49' title="bbox 512 3317 2090 3390; baseline -0.001 -17"><span class='ocrx_word' id='word_1_350' title='bbox 512 3319 716 3374; x_wconf 87' lang='lat' dir='ltr'><strong>invidia</strong></span> <span class='ocrx_word' id='word_1_351' title='bbox 753 3321 913 3390; x_wconf 86' lang='lat' dir='ltr'><strong>ignis,</strong></span> <span class='ocrx_word' id='word_1_352' title='bbox 939 3334 1061 3390; x_wconf 73' lang='lat' dir='ltr'><strong>quze</strong></span> <span class='ocrx_word' id='word_1_353' title='bbox 1089 3317 1366 3375; x_wconf 65' lang='lat' dir='ltr'><strong>aemulatio</strong></span> <span class='ocrx_word' id='word_1_354' title='bbox 1397 3327 1775 3389; x_wconf 89' lang='lat' dir='ltr'><strong>consumptura</strong></span> <span class='ocrx_word' id='word_1_355' title='bbox 1799 3327 1876 3372; x_wconf 88' lang='lat' dir='ltr'><strong>est</strong></span> <span class='ocrx_word' id='word_1_356' title='bbox 1901 3317 2090 3372; x_wconf 84' lang='lat' dir='ltr'><strong>adver-</strong></span> 
     </span>
    </p>
   </div>
   <div class='ocr_carea' id='block_1_50' title="bbox 509 3409 986 3465">
    <p class='ocr_par' dir='ltr' id='par_1_50' title="bbox 509 3409 986 3465">
     <span class='ocr_line' id='line_1_50' title="bbox 509 3409 986 3465; baseline 0.002 -2"><span class='ocrx_word' id='word_1_357' title='bbox 509 3409 686 3463; x_wconf 87' lang='lat' dir='ltr'><strong>sarios</strong></span> <span class='ocrx_word' id='word_1_358' title='bbox 719 3410 986 3465; x_wconf 88' lang='lat' dir='ltr'><strong>veritatis.</strong></span> 
     </span>
    </p>
   </div>
   <div class='ocr_carea' id='block_1_51' title="bbox 488 3496 2092 3571">
    <p class='ocr_par' dir='ltr' id='par_1_51' title="bbox 488 3496 2092 3571">
     <span class='ocr_line' id='line_1_51' title="bbox 488 3496 2092 3571; baseline 0 -17"><span class='ocrx_word' id='word_1_359' title='bbox 488 3537 493 3541; x_wconf 67' lang='grc' dir='ltr'>ς</span> <span class='ocrx_word' id='word_1_360' title='bbox 583 3496 788 3554; x_wconf 89' lang='lat' dir='ltr'><strong>Probat</strong></span> <span class='ocrx_word' id='word_1_361' title='bbox 842 3516 874 3555; x_wconf 92' lang='lat' dir='ltr'><strong>a</strong></span> <span class='ocrx_word' id='word_1_362' title='bbox 918 3500 1117 3570; x_wconf 86' lang='lat' dir='ltr'><strong>majori</strong></span> <span class='ocrx_word' id='word_1_363' title='bbox 1176 3500 1484 3571; x_wconf 88' lang='lat' dir='ltr'><strong>puniendos</strong></span> <span class='ocrx_word' id='word_1_364' title='bbox 1534 3514 1656 3555; x_wconf 88' lang='lat' dir='ltr'><strong>esse</strong></span> <span class='ocrx_word' id='word_1_365' title='bbox 1712 3507 2002 3570; x_wconf 85' lang='lat' dir='ltr'><strong>peccantes</strong></span> <span class='ocrx_word' id='word_1_366' title='bbox 2036 3499 2092 3554; x_wconf 91' lang='lat' dir='ltr'><strong>in</strong></span> 
     </span>
    </p>
   </div>
   <div class='ocr_carea' id='block_1_52' title="bbox 489 3588 2099 3661">
    <p class='ocr_par' dir='ltr' id='par_1_52' title="bbox 489 3588 2099 3661">
     <span class='ocr_line' id='line_1_52' title="bbox 489 3588 2099 3661; baseline 0.001 -16"><span class='ocrx_word' id='word_1_367' title='bbox 489 3588 817 3658; x_wconf 67' lang='lat' dir='ltr'><strong>.Christum,</strong></span> <span class='ocrx_word' id='word_1_368' title='bbox 842 3590 1060 3647; x_wconf 87' lang='lat' dir='ltr'><strong>dicens:</strong></span> <span class='ocrx_word' id='word_1_369' title='bbox 1085 3589 1225 3647; x_wconf 90' lang='lat' dir='ltr'><strong>Vere</strong></span> <span class='ocrx_word' id='word_1_370' title='bbox 1246 3591 1341 3661; x_wconf 90' lang='lat' dir='ltr'><strong>qui</strong></span> <span class='ocrx_word' id='word_1_371' title='bbox 1361 3590 1664 3646; x_wconf 87' lang='lat' dir='ltr'><strong>voluntarie</strong></span> <span class='ocrx_word' id='word_1_372' title='bbox 1688 3599 1895 3660; x_wconf 89' lang='lat' dir='ltr'><strong>peccat,</strong></span> <span class='ocrx_word' id='word_1_373' title='bbox 1925 3591 1981 3644; x_wconf 90' lang='lat' dir='ltr'><strong>in</strong></span> <span class='ocrx_word' id='word_1_374' title='bbox 2008 3606 2099 3646; x_wconf 90' lang='lat' dir='ltr'><strong>ve-</strong></span> 
     </span>
    </p>
   </div>
   <div class='ocr_carea' id='block_1_53' title="bbox 487 3682 2095 3755">
    <p class='ocr_par' dir='ltr' id='par_1_53' title="bbox 487 3682 2095 3755">
     <span class='ocr_line' id='line_1_53' title="bbox 487 3682 2095 3755; baseline -0.001 -17"><span class='ocrx_word' id='word_1_375' title='bbox 487 3684 677 3739; x_wconf 88' lang='lat' dir='ltr'><strong>.ritate</strong></span> <span class='ocrx_word' id='word_1_376' title='bbox 716 3683 992 3755; x_wconf 88' lang='lat' dir='ltr'><strong>punietur.</strong></span> <span class='ocrx_word' id='word_1_377' title='bbox 1033 3682 1193 3737; x_wconf 27' lang='lat' dir='ltr'><strong>Nam.</strong></span> <span class='ocrx_word' id='word_1_378' title='bbox 1221 3683 1414 3754; x_wconf 83' lang='lat' dir='ltr'><strong>aliquis</strong></span> <span class='ocrx_word' id='word_1_379' title='bbox 1453 3682 1860 3753; x_wconf 71' lang='lat' dir='ltr'><strong>praevaricando</strong></span> <span class='ocrx_word' id='word_1_380' title='bbox 1895 3682 2095 3752; x_wconf 80' lang='lat' dir='ltr'><strong>faciens</strong></span> 
     </span>
    </p>
   </div>
   <div class='ocr_carea' id='block_1_54' title="bbox 487 3771 2096 3846">
    <p class='ocr_par' dir='ltr' id='par_1_54' title="bbox 487 3771 2096 3846">
     <span class='ocr_line' id='line_1_54' title="bbox 487 3771 2096 3846; baseline -0.001 -18"><span class='ocrx_word' id='word_1_381' title='bbox 487 3774 731 3829; x_wconf 87' lang='lat' dir='ltr'><strong>.irritam</strong></span> <span class='ocrx_word' id='word_1_382' title='bbox 759 3773 924 3846; x_wconf 86' lang='lat' dir='ltr'><strong>legem</strong></span> <span class='ocrx_word' id='word_1_383' title='bbox 948 3772 1142 3845; x_wconf 79' lang='lat' dir='ltr'><strong>Moysi,</strong></span> <span class='ocrx_word' id='word_1_384' title='bbox 1172 3789 1294 3845; x_wconf 70' lang='lat' dir='ltr'><strong>quae</strong></span> <span class='ocrx_word' id='word_1_385' title='bbox 1321 3788 1435 3828; x_wconf 90' lang='lat' dir='ltr'><strong>non</strong></span> <span class='ocrx_word' id='word_1_386' title='bbox 1463 3780 1582 3828; x_wconf 88' lang='lat' dir='ltr'><strong>erat</strong></span> <span class='ocrx_word' id='word_1_387' title='bbox 1603 3773 1710 3828; x_wconf 91' lang='lat' dir='ltr'><strong>nisi</strong></span> <span class='ocrx_word' id='word_1_388' title='bbox 1737 3771 1929 3827; x_wconf 89' lang='lat' dir='ltr'><strong>umbra</strong></span> <span class='ocrx_word' id='word_1_389' title='bbox 1952 3773 2096 3827; x_wconf 90' lang='lat' dir='ltr'><strong>veri-</strong></span> 
     </span>
    </p>
   </div>
   <div class='ocr_carea' id='block_1_55' title="bbox 487 3863 2099 3935">
    <p class='ocr_par' dir='ltr' id='par_1_55' title="bbox 487 3863 2099 3935">
     <span class='ocr_line' id='line_1_55' title="bbox 487 3863 2099 3935; baseline -0.001 -14"><span class='ocrx_word' id='word_1_390' title='bbox 487 3896 495 3921; x_wconf 79' lang='grc' dir='ltr'><strong><em>τ</em></strong></span> <span class='ocrx_word' id='word_1_391' title='bbox 514 3865 665 3932; x_wconf 83' lang='lat' dir='ltr'><strong>tatis,</strong></span> <span class='ocrx_word' id='word_1_392' title='bbox 698 3866 924 3920; x_wconf 88' lang='lat' dir='ltr'><strong>moritur</strong></span> <span class='ocrx_word' id='word_1_393' title='bbox 945 3866 1058 3920; x_wconf 83' lang='lat' dir='ltr'><strong>sine</strong></span> <span class='ocrx_word' id='word_1_394' title='bbox 1079 3863 1195 3919; x_wconf 88' lang='lat' dir='ltr'><strong>ulla</strong></span> <span class='ocrx_word' id='word_1_395' title='bbox 1216 3864 1556 3919; x_wconf 85' lang='lat' dir='ltr'><strong>miseratione</strong></span> <span class='ocrx_word' id='word_1_396' title='bbox 1577 3864 1864 3920; x_wconf 86' lang='lat' dir='ltr'><strong>convictus</strong></span> <span class='ocrx_word' id='word_1_397' title='bbox 1882 3864 1950 3919; x_wconf 92' lang='lat' dir='ltr'><strong>de</strong></span> <span class='ocrx_word' id='word_1_398' title='bbox 1972 3877 2099 3935; x_wconf 82' lang='lat' dir='ltr'><strong>pec-</strong></span> 
     </span>
    </p>
   </div>
   <div class='ocr_carea' id='block_1_56' title="bbox 516 3954 2099 4027">
    <p class='ocr_par' dir='ltr' id='par_1_56' title="bbox 516 3954 2099 4027">
     <span class='ocr_line' id='line_1_56' title="bbox 516 3954 2099 4027; baseline -0.003 -14"><span class='ocrx_word' id='word_1_399' title='bbox 516 3965 641 4013; x_wconf 88' lang='lat' dir='ltr'><strong>cato</strong></span> <span class='ocrx_word' id='word_1_400' title='bbox 686 3957 781 4011; x_wconf 88' lang='lat' dir='ltr'><strong>sub</strong></span> <span class='ocrx_word' id='word_1_401' title='bbox 831 3957 1036 4011; x_wconf 87' lang='lat' dir='ltr'><strong>duobus</strong></span> <span class='ocrx_word' id='word_1_402' title='bbox 1087 3954 1168 4010; x_wconf 77' lang='lat' dir='ltr'><strong>vel</strong></span> <span class='ocrx_word' id='word_1_403' title='bbox 1200 3957 1370 4010; x_wconf 90' lang='lat' dir='ltr'><strong>tribus</strong></span> <span class='ocrx_word' id='word_1_404' title='bbox 1411 3955 1651 4011; x_wconf 84' lang='lat' dir='ltr'><strong>testibus.</strong></span> <span class='ocrx_word' id='word_1_405' title='bbox 1675 3955 1743 4011; x_wconf 89' lang='lat' dir='ltr'><strong>Et</strong></span> <span class='ocrx_word' id='word_1_406' title='bbox 1769 3956 1817 4012; x_wconf 87' lang='lat' dir='ltr'><strong>si</strong></span> <span class='ocrx_word' id='word_1_407' title='bbox 1842 3955 2099 4027; x_wconf 71' lang='lat' dir='ltr'><strong>praevari-</strong></span> 
     </span>
    </p>
   </div>
   <div class='ocr_carea' id='block_1_57' title="bbox 518 4032 2098 4119">
    <p class='ocr_par' dir='ltr' id='par_1_57' title="bbox 518 4032 2098 4119">
     <span class='ocr_line' id='line_1_57' title="bbox 518 4032 2098 4119; baseline -0.003 -15"><span class='ocrx_word' id='word_1_408' title='bbox 518 4064 654 4104; x_wconf 89' lang='lat' dir='ltr'><strong>cans</strong></span> <span class='ocrx_word' id='word_1_409' title='bbox 683 4048 742 4102; x_wconf 91' lang='lat' dir='ltr'><strong>in</strong></span> <span class='ocrx_word' id='word_1_410' title='bbox 789 4049 909 4119; x_wconf 90' lang='lat' dir='ltr'><strong>lege</strong></span> <span class='ocrx_word' id='word_1_411' title='bbox 936 4047 1110 4119; x_wconf 80' lang='lat' dir='ltr'><strong>Moysi</strong></span> <span class='ocrx_word' id='word_1_412' title='bbox 1144 4047 1399 4112; x_wconf 87' lang='lat' dir='ltr'><strong>moritur,</strong></span> <span class='ocrx_word' id='word_1_413' title='bbox 1441 4057 1640 4119; x_wconf 89' lang='lat' dir='ltr'><strong>quanto</strong></span> <span class='ocrx_word' id='word_1_414' title='bbox 1680 4032 2098 4119; x_wconf 53' lang='lat' dir='ltr'><strong>magis&#39;putatis</strong></span> 
     </span>
    </p>
   </div>
   <div class='ocr_carea' id='block_1_58' title="bbox 516 4138 2099 4209">
    <p class='ocr_par' dir='ltr' id='par_1_58' title="bbox 516 4138 2099 4209">
     <span class='ocr_line' id='line_1_58' title="bbox 516 4138 2099 4209; baseline 0 -17"><span class='ocrx_word' id='word_1_415' title='bbox 516 4153 644 4192; x_wconf 87' lang='lat' dir='ltr'><strong>eum</strong></span> <span class='ocrx_word' id='word_1_416' title='bbox 699 4139 887 4191; x_wconf 85' lang='lat' dir='ltr'><strong>mereri</strong></span> <span class='ocrx_word' id='word_1_417' title='bbox 943 4139 1206 4193; x_wconf 88' lang='lat' dir='ltr'><strong>deteriora</strong></span> <span class='ocrx_word' id='word_1_418' title='bbox 1259 4138 1543 4209; x_wconf 87' lang='lat' dir='ltr'><strong>supplicia,</strong></span> <span class='ocrx_word' id='word_1_419' title='bbox 1589 4140 1680 4209; x_wconf 88' lang='lat' dir='ltr'><strong>qui</strong></span> <span class='ocrx_word' id='word_1_420' title='bbox 1718 4138 2099 4194; x_wconf 82' lang='lat' dir='ltr'><strong>conculcaverit</strong></span> 
     </span>
    </p>
   </div>
   <div class='ocr_carea' id='block_1_59' title="bbox 526 4227 2102 4286">
    <p class='ocr_par' dir='ltr' id='par_1_59' title="bbox 526 4227 2102 4286">
     <span class='ocr_line' id='line_1_59' title="bbox 526 4227 2102 4286; baseline 0.003 -6"><span class='ocrx_word' id='word_1_421' title='bbox 526 4227 731 4281; x_wconf 86' lang='lat' dir='ltr'><strong>Filium</strong></span> <span class='ocrx_word' id='word_1_422' title='bbox 783 4227 924 4282; x_wconf 82' lang='lat' dir='ltr'><strong>Dei?</strong></span> <span class='ocrx_word' id='word_1_423' title='bbox 950 4228 1043 4284; x_wconf 89' lang='lat' dir='ltr'><strong>llle</strong></span> <span class='ocrx_word' id='word_1_424' title='bbox 1076 4230 1502 4285; x_wconf 89' lang='lat' dir='ltr'><strong>conculcabilem</strong></span> <span class='ocrx_word' id='word_1_425' title='bbox 1532 4237 1587 4285; x_wconf 90' lang='lat' dir='ltr'><strong>et</strong></span> <span class='ocrx_word' id='word_1_426' title='bbox 1610 4230 1774 4286; x_wconf 89' lang='lat' dir='ltr'><strong>nimis</strong></span> <span class='ocrx_word' id='word_1_427' title='bbox 1821 4230 1985 4286; x_wconf 88' lang='lat' dir='ltr'><strong>vilem</strong></span> <span class='ocrx_word' id='word_1_428' title='bbox 2016 4230 2102 4285; x_wconf 92' lang='lat' dir='ltr'><strong>in-</strong></span> 
     </span>
    </p>
   </div>
   <div class='ocr_carea' id='block_1_60' title="bbox 520 4317 2101 4393">
    <p class='ocr_par' dir='ltr' id='par_1_60' title="bbox 520 4317 2101 4393">
     <span class='ocr_line' id='line_1_60' title="bbox 520 4317 2101 4393; baseline 0.002 -19"><span class='ocrx_word' id='word_1_429' title='bbox 520 4319 714 4389; x_wconf 88' lang='lat' dir='ltr'><strong>telligit</strong></span> <span class='ocrx_word' id='word_1_430' title='bbox 761 4317 958 4374; x_wconf 85' lang='lat' dir='ltr'><strong>Filium</strong></span> <span class='ocrx_word' id='word_1_431' title='bbox 992 4319 1111 4388; x_wconf 86' lang='lat' dir='ltr'><strong>Dei,</strong></span> <span class='ocrx_word' id='word_1_432' title='bbox 1139 4322 1234 4390; x_wconf 92' lang='lat' dir='ltr'><strong>qui</strong></span> <span class='ocrx_word' id='word_1_433' title='bbox 1267 4322 1337 4377; x_wconf 91' lang='lat' dir='ltr'><strong>ad</strong></span> <span class='ocrx_word' id='word_1_434' title='bbox 1359 4321 1687 4377; x_wconf 88' lang='lat' dir='ltr'><strong>remittenda</strong></span> <span class='ocrx_word' id='word_1_435' title='bbox 1728 4331 1949 4393; x_wconf 88' lang='lat' dir='ltr'><strong>peccata</strong></span> <span class='ocrx_word' id='word_1_436' title='bbox 1973 4337 2101 4377; x_wconf 89' lang='lat' dir='ltr'><strong>eum</strong></span> 
     </span>
    </p>
   </div>
   <div class='ocr_carea' id='block_1_61' title="bbox 523 4408 2102 4483">
    <p class='ocr_par' dir='ltr' id='par_1_61' title="bbox 523 4408 2102 4483">
     <span class='ocr_line' id='line_1_61' title="bbox 523 4408 2102 4483; baseline 0.003 -20"><span class='ocrx_word' id='word_1_437' title='bbox 523 4408 873 4478; x_wconf 82' lang='lat' dir='ltr'><strong>impotentem</strong></span> <span class='ocrx_word' id='word_1_438' title='bbox 915 4408 1066 4477; x_wconf 88' lang='lat' dir='ltr'><strong>dicit,</strong></span> <span class='ocrx_word' id='word_1_439' title='bbox 1124 4410 1233 4465; x_wconf 89' lang='lat' dir='ltr'><strong>nisi</strong></span> <span class='ocrx_word' id='word_1_440' title='bbox 1278 4410 1607 4483; x_wconf 86' lang='lat' dir='ltr'><strong>adjungatur</strong></span> <span class='ocrx_word' id='word_1_441' title='bbox 1634 4412 2016 4480; x_wconf 88' lang='lat' dir='ltr'><strong>circumcisio;</strong></span> <span class='ocrx_word' id='word_1_442' title='bbox 2049 4422 2102 4467; x_wconf 88' lang='lat' dir='ltr'><strong>et</strong></span> 
     </span>
    </p>
   </div>
   <div class='ocr_carea' id='block_1_62' title="bbox 2253 1950 3772 2025">
    <p class='ocr_par' dir='ltr' id='par_1_62' title="bbox 2253 1950 3772 2025">
     <span class='ocr_line' id='line_1_62' title="bbox 2253 1950 3772 2025; baseline -0.003 -16"><span class='ocrx_word' id='word_1_443' title='bbox 2253 1953 2556 2025; x_wconf 89' lang='lat' dir='ltr'><strong>Postquam</strong></span> <span class='ocrx_word' id='word_1_444' title='bbox 2596 1952 2844 2023; x_wconf 87' lang='lat' dir='ltr'><strong>asperius</strong></span> <span class='ocrx_word' id='word_1_445' title='bbox 2869 1951 3137 2022; x_wconf 91' lang='lat' dir='ltr'><strong>corripuit</strong></span> <span class='ocrx_word' id='word_1_446' title='bbox 3155 1950 3300 2016; x_wconf 88' lang='lat' dir='ltr'><strong>illos,</strong></span> <span class='ocrx_word' id='word_1_447' title='bbox 3328 1965 3484 2008; x_wconf 90' lang='lat' dir='ltr'><strong>nunc</strong></span> <span class='ocrx_word' id='word_1_448' title='bbox 3512 1965 3772 2007; x_wconf 82' lang='lat' dir='ltr'><strong>rememo-</strong></span> 
     </span>
    </p>
   </div>
   <div class='ocr_carea' id='block_1_63' title="bbox 2182 2042 3772 2116">
    <p class='ocr_par' dir='ltr' id='par_1_63' title="bbox 2182 2042 3772 2116">
     <span class='ocr_line' id='line_1_63' title="bbox 2182 2042 3772 2116; baseline -0.003 -15"><span class='ocrx_word' id='word_1_449' title='bbox 2182 2046 2356 2102; x_wconf 90' lang='lat' dir='ltr'><strong>rando</strong></span> <span class='ocrx_word' id='word_1_450' title='bbox 2390 2046 2577 2116; x_wconf 88' lang='lat' dir='ltr'><strong>priora</strong></span> <span class='ocrx_word' id='word_1_451' title='bbox 2617 2044 2762 2100; x_wconf 91' lang='lat' dir='ltr'><strong>bona</strong></span> <span class='ocrx_word' id='word_1_452' title='bbox 2798 2044 3043 2111; x_wconf 91' lang='lat' dir='ltr'><strong>illorum,</strong></span> <span class='ocrx_word' id='word_1_453' title='bbox 3082 2042 3367 2098; x_wconf 91' lang='lat' dir='ltr'><strong>blanditur</strong></span> <span class='ocrx_word' id='word_1_454' title='bbox 3406 2043 3494 2098; x_wconf 89' lang='lat' dir='ltr'><strong>eis</strong></span> <span class='ocrx_word' id='word_1_455' title='bbox 3536 2052 3601 2097; x_wconf 88' lang='lat' dir='ltr'><strong>ut</strong></span> <span class='ocrx_word' id='word_1_456' title='bbox 3640 2056 3772 2112; x_wconf 86' lang='lat' dir='ltr'><strong>quos</strong></span> 
     </span>
    </p>
   </div>
   <div class='ocr_carea' id='block_1_64' title="bbox 2182 2134 3771 2208">
    <p class='ocr_par' dir='ltr' id='par_1_64' title="bbox 2182 2134 3771 2208">
     <span class='ocr_line' id='line_1_64' title="bbox 2182 2134 3771 2208; baseline -0.004 -14"><span class='ocrx_word' id='word_1_457' title='bbox 2182 2147 2394 2194; x_wconf 90' lang='lat' dir='ltr'><strong>terrore</strong></span> <span class='ocrx_word' id='word_1_458' title='bbox 2416 2135 2607 2208; x_wconf 90' lang='lat' dir='ltr'><strong>judieii</strong></span> <span class='ocrx_word' id='word_1_459' title='bbox 2640 2136 2944 2203; x_wconf 89' lang='lat' dir='ltr'><strong>concussit,</strong></span> <span class='ocrx_word' id='word_1_460' title='bbox 2976 2134 3309 2206; x_wconf 88' lang='lat' dir='ltr'><strong>quibusdam</strong></span> <span class='ocrx_word' id='word_1_461' title='bbox 3328 2134 3625 2190; x_wconf 80' lang='lat' dir='ltr'><strong>blanditiis</strong></span> <span class='ocrx_word' id='word_1_462' title='bbox 3657 2135 3771 2188; x_wconf 82' lang='lat' dir='ltr'><strong>alli-</strong></span> 
     </span>
    </p>
   </div>
   <div class='ocr_carea' id='block_1_65' title="bbox 2184 2224 3772 2297">
    <p class='ocr_par' dir='ltr' id='par_1_65' title="bbox 2184 2224 3772 2297">
     <span class='ocr_line' id='line_1_65' title="bbox 2184 2224 3772 2297; baseline -0.004 -11"><span class='ocrx_word' id='word_1_463' title='bbox 2184 2231 2312 2297; x_wconf 90' lang='lat' dir='ltr'><strong>ciat,</strong></span> <span class='ocrx_word' id='word_1_464' title='bbox 2342 2229 2563 2285; x_wconf 90' lang='lat' dir='ltr'><strong>dicens:</strong></span> <span class='ocrx_word' id='word_1_465' title='bbox 2593 2226 2784 2283; x_wconf 89' lang='lat' dir='ltr'><strong>Videte</strong></span> <span class='ocrx_word' id='word_1_466' title='bbox 2825 2242 2896 2282; x_wconf 88' lang='lat' dir='ltr'><strong>ne</strong></span> <span class='ocrx_word' id='word_1_467' title='bbox 2936 2226 3192 2283; x_wconf 90' lang='lat' dir='ltr'><strong>incidatis</strong></span> <span class='ocrx_word' id='word_1_468' title='bbox 3215 2227 3270 2280; x_wconf 91' lang='lat' dir='ltr'><strong>in</strong></span> <span class='ocrx_word' id='word_1_469' title='bbox 3294 2241 3505 2281; x_wconf 90' lang='lat' dir='ltr'><strong>manus</strong></span> <span class='ocrx_word' id='word_1_470' title='bbox 3542 2224 3665 2291; x_wconf 88' lang='lat' dir='ltr'><strong>Dei,</strong></span> <span class='ocrx_word' id='word_1_471' title='bbox 3689 2227 3772 2280; x_wconf 78' lang='lat' dir='ltr'><strong>sed</strong></span> 
     </span>
    </p>
   </div>
   <div class='ocr_carea' id='block_1_66' title="bbox 2184 2314 3770 2391">
    <p class='ocr_par' dir='ltr' id='par_1_66' title="bbox 2184 2314 3770 2391">
     <span class='ocr_line' id='line_1_66' title="bbox 2184 2314 3770 2391; baseline -0.005 -15"><span class='ocrx_word' id='word_1_472' title='bbox 2184 2314 2608 2376; x_wconf 51' lang='lat' dir='ltr'><strong>rememo’ramini</strong></span> <span class='ocrx_word' id='word_1_473' title='bbox 2649 2319 2901 2391; x_wconf 87' lang='lat' dir='ltr'><strong>pristinos</strong></span> <span class='ocrx_word' id='word_1_474' title='bbox 2928 2318 3041 2372; x_wconf 89' lang='lat' dir='ltr'><strong>dies</strong></span> <span class='ocrx_word' id='word_1_475' title='bbox 3069 2319 3127 2371; x_wconf 88' lang='lat' dir='ltr'><strong>in</strong></span> <span class='ocrx_word' id='word_1_476' title='bbox 3149 2318 3340 2389; x_wconf 85' lang='lat' dir='ltr'><strong>quibus</strong></span> <span class='ocrx_word' id='word_1_477' title='bbox 3360 2332 3467 2372; x_wconf 92' lang='lat' dir='ltr'><strong>vos</strong></span> <span class='ocrx_word' id='word_1_478' title='bbox 3483 2315 3770 2370; x_wconf 76' lang='lat' dir='ltr'><strong>illuminati</strong></span> 
     </span>
    </p>
   </div>
   <div class='ocr_carea' id='block_1_67' title="bbox 2184 2409 3772 2486">
    <p class='ocr_par' dir='ltr' id='par_1_67' title="bbox 2184 2409 3772 2486">
     <span class='ocr_line' id='line_1_67' title="bbox 2184 2409 3772 2486; baseline -0.006 -17"><span class='ocrx_word' id='word_1_479' title='bbox 2184 2429 2280 2486; x_wconf 90' lang='lat' dir='ltr'><strong>per</strong></span> <span class='ocrx_word' id='word_1_480' title='bbox 2305 2414 2488 2479; x_wconf 89' lang='lat' dir='ltr'><strong>ﬁdem,</strong></span> <span class='ocrx_word' id='word_1_481' title='bbox 2534 2413 2716 2468; x_wconf 89' lang='lat' dir='ltr'><strong>statim</strong></span> <span class='ocrx_word' id='word_1_482' title='bbox 2743 2419 2962 2481; x_wconf 89' lang='lat' dir='ltr'><strong>accepta</strong></span> <span class='ocrx_word' id='word_1_483' title='bbox 3002 2410 3109 2465; x_wconf 89' lang='lat' dir='ltr'><strong>ﬁde</strong></span> <span class='ocrx_word' id='word_1_484' title='bbox 3153 2409 3497 2464; x_wconf 85' lang='lat' dir='ltr'><strong>sustinuistis</strong></span> <span class='ocrx_word' id='word_1_485' title='bbox 3530 2423 3772 2478; x_wconf 68' lang='lat' dir='ltr'><strong>magn-si</strong></span> 
     </span>
    </p>
   </div>
   <div class='ocr_carea' id='block_1_68' title="bbox 2186 2498 3771 2574">
    <p class='ocr_par' dir='ltr' id='par_1_68' title="bbox 2186 2498 3771 2574">
     <span class='ocr_line' id='line_1_68' title="bbox 2186 2498 3771 2574; baseline -0.006 -14"><span class='ocrx_word' id='word_1_486' title='bbox 2186 2513 2451 2560; x_wconf 87' lang='lat' dir='ltr'><strong>certamen</strong></span> <span class='ocrx_word' id='word_1_487' title='bbox 2492 2503 2828 2574; x_wconf 81' lang='lat' dir='ltr'><strong>passionum;</strong></span> <span class='ocrx_word' id='word_1_488' title='bbox 2857 2501 3030 2557; x_wconf 90' lang='lat' dir='ltr'><strong>multa</strong></span> <span class='ocrx_word' id='word_1_489' title='bbox 3060 2500 3205 2556; x_wconf 85' lang='lat' dir='ltr'><strong>enim</strong></span> <span class='ocrx_word' id='word_1_490' title='bbox 3231 2510 3366 2555; x_wconf 88' lang='lat' dir='ltr'><strong>tunc</strong></span> <span class='ocrx_word' id='word_1_491' title='bbox 3394 2498 3558 2570; x_wconf 87' lang='lat' dir='ltr'><strong>passi</strong></span> <span class='ocrx_word' id='word_1_492' title='bbox 3583 2499 3715 2554; x_wconf 86' lang='lat' dir='ltr'><strong>estis</strong></span> <span class='ocrx_word' id='word_1_493' title='bbox 3741 2512 3771 2550; x_wconf 85' lang='lat' dir='ltr'><strong>s</strong></span> 
     </span>
    </p>
   </div>
   <div class='ocr_carea' id='block_1_69' title="bbox 2187 2591 3771 2662">
    <p class='ocr_par' dir='ltr' id='par_1_69' title="bbox 2187 2591 3771 2662">
     <span class='ocr_line' id='line_1_69' title="bbox 2187 2591 3771 2662; baseline -0.005 -10"><span class='ocrx_word' id='word_1_494' title='bbox 2187 2594 2585 2652; x_wconf 89' lang='lat' dir='ltr'><strong>contribulibus</strong></span> <span class='ocrx_word' id='word_1_495' title='bbox 2617 2593 2835 2649; x_wconf 89' lang='lat' dir='ltr'><strong>vestris.</strong></span> <span class='ocrx_word' id='word_1_496' title='bbox 2866 2591 3222 2656; x_wconf 77' lang='lat' dir='ltr'><strong>Sustinuistis</strong></span> <span class='ocrx_word' id='word_1_497' title='bbox 3247 2592 3448 2662; x_wconf 89' lang='lat' dir='ltr'><strong>utique</strong></span> <span class='ocrx_word' id='word_1_498' title='bbox 3467 2591 3771 2661; x_wconf 77' lang='lat' dir='ltr'><strong>passiones,</strong></span> 
     </span>
    </p>
   </div>
   <div class='ocr_carea' id='block_1_70' title="bbox 2185 2682 3771 2754">
    <p class='ocr_par' dir='ltr' id='par_1_70' title="bbox 2185 2682 3771 2754">
     <span class='ocr_line' id='line_1_70' title="bbox 2185 2682 3771 2754; baseline -0.006 -11"><span class='ocrx_word' id='word_1_499' title='bbox 2185 2697 2237 2743; x_wconf 88' lang='lat' dir='ltr'><strong>et</strong></span> <span class='ocrx_word' id='word_1_500' title='bbox 2265 2688 2412 2743; x_wconf 89' lang='lat' dir='ltr'><strong>enim</strong></span> <span class='ocrx_word' id='word_1_501' title='bbox 2447 2687 2505 2741; x_wconf 85' lang='lat' dir='ltr'><strong>in</strong></span> <span class='ocrx_word' id='word_1_502' title='bbox 2530 2685 2718 2753; x_wconf 84' lang='lat' dir='ltr'><strong>altero,</strong></span> <span class='ocrx_word' id='word_1_503' title='bbox 2757 2684 2812 2739; x_wconf 92' lang='lat' dir='ltr'><strong>id</strong></span> <span class='ocrx_word' id='word_1_504' title='bbox 2836 2692 2923 2739; x_wconf 77' lang='lat' dir='ltr'><strong>est</strong></span> <span class='ocrx_word' id='word_1_505' title='bbox 2980 2684 3035 2739; x_wconf 87' lang='lat' dir='ltr'><strong>in</strong></span> <span class='ocrx_word' id='word_1_506' title='bbox 3063 2699 3174 2739; x_wconf 89' lang='lat' dir='ltr'><strong>una</strong></span> <span class='ocrx_word' id='word_1_507' title='bbox 3200 2690 3358 2754; x_wconf 90' lang='lat' dir='ltr'><strong>parte</strong></span> <span class='ocrx_word' id='word_1_508' title='bbox 3383 2684 3620 2754; x_wconf 87' lang='lat' dir='ltr'><strong>quidem</strong></span> <span class='ocrx_word' id='word_1_509' title='bbox 3651 2682 3771 2751; x_wconf 69' lang='lat' dir='ltr'><strong>(acti</strong></span> 
     </span>
    </p>
   </div>
   <div class='ocr_carea' id='block_1_71' title="bbox 2187 2774 3771 2850">
    <p class='ocr_par' dir='ltr' id='par_1_71' title="bbox 2187 2774 3771 2850">
     <span class='ocr_line' id='line_1_71' title="bbox 2187 2774 3771 2850; baseline -0.006 -14"><span class='ocrx_word' id='word_1_510' title='bbox 2187 2780 2323 2836; x_wconf 88' lang='lat' dir='ltr'><strong>estis</strong></span> <span class='ocrx_word' id='word_1_511' title='bbox 2348 2776 2707 2850; x_wconf 87' lang='lat' dir='ltr'><strong>spectaculum</strong></span> <span class='ocrx_word' id='word_1_512' title='bbox 2732 2776 2960 2843; x_wconf 89' lang='lat' dir='ltr'><strong>mundo,</strong></span> <span class='ocrx_word' id='word_1_513' title='bbox 2993 2775 3310 2846; x_wconf 78' lang='lat' dir='ltr'><strong>opprobriis,</strong></span> <span class='ocrx_word' id='word_1_514' title='bbox 3354 2774 3413 2829; x_wconf 90' lang='lat' dir='ltr'><strong>id</strong></span> <span class='ocrx_word' id='word_1_515' title='bbox 3447 2784 3537 2829; x_wconf 77' lang='lat' dir='ltr'><strong>est</strong></span> <span class='ocrx_word' id='word_1_516' title='bbox 3562 2782 3771 2843; x_wconf 81' lang='lat' dir='ltr'><strong>propter</strong></span> 
     </span>
    </p>
   </div>
   <div class='ocr_carea' id='block_1_72' title="bbox 2187 2862 3771 2939">
    <p class='ocr_par' dir='ltr' id='par_1_72' title="bbox 2187 2862 3771 2939">
     <span class='ocr_line' id='line_1_72' title="bbox 2187 2862 3771 2939; baseline -0.005 -15"><span class='ocrx_word' id='word_1_517' title='bbox 2187 2868 2479 2939; x_wconf 89' lang='lat' dir='ltr'><strong>opprobria</strong></span> <span class='ocrx_word' id='word_1_518' title='bbox 2509 2875 2558 2922; x_wconf 92' lang='lat' dir='ltr'><strong>et</strong></span> <span class='ocrx_word' id='word_1_519' title='bbox 2581 2865 2951 2920; x_wconf 86' lang='lat' dir='ltr'><strong>tribulationes</strong></span> <span class='ocrx_word' id='word_1_520' title='bbox 2981 2865 3162 2921; x_wconf 88' lang='lat' dir='ltr'><strong>illatas</strong></span> <span class='ocrx_word' id='word_1_521' title='bbox 3188 2864 3369 2920; x_wconf 85' lang='lat' dir='ltr'><strong>vobis.</strong></span> <span class='ocrx_word' id='word_1_522' title='bbox 3401 2862 3475 2917; x_wconf 85' lang='lat' dir='ltr'><strong>In</strong></span> <span class='ocrx_word' id='word_1_523' title='bbox 3496 2863 3669 2919; x_wconf 84' lang='lat' dir='ltr'><strong>altera</strong></span> <span class='ocrx_word' id='word_1_524' title='bbox 3689 2880 3771 2916; x_wconf 82' lang='lat' dir='ltr'><strong>as-</strong></span> 
     </span>
    </p>
   </div>
   <div class='ocr_carea' id='block_1_73' title="bbox 2190 2955 3767 3026">
    <p class='ocr_par' dir='ltr' id='par_1_73' title="bbox 2190 2955 3767 3026">
     <span class='ocr_line' id='line_1_73' title="bbox 2190 2955 3767 3026; baseline -0.005 -12"><span class='ocrx_word' id='word_1_525' title='bbox 2190 2969 2312 3026; x_wconf 89' lang='lat' dir='ltr'><strong>tem,</strong></span> <span class='ocrx_word' id='word_1_526' title='bbox 2337 2958 2391 3014; x_wconf 93' lang='lat' dir='ltr'><strong>id</strong></span> <span class='ocrx_word' id='word_1_527' title='bbox 2412 2966 2497 3014; x_wconf 87' lang='lat' dir='ltr'><strong>est</strong></span> <span class='ocrx_word' id='word_1_528' title='bbox 2522 2973 2588 3013; x_wconf 82' lang='lat' dir='ltr'><strong>ex</strong></span> <span class='ocrx_word' id='word_1_529' title='bbox 2620 2971 2729 3011; x_wconf 88' lang='lat' dir='ltr'><strong>una</strong></span> <span class='ocrx_word' id='word_1_530' title='bbox 2753 2963 2908 3026; x_wconf 87' lang='lat' dir='ltr'><strong>parte</strong></span> <span class='ocrx_word' id='word_1_531' title='bbox 2935 2956 3109 3025; x_wconf 74' lang='lat' dir='ltr'><strong>effecti</strong></span> <span class='ocrx_word' id='word_1_532' title='bbox 3129 2956 3255 3009; x_wconf 87' lang='lat' dir='ltr'><strong>estis</strong></span> <span class='ocrx_word' id='word_1_533' title='bbox 3297 2955 3439 3008; x_wconf 87' lang='lat' dir='ltr'><strong>socii</strong></span> <span class='ocrx_word' id='word_1_534' title='bbox 3464 2970 3767 3009; x_wconf 71' lang='lat' dir='ltr'><strong>coman-</strong></span> 
     </span>
    </p>
   </div>
   <div class='ocr_carea' id='block_1_74' title="bbox 2190 3044 3765 3115">
    <p class='ocr_par' dir='ltr' id='par_1_74' title="bbox 2190 3044 3765 3115">
     <span class='ocr_line' id='line_1_74' title="bbox 2190 3044 3765 3115; baseline -0.002 -14"><span class='ocrx_word' id='word_1_535' title='bbox 2190 3049 2323 3102; x_wconf 91' lang='lat' dir='ltr'><strong>tium</strong></span> <span class='ocrx_word' id='word_1_536' title='bbox 2353 3048 2554 3115; x_wconf 89' lang='lat' dir='ltr'><strong>taliter,</strong></span> <span class='ocrx_word' id='word_1_537' title='bbox 2592 3046 2735 3102; x_wconf 88' lang='lat' dir='ltr'><strong>sicut</strong></span> <span class='ocrx_word' id='word_1_538' title='bbox 2765 3062 2891 3113; x_wconf 90' lang='lat' dir='ltr'><strong>nos,</strong></span> <span class='ocrx_word' id='word_1_539' title='bbox 2927 3046 2983 3101; x_wconf 89' lang='lat' dir='ltr'><strong>id</strong></span> <span class='ocrx_word' id='word_1_540' title='bbox 3017 3053 3101 3102; x_wconf 89' lang='lat' dir='ltr'><strong>est</strong></span> <span class='ocrx_word' id='word_1_541' title='bbox 3133 3045 3383 3100; x_wconf 91' lang='lat' dir='ltr'><strong>omnium</strong></span> <span class='ocrx_word' id='word_1_542' title='bbox 3412 3044 3640 3099; x_wconf 87' lang='lat' dir='ltr'><strong>illorum</strong></span> <span class='ocrx_word' id='word_1_543' title='bbox 3682 3045 3765 3113; x_wconf 89' lang='lat' dir='ltr'><strong>qui</strong></span> 
     </span>
    </p>
   </div>
   <div class='ocr_carea' id='block_1_75' title="bbox 2189 3135 3765 3210">
    <p class='ocr_par' dir='ltr' id='par_1_75' title="bbox 2189 3135 3765 3210">
     <span class='ocr_line' id='line_1_75' title="bbox 2189 3135 3765 3210; baseline -0.001 -17"><span class='ocrx_word' id='word_1_544' title='bbox 2189 3138 2247 3194; x_wconf 91' lang='lat' dir='ltr'><strong>in</strong></span> <span class='ocrx_word' id='word_1_545' title='bbox 2279 3138 2540 3210; x_wconf 89' lang='lat' dir='ltr'><strong>religione</strong></span> <span class='ocrx_word' id='word_1_546' title='bbox 2583 3137 2708 3193; x_wconf 81' lang='lat' dir='ltr'><strong>fidei</strong></span> <span class='ocrx_word' id='word_1_547' title='bbox 2762 3139 3231 3194; x_wconf 90' lang='lat' dir='ltr'><strong>couversabantur</strong></span> <span class='ocrx_word' id='word_1_548' title='bbox 3274 3137 3597 3193; x_wconf 87' lang='lat' dir='ltr'><strong>vobiscum.</strong></span> <span class='ocrx_word' id='word_1_549' title='bbox 3642 3135 3765 3191; x_wconf 85' lang='lat' dir='ltr'><strong>Vere</strong></span> 
     </span>
    </p>
   </div>
   <div class='ocr_carea' id='block_1_76' title="bbox 2191 3229 3763 3300">
    <p class='ocr_par' dir='ltr' id='par_1_76' title="bbox 2191 3229 3763 3300">
     <span class='ocr_line' id='line_1_76' title="bbox 2191 3229 3763 3300; baseline -0.003 -13"><span class='ocrx_word' id='word_1_550' title='bbox 2191 3231 2348 3287; x_wconf 87' lang='lat' dir='ltr'><strong>socii.</strong></span> <span class='ocrx_word' id='word_1_551' title='bbox 2375 3229 2519 3284; x_wconf 89' lang='lat' dir='ltr'><strong>Nam</strong></span> <span class='ocrx_word' id='word_1_552' title='bbox 2544 3239 2594 3285; x_wconf 90' lang='lat' dir='ltr'><strong>et</strong></span> <span class='ocrx_word' id='word_1_553' title='bbox 2614 3245 2713 3285; x_wconf 89' lang='lat' dir='ltr'><strong>vos</strong></span> <span class='ocrx_word' id='word_1_554' title='bbox 2735 3230 2999 3300; x_wconf 88' lang='lat' dir='ltr'><strong>compassi</strong></span> <span class='ocrx_word' id='word_1_555' title='bbox 3019 3230 3146 3285; x_wconf 88' lang='lat' dir='ltr'><strong>estis</strong></span> <span class='ocrx_word' id='word_1_556' title='bbox 3174 3230 3388 3296; x_wconf 79' lang='lat' dir='ltr'><strong>uinctis,</strong></span> <span class='ocrx_word' id='word_1_557' title='bbox 3412 3229 3763 3284; x_wconf 86' lang='lat' dir='ltr'><strong>ministrando</strong></span> 
     </span>
    </p>
   </div>
   <div class='ocr_carea' id='block_1_77' title="bbox 2190 3321 3767 3390">
    <p class='ocr_par' dir='ltr' id='par_1_77' title="bbox 2190 3321 3767 3390">
     <span class='ocr_line' id='line_1_77' title="bbox 2190 3321 3767 3390; baseline -0.002 -12"><span class='ocrx_word' id='word_1_558' title='bbox 2190 3322 2273 3378; x_wconf 87' lang='lat' dir='ltr'><strong>eis</strong></span> <span class='ocrx_word' id='word_1_559' title='bbox 2313 3322 2371 3377; x_wconf 93' lang='lat' dir='ltr'><strong>in</strong></span> <span class='ocrx_word' id='word_1_560' title='bbox 2397 3322 2632 3377; x_wconf 89' lang='lat' dir='ltr'><strong>vinculis</strong></span> <span class='ocrx_word' id='word_1_561' title='bbox 2669 3321 2980 3377; x_wconf 90' lang='lat' dir='ltr'><strong>necessaria</strong></span> <span class='ocrx_word' id='word_1_562' title='bbox 3022 3321 3091 3376; x_wconf 88' lang='lat' dir='ltr'><strong>de</strong></span> <span class='ocrx_word' id='word_1_563' title='bbox 3133 3321 3294 3377; x_wconf 89' lang='lat' dir='ltr'><strong>bonis</strong></span> <span class='ocrx_word' id='word_1_564' title='bbox 3330 3321 3559 3386; x_wconf 85' lang='lat' dir='ltr'><strong>vestris,</strong></span> <span class='ocrx_word' id='word_1_565' title='bbox 3599 3330 3653 3376; x_wconf 90' lang='lat' dir='ltr'><strong>et</strong></span> <span class='ocrx_word' id='word_1_566' title='bbox 3677 3336 3767 3390; x_wconf 86' lang='lat' dir='ltr'><strong>op-</strong></span> 
     </span>
    </p>
   </div>
   <div class='ocr_carea' id='block_1_78' title="bbox 2190 3408 3769 3482">
    <p class='ocr_par' dir='ltr' id='par_1_78' title="bbox 2190 3408 3769 3482">
     <span class='ocr_line' id='line_1_78' title="bbox 2190 3408 3769 3482; baseline -0.002 -15"><span class='ocrx_word' id='word_1_567' title='bbox 2190 3411 2413 3482; x_wconf 91' lang='lat' dir='ltr'><strong>probria</strong></span> <span class='ocrx_word' id='word_1_568' title='bbox 2442 3421 2496 3466; x_wconf 89' lang='lat' dir='ltr'><strong>et</strong></span> <span class='ocrx_word' id='word_1_569' title='bbox 2528 3411 2907 3466; x_wconf 90' lang='lat' dir='ltr'><strong>tribulationes</strong></span> <span class='ocrx_word' id='word_1_570' title='bbox 2933 3411 3082 3481; x_wconf 90' lang='lat' dir='ltr'><strong>passi</strong></span> <span class='ocrx_word' id='word_1_571' title='bbox 3100 3410 3255 3466; x_wconf 90' lang='lat' dir='ltr'><strong>estis.</strong></span> <span class='ocrx_word' id='word_1_572' title='bbox 3284 3408 3396 3465; x_wconf 91' lang='lat' dir='ltr'><strong>Vos</strong></span> <span class='ocrx_word' id='word_1_573' title='bbox 3426 3410 3581 3466; x_wconf 82' lang='lat' dir='ltr'><strong>enini</strong></span> <span class='ocrx_word' id='word_1_574' title='bbox 3602 3426 3769 3465; x_wconf 78' lang='lat' dir='ltr'><strong>susce-</strong></span> 
     </span>
    </p>
   </div>
   <div class='ocr_carea' id='block_1_79' title="bbox 2178 3500 3773 3572">
    <p class='ocr_par' dir='ltr' id='par_1_79' title="bbox 2178 3500 3773 3572">
     <span class='ocr_line' id='line_1_79' title="bbox 2178 3500 3773 3572; baseline 0 -17"><span class='ocrx_word' id='word_1_575' title='bbox 2178 3500 2349 3572; x_wconf 78' lang='lat' dir='ltr'><strong>pistis</strong></span> <span class='ocrx_word' id='word_1_576' title='bbox 2378 3513 2498 3555; x_wconf 88' lang='lat' dir='ltr'><strong>cum</strong></span> <span class='ocrx_word' id='word_1_577' title='bbox 2540 3501 2735 3571; x_wconf 89' lang='lat' dir='ltr'><strong>gaudio</strong></span> <span class='ocrx_word' id='word_1_578' title='bbox 2774 3500 3016 3570; x_wconf 86' lang='lat' dir='ltr'><strong>rapinam</strong></span> <span class='ocrx_word' id='word_1_579' title='bbox 3056 3501 3309 3554; x_wconf 86' lang='lat' dir='ltr'><strong>bonorum</strong></span> <span class='ocrx_word' id='word_1_580' title='bbox 3344 3510 3665 3567; x_wconf 71' lang='lat' dir='ltr'><strong>vestramne,</strong></span> <span class='ocrx_word' id='word_1_581' title='bbox 3693 3516 3773 3554; x_wconf 83' lang='lat' dir='ltr'><strong>co-</strong></span> 
     </span>
    </p>
   </div>
   <div class='ocr_carea' id='block_1_80' title="bbox 2195 3590 3772 3663">
    <p class='ocr_par' dir='ltr' id='par_1_80' title="bbox 2195 3590 3772 3663">
     <span class='ocr_line' id='line_1_80' title="bbox 2195 3590 3772 3663; baseline 0.001 -18"><span class='ocrx_word' id='word_1_582' title='bbox 2195 3601 2495 3663; x_wconf 87' lang='lat' dir='ltr'><strong>gnoscentes</strong></span> <span class='ocrx_word' id='word_1_583' title='bbox 2532 3607 2621 3645; x_wconf 82' lang='lat' dir='ltr'><strong>vos</strong></span> <span class='ocrx_word' id='word_1_584' title='bbox 2663 3590 2852 3646; x_wconf 86' lang='lat' dir='ltr'><strong>habere</strong></span> <span class='ocrx_word' id='word_1_585' title='bbox 2900 3591 2955 3646; x_wconf 93' lang='lat' dir='ltr'><strong>in</strong></span> <span class='ocrx_word' id='word_1_586' title='bbox 3005 3591 3157 3647; x_wconf 71' lang='lat' dir='ltr'><strong>ctelis</strong></span> <span class='ocrx_word' id='word_1_587' title='bbox 3181 3592 3545 3646; x_wconf 85' lang='lat' dir='ltr'><strong>substantiam</strong></span> <span class='ocrx_word' id='word_1_588' title='bbox 3596 3592 3772 3646; x_wconf 80' lang='lat' dir='ltr'><strong>melic-</strong></span> 
     </span>
    </p>
   </div>
   <div class='ocr_carea' id='block_1_81' title="bbox 2196 3682 3774 3755">
    <p class='ocr_par' dir='ltr' id='par_1_81' title="bbox 2196 3682 3774 3755">
     <span class='ocr_line' id='line_1_81' title="bbox 2196 3682 3774 3755; baseline -0.001 -17"><span class='ocrx_word' id='word_1_589' title='bbox 2196 3701 2325 3750; x_wconf 89' lang='lat' dir='ltr'><strong>rem,</strong></span> <span class='ocrx_word' id='word_1_590' title='bbox 2348 3683 2474 3755; x_wconf 89' lang='lat' dir='ltr'><strong>quia</strong></span> <span class='ocrx_word' id='word_1_591' title='bbox 2496 3682 2795 3754; x_wconf 88' lang='lat' dir='ltr'><strong>spiritalem</strong></span> <span class='ocrx_word' id='word_1_592' title='bbox 2817 3690 2867 3737; x_wconf 89' lang='lat' dir='ltr'><strong>et</strong></span> <span class='ocrx_word' id='word_1_593' title='bbox 2887 3691 3294 3753; x_wconf 86' lang='lat' dir='ltr'><strong>permanentem.</strong></span> <span class='ocrx_word' id='word_1_594' title='bbox 3323 3682 3391 3738; x_wconf 89' lang='lat' dir='ltr'><strong>Et</strong></span> <span class='ocrx_word' id='word_1_595' title='bbox 3410 3684 3643 3754; x_wconf 83' lang='lat' dir='ltr'><strong>quando</strong></span> <span class='ocrx_word' id='word_1_596' title='bbox 3662 3683 3774 3754; x_wconf 81' lang='lat' dir='ltr'><strong>qui-</strong></span> 
     </span>
    </p>
   </div>
   <div class='ocr_carea' id='block_1_82' title="bbox 2197 3773 3773 3845">
    <p class='ocr_par' dir='ltr' id='par_1_82' title="bbox 2197 3773 3773 3845">
     <span class='ocr_line' id='line_1_82' title="bbox 2197 3773 3773 3845; baseline 0 -14"><span class='ocrx_word' id='word_1_597' title='bbox 2197 3776 2322 3831; x_wconf 88' lang='lat' dir='ltr'><strong>dem</strong></span> <span class='ocrx_word' id='word_1_598' title='bbox 2352 3775 2488 3832; x_wconf 86' lang='lat' dir='ltr'><strong>tales</strong></span> <span class='ocrx_word' id='word_1_599' title='bbox 2508 3775 2565 3830; x_wconf 91' lang='lat' dir='ltr'><strong>in</strong></span> <span class='ocrx_word' id='word_1_600' title='bbox 2588 3774 2858 3845; x_wconf 91' lang='lat' dir='ltr'><strong>principio</strong></span> <span class='ocrx_word' id='word_1_601' title='bbox 2894 3774 3019 3830; x_wconf 87' lang='lat' dir='ltr'><strong>ﬁdei</strong></span> <span class='ocrx_word' id='word_1_602' title='bbox 3050 3773 3255 3841; x_wconf 83' lang='lat' dir='ltr'><strong>fuistis,</strong></span> <span class='ocrx_word' id='word_1_603' title='bbox 3284 3776 3468 3845; x_wconf 81' lang='lat' dir='ltr'><strong>itaque</strong></span> <span class='ocrx_word' id='word_1_604' title='bbox 3493 3775 3663 3829; x_wconf 79' lang='lat' dir='ltr'><strong>nolite</strong></span> <span class='ocrx_word' id='word_1_605' title='bbox 3684 3775 3773 3831; x_wconf 81' lang='lat' dir='ltr'><strong>de-</strong></span> 
     </span>
    </p>
   </div>
   <div class='ocr_carea' id='block_1_83' title="bbox 2196 3866 3777 3937">
    <p class='ocr_par' dir='ltr' id='par_1_83' title="bbox 2196 3866 3777 3937">
     <span class='ocr_line' id='line_1_83' title="bbox 2196 3866 3777 3937; baseline 0.001 -16"><span class='ocrx_word' id='word_1_606' title='bbox 2196 3867 2505 3937; x_wconf 87' lang='lat' dir='ltr'><strong>generando</strong></span> <span class='ocrx_word' id='word_1_607' title='bbox 2567 3868 2808 3921; x_wconf 88' lang='lat' dir='ltr'><strong>amittere</strong></span> <span class='ocrx_word' id='word_1_608' title='bbox 2855 3866 3231 3937; x_wconf 79' lang='lat' dir='ltr'><strong>conﬁdentiam</strong></span> <span class='ocrx_word' id='word_1_609' title='bbox 3281 3876 3537 3933; x_wconf 79' lang='lat' dir='ltr'><strong>vestram,</strong></span> <span class='ocrx_word' id='word_1_610' title='bbox 3600 3868 3656 3922; x_wconf 93' lang='lat' dir='ltr'><strong>id</strong></span> <span class='ocrx_word' id='word_1_611' title='bbox 3700 3875 3777 3923; x_wconf 83' lang='lat' dir='ltr'><strong>est</strong></span> 
     </span>
    </p>
   </div>
   <div class='ocr_carea' id='block_1_84' title="bbox 2198 3956 3764 4027">
    <p class='ocr_par' dir='ltr' id='par_1_84' title="bbox 2198 3956 3764 4027">
     <span class='ocr_line' id='line_1_84' title="bbox 2198 3956 3764 4027; baseline 0.001 -16"><span class='ocrx_word' id='word_1_612' title='bbox 2198 3956 2344 4011; x_wconf 89' lang='lat' dir='ltr'><strong>bona</strong></span> <span class='ocrx_word' id='word_1_613' title='bbox 2372 3970 2559 4026; x_wconf 86' lang='lat' dir='ltr'><strong>opera,</strong></span> <span class='ocrx_word' id='word_1_614' title='bbox 2589 3971 2685 4026; x_wconf 90' lang='lat' dir='ltr'><strong>per</strong></span> <span class='ocrx_word' id='word_1_615' title='bbox 2712 3970 2836 4026; x_wconf 60' lang='lat' dir='ltr'><strong>quae</strong></span> <span class='ocrx_word' id='word_1_616' title='bbox 2861 3956 2989 4012; x_wconf 89' lang='lat' dir='ltr'><strong>licet</strong></span> <span class='ocrx_word' id='word_1_617' title='bbox 3011 3956 3285 4011; x_wconf 89' lang='lat' dir='ltr'><strong>conﬁdere</strong></span> <span class='ocrx_word' id='word_1_618' title='bbox 3311 3971 3326 3986; x_wconf 88' lang='grc'><strong>·</strong></span> <span class='ocrx_word' id='word_1_619' title='bbox 3353 3972 3475 4027; x_wconf 71' lang='grc' dir='ltr'><strong>(ματ</strong></span> <span class='ocrx_word' id='word_1_620' title='bbox 3501 3957 3764 4013; x_wconf 72' lang='grc' dir='ltr'><strong>ωηῆὸαιο</strong></span> 
     </span>
    </p>
   </div>
   <div class='ocr_carea' id='block_1_85' title="bbox 2198 4046 3774 4121">
    <p class='ocr_par' dir='ltr' id='par_1_85' title="bbox 2198 4046 3774 4121">
     <span class='ocr_line' id='line_1_85' title="bbox 2198 4046 3774 4121; baseline 0.001 -19"><span class='ocrx_word' id='word_1_621' title='bbox 2198 4047 2273 4102; x_wconf 88' lang='lat' dir='ltr'><strong>tia</strong></span> <span class='ocrx_word' id='word_1_622' title='bbox 2298 4047 2344 4121; x_wconf 87' lang='lat' dir='ltr'><strong>si</strong></span> <span class='ocrx_word' id='word_1_623' title='bbox 2367 4055 2699 4117; x_wconf 90' lang='lat' dir='ltr'><strong>perseverat,</strong></span> <span class='ocrx_word' id='word_1_624' title='bbox 2727 4063 2972 4117; x_wconf 87' lang='lat' dir='ltr'><strong>magnam</strong></span> <span class='ocrx_word' id='word_1_625' title='bbox 2993 4046 3148 4101; x_wconf 84' lang='lat' dir='ltr'><strong>habet</strong></span> <span class='ocrx_word' id='word_1_626' title='bbox 3163 4049 3669 4103; x_wconf 82' lang='lat' dir='ltr'><strong>remunerationem.</strong></span> <span class='ocrx_word' id='word_1_627' title='bbox 3690 4048 3774 4103; x_wconf 87' lang='lat' dir='ltr'><strong>Di-</strong></span> 
     </span>
    </p>
   </div>
   <div class='ocr_carea' id='block_1_86' title="bbox 2198 4137 3775 4206">
    <p class='ocr_par' dir='ltr' id='par_1_86' title="bbox 2198 4137 3775 4206">
     <span class='ocr_line' id='line_1_86' title="bbox 2198 4137 3775 4206; baseline 0.001 -13"><span class='ocrx_word' id='word_1_628' title='bbox 2198 4146 2383 4193; x_wconf 90' lang='lat' dir='ltr'><strong>cerent</strong></span> <span class='ocrx_word' id='word_1_629' title='bbox 2416 4138 2538 4192; x_wconf 90' lang='lat' dir='ltr'><strong>illi:</strong></span> <span class='ocrx_word' id='word_1_630' title='bbox 2584 4137 2810 4194; x_wconf 84' lang='lat' dir='ltr'><strong>Diﬁicile</strong></span> <span class='ocrx_word' id='word_1_631' title='bbox 2837 4146 2921 4197; x_wconf 89' lang='lat' dir='ltr'><strong>est</strong></span> <span class='ocrx_word' id='word_1_632' title='bbox 2973 4146 3053 4193; x_wconf 88' lang='lat' dir='ltr'><strong>tot</strong></span> <span class='ocrx_word' id='word_1_633' title='bbox 3098 4139 3451 4206; x_wconf 85' lang='lat' dir='ltr'><strong>vexationes,</strong></span> <span class='ocrx_word' id='word_1_634' title='bbox 3495 4150 3555 4195; x_wconf 92' lang='lat' dir='ltr'><strong>et</strong></span> <span class='ocrx_word' id='word_1_635' title='bbox 3596 4141 3775 4196; x_wconf 76' lang='lat' dir='ltr'><strong>tandiu</strong></span> 
     </span>
    </p>
   </div>
   <div class='ocr_carea' id='block_1_87' title="bbox 2198 4228 3773 4301">
    <p class='ocr_par' dir='ltr' id='par_1_87' title="bbox 2198 4228 3773 4301">
     <span class='ocr_line' id='line_1_87' title="bbox 2198 4228 3773 4301; baseline 0.002 -16"><span class='ocrx_word' id='word_1_636' title='bbox 2198 4231 2333 4301; x_wconf 88' lang='lat' dir='ltr'><strong>pati.</strong></span> <span class='ocrx_word' id='word_1_637' title='bbox 2386 4229 2469 4285; x_wconf 85' lang='lat' dir='ltr'><strong>Ad</strong></span> <span class='ocrx_word' id='word_1_638' title='bbox 2495 4231 2602 4286; x_wconf 95' lang='lat' dir='ltr'><strong>hoc</strong></span> <span class='ocrx_word' id='word_1_639' title='bbox 2654 4228 2858 4286; x_wconf 88' lang='lat' dir='ltr'><strong>Paulus</strong></span> <span class='ocrx_word' id='word_1_640' title='bbox 2890 4247 2903 4283; x_wconf 86' lang='lat'><strong>:</strong></span> <span class='ocrx_word' id='word_1_641' title='bbox 2933 4228 3112 4286; x_wconf 88' lang='lat' dir='ltr'><strong>Nolite</strong></span> <span class='ocrx_word' id='word_1_642' title='bbox 3140 4231 3462 4301; x_wconf 88' lang='lat' dir='ltr'><strong>patientiam</strong></span> <span class='ocrx_word' id='word_1_643' title='bbox 3512 4234 3773 4299; x_wconf 82' lang='lat' dir='ltr'><strong>amittere,</strong></span> 
     </span>
    </p>
   </div>
   <div class='ocr_carea' id='block_1_88' title="bbox 2202 4321 3774 4394">
    <p class='ocr_par' dir='ltr' id='par_1_88' title="bbox 2202 4321 3774 4394">
     <span class='ocr_line' id='line_1_88' title="bbox 2202 4321 3774 4394; baseline -0.001 -16"><span class='ocrx_word' id='word_1_644' title='bbox 2202 4322 2298 4378; x_wconf 88' lang='lat' dir='ltr'><strong>sed</strong></span> <span class='ocrx_word' id='word_1_645' title='bbox 2346 4330 2521 4379; x_wconf 86' lang='lat' dir='ltr'><strong>estote</strong></span> <span class='ocrx_word' id='word_1_646' title='bbox 2560 4321 2902 4393; x_wconf 88' lang='lat' dir='ltr'><strong>longanimes</strong></span> <span class='ocrx_word' id='word_1_647' title='bbox 2950 4323 3005 4377; x_wconf 92' lang='lat' dir='ltr'><strong>in</strong></span> <span class='ocrx_word' id='word_1_648' title='bbox 3044 4324 3320 4393; x_wconf 89' lang='lat' dir='ltr'><strong>patiendo,</strong></span> <span class='ocrx_word' id='word_1_649' title='bbox 3369 4326 3502 4394; x_wconf 87' lang='lat' dir='ltr'><strong>quia</strong></span> <span class='ocrx_word' id='word_1_650' title='bbox 3525 4324 3774 4394; x_wconf 74' lang='lat' dir='ltr'><strong>patientis</strong></span> 
     </span>
    </p>
   </div>
   <div class='ocr_carea' id='block_1_89' title="bbox 2202 4413 3774 4486">
    <p class='ocr_par' dir='ltr' id='par_1_89' title="bbox 2202 4413 3774 4486">
     <span class='ocr_line' id='line_1_89' title="bbox 2202 4413 3774 4486; baseline 0.001 -19"><span class='ocrx_word' id='word_1_651' title='bbox 2202 4413 2526 4484; x_wconf 89' lang='lat' dir='ltr'><strong>longanimis</strong></span> <span class='ocrx_word' id='word_1_652' title='bbox 2551 4421 2628 4468; x_wconf 91' lang='lat' dir='ltr'><strong>est</strong></span> <span class='ocrx_word' id='word_1_653' title='bbox 2652 4414 2794 4467; x_wconf 86' lang='lat' dir='ltr'><strong>vobis</strong></span> <span class='ocrx_word' id='word_1_654' title='bbox 2820 4416 3135 4482; x_wconf 86' lang='lat' dir='ltr'><strong>necessaria,</strong></span> <span class='ocrx_word' id='word_1_655' title='bbox 3156 4424 3216 4468; x_wconf 86' lang='lat' dir='ltr'><strong>ut</strong></span> <span class='ocrx_word' id='word_1_656' title='bbox 3236 4415 3498 4485; x_wconf 87' lang='lat' dir='ltr'><strong>patiendo</strong></span> <span class='ocrx_word' id='word_1_657' title='bbox 3532 4417 3774 4486; x_wconf 71' lang='lat' dir='ltr'><strong>facientes</strong></span> 
     </span>
    </p>
   </div>
   <div class='ocr_carea' id='block_1_90' title="bbox 468 4500 3777 4576">
    <p class='ocr_par' dir='ltr' id='par_1_90' title="bbox 468 4500 3777 4576">
     <span class='ocr_line' id='line_1_90' title="bbox 468 4500 3777 4576; baseline 0.003 -26"><span class='ocrx_word' id='word_1_658' title='bbox 468 4546 471 4549; x_wconf 93' lang='lat'><strong>.</strong></span> <span class='ocrx_word' id='word_1_659' title='bbox 500 4501 614 4571; x_wconf 28' lang='lat' dir='ltr'><strong>tqui</strong></span> <span class='ocrx_word' id='word_1_660' title='bbox 636 4500 873 4567; x_wconf 79' lang='lat' dir='ltr'><strong>duxerit,</strong></span> <span class='ocrx_word' id='word_1_661' title='bbox 920 4501 971 4556; x_wconf 90' lang='lat' dir='ltr'><strong>id</strong></span> <span class='ocrx_word' id='word_1_662' title='bbox 1001 4510 1086 4557; x_wconf 90' lang='lat' dir='ltr'><strong>est</strong></span> <span class='ocrx_word' id='word_1_663' title='bbox 1111 4500 1436 4558; x_wconf 80' lang='lat' dir='ltr'><strong>intellexerit</strong></span> <span class='ocrx_word' id='word_1_664' title='bbox 1461 4504 1769 4573; x_wconf 84' lang='lat' dir='ltr'><strong>sanguinem</strong></span> <span class='ocrx_word' id='word_1_665' title='bbox 1805 4506 2103 4559; x_wconf 86' lang='lat' dir='ltr'><strong>testamenti</strong></span> <span class='ocrx_word' id='word_1_666' title='bbox 2132 4515 2181 4575; x_wconf 80' lang='grc' dir='ltr'>υ</span> <span class='ocrx_word' id='word_1_667' title='bbox 2205 4505 2530 4566; x_wconf 85' lang='lat' dir='ltr'><strong>voluntatem</strong></span> <span class='ocrx_word' id='word_1_668' title='bbox 2566 4505 2687 4572; x_wconf 87' lang='lat' dir='ltr'><strong>Dei,</strong></span> <span class='ocrx_word' id='word_1_669' title='bbox 2719 4506 2993 4575; x_wconf 88' lang='lat' dir='ltr'><strong>reportetis</strong></span> <span class='ocrx_word' id='word_1_670' title='bbox 3021 4506 3444 4576; x_wconf 86' lang='lat' dir='ltr'><strong>promissionem,</strong></span> <span class='ocrx_word' id='word_1_671' title='bbox 3472 4506 3527 4561; x_wconf 90' lang='lat' dir='ltr'><strong>id</strong></span> <span class='ocrx_word' id='word_1_672' title='bbox 3558 4516 3649 4561; x_wconf 86' lang='lat' dir='ltr'><strong>est</strong></span> <span class='ocrx_word' id='word_1_673' title='bbox 3667 4521 3777 4576; x_wconf 89' lang='lat' dir='ltr'><strong>pro-</strong></span> 
     </span>
    </p>
   </div>
   <div class='ocr_carea' id='block_1_91' title="bbox 498 4591 2108 4666">
    <p class='ocr_par' dir='ltr' id='par_1_91' title="bbox 498 4591 2108 4666">
     <span class='ocr_line' id='line_1_91' title="bbox 498 4591 2108 4666; baseline 0.006 -25"><span class='ocrx_word' id='word_1_674' title='bbox 498 4606 646 4648; x_wconf 87' lang='lat' dir='ltr'><strong>.esse</strong></span> <span class='ocrx_word' id='word_1_675' title='bbox 666 4591 948 4662; x_wconf 86' lang='lat' dir='ltr'><strong>pollutum,</strong></span> <span class='ocrx_word' id='word_1_676' title='bbox 981 4593 1036 4648; x_wconf 90' lang='lat' dir='ltr'><strong>id</strong></span> <span class='ocrx_word' id='word_1_677' title='bbox 1059 4600 1145 4649; x_wconf 89' lang='lat' dir='ltr'><strong>est</strong></span> <span class='ocrx_word' id='word_1_678' title='bbox 1164 4593 1486 4665; x_wconf 89' lang='lat' dir='ltr'><strong>sanguinem</strong></span> <span class='ocrx_word' id='word_1_679' title='bbox 1518 4593 1745 4663; x_wconf 89' lang='lat' dir='ltr'><strong>Christi,</strong></span> <span class='ocrx_word' id='word_1_680' title='bbox 1777 4610 1888 4666; x_wconf 90' lang='lat' dir='ltr'><strong>quo</strong></span> <span class='ocrx_word' id='word_1_681' title='bbox 1905 4596 2108 4651; x_wconf 87' lang='lat' dir='ltr'><strong>conﬁr-</strong></span> 
     </span>
    </p>
   </div>
   <div class='ocr_carea' id='block_1_92' title="bbox 2205 4594 3777 4667">
    <p class='ocr_par' dir='ltr' id='par_1_92' title="bbox 2205 4594 3777 4667">
     <span class='ocr_line' id='line_1_92' title="bbox 2205 4594 3777 4667; baseline -0.002 -17"><span class='ocrx_word' id='word_1_682' title='bbox 2205 4595 2433 4651; x_wconf 89' lang='lat' dir='ltr'><strong>missam</strong></span> <span class='ocrx_word' id='word_1_683' title='bbox 2480 4595 2729 4666; x_wconf 88' lang='lat' dir='ltr'><strong>gloriam.</strong></span> <span class='ocrx_word' id='word_1_684' title='bbox 2768 4594 2879 4651; x_wconf 87' lang='lat' dir='ltr'><strong>Nec</strong></span> <span class='ocrx_word' id='word_1_685' title='bbox 2923 4611 3138 4667; x_wconf 86' lang='lat' dir='ltr'><strong>semper</strong></span> <span class='ocrx_word' id='word_1_686' title='bbox 3165 4597 3434 4667; x_wconf 88' lang='lat' dir='ltr'><strong>oportebit</strong></span> <span class='ocrx_word' id='word_1_687' title='bbox 3476 4598 3621 4667; x_wconf 85' lang='lat' dir='ltr'><strong>pati,</strong></span> <span class='ocrx_word' id='word_1_688' title='bbox 3668 4596 3777 4667; x_wconf 75' lang='lat' dir='ltr'><strong>quis</strong></span> 
     </span>
    </p>
   </div>
   <div class='ocr_carea' id='block_1_93' title="bbox 500 4682 3776 4760">
    <p class='ocr_par' dir='ltr' id='par_1_93' title="bbox 500 4682 3776 4760">
     <span class='ocr_line' id='line_1_93' title="bbox 500 4682 3776 4760; baseline 0.001 -22"><span class='ocrx_word' id='word_1_689' title='bbox 500 4691 731 4748; x_wconf 88' lang='lat' dir='ltr'><strong>_matum</strong></span> <span class='ocrx_word' id='word_1_690' title='bbox 760 4690 844 4738; x_wconf 88' lang='lat' dir='ltr'><strong>est</strong></span> <span class='ocrx_word' id='word_1_691' title='bbox 868 4691 1256 4739; x_wconf 89' lang='lat' dir='ltr'><strong>testamentum</strong></span> <span class='ocrx_word' id='word_1_692' title='bbox 1279 4698 1502 4739; x_wconf 86' lang='lat' dir='ltr'><strong>novum.</strong></span> <span class='ocrx_word' id='word_1_693' title='bbox 1545 4682 1880 4756; x_wconf 88' lang='lat' dir='ltr'><strong>Sanguinem</strong></span> <span class='ocrx_word' id='word_1_694' title='bbox 1899 4683 2113 4741; x_wconf 90' lang='lat' dir='ltr'><strong>Christi</strong></span> <span class='ocrx_word' id='word_1_695' title='bbox 2205 4687 2379 4741; x_wconf 79' lang='lat' dir='ltr'><strong>adhuc</strong></span> <span class='ocrx_word' id='word_1_696' title='bbox 2426 4687 2693 4741; x_wconf 89' lang='lat' dir='ltr'><strong>modicum</strong></span> <span class='ocrx_word' id='word_1_697' title='bbox 2731 4687 2951 4757; x_wconf 89' lang='lat' dir='ltr'><strong>quidem</strong></span> <span class='ocrx_word' id='word_1_698' title='bbox 2998 4689 3262 4758; x_wconf 85' lang='lat' dir='ltr'><strong>temporis</strong></span> <span class='ocrx_word' id='word_1_699' title='bbox 3298 4698 3348 4743; x_wconf 89' lang='lat' dir='ltr'><strong>et</strong></span> <span class='ocrx_word' id='word_1_700' title='bbox 3391 4688 3776 4760; x_wconf 63' lang='lat' dir='ltr'><strong>aliquantulum</strong></span> 
     </span>
    </p>
   </div>
   <div class='ocr_carea' id='block_1_94' title="bbox 512 4774 2104 4848">
    <p class='ocr_par' dir='ltr' id='par_1_94' title="bbox 512 4774 2104 4848">
     <span class='ocr_line' id='line_1_94' title="bbox 512 4774 2104 4848; baseline 0.003 -19"><span class='ocrx_word' id='word_1_701' title='bbox 512 4774 657 4843; x_wconf 85' lang='lat' dir='ltr'><strong>dicit</strong></span> <span class='ocrx_word' id='word_1_702' title='bbox 702 4774 794 4830; x_wconf 89' lang='lat' dir='ltr'><strong>ille</strong></span> <span class='ocrx_word' id='word_1_703' title='bbox 820 4775 1114 4845; x_wconf 88' lang='lat' dir='ltr'><strong>pollutum,</strong></span> <span class='ocrx_word' id='word_1_704' title='bbox 1143 4775 1239 4846; x_wconf 92' lang='lat' dir='ltr'><strong>qui</strong></span> <span class='ocrx_word' id='word_1_705' title='bbox 1266 4775 1319 4829; x_wconf 91' lang='lat' dir='ltr'><strong>in</strong></span> <span class='ocrx_word' id='word_1_706' title='bbox 1344 4790 1411 4831; x_wconf 92' lang='lat' dir='ltr'><strong>eo</strong></span> <span class='ocrx_word' id='word_1_707' title='bbox 1460 4776 1592 4832; x_wconf 88' lang='lat' dir='ltr'><strong>dicit</strong></span> <span class='ocrx_word' id='word_1_708' title='bbox 1619 4792 1729 4832; x_wconf 92' lang='lat' dir='ltr'><strong>non</strong></span> <span class='ocrx_word' id='word_1_709' title='bbox 1750 4792 1914 4848; x_wconf 86' lang='lat' dir='ltr'><strong>posse</strong></span> <span class='ocrx_word' id='word_1_710' title='bbox 1939 4794 2104 4833; x_wconf 91' lang='lat' dir='ltr'><strong>mun-</strong></span> 
     </span>
    </p>
   </div>
   <div class='ocr_carea' id='block_1_95' title="bbox 504 4860 2104 4927">
    <p class='ocr_par' dir='ltr' id='par_1_95' title="bbox 504 4860 2104 4927">
     <span class='ocr_line' id='line_1_95' title="bbox 504 4860 2104 4927; baseline 0.004 -12"><span class='ocrx_word' id='word_1_711' title='bbox 504 4860 645 4927; x_wconf 63' lang='lat' dir='ltr'><strong>Ldari</strong></span> <span class='ocrx_word' id='word_1_712' title='bbox 666 4878 829 4919; x_wconf 90' lang='lat' dir='ltr'><strong>omne</strong></span> <span class='ocrx_word' id='word_1_713' title='bbox 848 4864 1128 4920; x_wconf 89' lang='lat' dir='ltr'><strong>delictum.</strong></span> <span class='ocrx_word' id='word_1_714' title='bbox 1163 4863 1221 4919; x_wconf 90' lang='lat' dir='ltr'><strong>Si</strong></span> <span class='ocrx_word' id='word_1_715' title='bbox 1245 4864 1395 4919; x_wconf 90' lang='lat' dir='ltr'><strong>enim</strong></span> <span class='ocrx_word' id='word_1_716' title='bbox 1417 4864 1672 4922; x_wconf 88' lang='lat' dir='ltr'><strong>Christus</strong></span> <span class='ocrx_word' id='word_1_717' title='bbox 1702 4867 1905 4922; x_wconf 88' lang='lat' dir='ltr'><strong>munda</strong></span> <span class='ocrx_word' id='word_1_718' title='bbox 1927 4866 2104 4922; x_wconf 91' lang='lat' dir='ltr'><strong>hostia</strong></span> 
     </span>
    </p>
   </div>
   <div class='ocr_carea' id='block_1_96' title="bbox 486 4951 2109 5029">
    <p class='ocr_par' dir='ltr' id='par_1_96' title="bbox 486 4951 2109 5029">
     <span class='ocr_line' id='line_1_96' title="bbox 486 4951 2109 5029; baseline 0.006 -24"><span class='ocrx_word' id='word_1_719' title='bbox 486 4976 495 4987; x_wconf 74' lang='grc' dir='ltr'><strong>ι</strong></span> <span class='ocrx_word' id='word_1_720' title='bbox 528 4951 632 5007; x_wconf 82' lang='lat' dir='ltr'><strong>fuit</strong></span> <span class='ocrx_word' id='word_1_721' title='bbox 655 4995 670 5019; x_wconf 92' lang='lat'><strong>,</strong></span> <span class='ocrx_word' id='word_1_722' title='bbox 698 4956 863 5010; x_wconf 91' lang='lat' dir='ltr'><strong>etiam</strong></span> <span class='ocrx_word' id='word_1_723' title='bbox 906 4956 976 5011; x_wconf 92' lang='lat' dir='ltr'><strong>ab</strong></span> <span class='ocrx_word' id='word_1_724' title='bbox 994 4956 1146 5012; x_wconf 89' lang='lat' dir='ltr'><strong>omni</strong></span> <span class='ocrx_word' id='word_1_725' title='bbox 1169 4957 1333 5027; x_wconf 91' lang='lat' dir='ltr'><strong>culpa</strong></span> <span class='ocrx_word' id='word_1_726' title='bbox 1362 4956 1629 5013; x_wconf 88' lang='lat' dir='ltr'><strong>mundare</strong></span> <span class='ocrx_word' id='word_1_727' title='bbox 1648 4959 1861 5028; x_wconf 90' lang='lat' dir='ltr'><strong>potuit:</strong></span> <span class='ocrx_word' id='word_1_728' title='bbox 1886 4959 2034 5029; x_wconf 90' lang='lat' dir='ltr'><strong>quod</strong></span> <span class='ocrx_word' id='word_1_729' title='bbox 2060 4958 2109 5014; x_wconf 89' lang='lat' dir='ltr'><strong>si</strong></span> 
     </span>
    </p>
   </div>
   <div class='ocr_carea' id='block_1_97' title="bbox 529 5041 2103 5116">
    <p class='ocr_par' dir='ltr' id='par_1_97' title="bbox 529 5041 2103 5116">
     <span class='ocr_line' id='line_1_97' title="bbox 529 5041 2103 5116; baseline 0.005 -23"><span class='ocrx_word' id='word_1_730' title='bbox 529 5041 795 5097; x_wconf 90' lang='lat' dir='ltr'><strong>mundare</strong></span> <span class='ocrx_word' id='word_1_731' title='bbox 815 5059 923 5098; x_wconf 91' lang='lat' dir='ltr'><strong>non</strong></span> <span class='ocrx_word' id='word_1_732' title='bbox 954 5045 1152 5113; x_wconf 88' lang='lat' dir='ltr'><strong>potuit,</strong></span> <span class='ocrx_word' id='word_1_733' title='bbox 1179 5045 1426 5115; x_wconf 87' lang='lat' dir='ltr'><strong>sequitur</strong></span> <span class='ocrx_word' id='word_1_734' title='bbox 1454 5055 1513 5099; x_wconf 91' lang='lat' dir='ltr'><strong>ut</strong></span> <span class='ocrx_word' id='word_1_735' title='bbox 1530 5045 1734 5116; x_wconf 92' lang='lat' dir='ltr'><strong>polluta</strong></span> <span class='ocrx_word' id='word_1_736' title='bbox 1770 5046 1950 5101; x_wconf 88' lang='lat' dir='ltr'><strong>hostia</strong></span> <span class='ocrx_word' id='word_1_737' title='bbox 1982 5045 2103 5101; x_wconf 85' lang='lat' dir='ltr'><strong>fue—</strong></span> 
     </span>
    </p>
   </div>
   <div class='ocr_carea' id='block_1_98' title="bbox 505 5132 2107 5209">
    <p class='ocr_par' dir='ltr' id='par_1_98' title="bbox 505 5132 2107 5209">
     <span class='ocr_line' id='line_1_98' title="bbox 505 5132 2107 5209; baseline 0.004 -23"><span class='ocrx_word' id='word_1_738' title='bbox 505 5188 511 5198; x_wconf 67' lang='grc'><strong>,</strong></span> <span class='ocrx_word' id='word_1_739' title='bbox 530 5132 623 5198; x_wconf 87' lang='lat' dir='ltr'><strong>rit,</strong></span> <span class='ocrx_word' id='word_1_740' title='bbox 643 5133 701 5186; x_wconf 85' lang='lat' dir='ltr'><strong>iu</strong></span> <span class='ocrx_word' id='word_1_741' title='bbox 732 5150 834 5203; x_wconf 92' lang='lat' dir='ltr'><strong>quo</strong></span> <span class='ocrx_word' id='word_1_742' title='bbox 857 5137 1123 5207; x_wconf 90' lang='lat' dir='ltr'><strong>sanguine</strong></span> <span class='ocrx_word' id='word_1_743' title='bbox 1149 5138 1519 5207; x_wconf 76' lang='lat' dir='ltr'><strong>sanctiﬁcatus</strong></span> <span class='ocrx_word' id='word_1_744' title='bbox 1540 5147 1618 5193; x_wconf 89' lang='lat' dir='ltr'><strong>est</strong></span> <span class='ocrx_word' id='word_1_745' title='bbox 1643 5138 1955 5209; x_wconf 89' lang='lat' dir='ltr'><strong>quicunque</strong></span> <span class='ocrx_word' id='word_1_746' title='bbox 1973 5138 2107 5208; x_wconf 87' lang='lat' dir='ltr'><strong>bap-</strong></span> 
     </span>
    </p>
   </div>
   <div class='ocr_carea' id='block_1_99' title="bbox 504 5223 2109 5301">
    <p class='ocr_par' dir='ltr' id='par_1_99' title="bbox 504 5223 2109 5301">
     <span class='ocr_line' id='line_1_99' title="bbox 504 5223 2109 5301; baseline 0.003 -23"><span class='ocrx_word' id='word_1_747' title='bbox 504 5280 507 5283; x_wconf 95' lang='lat'><em>_</em></span> <span class='ocrx_word' id='word_1_748' title='bbox 532 5223 752 5279; x_wconf 85' lang='lat' dir='ltr'><strong>tizatus.</strong></span> <span class='ocrx_word' id='word_1_749' title='bbox 781 5224 874 5280; x_wconf 86' lang='lat' dir='ltr'><strong>Ille</strong></span> <span class='ocrx_word' id='word_1_750' title='bbox 893 5228 1055 5282; x_wconf 90' lang='lat' dir='ltr'><strong>etiam</strong></span> <span class='ocrx_word' id='word_1_751' title='bbox 1079 5229 1351 5287; x_wconf 90' lang='lat' dir='ltr'><strong>deteriora</strong></span> <span class='ocrx_word' id='word_1_752' title='bbox 1383 5243 1623 5287; x_wconf 89' lang='lat' dir='ltr'><strong>meretur</strong></span> <span class='ocrx_word' id='word_1_753' title='bbox 1647 5231 1743 5301; x_wconf 90' lang='lat' dir='ltr'><strong>qui</strong></span> <span class='ocrx_word' id='word_1_754' title='bbox 1774 5231 1956 5301; x_wconf 76' lang='lat' dir='ltr'><strong>fecerit</strong></span> <span class='ocrx_word' id='word_1_755' title='bbox 1984 5246 2109 5284; x_wconf 82' lang='lat' dir='ltr'><strong>con-</strong></span> 
     </span>
    </p>
   </div>
   <div class='ocr_carea' id='block_1_100' title="bbox 506 5315 2110 5392">
    <p class='ocr_par' dir='ltr' id='par_1_100' title="bbox 506 5315 2110 5392">
     <span class='ocr_line' id='line_1_100' title="bbox 506 5315 2110 5392; baseline 0.006 -27"><span class='ocrx_word' id='word_1_756' title='bbox 506 5315 811 5371; x_wconf 74' lang='lat' dir='ltr'><strong>tumeliam</strong></span> <span class='ocrx_word' id='word_1_757' title='bbox 863 5316 1091 5387; x_wconf 86' lang='lat' dir='ltr'><strong>Spiritui</strong></span> <span class='ocrx_word' id='word_1_758' title='bbox 1145 5333 1347 5378; x_wconf 88' lang='lat' dir='ltr'><strong>sancto.</strong></span> <span class='ocrx_word' id='word_1_759' title='bbox 1398 5324 1504 5391; x_wconf 85' lang='lat' dir='ltr'><strong>Qui</strong></span> <span class='ocrx_word' id='word_1_760' title='bbox 1540 5324 1758 5379; x_wconf 88' lang='lat' dir='ltr'><strong>aliunde</strong></span> <span class='ocrx_word' id='word_1_761' title='bbox 1802 5336 1966 5392; x_wconf 89' lang='lat' dir='ltr'><strong>quam</strong></span> <span class='ocrx_word' id='word_1_762' title='bbox 2012 5335 2110 5392; x_wconf 91' lang='lat' dir='ltr'><strong>per</strong></span> 
     </span>
    </p>
   </div>
   <div class='ocr_carea' id='block_1_101' title="bbox 514 5406 2110 5486">
    <p class='ocr_par' dir='ltr' id='par_1_101' title="bbox 514 5406 2110 5486">
     <span class='ocr_line' id='line_1_101' title="bbox 514 5406 2110 5486; baseline 0.005 -24"><span class='ocrx_word' id='word_1_763' title='bbox 514 5406 801 5479; x_wconf 91' lang='lat' dir='ltr'><strong>_Spiritum</strong></span> <span class='ocrx_word' id='word_1_764' title='bbox 841 5409 972 5466; x_wconf 90' lang='lat' dir='ltr'><strong>dicit</strong></span> <span class='ocrx_word' id='word_1_765' title='bbox 1010 5422 1232 5481; x_wconf 88' lang='lat' dir='ltr'><strong>peccata</strong></span> <span class='ocrx_word' id='word_1_766' title='bbox 1282 5417 1504 5481; x_wconf 90' lang='lat' dir='ltr'><strong>remitti,</strong></span> <span class='ocrx_word' id='word_1_767' title='bbox 1542 5417 1596 5470; x_wconf 93' lang='lat' dir='ltr'><strong>in</strong></span> <span class='ocrx_word' id='word_1_768' title='bbox 1621 5415 1885 5486; x_wconf 89' lang='lat' dir='ltr'><strong>Spiritum</strong></span> <span class='ocrx_word' id='word_1_769' title='bbox 1915 5423 2110 5471; x_wconf 90' lang='lat' dir='ltr'><strong>contu-</strong></span> 
     </span>
    </p>
   </div>
   <div class='ocr_carea' id='block_1_102' title="bbox 509 5500 2105 5578">
    <p class='ocr_par' dir='ltr' id='par_1_102' title="bbox 509 5500 2105 5578">
     <span class='ocr_line' id='line_1_102' title="bbox 509 5500 2105 5578; baseline 0.002 -22"><span class='ocrx_word' id='word_1_770' title='bbox 509 5502 758 5558; x_wconf 87' lang='lat' dir='ltr'><strong>.meliose</strong></span> <span class='ocrx_word' id='word_1_771' title='bbox 786 5501 916 5574; x_wconf 89' lang='lat' dir='ltr'><strong>agit.</strong></span> <span class='ocrx_word' id='word_1_772' title='bbox 970 5500 1197 5574; x_wconf 90' lang='lat' dir='ltr'><strong>Spiritui</strong></span> <span class='ocrx_word' id='word_1_773' title='bbox 1223 5505 1346 5561; x_wconf 89' lang='lat' dir='ltr'><strong>dico</strong></span> <span class='ocrx_word' id='word_1_774' title='bbox 1392 5507 1582 5577; x_wconf 74' lang='lat' dir='ltr'><strong>gratia:</strong></span> <span class='ocrx_word' id='word_1_775' title='bbox 1606 5507 1702 5577; x_wconf 90' lang='lat' dir='ltr'><strong>qui</strong></span> <span class='ocrx_word' id='word_1_776' title='bbox 1726 5506 1896 5578; x_wconf 88' lang='lat' dir='ltr'><strong>gratis</strong></span> <span class='ocrx_word' id='word_1_777' title='bbox 1925 5506 2105 5572; x_wconf 90' lang='lat' dir='ltr'><strong>datur,</strong></span> 
     </span>
    </p>
   </div>
   <div class='ocr_carea' id='block_1_103' title="bbox 533 5597 2109 5667">
    <p class='ocr_par' dir='ltr' id='par_1_103' title="bbox 533 5597 2109 5667">
     <span class='ocr_line' id='line_1_103' title="bbox 533 5597 2109 5667; baseline 0.003 -18"><span class='ocrx_word' id='word_1_778' title='bbox 533 5597 793 5667; x_wconf 79' lang='lat' dir='ltr'><strong>etgratis</strong></span> <span class='ocrx_word' id='word_1_779' title='bbox 839 5604 1063 5666; x_wconf 88' lang='lat' dir='ltr'><strong>peccata</strong></span> <span class='ocrx_word' id='word_1_780' title='bbox 1101 5597 1347 5653; x_wconf 86' lang='lat' dir='ltr'><strong>remittit.</strong></span> <span class='ocrx_word' id='word_1_781' title='bbox 1409 5597 1625 5655; x_wconf 82' lang='lat' dir='ltr'><strong>Diceret</strong></span> <span class='ocrx_word' id='word_1_782' title='bbox 1663 5599 1791 5654; x_wconf 90' lang='lat' dir='ltr'><strong>ille:</strong></span> <span class='ocrx_word' id='word_1_783' title='bbox 1827 5597 1978 5653; x_wconf 90' lang='lat' dir='ltr'><strong>Licet</strong></span> <span class='ocrx_word' id='word_1_784' title='bbox 2021 5598 2109 5653; x_wconf 79' lang='lat' dir='ltr'><strong>lex</strong></span> 
     </span>
    </p>
   </div>
   <div class='ocr_carea' id='block_1_104' title="bbox 534 5684 2111 5760">
    <p class='ocr_par' dir='ltr' id='par_1_104' title="bbox 534 5684 2111 5760">
     <span class='ocr_line' id='line_1_104' title="bbox 534 5684 2111 5760; baseline 0.003 -19"><span class='ocrx_word' id='word_1_785' title='bbox 534 5684 708 5760; x_wconf 79' lang='lat' dir='ltr'><strong>Moysi</strong></span> <span class='ocrx_word' id='word_1_786' title='bbox 736 5705 860 5759; x_wconf 70' lang='lat' dir='ltr'><strong>quae</strong></span> <span class='ocrx_word' id='word_1_787' title='bbox 883 5690 1001 5747; x_wconf 90' lang='lat' dir='ltr'><strong>sine</strong></span> <span class='ocrx_word' id='word_1_788' title='bbox 1026 5689 1400 5747; x_wconf 89' lang='lat' dir='ltr'><strong>misericordia</strong></span> <span class='ocrx_word' id='word_1_789' title='bbox 1425 5699 1565 5759; x_wconf 88' lang='lat' dir='ltr'><strong>erat,</strong></span> <span class='ocrx_word' id='word_1_790' title='bbox 1599 5692 1885 5747; x_wconf 89' lang='lat' dir='ltr'><strong>damnaret</strong></span> <span class='ocrx_word' id='word_1_791' title='bbox 1903 5705 2111 5760; x_wconf 79' lang='lat' dir='ltr'><strong>praeva-</strong></span> 
     </span>
    </p>
   </div>
   <div class='ocr_carea' id='block_1_105' title="bbox 518 5780 2110 5845">
    <p class='ocr_par' dir='ltr' id='par_1_105' title="bbox 518 5780 2110 5845">
     <span class='ocr_line' id='line_1_105' title="bbox 518 5780 2110 5845; baseline 0.003 -13"><span class='ocrx_word' id='word_1_792' title='bbox 518 5780 799 5839; x_wconf 72' lang='lat' dir='ltr'><strong>ricatores</strong></span> <span class='ocrx_word' id='word_1_793' title='bbox 822 5798 972 5845; x_wconf 86' lang='lat' dir='ltr'><strong>suos.</strong></span> <span class='ocrx_word' id='word_1_794' title='bbox 995 5781 1250 5841; x_wconf 88' lang='lat' dir='ltr'><strong>Christus</strong></span> <span class='ocrx_word' id='word_1_795' title='bbox 1270 5792 1450 5842; x_wconf 89' lang='lat' dir='ltr'><strong>tamen</strong></span> <span class='ocrx_word' id='word_1_796' title='bbox 1476 5784 1569 5843; x_wconf 85' lang='lat' dir='ltr'><strong>aui</strong></span> <span class='ocrx_word' id='word_1_797' title='bbox 1595 5781 2029 5841; x_wconf 86' lang='lat' dir='ltr'><strong>misericordiam</strong></span> <span class='ocrx_word' id='word_1_798' title='bbox 2057 5789 2110 5836; x_wconf 89' lang='lat' dir='ltr'><strong>et</strong></span> 
     </span>
    </p>
   </div>
   <div class='ocr_carea' id='block_1_106' title="bbox 2206 4775 3778 4847">
    <p class='ocr_par' dir='ltr' id='par_1_106' title="bbox 2206 4775 3778 4847">
     <span class='ocr_line' id='line_1_106' title="bbox 2206 4775 3778 4847; baseline -0.001 -16"><span class='ocrx_word' id='word_1_799' title='bbox 2206 4776 2481 4847; x_wconf 89' lang='lat' dir='ltr'><strong>passionis</strong></span> <span class='ocrx_word' id='word_1_800' title='bbox 2511 4818 2528 4844; x_wconf 94' lang='lat'><strong>,</strong></span> <span class='ocrx_word' id='word_1_801' title='bbox 2583 4776 2679 4832; x_wconf 89' lang='lat' dir='ltr'><strong>sed</strong></span> <span class='ocrx_word' id='word_1_802' title='bbox 2723 4777 2842 4831; x_wconf 90' lang='lat' dir='ltr'><strong>leve</strong></span> <span class='ocrx_word' id='word_1_803' title='bbox 2882 4784 2938 4832; x_wconf 89' lang='lat' dir='ltr'><strong>et</strong></span> <span class='ocrx_word' id='word_1_804' title='bbox 2978 4787 3418 4832; x_wconf 88' lang='lat' dir='ltr'><strong>momentaneum</strong></span> <span class='ocrx_word' id='word_1_805' title='bbox 3475 4786 3675 4833; x_wconf 83' lang='lat' dir='ltr'><strong>restat.</strong></span> <span class='ocrx_word' id='word_1_806' title='bbox 3719 4775 3778 4830; x_wconf 85' lang='lat' dir='ltr'><strong>Et</strong></span> 
     </span>
    </p>
   </div>
   <div class='ocr_carea' id='block_1_107' title="bbox 2210 4866 3778 4938">
    <p class='ocr_par' dir='ltr' id='par_1_107' title="bbox 2210 4866 3778 4938">
     <span class='ocr_line' id='line_1_107' title="bbox 2210 4866 3778 4938; baseline 0.001 -17"><span class='ocrx_word' id='word_1_807' title='bbox 2210 4874 2332 4937; x_wconf 88' lang='lat' dir='ltr'><strong>post</strong></span> <span class='ocrx_word' id='word_1_808' title='bbox 2358 4867 2464 4921; x_wconf 91' lang='lat' dir='ltr'><strong>hoc</strong></span> <span class='ocrx_word' id='word_1_809' title='bbox 2487 4867 2652 4920; x_wconf 84' lang='lat' dir='ltr'><strong>veniet</strong></span> <span class='ocrx_word' id='word_1_810' title='bbox 2680 4866 2835 4922; x_wconf 88' lang='lat' dir='ltr'><strong>vobis</strong></span> <span class='ocrx_word' id='word_1_811' title='bbox 2857 4867 2949 4922; x_wconf 91' lang='lat' dir='ltr'><strong>ille</strong></span> <span class='ocrx_word' id='word_1_812' title='bbox 2987 4868 3078 4937; x_wconf 87' lang='lat' dir='ltr'><strong>qui</strong></span> <span class='ocrx_word' id='word_1_813' title='bbox 3126 4876 3374 4921; x_wconf 83' lang='lat' dir='ltr'><strong>venturus</strong></span> <span class='ocrx_word' id='word_1_814' title='bbox 3407 4876 3510 4921; x_wconf 89' lang='lat' dir='ltr'><strong>est.</strong></span> <span class='ocrx_word' id='word_1_815' title='bbox 3544 4866 3617 4923; x_wconf 84' lang='lat' dir='ltr'><strong>Et</strong></span> <span class='ocrx_word' id='word_1_816' title='bbox 3642 4876 3778 4938; x_wconf 84' lang='lat' dir='ltr'><strong>post-</strong></span> 
     </span>
    </p>
   </div>
   <div class='ocr_carea' id='block_1_108' title="bbox 2208 4958 3780 5031">
    <p class='ocr_par' dir='ltr' id='par_1_108' title="bbox 2208 4958 3780 5031">
     <span class='ocr_line' id='line_1_108' title="bbox 2208 4958 3780 5031; baseline -0.001 -18"><span class='ocrx_word' id='word_1_817' title='bbox 2208 4974 2375 5029; x_wconf 91' lang='lat' dir='ltr'><strong>quam</strong></span> <span class='ocrx_word' id='word_1_818' title='bbox 2400 4958 2629 5023; x_wconf 89' lang='lat' dir='ltr'><strong>venerit,</strong></span> <span class='ocrx_word' id='word_1_819' title='bbox 2656 4958 2813 5031; x_wconf 70' lang='grc' dir='ltr'>ωι</span> <span class='ocrx_word' id='word_1_820' title='bbox 2848 4974 2951 5012; x_wconf 90' lang='lat' dir='ltr'><strong>non</strong></span> <span class='ocrx_word' id='word_1_821' title='bbox 3002 4958 3259 5025; x_wconf 89' lang='lat' dir='ltr'><strong>tardabit,</strong></span> <span class='ocrx_word' id='word_1_822' title='bbox 3297 4958 3349 5012; x_wconf 89' lang='lat' dir='ltr'><strong>id</strong></span> <span class='ocrx_word' id='word_1_823' title='bbox 3379 4966 3465 5013; x_wconf 90' lang='lat' dir='ltr'><strong>est</strong></span> <span class='ocrx_word' id='word_1_824' title='bbox 3497 4973 3614 5013; x_wconf 90' lang='lat' dir='ltr'><strong>non</strong></span> <span class='ocrx_word' id='word_1_825' title='bbox 3646 4959 3780 5014; x_wconf 79' lang='lat' dir='ltr'><strong>tarde</strong></span> 
     </span>
    </p>
   </div>
   <div class='ocr_carea' id='block_1_109' title="bbox 2204 5049 3777 5121">
    <p class='ocr_par' dir='ltr' id='par_1_109' title="bbox 2204 5049 3777 5121">
     <span class='ocr_line' id='line_1_109' title="bbox 2204 5049 3777 5121; baseline -0.001 -17"><span class='ocrx_word' id='word_1_826' title='bbox 2204 5049 2356 5104; x_wconf 90' lang='lat' dir='ltr'><strong>dabit</strong></span> <span class='ocrx_word' id='word_1_827' title='bbox 2378 5049 2534 5104; x_wconf 91' lang='lat' dir='ltr'><strong>vobis</strong></span> <span class='ocrx_word' id='word_1_828' title='bbox 2563 5049 2788 5120; x_wconf 88' lang='lat' dir='ltr'><strong>gloriam</strong></span> <span class='ocrx_word' id='word_1_829' title='bbox 2817 5065 2983 5120; x_wconf 91' lang='lat' dir='ltr'><strong>quam</strong></span> <span class='ocrx_word' id='word_1_830' title='bbox 3002 5050 3273 5120; x_wconf 89' lang='lat' dir='ltr'><strong>promisit,</strong></span> <span class='ocrx_word' id='word_1_831' title='bbox 3295 5050 3640 5121; x_wconf 68' lang='lat' dir='ltr'><strong>martyribus</strong></span> <span class='ocrx_word' id='word_1_832' title='bbox 3684 5065 3777 5104; x_wconf 89' lang='lat' dir='ltr'><strong>non</strong></span> 
     </span>
    </p>
   </div>
   <div class='ocr_carea' id='block_1_110' title="bbox 2207 5137 3779 5208">
    <p class='ocr_par' dir='ltr' id='par_1_110' title="bbox 2207 5137 3779 5208">
     <span class='ocr_line' id='line_1_110' title="bbox 2207 5137 3779 5208; baseline 0 -15"><span class='ocrx_word' id='word_1_833' title='bbox 2207 5138 2453 5193; x_wconf 88' lang='lat' dir='ltr'><strong>tardatur</strong></span> <span class='ocrx_word' id='word_1_834' title='bbox 2476 5138 2667 5208; x_wconf 88' lang='lat' dir='ltr'><strong>gloria,</strong></span> <span class='ocrx_word' id='word_1_835' title='bbox 2698 5137 2795 5193; x_wconf 91' lang='lat' dir='ltr'><strong>sed</strong></span> <span class='ocrx_word' id='word_1_836' title='bbox 2818 5138 3002 5194; x_wconf 89' lang='lat' dir='ltr'><strong>statim</strong></span> <span class='ocrx_word' id='word_1_837' title='bbox 3028 5138 3354 5193; x_wconf 80' lang='lat' dir='ltr'><strong>exeuntibus</strong></span> <span class='ocrx_word' id='word_1_838' title='bbox 3373 5139 3440 5194; x_wconf 86' lang='lat' dir='ltr'><strong>de</strong></span> <span class='ocrx_word' id='word_1_839' title='bbox 3469 5139 3681 5193; x_wconf 86' lang='lat' dir='ltr'><strong>mundo</strong></span> <span class='ocrx_word' id='word_1_840' title='bbox 3696 5139 3779 5193; x_wconf 80' lang='lat' dir='ltr'><strong>da-</strong></span> 
     </span>
    </p>
   </div>
   <div class='ocr_carea' id='block_1_111' title="bbox 2206 5227 3778 5299">
    <p class='ocr_par' dir='ltr' id='par_1_111' title="bbox 2206 5227 3778 5299">
     <span class='ocr_line' id='line_1_111' title="bbox 2206 5227 3778 5299; baseline -0.002 -15"><span class='ocrx_word' id='word_1_841' title='bbox 2206 5238 2318 5284; x_wconf 89' lang='lat' dir='ltr'><strong>tur.</strong></span> <span class='ocrx_word' id='word_1_842' title='bbox 2359 5227 2454 5284; x_wconf 82' lang='lat' dir='ltr'><strong>His</strong></span> <span class='ocrx_word' id='word_1_843' title='bbox 2483 5237 2663 5283; x_wconf 90' lang='lat' dir='ltr'><strong>autem</strong></span> <span class='ocrx_word' id='word_1_844' title='bbox 2701 5228 2793 5298; x_wconf 92' lang='lat' dir='ltr'><strong>qui</strong></span> <span class='ocrx_word' id='word_1_845' title='bbox 2824 5227 2879 5282; x_wconf 93' lang='lat' dir='ltr'><strong>in</strong></span> <span class='ocrx_word' id='word_1_846' title='bbox 2907 5243 3041 5299; x_wconf 90' lang='lat' dir='ltr'><strong>pace</strong></span> <span class='ocrx_word' id='word_1_847' title='bbox 3069 5227 3325 5283; x_wconf 67' lang='lat' dir='ltr'><strong>Ecclesiae</strong></span> <span class='ocrx_word' id='word_1_848' title='bbox 3351 5228 3651 5298; x_wconf 86' lang='lat' dir='ltr'><strong>quiescunt</strong></span> <span class='ocrx_word' id='word_1_849' title='bbox 3677 5237 3778 5282; x_wconf 80' lang='lat' dir='ltr'><strong>tar-</strong></span> 
     </span>
    </p>
   </div>
   <div class='ocr_carea' id='block_1_112' title="bbox 2208 5317 3776 5389">
    <p class='ocr_par' dir='ltr' id='par_1_112' title="bbox 2208 5317 3776 5389">
     <span class='ocr_line' id='line_1_112' title="bbox 2208 5317 3776 5389; baseline -0.003 -14"><span class='ocrx_word' id='word_1_850' title='bbox 2208 5320 2339 5375; x_wconf 87' lang='lat' dir='ltr'><strong>dare</strong></span> <span class='ocrx_word' id='word_1_851' title='bbox 2361 5319 2599 5385; x_wconf 91' lang='lat' dir='ltr'><strong>videtur,</strong></span> <span class='ocrx_word' id='word_1_852' title='bbox 2622 5328 2906 5389; x_wconf 89' lang='lat' dir='ltr'><strong>propterea</strong></span> <span class='ocrx_word' id='word_1_853' title='bbox 2936 5318 3064 5388; x_wconf 90' lang='lat' dir='ltr'><strong>quia</strong></span> <span class='ocrx_word' id='word_1_854' title='bbox 3084 5318 3152 5374; x_wconf 91' lang='lat' dir='ltr'><strong>de</strong></span> <span class='ocrx_word' id='word_1_855' title='bbox 3175 5318 3506 5389; x_wconf 89' lang='lat' dir='ltr'><strong>quibusdam</strong></span> <span class='ocrx_word' id='word_1_856' title='bbox 3539 5334 3663 5388; x_wconf 65' lang='lat' dir='ltr'><strong>qua</strong></span> <span class='ocrx_word' id='word_1_857' title='bbox 3685 5317 3776 5371; x_wconf 55' lang='lat' dir='ltr'><strong>illi-</strong></span> 
     </span>
    </p>
   </div>
   <div class='ocr_carea' id='block_1_113' title="bbox 2211 5409 3776 5481">
    <p class='ocr_par' dir='ltr' id='par_1_113' title="bbox 2211 5409 3776 5481">
     <span class='ocr_line' id='line_1_113' title="bbox 2211 5409 3776 5481; baseline -0.003 -14"><span class='ocrx_word' id='word_1_858' title='bbox 2211 5412 2317 5468; x_wconf 88' lang='lat' dir='ltr'><strong>cite</strong></span> <span class='ocrx_word' id='word_1_859' title='bbox 2361 5419 2772 5477; x_wconf 84' lang='lat' dir='ltr'><strong>contraxerunt,</strong></span> <span class='ocrx_word' id='word_1_860' title='bbox 2809 5425 3037 5466; x_wconf 90' lang='lat' dir='ltr'><strong>necesse</strong></span> <span class='ocrx_word' id='word_1_861' title='bbox 3079 5419 3166 5466; x_wconf 91' lang='lat' dir='ltr'><strong>est</strong></span> <span class='ocrx_word' id='word_1_862' title='bbox 3206 5410 3359 5481; x_wconf 91' lang='lat' dir='ltr'><strong>prius</strong></span> <span class='ocrx_word' id='word_1_863' title='bbox 3409 5409 3776 5480; x_wconf 71' lang='lat' dir='ltr'><strong>prenitentiam</strong></span> 
     </span>
    </p>
   </div>
   <div class='ocr_carea' id='block_1_114' title="bbox 2213 5502 3775 5575">
    <p class='ocr_par' dir='ltr' id='par_1_114' title="bbox 2213 5502 3775 5575">
     <span class='ocr_line' id='line_1_114' title="bbox 2213 5502 3775 5575; baseline -0.003 -16"><span class='ocrx_word' id='word_1_864' title='bbox 2213 5518 2390 5575; x_wconf 88' lang='lat' dir='ltr'><strong>agere.</strong></span> <span class='ocrx_word' id='word_1_865' title='bbox 2419 5502 2523 5569; x_wconf 90' lang='lat' dir='ltr'><strong>Qui</strong></span> <span class='ocrx_word' id='word_1_866' title='bbox 2561 5510 2826 5558; x_wconf 86' lang='lat' dir='ltr'><strong>venturus</strong></span> <span class='ocrx_word' id='word_1_867' title='bbox 2866 5511 2949 5556; x_wconf 90' lang='lat' dir='ltr'><strong>est</strong></span> <span class='ocrx_word' id='word_1_868' title='bbox 2976 5502 3156 5557; x_wconf 88' lang='lat' dir='ltr'><strong>veniet</strong></span> <span class='ocrx_word' id='word_1_869' title='bbox 3205 5510 3260 5557; x_wconf 90' lang='lat' dir='ltr'><strong>et</strong></span> <span class='ocrx_word' id='word_1_870' title='bbox 3305 5516 3418 5556; x_wconf 90' lang='lat' dir='ltr'><strong>non</strong></span> <span class='ocrx_word' id='word_1_871' title='bbox 3450 5502 3708 5566; x_wconf 83' lang='lat' dir='ltr'><strong>tardabit.</strong></span> <span class='ocrx_word' id='word_1_872' title='bbox 3731 5509 3775 5555; x_wconf 86' lang='lat' dir='ltr'><strong>el</strong></span> 
     </span>
    </p>
   </div>
   <div class='ocr_carea' id='block_1_115' title="bbox 2214 5592 3775 5664">
    <p class='ocr_par' dir='ltr' id='par_1_115' title="bbox 2214 5592 3775 5664">
     <span class='ocr_line' id='line_1_115' title="bbox 2214 5592 3775 5664; baseline -0.003 -14"><span class='ocrx_word' id='word_1_873' title='bbox 2214 5595 2431 5650; x_wconf 89' lang='lat' dir='ltr'><strong>interim</strong></span> <span class='ocrx_word' id='word_1_874' title='bbox 2478 5595 2607 5650; x_wconf 92' lang='lat' dir='ltr'><strong>dum</strong></span> <span class='ocrx_word' id='word_1_875' title='bbox 2656 5593 2821 5659; x_wconf 88' lang='lat' dir='ltr'><strong>venit,</strong></span> <span class='ocrx_word' id='word_1_876' title='bbox 2857 5609 2956 5649; x_wconf 83' lang='lat' dir='ltr'><strong>vos</strong></span> <span class='ocrx_word' id='word_1_877' title='bbox 2978 5593 3113 5664; x_wconf 85' lang='lat' dir='ltr'><strong>justi</strong></span> <span class='ocrx_word' id='word_1_878' title='bbox 3160 5607 3228 5648; x_wconf 83' lang='lat' dir='ltr'><strong>ex</strong></span> <span class='ocrx_word' id='word_1_879' title='bbox 3272 5593 3379 5649; x_wconf 87' lang='lat' dir='ltr'><strong>ﬁde</strong></span> <span class='ocrx_word' id='word_1_880' title='bbox 3415 5594 3634 5662; x_wconf 83' lang='lat' dir='ltr'><strong>vivetis,</strong></span> <span class='ocrx_word' id='word_1_881' title='bbox 3661 5592 3775 5664; x_wconf 76' lang='lat' dir='ltr'><strong>quis</strong></span> 
     </span>
    </p>
   </div>
   <div class='ocr_carea' id='block_1_116' title="bbox 2215 5683 3771 5756">
    <p class='ocr_par' dir='ltr' id='par_1_116' title="bbox 2215 5683 3771 5756">
     <span class='ocr_line' id='line_1_116' title="bbox 2215 5683 3771 5756; baseline -0.003 -15"><span class='ocrx_word' id='word_1_882' title='bbox 2215 5686 2355 5742; x_wconf 75' lang='lat' dir='ltr'><strong>dixit</strong></span> <span class='ocrx_word' id='word_1_883' title='bbox 2401 5686 2547 5741; x_wconf 92' lang='lat' dir='ltr'><strong>Deus</strong></span> <span class='ocrx_word' id='word_1_884' title='bbox 2589 5700 2685 5755; x_wconf 90' lang='lat' dir='ltr'><strong>per</strong></span> <span class='ocrx_word' id='word_1_885' title='bbox 2710 5686 3030 5755; x_wconf 88' lang='lat' dir='ltr'><strong>prophetam</strong></span> <span class='ocrx_word' id='word_1_886' title='bbox 3057 5704 3070 5740; x_wconf 90' lang='lat'><strong>:</strong></span> <span class='ocrx_word' id='word_1_887' title='bbox 3097 5683 3286 5739; x_wconf 83' lang='lat' dir='ltr'><strong>Justus</strong></span> <span class='ocrx_word' id='word_1_888' title='bbox 3314 5701 3461 5740; x_wconf 84' lang='lat' dir='ltr'><strong>meus</strong></span> <span class='ocrx_word' id='word_1_889' title='bbox 3501 5702 3570 5741; x_wconf 73' lang='lat' dir='ltr'><strong>es:</strong></span> <span class='ocrx_word' id='word_1_890' title='bbox 3591 5687 3692 5756; x_wconf 74' lang='lat' dir='ltr'><strong>ﬁde</strong></span> <span class='ocrx_word' id='word_1_891' title='bbox 3710 5686 3771 5737; x_wconf 77' lang='lat' dir='ltr'><strong>ri-</strong></span> 
     </span>
    </p>
   </div>
   <div class='ocr_carea' id='block_1_117' title="bbox 2217 5776 3772 5861">
    <p class='ocr_par' dir='ltr' id='par_1_117' title="bbox 2217 5776 3772 5861">
     <span class='ocr_line' id='line_1_117' title="bbox 2217 5776 3772 5861; baseline -0.002 -29"><span class='ocrx_word' id='word_1_892' title='bbox 2217 5779 2293 5833; x_wconf 82' lang='lat' dir='ltr'><strong>vit</strong></span> <span class='ocrx_word' id='word_1_893' title='bbox 2316 5777 2547 5841; x_wconf 83' lang='lat' dir='ltr'><strong>(Habac.</strong></span> <span class='ocrx_word' id='word_1_894' title='bbox 2568 5778 2726 5861; x_wconf 42' lang='lat' dir='ltr'><strong>&quot;LM.</strong></span> <span class='ocrx_word' id='word_1_895' title='bbox 2756 5776 2815 5831; x_wconf 90' lang='lat' dir='ltr'><strong>Si</strong></span> <span class='ocrx_word' id='word_1_896' title='bbox 2838 5794 2955 5832; x_wconf 82' lang='lat' dir='ltr'><strong>vero</strong></span> <span class='ocrx_word' id='word_1_897' title='bbox 2982 5778 3161 5834; x_wconf 70' lang='lat' dir='ltr'><strong>iustus</strong></span> <span class='ocrx_word' id='word_1_898' title='bbox 3181 5777 3507 5834; x_wconf 71' lang='lat' dir='ltr'><strong>subtraxerit</strong></span> <span class='ocrx_word' id='word_1_899' title='bbox 3535 5795 3590 5833; x_wconf 85' lang='lat' dir='ltr'><strong>se</strong></span> <span class='ocrx_word' id='word_1_900' title='bbox 3612 5794 3642 5833; x_wconf 86' lang='lat' dir='ltr'><strong>a</strong></span> <span class='ocrx_word' id='word_1_901' title='bbox 3664 5779 3772 5837; x_wconf 54' lang='lat' dir='ltr'><strong>lite,</strong></span> 
     </span>
    </p>
   </div>
  </div>
