3988 6402
182 389 309 445 549

842 383 1206 441 ΕΧΡΟΒΙῚΊΟ
1243 380 1311 436 IN
1350 379 1732 436 EPISTOLAS
1771 379 1795 433 Ι

1901 376 1996 432 iLl.
2032 407 2100 416 —
2137 377 2205 433 lN
2243 377 2462 435 EPIST.
2502 378 2595 433 AD
2633 363 2796 453 Hea;

3355 377 3466 441 550

183 517 305 554 non
344 500 573 571 placebit
603 500 818 566 animw,
851 499 903 554 id
943 508 1028 553 est
1057 497 1319 552 voluntati
1376 511 1522 549 mete.
1563 493 1695 548 Dico
1738 492 1786 548 si
1813 501 1865 562 Α
1897 509 1917 545 ι
1962 491 2173 565 Moyses
2211 493 2431 563 grandis
2457 492 2652 562 factus,
2681 494 2895 566 negavit
2919 510 2978 550 se
3001 511 3124 552 esse
3149 495 3318 553 ﬁlium
3339 501 3464 556 ﬁliae

181 591 540 647 subtraxerit
562 607 642 655 se,
668 591 758 644 sed
783 608 875 644 nos
905 607 1008 643 non
1047 605 1228 642 sumus
1255 586 1359 657 ﬁlii
1385 586 1784 651 subtractionis,

182 683 330 736 ituri
377 683 458 736 sic
489 683 543 734 in
569 682 939 750 perditionem,
973 681 1064 734 sed
1111 693 1303 735 sumus
1331 676 1455 746 ﬁdei
1482 677 1538 729 in
1557 676 1788 747 acquisi-

182 776 421 839 tionem,
455 773 507 828 id
539 782 624 828 est
666 773 735 828 ad
765 774 870 828 hoc
897 782 957 827 ut
999 788 1096 842 per
1125 771 1284 828 ﬁdem
1309 768 1658 839 acquiramus
1698 784 1787 824 sa-

183 865 374 920 lutem
399 867 591 919 animae
622 873 843 920 nostra.

815 953 1044 1010 CAPUT
1081 953 1172 1010 XI.

272 1062 293 1093 ι
340 1043 439 1099 Est
465 1052 644 1099 autem
670 1043 806 1100 ﬁdes
832 1043 1227 1112 spcrandarum
1252 1042 1557 1098 substantia
1579 1058 1785 1108 rerum,

266 1143 659 1204 argumentum
685 1150 796 1188 non
825 1115 1223 1203 apparentium.
1249 1132 1308 1188 In
1331 1134 1434 1189 hac
1454 1134 1600 1189 enim
1639 1136 1788 1188 testi-

267 1225 521 1278 monium
554 1225 834 1280 consecuti
877 1233 1006 1280 sunt
1033 1241 1211 1280 senes.
1278 1225 1408 1280 Fide
1435 1226 1787 1296 intelligimus

263 1324 458 1384 aptata
497 1331 618 1371 esse
663 1317 860 1372 szecula
899 1317 1066 1371 verbo
1097 1317 1212 1380 Dei,
1245 1326 1305 1371 ut
1327 1333 1393 1373 ex
1424 1319 1788 1373 invisibilibus

261 1407 508 1462 visibilia
559 1406 768 1462 ﬁerent.
826 1407 956 1462 Fide
1009 1408 1298 1478 plurimam
1360 1409 1594 1463 hostiam
1653 1410 1788 1465 Abel

260 1514 436 1567 quam
487 1497 622 1553 Cain
670 1500 868 1554 obtulit
907 1499 1039 1564 Deo,
1072 1515 1169 1569 per
1213 1515 1377 1569 quam
1417 1500 1786 1556 testimonium

260 1596 692 1643 consecutusest
716 1604 837 1644 esse
853 1589 1059 1659 justus,
1077 1589 1452 1644 testimonium
1474 1590 1788 1660 perhibente

263 1679 588 1734 muneribus
609 1679 729 1749 ejus
753 1679 895 1747 Deo;
920 1689 975 1736 et
1002 1696 1100 1750 per
1125 1681 1272 1734 illam
1297 1680 1587 1737 defunctus
1611 1683 1789 1738 adhuc

1893 602 1912 634 ς
1954 583 2281 651 Pharaonis,
2311 585 2485 656 magis
2513 586 2720 657 eligens
2763 587 2925 658 aﬁligi
2954 603 3078 643 cum
3121 591 3320 659 populo
3364 592 3461 648 Dei

1892 693 1912 727 ι
1952 690 2118 745 quam
2171 677 2485 745 temporalis
2530 679 2738 747 peccati
2789 680 2990 736 habere
3037 680 3462 754 jucunditatem,

1892 783 1912 817 ι
1956 766 2194 835 majores
2218 767 2436 822 divitias
2470 769 2748 824 aestimans
2775 771 3035 826 thesauro
3060 771 3460 844 IEgyptiorum,

1893 873 1911 906 ι
1953 854 2342 924 imprOperium
2370 855 2592 912 Christi.
2615 858 2926 928 Aspiciebat
2945 861 3092 915 enim
3130 862 3186 915 in
3209 877 3464 919 remune-

1893 965 1912 998 ι
1955 947 2246 1002 rationem.
2301 947 2430 1003 Fide
2453 949 2672 1020 reliquit
2720 949 3037 1030 «Egyptum,
3092 969 3201 1007 non
3255 954 3464 1009 veritus

1893 1057 1912 1091 ι
1957 1039 2360 1094 animositatem
2390 1041 2552 1110 regis.
2578 1040 2914 1097 luvisibilem
2940 1044 3084 1097 enim
3115 1053 3356 1115 tanquan
3383 1045 3464 1100 vi-

1892 1151 1911 1184 ‹
1955 1132 2093 1187 dens
2122 1132 2404 1187 sustinuit.
2445 1132 2574 1188 Fide
2623 1135 2915 1189 celebravit
2967 1134 3202 1202 Pascha,
3254 1146 3308 1192 et
3343 1154 3466 1193 sane

1893 1241 1912 1273 ι
1957 1222 2138 1293 guinis
2160 1222 2503 1290 eﬁ'usionem,
2530 1239 2598 1278 ne
2632 1224 2725 1293 qui
2755 1225 3006 1279 vastabat
3035 1224 3321 1298 [vastaret]
3346 1227 3461 1297 pri-

1893 1333 1913 1366 ι
1956 1316 2166 1382 mitiva,
2211 1323 2455 1386 tangeret
2495 1331 2611 1386 eos.
2641 1315 2774 1371 Fide
2809 1317 3142 1372 transierunt
3170 1335 3319 1374 mare
3344 1317 3461 1372 Ru-

1893 1425 1912 1457 ‹
1957 1407 2140 1473 brum,
2172 1415 2434 1476 tanquam
2463 1421 2559 1476 per
2587 1405 2797 1462 aridam
2822 1417 3024 1462 terram
3051 1425 3064 1462 :
3089 1409 3235 1479 quod
3253 1411 3461 1482 experti

1893 1515 1913 1549 ε
1962 1497 2197 1570 [Egyptii
2236 1497 2480 1552 dcvorati
2511 1505 2658 1552 sunt.
2686 1497 2848 1569 402
2878 1498 3008 1554 Fide
3054 1501 3195 1553 muri
3246 1500 3463 1555 Jcricho

1894 1609 1914 1640 ‹
1954 1598 2302 1656 corruerunt,
2335 1590 2624 1646 circumitu
2658 1589 2869 1644 dierum
2907 1599 3134 1659 septem.
3157 1590 3287 1646 Fide
3313 1592 3465 1645 Raab

1897 1701 1915 1734 ι
1961 1682 2222 1738 meretrix
2251 1697 2360 1737 non
2383 1682 2545 1752 periit
2567 1697 2691 1736 cum
2717 1681 3035 1748 incredulis,
3059 1684 3336 1752 excipiens
3369 1699 3465 1737 ex-

1895 1794 1935 1827 ι-
1957 1777 2258 1846 ploratores
2281 1791 2406 1830 cum
2431 1789 2584 1845 pace.
2620 1773 2686 1828 Et
2710 1773 2840 1844 quid
2869 1773 3050 1830 adhuc
3071 1773 3295 1830 dicam?
3320 1774 3464 1828 Deﬁ-

266 1874 530 1930 mortem,
561 1874 616 1920 et
649 1880 758 1919 non
807 1864 1210 1932 inveniebatur,
1240 1866 1369 1935 quia
1399 1866 1680 1920 transtulit
1720 1866 1786 1919 il-
1813 1863 1859 1922 B
1893 1886 1912 1920 ι
1951 1869 2056 1924 ciet
2079 1868 2226 1923 cnim
2249 1874 2350 1922 me
2378 1875 2593 1937 tempus
2618 1874 2965 1922 enarrantem
2988 1868 3055 1921 de
3087 1866 3329 1934 Gedeon,
3356 1866 3465 1921 Ba-

264 1955 386 2009 lum
414 1954 587 2010 Deus.
624 1957 762 2010 Ante
782 1956 1194 2011 translationem
1223 1956 1371 2010 enim
1401 1955 1520 2025 ejus
1551 1955 1788 2011 testimo-

265 2047 424 2100 nium
463 2045 652 2101 habuit
678 2047 950 2116 placuisse
980 2045 1110 2100 Deo.
1142 2047 1272 2100 Sine
1303 2045 1406 2100 ﬁde
1450 2053 1630 2100 autem
1678 2045 1787 2100 ima

266 2137 536 2207 possibile
587 2146 672 2191 est
717 2137 929 2206 placere
963 2135 1090 2191 Deo.
1142 2133 1376 2190 Credere
1405 2133 1550 2190 enim
1577 2143 1789 2204 oportet

266 2229 620 2282 accedentem
644 2228 713 2282 ad
745 2227 918 2282 Deum
943 2228 1072 2298 quia
1095 2237 1196 2294 est,
1222 2235 1276 2282 et
1305 2227 1706 2297 inquirentibus
1730 2242 1789 2281 se

267 2330 653 2376 remunerator
697 2321 789 2376 sit.
838 2320 970 2376 Fide
1017 2319 1151 2388 Noe,
1183 2335 1449 2390 responso
1477 2327 1701 2389 accepto
1721 2319 1788 2374 de

270 2414 359 2467 his
388 2429 512 2482 quze
539 2413 716 2468 adhuc
761 2428 871 2468 non
903 2413 1248 2478 videbantur,
1301 2420 1547 2467 metuens
1587 2411 1791 2481 aptavit

193 2525 212 2556 ί
265 2522 458 2560 arcam
486 2506 539 2559 in
573 2507 804 2561 salutem
825 2505 1023 2561 domus
1049 2521 1183 2572 suae,
1220 2521 1486 2575 perquam
1510 2504 1790 2560 damnavit

193 2623 213 2652 ι
267 2603 630 2668 mundum,et
656 2603 902 2673 justitiw,
921 2619 1044 2673 qua:
1078 2619 1172 2673 per
1195 2602 1354 2657 ﬁdem
1377 2612 1480 2668 est,
1506 2602 1679 2658 haeres
1706 2611 1791 2659 est

196 2712 217 2743 ε
266 2693 816 2766 institutus[factus].
839 2694 970 2750 Fide
982 2694 1076 2765 qui
1101 2703 1326 2749 vocatur
1343 2693 1638 2761 Abraham,
1662 2694 1788 2749 obc-

200 2806 219 2834 ι
268 2784 409 2839 divit
457 2785 510 2839 in
554 2790 733 2841 locum
778 2787 947 2855 exire,
986 2802 1148 2857 quem
1198 2794 1524 2856 accepturus
1571 2795 1688 2842 erat
1734 2787 1790 2842 in

197 2894 218 2926 ι
275 2876 674 2944 luereditatem,
707 2885 762 2932 et
787 2877 920 2932 exiit
945 2877 1198 2933 nesciens
1218 2891 1328 2947 quo
1369 2877 1490 2932 iret.
1536 2875 1667 2932 Fide
1692 2877 1790 2932 de-

197 2987 217 3016 ‹
267 2979 522 3024 moratus
549 2979 632 3024 est
665 2969 719 3023 in
756 2979 898 3024 terra
931 2969 1394 3040 repromissionis,
1445 2978 1705 3040 tanquam
1734 2969 1790 3024 in

197 3079 217 3109 ι
267 3060 474 3126 aliena,
508 3060 560 3113 in
584 3061 788 3115 casulis
834 3061 1130 3115 habitando
1175 3076 1301 3116 cum
1350 3059 1502 3116 Isaac
1523 3070 1578 3116 et
1602 3060 1788 3129 Jacob,

201 3171 220 3200 ‹
269 3151 652 3206 cohaere-dibus
677 3152 1119 3222 repromissionis
1139 3150 1407 3223 ejusdem.
1431 3151 1792 3222 Exspectabat

202 3261 222 3294 ι
269 3244 420 3298 enim
453 3241 806 3300 fundamenta
865 3245 1155 3300 habentem
1184 3245 1483 3311 civitatem,
1515 3244 1675 3315 cujus
1703 3260 1793 3299 ar-

171 3334 221 3386 ἰ
271 3335 406 3390 tifex
438 3337 762 3391 eteonditor
813 3336 978 3393 Deus.
1010 3336 1144 3391 Fide
1186 3345 1241 3392 et
1267 3337 1384 3406 ipsa
1415 3336 1550 3392 Sara
1591 3339 1794 3394 sterilis

202 3447 223 3479 ε
276 3429 540 3482 virtutem
591 3427 648 3482 in
695 3430 1050 3499 conceptione
1099 3428 1326 3484 seminis
1374 3431 1600 3500 accepit,
1629 3431 1795 3485 etiam

203 3539 224 3572 ι
273 3531 474 3590 praeter
520 3531 737 3592 tempus
776 3522 970 3589 aetatis,
1018 3522 1278 3592 quoniam
1315 3521 1527 3576 ﬁdelem
1570 3523 1798 3579 credidit

204 3631 224 3662 ι
272 3627 399 3666 esse
452 3627 577 3666 eum
609 3613 704 3682 qui
746 3613 1155 3682 repromiserat.
1206 3611 1434 3683 PrOpter
1477 3613 1621 3682 quod
1647 3623 1701 3669 et
1727 3614 1798 3669 ab

205 3724 224 3753 4
269 3719 387 3757 uno
411 3704 516 3757 orti
549 3712 717 3766 sunt;
761 3713 814 3758 et
861 3697 966 3758 hcc
1011 3710 1282 3769 emortuo,
1328 3711 1588 3773 tanquam
1618 3704 1795 3760 sidera

205 3815 225 3844 ε
272 3793 401 3848 οωιί
457 3795 510 3848 in
559 3795 926 3860 multitudine,
959 3803 1012 3850 et
1057 3795 1200 3849 sicut
1249 3808 1416 3849 arena
1470 3810 1593 3865 quae
1613 3803 1697 3850 est
1730 3796 1798 3850 ad

207 3906 226 3936 ‹
276 3902 435 3940 oram
473 3887 643 3942 maris
689 3886 1133 3942 innumerabilis.
1164 3885 1327 3940 Juxta
1366 3886 1527 3941 ﬁdem
1557 3885 1799 3942 defuncti

210 3998 228 4028 ‹
277 3986 415 4032 sunt
443 3994 634 4034 omnes
681 3979 790 4046 isti,
822 3993 932 4033 non
969 3978 1207 4048 acceptis
1255 3979 1796 4048 repromissionibus,

209 4085 229 4116 ε
278 4067 376 4120 sed
401 4082 433 4119 a
459 4053 617 4136 longe
641 4082 736 4122 eas
763 4066 1112 4136 aspicientes,
1137 4075 1192 4121 et
1212 4066 1534 4134 salutantes,
1556 4076 1610 4122 et
1631 4067 1802 4122 conﬁ-

211 4176 229 4207 ι
275 4165 456 4211 tentes
468 4156 594 4225 quia
617 4157 888 4228 peregrini
909 4166 964 4211 et
983 4156 1225 4226 hospites
1247 4165 1377 4212 sunt
1393 4173 1556 4227 super
1575 4167 1797 4214 terram.

209 4265 230 4297 ι
280 4244 390 4310 Qui
421 4246 567 4299 enim
609 4246 724 4300 haec
750 4246 960 4313 dicunt,
1001 4245 1311 4316 signiﬁcant
1331 4261 1390 4302 se
1434 4247 1669 4317 patriam
1712 4249 1800 4304 in-

213 4360 232 4391 σ
281 4339 528 4410 quirere.
555 4338 622 4394 Et
648 4340 694 4394 si
717 4340 938 4409 quidem
969 4339 1117 4395 illius
1143 4339 1543 4406 meminissent,
1581 4340 1649 4395 de
1692 4357 1802 4411 qua

213 4451 233 4483 ι
282 4431 559 4498 exierunt,
625 4431 898 4486 habebant
955 4431 1144 4501 utique
1209 4440 1425 4501 tempus
1475 4431 1798 4488 revertendi.

189 1790 209 1821 ι
260 1771 532 1842 loquitur.
584 1771 716 1828 Fide
766 1772 988 1844 lienoch
1035 1773 1332 1829 translatus
1351 1782 1456 1840 est,
1494 1789 1563 1828 ne
1584 1773 1788 1829 videret

215 4542 234 4574 ι
282 4520 446 4576 Nunc
473 4532 656 4577 autem
685 4523 968 4577 meliorem
997 4530 1278 4592 appetunt,
1310 4522 1364 4577 id
1385 4530 1474 4577 est
1500 4524 1797 4579 cmlestem.
1829 4564 1880 4624 υ

217 4634 235 4666 ι
280 4613 414 4668 Ideo
460 4629 568 4668 non
599 4613 957 4670 confunditur
1003 4613 1148 4669 Deus
1179 4614 1364 4668 vocari
1405 4612 1550 4669 Deus
1587 4630 1798 4670 eorum.

217 4725 236 4756 ε
282 4704 508 4759 Paravit
540 4705 687 4760 enim
720 4706 827 4761 illis
861 4705 1154 4761 civitatem.
1209 4704 1340 4759 Fide
1385 4705 1582 4760 obtulit
1631 4705 1805 4760 Abra-

219 4818 237 4847 ε
288 4798 420 4851 ham
448 4795 599 4852 Isaac
621 4813 748 4852 cum
781 4805 1101 4864 tentaretur,
1145 4805 1200 4852 et
1225 4794 1564 4866 unigenitum
1607 4796 1802 4852 oﬁ'ere-

190 4892 240 4938 ἰ
285 4888 380 4942 bat
429 4889 481 4941 in
527 4904 638 4958 quo
659 4897 975 4958 susceperat
1027 4887 1498 4958 repromissiones,
1535 4889 1604 4944 ad
1640 4903 1805 4958 quem

221 4999 240 5030 ι
288 4979 499 5034 dictum
532 4989 616 5036 est
643 4997 660 5032 τ
693 4979 831 5046 Quia
879 4979 935 5034 in
965 4979 1117 5036 Isaac
1142 4979 1427 5035 vocabitur
1451 4979 1546 5034 tibi
1575 4995 1801 5048 semen;

222 5089 240 5117 ι
287 5069 563 5126 arbitrans
601 5069 894 5142 [cogitans]
943 5070 1073 5140 quia
1117 5079 1172 5125 et
1215 5086 1245 5124 a
1278 5070 1510 5124 mortuis
1535 5071 1805 5126 suscitare

223 5179 242 5210 c
289 5168 487 5230 potens
511 5169 596 5215 est
619 5159 783 5215 Deus.
818 5158 973 5215 Unde
994 5177 1120 5215 cum
1142 5169 1196 5216 et
1228 5160 1281 5214 in
1305 5161 1622 5230 parabolam
1645 5175 1802 5215 acce-

226 5271 243 5302 ί
289 5251 391 5320 pit.
424 5249 552 5305 Fide
582 5251 729 5306 etde
765 5251 966 5307 futuris
997 5252 1285 5307 benedixit
1315 5251 1486 5316 Isaae,
1535 5250 1705 5306 Jacob
1750 5259 1806 5307 et

225 5362 244 5394 ι
294 5341 462 5396 Esau.
481 5341 610 5397 Fide
627 5341 797 5398 Jacob
817 5343 1056 5398 moriens
1075 5344 1319 5414 singulos
1341 5344 1574 5398 ﬁliorum
1605 5341 1805 5413 Joseph

192 5439 196 5442 ·
227 5453 246 5484 ι
294 5433 594 5500 benedixit,
623 5443 677 5489 et
705 5434 952 5490 adoravit
995 5433 1270 5507 fastigium
1301 5437 1468 5506 virgae
1505 5435 1644 5505 ejus.
1672 5433 1806 5490 Fide

229 5541 247 5573 ι
291 5520 496 5592 Joscph
525 5524 765 5580 moriens
791 5525 856 5580 de
877 5523 1213 5594 profectione
1238 5525 1474 5580 ﬁliorum
1503 5523 1669 5580 Israel
1697 5539 1811 5579 me-

231 5634 250 5664 I
295 5624 546 5671 moratus
590 5625 692 5682 est,
745 5625 800 5672 et
839 5617 906 5672 de
949 5617 1166 5672 ossibus
1194 5617 1310 5672 suis
1351 5617 1654 5671 mandavit;
1679 5615 1810 5672 Fide

232 5725 252 5756 ι
295 5704 512 5776 Moyses
564 5717 725 5762 natus
761 5707 1065 5764 occultatus
1117 5716 1202 5763 est
1247 5709 1528 5764 mensibus
1575 5708 1749 5765 tribus
1777 5724 1808 5763 a

235 5816 253 5846 ι
299 5798 616 5866 parentibus
640 5799 775 5868 suis,
799 5814 864 5855 eo
901 5799 1047 5870 quod
1089 5799 1354 5854 vidissent
1381 5801 1682 5870 elegantem
1723 5801 1809 5854 in-

237 5908 260 5940 ι
303 5885 532 5959 fantem,
582 5899 636 5946 et
679 5907 786 5947 non
839 5891 1139 5947 timuerunt
1187 5890 1330 5962 regis
1374 5890 1631 5947 edictum.
1681 5889 1812 5946 Fide

1896 1980 1914 2012 ιι
1955 1975 2068 2027 rae,
2099 1961 2354 2028 Samson,
2405 1957 2621 2028 Jephte,
2659 1957 2848 2024 David,
2882 1956 3123 2023 Samuel,
3157 1969 3210 2012 et
3233 1959 3466 2028 prophe—

1894 2068 1914 2102 ι
1955 2050 2046 2117 tis,
2072 2048 2191 2119 'qui
2221 2063 2318 2118 per
2347 2047 2510 2102 ﬁdem
2547 2048 2800 2102 vicerunt
2847 2063 3033 2117 regna,
3081 2048 3288 2116 operati
3337 2055 3468 2100 sunt

1894 2161 1913 2194 ε
1953 2142 2244 2212 justitiam,
2277 2141 2454 2209 adepti
2485 2149 2614 2195 sunt
2661 2141 3140 2209 repromissiones,
3171 2140 3464 2193 obturave-

1895 2254 1913 2286 ι
1956 2243 2085 2288 runt
2108 2249 2203 2288 ora
2228 2232 2860 2298 lconum,cxstinxcrunt
2886 2232 3143 2301 impetum
3182 2231 3341 2302 ignis.
3369 2230 3464 2283 Ef-

1895 2342 1913 2374 ‹
1957 2321 2281 2394 fugaverunt
2337 2322 2512 2378 aciem
2554 2321 2739 2392 gladii,
2793 2321 3186 2376 convaluerunt
3215 2320 3282 2374 de
3319 2321 3468 2374 inﬁr-

1895 2432 1914 2464 ι
1960 2415 2168 2481 mitate,
2191 2413 2358 2469 fortes
2393 2412 2522 2468 facti
2549 2421 2679 2468 sunt
2700 2414 2755 2467 in
2781 2413 2944 2467 bello.
2970 2412 3161 2466 Castra
3190 2420 3470 2466 verterunt

1895 2523 1914 2558 ι
1958 2514 2292 2572 exterarum,
2329 2515 2656 2575 acceperunt
2689 2505 2947 2559 mulieres
2983 2503 3050 2558 de
3073 2503 3470 2558 resurrectione

1897 2617 1914 2649 ι
1959 2607 2204 2654 mortuos
2234 2613 2384 2654 suos.
2411 2597 2519 2650 Alii
2549 2605 2731 2652 autem
2765 2596 2988 2652 distenti
3012 2603 3169 2661 sunt,
3201 2609 3312 2649 non
3339 2610 3468 2650 sus-

1897 2707 1914 2741 t
1957 2690 2220 2760 cipientes
2249 2690 2702 2760 redemptionem,
2740 2696 2801 2743 ut
2825 2688 3107 2743 meliorem
3163 2686 3472 2742 invenirent

1896 2799 1916 2833 ι
1957 2783 2435 2838 resurrectionem.
2466 2781 2572 2836 Alii
2607 2797 2738 2836 vero
2766 2780 3004 2835 ludibria
3034 2789 3090 2835 et
3125 2780 3350 2835 verbera
3374 2795 3470 2834 ex-

1897 2890 1916 2924 ‹
1958 2872 2116 2941 perti,
2177 2873 2400 2943 insuper
2447 2880 2502 2926 et
2551 2871 2788 2937 vincula,
2833 2879 2888 2926 et
2917 2885 3186 2936 carceres,
3247 2869 3471 2940 lapidati

1897 2981 1916 3013 ι
1957 2971 2105 3030 sunt,
2134 2962 2266 3017 secti
2293 2970 2441 3028 sunt,
2481 2960 2672 3015 tentati
2703 2969 2853 3026 sunt,
2885 2961 2937 3013 in
2981 2959 3257 3013 occisione
3308 2958 3470 3028 gladii

1898 3075 1917 3108 ι
1963 3057 2164 3112 mortui
2213 3065 2360 3112 sunt.
2413 3055 2764 3110 Circuierunt
2795 3055 2850 3108 in
2883 3053 3122 3120 melotis,
3153 3053 3208 3107 in
3240 3053 3472 3123 pellibus

1899 3169 1918 3202 ι
1963 3147 2222 3219 caprinis,
2263 3155 2507 3218 egentes,
2558 3145 2873 3217 angustiati,
2907 3145 3108 3209 aﬁlicti,
3160 3145 3359 3215 quibus
3384 3145 3470 3199 di-

1899 3258 1919 3291 (
1962 3254 2104 3310 gnus
2127 3253 2236 3293 non
2265 3245 2381 3292 erat
2417 3237 2676 3303 mundus,
2710 3236 2765 3290 in
2792 3236 3181 3291 solitudinibus
3203 3244 3469 3301 errantes,

1900 3347 1919 3380 ‹
1961 3328 2017 3382 in
2047 3326 2325 3382 montibus
2347 3333 2402 3380 et
2425 3325 2723 3395 speluncis,
2746 3335 2801 3380 et
2825 3326 2880 3380 in
2904 3326 3155 3382 cavernis
3201 3334 3382 3382 teme.
3407 3325 3475 3381 Et

1901 3438 1919 3471 ‹
1947 3419 2021 3473 εΙιί
2051 3433 2264 3484 omnes,
2319 3417 2633 3473 testimonio
2664 3417 2787 3473 ﬁdei
2831 3417 3065 3488 probati,
3104 3434 3214 3473 non
3247 3434 3473 3488 accepe-

1901 3530 1919 3563 c
1963 3519 2090 3565 runt
2144 3509 2667 3580 repromissionem,
2717 3507 2828 3564 Deo
2891 3524 2991 3579 pro
3063 3510 3222 3565 nobis
3279 3509 3476 3564 melius

1902 3621 1920 3654 ι
1964 3602 2169 3672 aliquid
2193 3601 2534 3672 providente,
2563 3609 2624 3656 ut
2645 3616 2754 3656 non
2792 3601 2910 3656 sine
2938 3601 3098 3656 nobis
3127 3616 3477 3657 consumma-

1904 3713 1923 3746 ι
1962 3703 2170 3750 rentur.
2210 3711 2230 3744 ι

2528 3799 2836 3840 EXPOSITIO.

1969 3875 2108 3944 Quia
2131 3877 2197 3932 de
2222 3876 2328 3932 ﬁde
2357 3890 2666 3932 sermonem
2713 3875 2954 3945 incmpit,
2987 3875 3176 3931 dicens
3203 3893 3216 3930 :
3246 3874 3360 3929 Nos
3383 3893 3476 3929 su-

1898 3985 2014 4022 mus
2037 3968 2141 4038 ﬁlii
2163 3969 2288 4038 fidei
2307 3976 2437 4034 etc.,
2455 3967 2733 4038 subjungit
2751 3967 2912 4038 quasi
2933 3967 3306 4022 diﬁinitionem
3324 3967 3474 4034 ﬁdei;

1899 4074 2022 4128 qua:
2051 4067 2234 4112 tamen
2263 4074 2372 4113 non
2410 4065 2496 4112 est
2542 4056 2810 4126 dilﬁnitio,
2848 4057 2944 4113 sed
2971 4057 3097 4112 ﬁdei
3125 4058 3478 4113 commenda-

1900 4148 1999 4204 tio.
2033 4147 2115 4203 Ad
2140 4147 2300 4217 cujus
2341 4148 2467 4202 fidei
2493 4148 3022 4203 commendationem
3055 4149 3148 4204 diu
3176 4149 3478 4204 immoran-

1901 4239 1992 4306 do,
2025 4240 2196 4295 multa
2241 4248 2488 4296 veterum
2511 4241 2758 4310 exempla
2805 4249 3094 4312 supponet.
3125 4240 3216 4295 Ait
3252 4251 3432 4296 autem
3463 4259 3477 4294 :

1901 4329 2013 4386 Nos
2043 4342 2233 4386 sumus
2263 4330 2357 4384 ﬁlii
2382 4331 2506 4386 ﬁdei
2543 4350 2556 4385 :
2584 4329 2745 4385 Fides
2772 4340 2949 4386 autem
2975 4341 3052 4386 est
3075 4331 3396 4397 substantia,
3427 4330 3482 4385 id

1902 4433 1986 4477 est
2006 4421 2291 4476 existentia
2313 4431 2368 4478 et
2390 4423 2681 4492 acquisitio
2705 4439 2879 4477 rerum
2899 4423 3300 4493 sperandarum,
3327 4423 3378 4478 id
3400 4429 3486 4477 est

1904 4510 2214 4564 futurorum
2251 4512 2544 4580 bonorum,
2587 4529 2711 4584 qum
2762 4513 3111 4585 singulariter
3132 4524 3186 4568 et
3213 4515 3484 4584 przecipue

1905 4603 2172 4672 speranda
2217 4612 2366 4659 sunt.
2419 4597 2602 4673 Fides,
2663 4605 2909 4674 inquam,
2963 4606 3043 4660 sic
3068 4616 3153 4660 est
3178 4601 3492 4660 substantia

1905 4694 2216 4750 futurorum
2255 4696 2548 4764 bonorum,
2571 4697 2701 4767 quia
2746 4712 2848 4753 nec
2894 4698 3012 4753 sine
3037 4698 3140 4752 ﬁde
3164 4697 3219 4752 in
3245 4698 3487 4768 quolibet

1907 4788 2262 4852 susbsistunt,
2288 4803 2389 4844 nec
2419 4789 2528 4844 nisi
2556 4804 2653 4858 per
2673 4787 2836 4844 ﬁdem
2880 4790 3260 4859 acquiruntur.
3288 4788 3382 4844 Vel
3411 4790 3486 4844 ita

1905 4881 2154 4938 dicamus
2187 4901 2200 4936 :
2233 4881 2396 4936 Fides
2422 4881 2478 4936 in
2507 4881 2763 4951 praesenti
2819 4881 3002 4936 habita
3055 4891 3139 4936 est
3191 4882 3246 4936 in
3301 4883 3488 4941 futuro

1907 4971 2212 5028 substantia
2248 4987 2455 5037 rerum,
2500 4971 2555 5026 id
2584 4979 2669 5026 est
2697 4971 2968 5026 bonorum
3017 4973 3342 5030 etelestium.
3375 4974 3499 5041 Μθτ

1907 5063 2015 5117 rito
2039 5063 2186 5118 enim
2213 5062 2302 5117 hic
2330 5061 2530 5117 habita:
2571 5060 2697 5116 ﬁdei
2729 5070 2860 5118 tunc
2891 5063 3202 5120 subsistunt
3225 5066 3367 5121 bona
3399 5067 3490 5122 illa

1908 5154 1964 5209 in
1989 5171 2054 5209 eo
2078 5155 2172 5225 qui
2204 5154 2364 5210 ﬁdem
2399 5155 2454 5208 in
2487 5155 2592 5210 hoc
2640 5155 2847 5210 mundo
2873 5156 3106 5223 habuit;
3137 5173 3325 5212 rerum
3367 5160 3492 5214 dico

1909 5265 2057 5304 nunc
2084 5264 2181 5319 per
2214 5249 2376 5304 ﬁdem
2401 5249 2812 5320 sperandarum.
2845 5249 3006 5306 Fides
3031 5251 3194 5307 etiam
3225 5261 3306 5308 est
3329 5270 3492 5322 argu-

1909 5350 2163 5407 mentum,
2200 5340 2252 5394 id
2279 5349 2364 5395 est
2388 5341 2707 5411 approbatio
2735 5356 2919 5396 rerum
2951 5359 3055 5396 non
3097 5345 3489 5414 apparentium,

1911 5430 1962 5485 id
1997 5440 2082 5486 cst
2107 5431 2400 5497 bonorum,
2427 5445 2551 5502 qua).
2578 5430 2730 5500 (dum
2758 5431 2814 5485 in
2837 5432 2940 5488 hoc
2961 5433 3166 5488 mundo
3184 5435 3489 5500 manemus)

1913 5522 2097 5578 videre
2116 5538 2222 5577 non
2255 5537 2568 5592 possumus.
2597 5521 2654 5577 Si
2683 5523 2807 5594 quis
2827 5525 2972 5579 enim
2990 5523 3300 5579 considerat
3317 5522 3493 5576 Abra-

1915 5618 2067 5684 ham,
2099 5618 2374 5688 quomodo
2414 5618 2610 5674 merito
2637 5618 2761 5673 ﬁdei
2792 5617 3035 5688 possedit
3073 5617 3321 5688 gloriam,
3347 5614 3494 5669 idem

1915 5710 1982 5765 de
2017 5725 2076 5766 se
2100 5719 2277 5780 potest
2327 5725 2548 5780 sperare
2589 5709 2757 5780 quod,
2791 5709 2836 5765 si
2862 5725 2958 5779 per
2986 5708 3145 5763 ﬁdem
3188 5707 3494 5762 imitabitur

1917 5802 2214 5866 Abraham,
2244 5801 2386 5856 sicut
2416 5801 2525 5866 ille,
2549 5815 2714 5870 quam
2746 5815 2856 5854 non
2889 5797 3046 5865 vidit,
3068 5813 3165 5868 per
3186 5797 3344 5851 ﬁdem
3367 5809 3496 5865 pos-

1919 5892 2116 5948 sidebit
2150 5891 2399 5963 gloriam.
2433 5890 2564 5946 Dico
2586 5889 2721 5945 ﬁdes
2746 5899 2828 5945 est
2849 5889 3157 5945 substantia
3183 5883 3493 5946 futurorum
