3988 6430
157 401 282 460 555

821 397 1189 457 EXPOSITIO
1226 398 1294 455 IN
1330 399 1714 458 EPISTOLAS
1746 399 1978 456 PAULI.
2014 432 2085 442 —
2125 399 2194 456 IN
2227 390 2448 458 EPIST.
2487 389 2580 456 AD
2616 389 2822 457 IIEBR.
2887 419 2894 427 ·

3337 404 3444 468 ΒΜ

156 524 230 572 ιιι
265 511 481 581 sidera,
531 513 690 570 multi
744 515 960 572 steriles
1003 523 1058 570 et
1108 513 1437 571 infructuosi
1487 515 1545 570 in
1600 516 1754 570 littus
1780 516 1826 574 A
1853 514 1940 571 sui
1972 515 2146 587 (Psal.
2198 533 2345 584 xuv,
2379 515 2455 588 7).
2478 508 2674 588 Ioseph
2718 517 2948 573 moriens
2991 518 3116 588 ﬁde,
3147 522 3199 577 id
3234 535 3318 581 est
3342 542 3440 598 per

159 606 300 680 [αι.
350 603 516 679 ritus]
549 600 835 678 gentilium
888 613 1019 661 sunt
1071 604 1416 676 praecipitati.
1471 603 1540 660 Et
1581 617 1760 658 omnes

157 700 285 765 isti,
337 698 640 765 Abraham,
689 698 926 764 scilicet,
975 695 1130 753 Isaac
1177 704 1234 774 et
1284 693 1475 762 Iacob,
1527 695 1764 767 defuncti

159 799 314 856 sunt,
344 789 510 845 etiam
537 803 665 844 cum
690 795 1059 856 morerentur,
1088 788 1384 843 existentes
1395 786 1559 858 juxta
1579 785 1761 855 ﬁdem,

160 878 221 933 id
257 887 347 934 est
373 877 661 934 credentes
696 893 756 934 se
794 881 1117 948 accepturos
1165 876 1442 948 promissa
1494 874 1612 931 Dei.
1653 873 1763 930 De-

161 969 368 1036 functi,
401 969 650 1040 inquam,
673 978 824 1037 sunt,
855 985 961 1024 non
1005 967 1234 1040 acceptis
1268 967 1764 1039 repromissionibus

160 1061 222 1116 in
252 1062 392 1128 vita,
423 1060 514 1115 sed
553 1061 871 1132 aspicientes
921 1078 1011 1116 eas
1064 1059 1526 1131 repromissiones
1551 1058 1766 1114 futuras

161 1170 198 1206 a
229 1151 409 1223 longe,
437 1151 492 1208 id
512 1159 598 1208 est
625 1151 682 1206 in
705 1151 901 1208 diebus
923 1151 1149 1219 Christi,
1179 1159 1229 1205 et
1279 1151 1595 1216 salutantes,
1623 1151 1767 1206 sicut

164 1252 356 1300 nauta
385 1243 645 1316 patriam,
669 1259 834 1314 quam
878 1259 910 1298 a
938 1244 1100 1315 longe
1128 1243 1376 1298 videntes
1409 1243 1640 1297 multum
1667 1243 1765 1298 de-

163 1317 444 1402 siderant,
479 1344 528 1390 et
553 1336 860 1406 conﬁtentes
885 1335 953 1390 de
974 1351 1034 1392 sc
1053 1335 1182 1406 quia
1205 1335 1310 1406 ipsi
1334 1342 1458 1388 sunt
1478 1351 1633 1404 super
1661 1341 1766 1388 ter-’

164 1444 290 1481 ram
320 1427 608 1500 peregrini,
644 1441 861 1498 semper
883 1426 953 1481 ad
981 1426 1088 1481 alia
1109 1433 1478 1492 transeuntes,
1498 1435 1552 1480 et
1580 1426 1761 1495 hospi-

164 1528 272 1584 tes,
296 1519 353 1574 id
374 1527 461 1576 est
485 1519 707 1574 aliunde
730 1518 1034 1574 venientes.
1073 1516 1201 1574 Ideo
1221 1526 1276 1573 et
1305 1517 1388 1574 sic
1411 1517 1766 1586 conﬁtentes;

162 1611 263 1681 qui
291 1611 437 1665 enim
473 1611 661 1664 dicunt
701 1611 833 1677 hac,
864 1609 1094 1674 scilicet,
1127 1624 1186 1665 se
1215 1608 1535 1679 peregrinos
1564 1622 1685 1663 esse
1713 1614 1769 1662 et

167 1703 444 1774 hospites,
496 1702 584 1758 his
630 1701 815 1758 verbis
865 1701 1173 1773 signiﬁcant
1217 1715 1277 1757 se
1321 1715 1505 1756 veram
1533 1699 1769 1770 patriam

164 1795 465 1870 inquirere.

239 1860 461 1944 Diceret
483 1885 681 1959 aliquis
707 1897 722 1941 ξ
749 1885 1105 1956 lnquirebant
1123 1862 1380 1952 alienam,
1409 1883 1537 1954 quia
1567 1879 1766 1939 fortas-
1799 1860 1844 1916 Β

165 1982 251 2036 sis
282 1979 355 2036 ad
411 1995 569 2036 suam
611 1980 848 2051 patriam
875 1979 1078 2036 reverti
1115 1994 1222 2033 non
1247 1987 1518 2048 poterant.
1553 1976 1632 2031 Ad
1662 1976 1768 2032 hoc

165 2072 420 2129 Paulus:
455 2071 582 2128 Haec
618 2072 897 2137 dicebant,
949 2080 1000 2125 et
1051 2072 1098 2125 si
1141 2071 1353 2142 quidem
1407 2070 1773 2124 meminissent

163 2165 322 2220 illius
353 2167 566 2238 patriae,
601 2164 665 2220 de
684 2181 789 2236 qua
819 2166 1082 2231 exierunt,
1106 2165 1352 2219 volentes
1381 2163 1510 2218 illuc
1545 2161 1771 2230 reverti,"

164 2259 356 2328 utique
399 2258 658 2312 habebant
704 2266 929 2328 tempus,
955 2257 1010 2312 id
1054 2266 1140 2312 est
1167 2256 1652 2328 opportunitatem,
1682 2272 1765 2310 re-

169 2349 436 2405 vertendi.
491 2348 598 2405 Sed
655 2366 814 2416 nunc,
838 2357 1131 2420 postquam
1157 2349 1304 2405 illius
1347 2363 1457 2403 non
1490 2349 1763 2403 memine-

165 2451 320 2506 rant,
375 2448 629 2510 appetunt
690 2440 960 2494 meliorem
991 2439 1248 2510 patriam,
1289 2439 1344 2493 id
1371 2448 1456 2494 est
1484 2438 1764 2492 ealestem.

165 2528 236 2584 Et
263 2529 398 2600 quia
427 2530 704 2586 caelestem
727 2537 1012 2600 appetunt,
1037 2530 1155 2582 ideo
1186 2528 1326 2582 Deus
1349 2543 1450 2581 non
1480 2528 1768 2597 confundi-

167 2631 283 2686 tur,
316 2620 378 2676 id
403 2629 490 2676 est
511 2635 620 2675 non
643 2620 918 2676 erubescit
937 2620 1113 2674 vocari
1136 2619 1277 2674 Deus
1303 2635 1483 2674 eorum
1502 2636 1520 2674 :
1539 2628 1600 2675 ut
1618 2619 1769 2674 dica-

163 2721 266 2768 tur
287 2710 437 2767 Deus
463 2711 762 2779 Abraham,
791 2710 943 2768 Isaac
964 2721 1019 2767 et
1040 2710 1228 2767 Jacob.
1254 2709 1381 2766 ldeo
1409 2710 1553 2768 Deus
1575 2727 1768 2767 eorum

166 2817 426 2874 vocatur,
463 2808 589 2879 quia
612 2809 822 2878 paravit
845 2807 956 2862 illis
985 2807 1262 2863 caelestem
1281 2807 1568 2861 civitatem.
1599 2807 1772 2860 Abra-

167 2901 298 2955 ham
335 2899 538 2955 iterum
570 2917 663 2970 per
680 2901 841 2970 ﬁdem
865 2899 1060 2954 obtulit
1084 2898 1266 2966 Isaac,
1291 2915 1412 2953 cum
1442 2909 1769 2964 tentaretur;

170 2991 322 3048 Deus
352 3007 466 3046 non
496 2993 740 3047 tentahat
772 2993 1071 3058 Abraham,
1095 2992 1258 3063 quasi
1296 2991 1393 3062 qui
1438 2992 1598 3046 ﬁdem
1648 2992 1771 3061 ejus

171 3085 481 3156 ignoraret,
512 3084 609 3139 sed
637 3091 705 3137 ut-
722 3083 839 3153 ipse
870 3083 1145 3137 Abraham
1174 3091 1231 3138 et
1254 3083 1494 3137 mundus
1513 3082 1770 3136 virtutem

1862 607 2044 673 ﬁdem,
2059 617 2378 662 memoratus
2395 609 2459 662 de
2477 609 2797 680 profectione
2817 609 3053 680 ﬁliarum
3081 611 3276 684 Israel,
3297 627 3446 688 quod

1862 697 2164 769 profecturi
2219 700 2406 756 essent
2447 699 2517 755 de
2565 697 2822 772 Egypto,
2858 709 2908 754 et
2955 701 3062 756 hoc
3110 719 3444 777 memorans,

1864 787 2140 842 mandavit
2173 788 2237 842 de
2267 788 2472 842 ossibus
2511 790 2648 855 suis,
2681 799 2740 845 ut
2772 786 3118 846 deferrentur
3145 794 3215 850 ad
3258 799 3447 867 sepul-

1863 884 2044 933 turam
2101 879 2366 948 Abrahae’,
2413 883 2695 952 conﬁdens
2752 892 2807 939 et
2856 893 3268 945 resurrecturos
3324 904 3450 945 esse

1865 983 1993 1024 cum
2013 967 2231 1026 Christo
2255 969 2381 1028 illas
2415 973 2615 1042 quibus
2657 973 2801 1031 laeta
2839 986 2959 1032 erat
2989 980 3367 1048 repromissio,
3398 982 3446 1038 si

1865 1073 2097 1130 corpora
2151 1074 2345 1116 eorum
2399 1062 2778 1122 invenirentur
2833 1068 2892 1123 in
2945 1077 3093 1125 terra
3145 1071 3450 1142 repromis-

1866 1162 2062 1204 SIOIIIS.

1941 1237 2148 1308 Moyses
2193 1249 2353 1294 natus
2401 1256 2495 1312 per
2547 1243 2726 1313 ﬁdem,
2771 1246 2901 1316 quia
2955 1249 3306 1307 crediderunt
3344 1269 3447 1324 pa-

1866 1343 2049 1390 rentes
2104 1333 2253 1390 hunc
2285 1350 2546 1406 magnum
2576 1337 2844 1406 futurum,
2896 1342 3141 1399 videntes
3175 1345 3297 1415 ejus
3329 1348 3446 1402 ele-

1867 1427 2128 1498 gantiam,
2158 1427 2456 1482 occultatus
2477 1439 2555 1483 est
2579 1431 2748 1484 tribus
2791 1425 3111 1488 mensibus-a
3141 1439 3460 1506 parentibus

1865 1516 2028 1591 ωε
2063 1520 2194 1586 suis,
2217 1535 2276 1574 eo
2302 1521 2442 1590 quod
2467 1521 2718 1576 vidissent
2760 1524 3020 1593 infantem
3043 1525 3350 1597 elegantem,
3395 1539 3448 1584 et

1868 1627 1973 1664 non
1998 1612 2292 1666 timuerunt
2323 1614 2554 1668 edictum
2577 1614 2732 1686 regis,
2769 1617 2861 1686 qui
2893 1632 3111 1676 omnem
3145 1623 3453 1679 masculum

1869 1700 1924 1754 in
1946 1703 2134 1771 pueris
2148 1702 2500 1760 Hebraeorum
2523 1705 2764 1776 iusserat
2787 1709 3037 1765 interﬁci.
3061 1709 3264 1782 Moyses
3289 1715 3454 1769 etiam

1870 1793 2089 1862 grandis
2117 1794 2313 1864 factus,
2340 1797 2546 1867 negavit
2566 1814 2622 1851 se
2649 1814 2760 1852 esse
2788 1799 2961 1868 ﬁlium
2995 1801 3127 1871 ﬁlim
3152 1802 3456 1860 Pharaonis

1866 1900 1962 1955 per
1989 1884 2170 1954 ﬁdem,
2198 1885 2393 1958 eligens
2421 1889 2587 1958 magis
2615 1889 2777 1960 affligi
2808 1907 2927 1944 cum
2958 1893 3152 1963 populo
3182 1895 3280 1949 Dei
3295 1913 3458 1967 quam

1867 1977 2056 2031 habere
2089 1977 2485 2047 facunditatem
2513 1980 2818 2051 temporalis
2842 1985 3067 2051 peccati,
3099 1993 3150 2038 et
3193 1987 3460 2056 imprope-

1869 2067 2010 2120 rium
2045 2065 2268 2134 Christi,
2299 2070 2445 2138 quod
2475 2068 2532 2124 in
2557 2086 2616 2126 se
2636 2071 2875 2141 patiente
2902 2088 3002 2144 pro
3023 2072 3245 2129 Christo
3271 2076 3454 2145 przeﬁ-

1868 2158 2124 2229 gurabat,
2156 2160 2470 2215 existimans
2498 2179 2608 2217 esse
2645 2163 2861 2217 divitias
2896 2165 3124 2234 majores
3164 2169 3308 2220 omni
3344 2169 3465 2222 the-‘

1868 2266 2027 2305 sauro
2049 2251 2448 2323 Egyptiorum.
2471 2251 2597 2310 Ideo
2625 2256 2704 2310 sic
2731 2256 3053 2314 existimans
3080 2259 3206 2328 quia
3229 2261 3466 2329 aspicie-'

1869 2340 1957 2395 bat
2005 2343 2063 2396 in
2112 2346 2586 2399 remunerationem
2633 2345 2894 2414 futuram,
2946 2364 3054 2403 non
3106 2351 3162 2404 in
3213 2351 3459 2408 laborem

1869 2441 2193 2503 praesentem
2221 2436 2304 2489 vel
2334 2436 2750 2506 iucunditatem.
2783 2439 2998 2512 Moyses
3023 2457 3116 2511 per
3146 2441 3308 2511 ﬁdem
3335 2443 3462 2497 reli-

1867 2527 1984 2597 quit
2005 2525 2320 2598 AE'gyptum,
2353 2529 2592 2584 educens
2645 2530 2768 2586 inde
2814 2535 3076 2603 papulum
3116 2533 3458 2602 Iudaeorum,

1870 2633 1975 2672 non
2020 2619 2216 2674 veritus
2261 2618 2655 2676 animositatem
2703 2625 2840 2694 regis
2887 2626 3287 2696 ZEgyptiorum.
3331 2628 3459 2684 Ideo

1871 2724 1979 2763 non
2004 2711 2212 2766 veritus
2241 2713 2368 2783 quia
2401 2715 2656 2768 sustinuit
2690 2717 3030 2785 inuisibilem,
3063 2719 3115 2774 id
3153 2729 3238 2775 est
3261 2736 3460 2792 exspe-

1871 2803 2108 2872 pectavit
2134 2802 2326 2871 Deum,
2357 2819 2520 2874 quem
2561 2806 2745 2862 videre
2783 2821 2896 2861 non
2941 2818 3174 2878 poterat,
3208 2819 3461 2882 tanquam

1870 2893 2227 2962 corporaliter
2246 2910 2370 2950 eum
2397 2895 2597 2959 videns,
2627 2893 2894 2952 adhibens
2923 2898 3083 2953 ﬁdem
3112 2902 3461 2956 sermonibus

1873 2982 1990 3039 Dei.
2025 2984 2172 3041 Idem
2201 2984 2415 3057 Moyses
2461 2987 2746 3042 celebravit
2789 2987 3000 3043 Pascha
3040 2993 3294 3060 eﬁusione
3333 3011 3461 3048 san-

1873 3076 2050 3145 guinis
2093 3077 2219 3148 agni
2247 3094 2342 3147 per
2368 3078 2548 3147 ﬁdem,
2581 3079 2724 3146 ideo,
2756 3095 2818 3134 ne
2851 3083 2940 3150 qui
2976 3083 3222 3136 vastabat
3253 3087 3459 3154 primo-

169 3190 292 3230 suae
325 3173 452 3229 ﬁdei
498 3182 874 3246 cognosceret.
924 3173 1010 3241 Et,
1049 3189 1119 3229 ne
1163 3183 1446 3264 putaretur
1492 3173 1768 3228 Abraham
1798 3207 1839 3264 ο
1873 3167 2302 3264 genitalEgypti
2353 3179 2589 3264 tangeret
2617 3169 2855 3264 Iudicas.
2911 3171 3098 3228 Fidem
3152 3174 3342 3231 habui;
3400 3177 3457 3232 in

170 3267 303 3322 ideo
360 3268 646 3322 immolare
697 3266 849 3323 Isaac
879 3268 1010 3338 quia
1057 3265 1112 3321 in
1158 3263 1268 3322 alio
1308 3266 1421 3321 ﬁlio
1467 3264 1771 3335 implendas

170 3369 527 3429 exspectaret
557 3359 956 3430 promissioncs
994 3358 1091 3413 ait.
1128 3358 1198 3412 Et
1231 3359 1346 3428 ipse
1384 3357 1659 3412 Abraham
1680 3356 1771 3427 qui

171 3459 482 3519 susceperat
508 3434 934 3521 repromissioncs
963 3450 1032 3502 ad
1057 3466 1208 3520 quem
1237 3449 1440 3502 dictum
1468 3457 1544 3502 est
1577 3465 1597 3502 :
1630 3444 1772 3512 Quia

171 3543 231 3595 in
266 3541 428 3595 Isaac
458 3543 728 3596 vocabitur
769 3542 865 3595 tibi
912 3558 1108 3607 semen,
1157 3541 1272 3610 ipse
1313 3540 1575 3595 offerebat
1622 3540 1775 3594 hunc

175 3634 548 3705 unigenitum,
567 3635 836 3689 arbitrans
857 3635 980 3706 quia
1003 3633 1144 3688 Deus
1165 3643 1346 3703 potens
1367 3642 1445 3687 est
1459 3649 1584 3688 eum
1602 3633 1772 3686 susci-

175 3731 300 3775 tare
336 3738 370 3774 a
397 3723 643 3788 mortuis,
666 3731 828 3792 etper
849 3738 972 3777 cum
996 3723 1322 3778 suscitatum
1339 3721 1572 3777 Abt-alue
1588 3722 1773 3777 vocari

176 3828 395 3869 semen.
439 3812 586 3867 Unde
617 3814 746 3883 quia
777 3814 853 3869 ita
889 3814 1138 3881 credidit,
1162 3815 1364 3884 accepit
1407 3831 1527 3868 eum
1572 3815 1791 3891 ﬁlium,‘

176 3914 236 3958 et
283 3904 342 3958 in
392 3905 902 3981 multiplicationem
933 3907 1180 3974 seminis,
1210 3915 1261 3960 et
1291 3907 1347 3959 in
1368 3907 1774 3976 parabolam,id

179 4004 271 4050 est
301 3997 362 4051 in
408 3995 599 4068 ﬁguris
626 3997 849 4052 Christi.
881 3997 1040 4053 Aries
1068 3999 1238 4065 enim,
1293 3999 1386 4068 qui
1408 3999 1548 4053 inter
1578 4012 1772 4068 vepres

176 4086 451 4142 cornibus
477 4087 691 4143 han-ens
715 4099 967 4158 repertus
996 4098 1100 4155 est,
1134 4096 1188 4144 et
1212 4089 1384 4154 Isaac,
1402 4105 1582 4143 unum
1606 4089 1772 4145 Chri-

177 4186 332 4231 stum
362 4175 535 4231 Deum
557 4187 614 4232 et
641 4179 916 4233 hominem
947 4178 1349 4250 signiﬁcabant.
1394 4178 1500 4235 Per
1532 4182 1637 4237 hoc
1672 4181 1775 4253 igi-

179 4280 276 4323 tur
308 4268 459 4339 quod
498 4270 644 4324 aries
671 4270 893 4340 quidem
937 4280 1025 4326 est
1059 4271 1397 4338 immolatus,
1454 4271 1606 4327 Isaac
1644 4289 1773 4330 vero

178 4362 350 4416 morti
383 4361 719 4429 subtractus,
749 4361 1116 4433 signiﬁcatum
1137 4373 1221 4418 est
1243 4361 1546 4432 Christum,
1575 4377 1774 4421 secuné

177 4452 316 4507 dum
342 4467 585 4524 carnem,
606 4468 921 4522 passurum,
946 4453 1245 4508 secundum
1263 4454 1604 4510 divinitatem
1620 4470 1770 4523 vero,

180 4544 383 4600 mortis
414 4544 706 4600 discrimen
755 4561 862 4600 non
895 4561 1017 4600 esse
1064 4562 1376 4601 sensurum.
1427 4547 1586 4604 Aries
1627 4549 1774 4604 enim
1806 4563 1854 4619 ι)
1878 4548 2155 4615 liberavit;
2187 4549 2255 4604 de
2285 4548 2531 4614 Samson,
2561 4549 2654 4618 qui
2679 4563 2773 4618 per
2799 4547 2960 4601 ﬁdem
3003 4546 3172 4600 multa
3203 4556 3462 4616 operatus
3561 4579 3564 4582 -

181 4636 527 4704 immolatus,
588 4652 810 4691 carnem
866 4637 1074 4692 Chris’ti
1138 4638 1563 4705 immolandam;
1621 4638 1773 4695 Isaac

180 4745 317 4784 vero
347 4729 684 4796 subtractus,
707 4728 1049 4784 divinitatem
1083 4729 1289 4787 Christi
1321 4747 1429 4786 non
1471 4731 1772 4786 laedendum

181 4837 281 4891 per
307 4822 623 4892 passionem
667 4822 1053 4894 przeﬁguravit.
1101 4822 1260 4879 Isaac
1296 4824 1460 4880 etiam
1506 4826 1775 4880 benedixit

179 4913 354 4970 Iacob
373 4925 425 4969 et
450 4914 616 4981 Esau,
635 4915 816 4970 habita
847 4914 953 4972 ﬁde
981 4926 1038 4972 et
1060 4917 1126 4972 de
1146 4916 1274 4986 illis,
1304 4918 1581 4989 quomodo
1595 4918 1774 4988 major

180 5008 418 5064 serviret
446 5008 662 5074 minori,
687 5015 741 5064 et
769 5009 837 5064 de
881 5007 1102 5076 futuris,
1130 5026 1367 5081 quorum
1399 5020 1589 5082 typum
1613 5026 1770 5083 gere-

182 5101 340 5167 bant,
369 5100 601 5168 seilicet,
631 5101 911 5171 quomodo
937 5103 1337 5174 primogenitus
1385 5101 1648 5158 Iudaicus
1677 5118 1778 5174 po-

179 5195 351 5266 pulus
376 5193 743 5266 primOgenita
768 5209 867 5250 sua
899 5195 1130 5266 (cultum
1181 5197 1390 5253 scilicet
1448 5197 1564 5266 Dei)
1617 5197 1777 5252 dese-

181 5295 356 5355 reret,
398 5296 454 5342 et
501 5287 702 5355 minor,
751 5289 969 5360 gentilis
1011 5289 1115 5344 sibi
1158 5289 1460 5360 usurparit.
1500 5289 1676 5343 Iacob
1718 5289 1776 5345 in

181 5378 431 5451 Egypto
460 5379 709 5446 moriens,
734 5393 834 5449 per
863 5378 1025 5434 ﬁdem
1056 5380 1318 5436 benedixit
1361 5380 1599 5452 singulos
1634 5380 1779 5450 ﬁlio-

181 5490 311 5527 rum
328 5470 548 5542 Ioseph,
579 5472 788 5528 scilicet
821 5469 1132 5529 Manassem
1166 5482 1221 5529 et
1236 5473 1515 5544 Ephraim,
1563 5483 1614 5527 et
1638 5471 1774 5527 ado-

179 5567 328 5620 ravit
359 5565 642 5636 fastigium
668 5567 831 5637 virga:
873 5569 987 5637 ejus
1033 5564 1256 5636 Ioseph,
1303 5565 1396 5636 qui
1427 5564 1700 5621 secundus
1744 5576 1776 5621 a

181 5673 315 5730 rege
338 5656 556 5730 .Eggpti
581 5668 856 5730 sceptrum
880 5661 1119 5732 gerebat,
1146 5659 1198 5713 in
1222 5659 1432 5730 signum
1460 5673 1574 5714 sua:
1595 5657 1776 5730 digni-

180 5751 337 5813 tatis,
373 5748 625 5802 adoravit
649 5747 928 5820 fastigium
959 5750 1143 5822 virgze,
1171 5748 1226 5803 id
1243 5757 1326 5803 est
1346 5745 1653 5814 Christum,
1678 5762 1776 5818 per

179 5839 392 5909 Ioseph
421 5839 735 5909 ﬁguratum,
757 5839 846 5894 cui
869 5841 1019 5912 virga
1043 5839 1317 5912 aequitatis
1337 5839 1491 5911 virga
1514 5847 1599 5895 est
1621 5840 1776 5910 regni

419 5993 424 5997 .
511 5927 787 5994 ΡΑτιιοι..
831 5934 1037 5996 CLIII.
1593 5943 1596 5947 ’

1873 3261 2140 3331 sanguine
2155 3261 2301 3332 agni,
2325 3262 2470 3332 quod
2495 3277 2590 3331 per
2609 3263 2865 3318 virtutem
2882 3265 3009 3334 agni
3032 3265 3359 3322 innocentiae
3378 3269 3457 3338 (id

1871 3365 1958 3408 est
1984 3352 2188 3408 Christi
2217 3369 2378 3423 quem
2409 3351 2811 3424 prteﬁgurabat)
2842 3364 3029 3425 posset
3060 3357 3280 3412 salvari.
3333 3355 3462 3413 Filii

1872 3444 2036 3500 Israel
2059 3460 2154 3514 per
2177 3445 2334 3515 ﬁdem
2371 3445 2696 3498 transierunt
2738 3462 2884 3500 mare
2927 3445 3164 3500 Rubrum
3204 3456 3462 3520 tanquam

1871 3555 1964 3609 per
1987 3540 2199 3592 aridam
2223 3547 2436 3591 terram.
2464 3536 2534 3592 Et
2551 3552 2616 3592 ne
2637 3537 2762 3608 quis
2777 3537 2922 3593 dicat
2937 3539 3042 3593 hoc
3058 3534 3227 3596 fuisse
3245 3557 3462 3612 casum,

1872 3630 2012 3700 quod
2044 3630 2251 3685 scilicet
2276 3629 2507 3684 transire
2536 3644 2689 3684 mare
2711 3628 2958 3700 Egyptii
2978 3632 3202 3700 experti,
3225 3632 3464 3686 devorati

1873 3731 2015 3778 sunt.
2072 3721 2215 3773 Muri
2269 3720 2484 3774 Iericho
2530 3738 2622 3789 per
2670 3722 2831 3791 [idem
2881 3732 3192 3776 corruerunt
3231 3725 3463 3778 circuitu

1871 3823 2068 3884 septem
2098 3814 2322 3867 dierum.
2363 3813 2511 3867 Raab
2535 3815 2786 3867 meretrix
2815 3815 3080 3884 excipiens
3101 3815 3462 3885 exploratores

1871 3905 2183 3961 Iudaeorum
2196 3921 2316 3957 cum
2330 3921 2477 3974 pace,
2496 3921 2599 3958 non
2619 3905 2774 3975 periit
2788 3921 2908 3958 cum
2920 3905 3226 3972 incredulis,
3239 3917 3462 3976 propter

1874 3998 2035 4053 ﬁdem
2062 4012 2172 4067 qua
2192 3995 2424 4051 credidit
2450 3996 2596 4066 quod
2617 3995 2761 4051 Deus
2780 3995 3019 4051 traderet
3044 3996 3234 4051 urbem
3262 3996 3317 4050 in
3340 4012 3460 4051 ma-

1875 4105 1979 4144 nus
2007 4087 2339 4143 Judteorum.
3451 4101 3460 4108 ··

1945 4180 2112 4236 Multa
2137 4181 2205 4235 de
2243 4180 2402 4235 laude
2441 4179 2564 4235 ﬁdei
2595 4178 2728 4248 dixi,
2757 4189 2808 4234 et
2852 4178 2981 4250 quid
3023 4179 3194 4233 adhuc
3225 4180 3461 4250 amplius

1873 4274 2090 4328 dicam?
2122 4283 2322 4343 tempus
2344 4273 2485 4326 enim
2515 4271 2584 4342 (si
2619 4288 2889 4343 exsequar
2916 4271 3101 4326 omnia
3126 4271 3193 4326 de
3216 4271 3340 4342 ﬁde)
3369 4273 3461 4325 de-

1874 4367 2037 4435 ﬁciet,
2072 4365 2236 4420 idest
2263 4365 2478 4420 deseret
2507 4379 2594 4418 me
2631 4374 2967 4418 enarrantem
3004 4363 3070 4416 de
3108 4361 3336 4429 Gedeon',
3364 4365 3460 4434 qui

1873 4457 2049 4512 vellus
2079 4456 2132 4510 in
2168 4472 2294 4512 area
2341 4455 2562 4527 posuit;
2590 4456 2657 4510 de
2702 4455 2898 4523 Barac,
2930 4455 3023 4526 qui
3056 4454 3159 4509 ﬁde
3196 4456 3460 4526 populum

1877 4648 1991 4706 est;
2041 4640 2109 4694 de
2149 4638 2356 4708 Iephte,
2381 4639 2474 4708 qui
2517 4639 2623 4692 dux
2662 4639 2844 4708 populi
2885 4639 3134 4693 liberavit
3172 4637 3459 4708 populum,

1877 4736 2005 4792 licet
2030 4735 2196 4790 stulto
2224 4745 2352 4788 voto
2384 4735 2548 4787 ﬁliam
2579 4733 2975 4801 immolaverit;
3007 4734 3075 4788 de
3110 4733 3194 4786 his
3220 4741 3458 4802 quatuor

1877 4828 1933 4882 in
1963 4829 2104 4882 libro
2133 4824 2382 4882 Iudicum
2411 4824 2626 4895 plenius
2651 4825 2951 4891 invenitur;
2969 4825 3037 4879 de
3061 4823 3231 4877 David
3258 4824 3447 4888 etiam,

1877 4921 1970 4991 qui
2001 4920 2170 4974 multa
2217 4933 2314 4988 per
2345 4917 2505 4972 ﬁdem
2535 4915 2682 4982 fecit,
2709 4927 2763 4971 et
2806 4917 2874 4972 de
2920 4915 3184 4984 Samuele,
3231 4926 3281 4970 et
3330 4917 3454 4973 aliis

1874 5012 2160 5084 prophetis,
2189 5011 2279 5080 qui
2303 5011 2537 5064 vicerunt
2573 5025 2750 5078 regna,
2783 5007 2836 5061 id
2875 5017 2956 5062 est
2977 5021 3133 5077 reges
3157 5024 3457 5076 superave-

1874 5113 2001 5159 runt
2027 5119 2122 5174 per
2147 5101 2330 5171 fidem,
2367 5101 2461 5170 qui
2494 5099 2671 5155 etiam.
2689 5100 2891 5169 operati
2917 5111 3037 5153 sunt
3063 5100 3336 5170 justitiam
3365 5111 3464 5170 per

1875 5195 2065 5262 ﬁdem;
2109 5193 2290 5264 adepti
2319 5200 2442 5246 sunt
2485 5191 2831 5261 repromissas
2869 5192 3221 5247 beatitudines
3268 5209 3364 5263 per
3391 5192 3460 5246 ﬁ-

1872 5288 1993 5344 dem
2015 5287 2433 5355 ;'obturaverunt
2454 5301 2550 5338 ora
2571 5282 2778 5337 leonum
2809 5299 2905 5353 per
2925 5284 3109 5354 ﬁdem,
3140 5294 3204 5341 ut
3232 5283 3457 5351 Daniel;

1872 5379 2242 5433 exstinxerunt
2271 5377 2525 5446 impetum
2545 5375 2704 5446 ignis,
2721 5382 2782 5429 ut
2797 5384 2908 5432 tres
2934 5377 3125 5448 pueri;
3154 5379 3460 5449 eﬂ'ugarunt

1877 5469 2044 5523 aciem
2070 5467 2262 5540 gladii,
2295 5476 2355 5522 ut
2385 5465 2556 5522 Iudas
2583 5465 2955 5536 Machabteus;
2989 5468 3368 5523 convaluerunt
3396 5467 3461 5522 de

1876 5561 2210 5632 inﬁmitate,
2245 5569 2305 5615 ut
2351 5559 2645 5627 Ezechias;
2680 5558 2842 5629 fortes
2884 5563 3016 5632 facti
3053 5568 3175 5614 sunt
3219 5561 3277 5612 in
3325 5558 3459 5612 bello

1877 5655 2218 5726 complures;
2250 5663 2548 5708 everterunt
2583 5664 2763 5708 castra
2801 5663 3120 5719 exterarum,
3160 5651 3268 5705 illis
3297 5649 3456 5722 fugas

1876 5746 1976 5814 tis;
2005 5747 2252 5802 mulieres
2279 5756 2588 5817 acceperunt
2613 5756 2848 5800 mortuos
2861 5762 2984 5798 suos
2998 5745 3062 5798 de
3085 5743 3461 5798 resurreCtione

1879 5839 2176 5909 venientes,
2206 5848 2267 5894 ut
2297 5838 2461 5894 vidua
2492 5836 2794 5909 Sareptana
2822 5853 2917 5907 per
2941 5834 3113 5903 Ellam
3139 5834 3310 5892 ﬁlium
3343 5833 3461 5888 uni-

3073 5929 3147 5993 18
