3988 6410
493 415 500 422 ,
572 356 688 432 5357
1125 353 1184 412 S.
1221 349 1570 432 BRUNONIS
1600 343 2242 410 CARTHUSIANORUM
2277 343 2766 430 l‘NSTlTUTORIS
2802 346 2954 407 OPP.
2993 348 3178 408 PARS
3213 348 3278 411 11.
3747 350 3842 412 εει

570 485 719 538 eum,
743 478 797 526 et
842 467 1206 540 Sunanimitis
1250 483 1350 540 per
1378 466 1654 523 Elisaeum.
1701 464 1813 520 Alii
1841 472 2018 519 autem
2043 463 2158 518 dis-
2190 469 2238 528 Α
2269 479 2294 518 s
2336 463 2538 535 gaudii,
2576 463 2671 520 sed
2698 466 2984 536 mteroris;
3019 478 3210 539 postea
3239 475 3424 524 autem
3471 463 3720 524 fructum
3755 485 3838 540 pa-

569 564 702 618 tenti
731 572 854 618 sunt
909 562 963 617 in
993 562 1220 630 eculeis,
1247 571 1309 616 ut
1337 569 1544 631 septem
1573 555 1892 624 Machabtei,
1923 573 2026 611 non
2058 573 2152 610 διι-
2262 573 2282 608 ι
2326 555 2668 612 catissimum
2719 559 3032 616 exercitatis
3067 577 3166 631 per
3209 577 3332 616 eam
3385 559 3580 616 reddet
3605 559 3838 631 iustitiae.

567 649 846 726 scipientes
881 653 1312 724 redemptionem,
1342 652 1395 706 id
1421 661 1498 707 esl
1531 651 1777 708 nolentes
1805 665 1836 704 a
1865 647 2154 704 tormentis
2259 655 2284 700 α’
2321 645 2548 720 Propter
2573 651 2720 720 quod
2748 651 3015 708 remissas
3033 669 3232 728 manus
3251 660 3306 709 et
3329 653 3511 708 soluta
3541 669 3722 726 genua
3743 649 3844 710 eri?

563 746 789 814 ‘redimi,
817 755 876 800 ut
904 746 1100 803 merito
1123 745 1756 818 passionuminvenirent
1780 739 2047 795 meliorem
2073 729 2154 794 re-
2255 757 2278 820 ς
2319 740 2448 812 gite,
2491 749 2546 796 et
2587 757 2814 813 gressus
2856 753 3039 801 rectos
3083 745 3244 802 facite
3271 745 3508 816 pedibus
3531 749 3756 812 vestris,
3783 753 3836 804 ut

568 840 968 895 surrectionem.
1035 837 1252 904 Quanto
1300 835 1448 891 enim
1507 835 1684 906 magis
1743 833 1867 904 quis
1925 832 2150 904 patitur,
2229 850 2280 886 -σ
2321 849 2430 888 non
2463 833 2780 890 claudicans
2799 834 2926 905 quis
2943 845 3092 892 erret
3123 853 3140 901 ;
3173 837 3349 910 magis
3383 847 3578 894 autem
3605 849 3836 896 sanetur.

565 940 723 986 tanto
747 913 942 986 melius
971 927 1343 984 coronabitur.
1383 926 1496 981 Alii
1530 942 1648 980 vero
1673 933 1795 980 sunt
1829 923 2032 994 experti
2062 921 2158 994 lue.
2257 941 2282 988 t
2320 923 2516 982 Pacem
2543 925 2837 996 sequimini
2867 943 2992 983 cum
3022 929 3281 984 omnibus
3319 939 3374 984 et
3396 921 3834 998 sanctimoniam,

567 1022 768 1090 dibria,
791 1029 840 1076 et
865 1021 1096 1094 uerbera,
1125 1021 1362 1090 insuper,
1391 1029 1440 1074 et
1469 1015 1680 1072 vincula
1701 1024 1752 1072 et
1773 1005 2028 1082 carceres,
2063 1013 2150 1084 la:
2257 1033 2277 1068 ι
2323 1016 2440 1092 sine
2468 1032 2578 1086 qua
2627 1033 2790 1074 nemo
2817 1019 3021 1082 videbit
3051 1019 3246 1076 Deum.
3289 1019 3750 1092 Contemplautes
3781 1039 3838 1078 ne

469 1117 474 1120 ’
564 1113 740 1184 pidati
777 1117 934 1180 sunt,‘
963 1114 1092 1168 secti
1131 1123 1274 1181 sunt,
1304 1124 1364 1168 ut
1397 1111 1568 1168 lsaias
1592 1130 1607 1179 ;
1627 1110 1849 1165 ~lentati
1897 1103 2052 1176 sunt,
2079 1122 2150 1180 an
2255 1125 2278 1160 ε
2318 1107 2444 1178 quis
2474 1107 2616 1164 desit
2647 1111 2836 1182 gratia:
2865 1110 2985 1178 Dei,
3013 1125 3083 1168 ne
3109 1127 3218 1182 qua
3257 1111 3410 1167 radix
3445 1113 3836 1170 amaritudinis

562 1203 761 1262 timore
781 1219 957 1276 ptume
985 1213 1247 1274 negarent
1288 1203 1480 1270 ﬁdem;
1522 1202 1718 1256 mortui
1765 1210 1886 1256 sunt
1920 1201 1975 1255 in
2006 1200 2148 1256 occi—
2257 1217 2276 1254 ι
2324 1215 2544 1257 sursum
2582 1203 2897 1273 geminans
2929 1203 3212 1274 impediat,
3251 1213 3306 1260 et
3330 1219 3430 1276 per
3461 1205 3616 1260 illam
3665 1205 3832 1278 inqui-

561 1299 710 1353 sioue
733 1295 938 1368 gladii;
968 1297 1345 1350 circumierunt
1373 1294 1630 1366 fugiendo
1663 1295 1762 1348 hac
1788 1292 1912 1348 illac
1940 1293 1995 1346 in
2035 1307 2149 1346 me-
2257 1309 2276 1346 ι
2321 1301 2522 1368 nentur
2549 1295 2727 1350 multi.
2765 1294 2844 1351 Ne
2867 1296 2990 1367 quis
3021 1295 3322 1353 fornicator
3343 1307 3443 1353 aut
3463 1297 3764 1369 profanus,
3785 1311 3834 1354 ut

561 1391 710 1446 lotis.
739 1387 936 1444 Melota
958 1397 1044 1446 est
1067 1390 1151 1460 (ut
1175 1387 1350 1456 aiunt)
1376 1385 1763 1442 vestimentum
1793 1385 1860 1440 de
1893 1384 2018 1458 pilis
2057 1398 2150 1438 ca-
2255 1403 2276 1440 ι
2321 1385 2490 1454 Esau,
2532 1388 2628 1459 qui
2659 1399 2881 1464 propter
2913 1405 3082 1444 unam
3135 1405 3318 1446 escam
3359 1389 3616 1446 vendidit
3657 1389 3832 1462 primi-

555 1483 851 1540 melorum.
885 1481 983 1537 Vel
1017 1480 1192 1536 melus
1221 1479 1424 1533 animal
1465 1487 1550 1534 est
1576 1477 1723 1548 quod
1767 1475 1970 1532 dicitur
1995 1485 2144 1542 taxo,
2254 1496 2275 1531 ς
2319 1478 2426 1534 tiva
2451 1478 2574 1552 [al.,
2601 1480 2987 1554 primogenita]
3012 1497 3132 1537 sua.
3167 1480 3372 1537 Scitote
3395 1481 3546 1538 enim
3577 1483 3830 1552 quoniam

559 1557 626 1628 et.
645 1587 676 1628 a
699 1573 844 1628 melo
869 1571 1073 1627 melota
1097 1569 1315 1625 dicitur.
1346 1567 1752 1624 Circumierunt
1771 1566 1932 1622 etiam
1961 1568 2016 1620 in
2036 1565 2149 1636 ρει·
2254 1587 2274 1623 ε
2315 1579 2370 1626 et
2405 1580 2594 1641 postea
2623 1573 2854 1643 cupiens
2887 1573 3213 1630 haereditare
3245 1574 3712 1640 benedictionem,
3751 1589 3828 1629 re-

549 1654 701 1719 libus
715 1663 970 1734 caprinis,
1000 1673 1205 1734 egentes
1249 1661 1662 1732 temporalibus,
1691 1661 1988 1731 angustiati
2014 1659 2146 1714 ani-
2253 1677 2278 1714 σ
2316 1661 2578 1732 probatus
2605 1672 2709 1720 est.
2733 1663 2850 1720 Non
2872 1665 3021 1720 enim
3045 1664 3254 1721 invenit
3276 1663 3620 1735 pmuitentiae
3637 1664 3830 1730 locum,

557 1767 676 1822 mo,
701 1755 882 1824 amicti
909 1768 1161 1824 corpore,
1190 1753 1378 1825 quibus
1405 1753 1608 1808 sanctis
1635 1751 1859 1806 mundus
1898 1767 2001 1804 non
2029 1757 2146 1804 erat
2253 1769 2275 1805 ι
2315 1757 2632 1823 quanquam
2675 1767 2802 1810 cum
2855 1753 3114 1825 lacrymis
3158 1752 3482 1824 inquisisset
3521 1768 3674 1810 eam.
3721 1751 3832 1810 Non

557 1847 772 1917 dignus,
794 1855 856 1901 ut
890 1846 1027 1901 tales
1047 1846 1289 1914 haberet,
1317 1845 1402 1900 vel
1432 1845 1632 1915 quibus
1660 1845 1857 1915 dignus
1882 1859 1992 1898 non
2015 1849 2136 1899 erat
2165 1850 2210 1906 Β
2241 1861 2259 1896 ι
2304 1843 2450 1898 enim
2476 1845 2788 1902 accessistis
2811 1843 2880 1900 ad
2900 1845 3241 1902 tractabilem
3273 1853 3550 1913 montem,
3573 1855 3632 1902 et
3661 1861 3828 1902 acces-

556 1937 822 2004 muldus,
850 1935 1148 1994 secundum
1175 1937 1340 1994 verba
1381 1937 1674 2007 impiorum
1703 1935 2000 1992 dicentium
2025 1953 2040 1990 :
2077 1927 2143 1990 lli
2253 1954 2273 1990 ι
2314 1937 2528 1993 sibilem
2558 1939 2762 2010 ignem,
2792 1950 2848 1994 et
2879 1938 3176 2006 turbinem,
3202 1946 3266 1994 et
3292 1937 3614 2010 caliginem,
3633 1947 3690 1994 et
3713 1953 3830 2012 pro-

557 2030 698 2087 tales
728 2029 1200 2101 inquinamentum
1224 2028 1414 2083 mundi
1440 2036 1588 2096 sunt,
1610 2037 1872 2099 purgetur
1905 2025 2144 2088 mundus
2251 2045 2272 2080 ι
2315 2029 2531 2097 cellam,
2549 2037 2604 2084 et
2626 2029 2771 2086 tubae
2789 2045 3006 2098 sonum,
3030 2039 3087 2086 et
3111 2045 3303 2086 vocem
3321 2029 3652 2099 verborum;
3675 2045 3826 2102 quam

558 2122 630 2188 ob
655 2121 783 2177 illis.
813 2120 1065 2176 Errantes
1089 2121 1146 2176 iu
1162 2121 1540 2176 solitudinibus
1563 2129 1626 2178 ut
1643 2120 1958 2189 Matathias,
1981 2119 2144 2192 etqui
2249 2142 2272 2178 ι
2311 2122 2408 2194 qui
2463 2119 2774 2190 audierunt,
2823 2129 3228 2179 excusaveruut
3274 2136 3356 2189 se,
3413 2137 3486 2177 ne
3539 2121 3629 2180 eis
3687 2123 3828 2180 fieret

558 2227 688 2274 cum
726 2228 794 2270 eo
814 2221 992 2282 erant,
1023 2221 1078 2270 et
1117 2214 1174 2268 in
1211 2214 1498 2279 montibus,
1521 2222 1570 2268 et
1607 2213 1662 2267 in
1702 2212 1988 2284 speluncis,
2011 2213 2145 2268 etin
2248 2233 2270 2268 ε
2313 2213 2565 2270 verbum.
2608 2210 2730 2268 Non
2778 2213 2924 2269 enim
2961 2213 3257 2284 portabant
3297 2213 3448 2284 quod
3499 2213 3818 2270 dicebatur:

558 2306 796 2362 cauernis
820 2299 994 2360 terr‘a'.
1026 2302 1310 2375 Spelunca:
1331 2303 1610 2360 naturales
1649 2301 1820 2360 fovete
1853 2311 2000 2360 sunt.
2037 2303 2144 2359 Ca—
2248 2325 2291 2362 s'
2315 2304 2382 2362 Et
2407 2305 2454 2362 si
2483 2305 2657 2362 bestia
2687 2305 2928 2378 tetigerit
2955 2315 3221 2375 montem,
3257 2303 3618 2376 lapidabitur.
3661 2305 3726 2360 Et
3753 2303 3824 2360 ita

556 2411 760 2466 verme,
789 2405 906 2452 arte
939 2405 1162 2450 cavata.
1197 2393 1267 2448 Et
1291 2394 1345 2449 lii
1389 2411 1564 2448 omnes
1607 2393 1816 2465 probati
1845 2393 2143 2450 testimonia
2247 2415 2270 2454 ι
2315 2395 2558 2455 terribile
2585 2405 2706 2452 erat
2731 2397 2879 2467 quod
2901 2397 3207 2453 videbatur.
3251 2395 3470 2469 Moyses
3497 2397 3682 2452 dixit:
3726 2395 3823 2450 Ex-

557 2488 708 2558 ﬁtlei,
739 2504 842 2542 non
874 2495 1185 2558 acceperunt
1217 2486 1696 2557 repromissionem,
1745 2486 1800 2541 id
1830 2495 1914 2542 est
1951 2500 2142 2556 repro-
2248 2506 2270 2542 ι
2313 2489 2536 2544 territus
2579 2502 2704 2543 sum
2730 2495 2785 2542 et
2818 2487 3232 2544 tremebundus.
3265 2485 3376 2544 Sed
3417 2487 3732 2544 accessistis
3757 2487 3824 2542 sd

554 2567 784 2636 missam
814 2577 1208 2648 haereditatem,
1249 2575 1361 2632 Deo
1386 2576 1690 2648 providente
1717 2575 1922 2648 aliquid
1956 2575 2142 2631 melius
2249 2597 2270 2634 ι
2315 2578 2447 2635 Sion
2479 2586 2721 2634 montem
2769 2586 2824 2634 et
2851 2577 3126 2634 civitatem
3153 2578 3248 2634 Dei
3269 2578 3506 2636 viventis
3531 2577 3822 2636 Jerusalem

553 2689 651 2744 pro
689 2671 862 2738 nobis,
887 2671 1095 2728 scilicet
1129 2679 1187 2726 ut
1212 2670 1426 2742 priores
1456 2670 1630 2726 sancti
1668 2685 1772 2724 non
1807 2683 2145 2722 consumma-
2248 2689 2270 2724 s
2311 2671 2612 2740 caelestem,
2641 2679 2700 2726 et
2741 2670 3042 2726 multorum
3081 2671 3316 2726 millium
3357 2669 3684 2744 angelorum
3721 2669 3822 2726 fre-

553 2771 740 2818 rentur
761 2764 814 2818 in
837 2761 1171 2834 perfectione
1194 2760 1552 2833 iucunditatis
1580 2761 1694 2815 sine
1713 2759 1882 2814 nobis.
1909 2757 1974 2812 Si
1997 2758 2144 2814 enim
2249 2779 2269 2814 ι
2310 2760 2613 2834 quentiam,
2645 2768 2702 2818 et
2743 2760 3045 2817 Ecclesiam
3094 2760 3529 2832 primitivorum,
3567 2761 3668 2831 qui
3699 2775 3820 2816 con-

554 2857 677 2914 sine
700 2855 866 2930 M6
897 2856 1180 2912 incarnato
1196 2855 1418 2910 Christo
1447 2854 1754 2924 acciperent
1780 2852 1858 2907 illi
1882 2860 2144 2907 aeternam
2249 2871 2270 2907 ι
2311 2854 2502 2926 scripti
2545 2861 2677 2910 sunt
2713 2851 2770 2909 in
2808 2852 2983 2921 caelis,
3011 2861 3066 2910 et
3089 2852 3330 2924 iudicem
3359 2853 3616 2909 omnium
3643 2851 3822 2916 Deum,

551 2939 970 3014 beatitudinem,
1003 2946 1258 3002 Christus
1287 2961 1398 3000 non
1429 2945 1830 3010 iucarnaretur,
1861 2944 1990 3015 quia
2021 2941 2142 2998 fru-
2249 2961 2270 2998 ο
2310 2953 2364 3000 et
2390 2945 2642 3016 spiritum
2668 2941 2918 3018 [spiritus
2945 2943 3021 3000 uel
3051 2941 3672 3016 spirituumhustorum
3704 2957 3818 3014 per-

553 3050 693 3102 stra,
726 3055 852 3094 cum
891 3039 998 3094 alio
1025 3038 1186 3094 modo
1213 3037 1364 3094 salus
1403 3037 1684 3104 existeret,
1725 3045 1782 3092 et
1821 3035 1902 3093 sic
1931 3035 2144 3108 priores
2250 3055 2270 3090 ι
2313 3036 2607 3104 fectorum,
2629 3044 2686 3092 et
2715 3035 3050 3093 Testamenti
3069 3033 3208 3090 Novi
3233 3033 3598 3090 mediatorem
3613 3033 3816 3096 Iesum;

555 3130 734 3188 sancti
759 3130 1104 3186 salvarcntur
1130 3127 1248 3184 sine
1277 3127 1453 3184 nobis.
2251 3145 2270 3179 ι
2313 3136 2369 3184 et
2391 3127 2676 3201 sanguinis
2701 3127 3074 3198 aspersionem
3104 3125 3302 3182 melius
3322 3125 3644 3196 loquentem
3665 3139 3816 3198 quam

621 3213 624 3216 ‘
1155 3219 1385 3277 CAPUT
1424 3219 1537 3276 xu.
2165 3202 2212 3261 ϐ
2248 3241 2268 3275 ς
2313 3220 2465 3277 Abel.
2493 3219 2684 3278 Videte
2705 3235 2776 3277 ne
2822 3219 3089 3276 recusetis
3121 3219 3458 3290 loquentem.
3501 3217 3564 3274 Si
3589 3220 3732 3274 enim
3751 3217 3824 3272 illi

634 3334 653 3366 ι
685 3313 919 3384 Ideoque
948 3321 1004 3368 et
1027 3327 1150 3380 nos,
1180 3321 1390 3367 tantam
1413 3312 1678 3368 habentes
1707 3312 2020 3385 impositam
2043 3328 2146 3368 nu-
2250 3334 2270 3368 α
2317 3331 2429 3370 non
2465 3313 2772 3386 elfugerunt
2799 3319 3118 3369 recusantes
3143 3326 3291 3378 eum,
3322 3310 3418 3381 qui
3437 3325 3611 3380 super
3637 3319 3820 3366 terram

569 3424 588 3457 ι
631 3406 758 3482 bem
803 3403 1048 3478 testium,
1094 3403 1426 3474 deponentes
1461 3419 1623 3460 omne
1661 3405 1898 3476 pondus,
1944 3415 2000 3460 et
2031 3405 2141 3460 cir-
2249 3425 2268 3459 s
2314 3406 2662 3477 loquebatur,
2693 3405 2868 3460 multo
2897 3401 3074 3474 magis
3097 3417 3199 3458 nos
3220 3401 3314 3473 qui
3339 3401 3407 3456 de
3427 3401 3592 3457 caelis
3615 3401 3822 3472 loqueu‘

564 3515 588 3547 ε
631 3503 913 3552 cumstans
940 3510 1042 3551 nos
1062 3505 1370 3566 peccatum,
1395 3512 1493 3566 per
1515 3497 1832 3566 patientiam
1855 3511 2142 3554 curramus
2249 3516 2268 3550 ι
2315 3507 2425 3552 tem
2470 3495 2630 3552 nobis
2659 3494 3018 3561 advertimus,
3054 3491 3214 3562 cujus
3259 3506 3366 3546 vox
3409 3490 3591 3546 movit
3635 3500 3820 3546 terram

565 3606 584 3642 ι
631 3583 700 3642 ad
741 3585 1084 3657 propositum
1133 3587 1296 3642 nobis
1343 3595 1642 3656 certamen,
1688 3589 2044 3659 respicientes
2085 3587 2142 3643 in
2250 3609 2269 3644 ι
2312 3597 2473 3658 tunc;
2501 3602 2650 3644 nunc
2675 3596 2858 3643 autem
2879 3585 3232 3657 repromittit,
3253 3584 3484 3640 dicens:
3522 3583 3720 3638 Adhuc
3749 3597 3822 3638 se-

563 3699 584 3733 c
626 3693 906 3740 auctorem
949 3683 1096 3752 ﬁdei,
1127 3691 1183 3744 et
1228 3693 1727 3742 consummatorem
1777 3685 1986 3751 Jesum,
2045 3683 2144 3758 qui
2250 3701 2270 3754 ε
2312 3682 2440 3750 mel,
2481 3689 2539 3738 et
2573 3696 2676 3752 ego
2721 3678 2956 3734 movebo
2994 3693 3106 3734 non
3143 3677 3326 3733 solum
3371 3683 3604 3740 terram,
3653 3674 3746 3730 sed
3773 3681 3820 3728 et

563 3793 586 3828 ι
629 3777 1032 3848 propositosibi
1053 3776 1254 3850 gaudio
1274 3777 1536 3835 sustinuit
1553 3794 1796 3846 crucem,
1820 3771 2144 3836 confusione
2249 3794 2272 3831 ρ
2315 3775 2537 3832 emtum.
2589 3771 2746 3840 Quod
2781 3777 2966 3826 autem
2995 3767 3175 3826 adhuc
3203 3768 3373 3824 semel
3397 3766 3554 3834 dicit,
3597 3766 3820 3822 declarat

563 3885 586 3920 ι
628 3879 964 3943 contempta,
990 3879 1158 3942 atque
1199 3871 1255 3927 in
1278 3871 1504 3928 dextera
1533 3871 1680 3926 sedis
1700 3869 1798 3926 Dei
1827 3870 1998 3926 sedet.
2045 3867 2147 3927 Re-
2250 3885 2274 3922 t
2315 3865 2601 3922 mobilium
2643 3862 3080 3929 translationem,
3113 3871 3374 3930 tanquam
3427 3857 3702 3914 factorum
3729 3853 3822 3928 [fa-

547 3979 587 4014 ·‹
628 3962 864 4034 cogitate
895 3963 1040 4018 enim
1069 3979 1195 4019 eum
1225 3961 1322 4034 qui
1350 3961 1516 4019 talem
1551 3961 1814 4018 sustinuit
1833 3977 1864 4017 a
1891 3967 2147 4033 peccato-
2251 3977 2272 4015 ι
2315 3955 2554 4030 cturam]
2570 3965 2631 4011 ut
2653 3963 2912 4011 maneant
2932 3967 3000 4010 ea
3015 3968 3139 4025 qua
3159 3959 3288 4008 sunt
3312 3946 3822 4017 immobiliaJtaque

555 4069 592 4107 η
628 4054 784 4109 ribus
827 4055 1090 4110 adversus
1137 4055 1493 4127 semetipsum
1531 4053 2038 4122 contradictionem,
2085 4059 2147 4108 ut
2251 4067 2274 4105 α
2316 4062 2548 4122 regnum
2580 4045 2860 4100 immobile
2887 4043 3271 4116 suscipientes,
3297 4042 3570 4096 habemus
3607 4039 3820 4112 [habea-

565 4147 592 4208 s
631 4159 744 4200 non
767 4141 1068 4216 fatigemini
1096 4146 1296 4204 animis
1317 4147 1517 4204 vestris
1539 4147 1872 4203 deﬁcientes.
1895 4145 2146 4202 Nondum
2253 4159 2274 4196 ι
2313 4137 2464 4212 mus]
2511 4137 2767 4209 gratiam,
2820 4151 2921 4208 per
2962 4151 3130 4207 quam
3171 4132 3506 4198 serviamus,
3559 4131 3820 4202 placentes

557 4251 593 4291 Ἰ
633 4237 780 4292 enim
793 4251 970 4308 usque
990 4237 1058 4292 ad
1079 4239 1400 4310 sanguinem
1416 4237 1720 4304 restitistis,
1736 4238 2002 4293 adversus
2021 4251 2148 4307 pec—
2253 4251 2273 4288 ι
2317 4231 2428 4288 Deo
2449 4245 2575 4287 cum
2603 4238 2750 4284 metu
2774 4238 2828 4284 et
2849 4226 3171 4284 reverentia.
3219 4223 3438 4280 Etenim
3465 4222 3616 4280 Deus
3651 4229 3822 4278 noster

561 4343 592 4381 's
633 4337 815 4384 catum
859 4337 1245 4400 repugnantes,
1273 4339 1328 4386 et
1353 4330 1507 4386 obliti
1550 4330 1686 4386 estis
1731 4327 2144 4394 consolationis,
2255 4343 2276 4380 ι
2299 4323 2460 4400 ~ignis
2495 4335 2827 4378 consumens
2854 4327 2958 4375 est.
2993 4337 3014 4372 ι
3085 4365 3087 4368 .

561 4437 590 4470 ι
635 4433 759 4491 qua:
799 4419 956 4476 vobis
1003 4427 1268 4491 tanquam
1307 4420 1434 4478 ﬁliis
1468 4419 1731 4490 loquitur,
1769 4419 2000 4476 dicens:
2041 4416 2149 4472 Fili
2889 4423 3192 4466 exposmo.

568 4529 590 4560 s
633 4509 732 4576 mi,
759 4509 871 4565 noli
892 4509 1165 4582 negligere
1189 4509 1538 4582 disciplinam
1561 4507 1798 4574 Domini,
1822 4521 2002 4602 neque
2019 4505 2148 4564 fati-
2179 4546 2226 4602 υ
2319 4507 2584 4565 Adductis
2635 4513 2718 4562 tot
2761 4499 3334 4602 commendationibus
3379 4495 3528 4602 ﬁdei,
3565 4495 3728 4602 infert
3757 4507 3818 4549 ex

568 4619 588 4676 φ
635 4601 800 4672 seris.
847 4601 980 4656 dum
1029 4601 1100 4656 ab
1142 4615 1212 4658 9-0
1251 4600 1516 4672 πειιθτίε-
1567 4598 1740 4666 Quem
1785 4598 1931 4653 enim
1971 4595 2150 4667 diligit
2181 4589 2222 4602 ⁷
2247 4599 2503 4658 omnibus
2529 4617 2542 4654 :
2567 4594 3019 4668 Quandoquidem
3053 4592 3187 4648 ﬁdes
3217 4599 3302 4646 tot
3331 4589 3674 4646 testimoniis
3695 4600 3822 4642 eom-

563 4711 590 4748 s
635 4692 926 4762 Dominus,
955 4693 1222 4766 castigat;
1248 4693 1481 4766 flagellat
1500 4701 1684 4748 autem
1711 4703 1930 4746 omnem
1971 4687 2144 4743 ﬁlium
2250 4691 2577 4748 mendabius
2605 4696 2710 4756 est,
2743 4688 2861 4742 ideo
2895 4686 3040 4742 sicut
3075 4683 3316 4756 priores,
3345 4682 3496 4737 ita.“
3523 4695 3620 4734 πω
3649 4679 3820 4732 haben-

566 4807 592 4864 σε
634 4803 798 4859 quem
821 4786 1124 4860 recipit.glu
1150 4786 1438 4856 disciplina
1461 4791 1821 4856 perseverate.
1859 4779 2144 4851 Tanquam
2250 4791 2324 4838 tes
2355 4789 2560 4836 tantam
2610 4779 2799 4834 nubem
2853 4777 3090 4842 testium,
3129 4770 3640 4864 commendantium

569 4861 592 4929 ἐ
635 4878 765 4934 ﬁliis
797 4881 953 4936 vobis
977 4877 1135 4936 ollert
1158 4893 1217 4934 se
1237 4877 1402 4934 Deus.
1433 4875 1570 4944 Quis
1599 4874 1746 4932 enim
1787 4872 1952 4938 ﬁlius,
1985 4885 2148 4942 quem
2251 4875 2564 4950 impositam
2587 4873 2765 4929 nobis.
2788 4869 3000 4926 Nubem
3021 4865 3144 4924 ideo
3163 4866 3318 4932 dicit,
3343 4864 3473 4936 quia
3489 4863 3640 4918 sicut
3669 4861 3824 4916 nubes

573 4986 592 5018 ε
633 4984 746 5026 non
770 4971 998 5044 corripit
1018 4971 1210 5042 pater?
1229 4969 1368 5037 Quia
1385 4968 1434 5025 si
1457 4977 1610 5024 extra
1628 4965 1972 5036 disciplinam
1995 4963 2148 5031 estis,
2239 4957 2323 5032 ab
2349 4976 2486 5024 aestu
2511 4965 2748 5038 protegit
2776 4973 2831 5019 et
2862 4961 3046 5033 pluvia
3067 5003 3080 5027 ,
3113 4959 3195 5015 sic
3226 4955 3586 5028 praefatorum
3627 4959 3820 5044 sancit

576 5079 594 5128 ς
640 5060 800 5130 cujus
819 5039 1114 5134 participes
1151 5061 1280 5119 facti
1305 5070 1433 5118 sunt
1465 5075 1677 5128 omnes,
1721 5074 1852 5130 ergo
1895 5057 2148 5123 adulteri,
2255 5075 2379 5118 rum
2411 5057 2670 5128 exempla
2711 5053 2968 5111 muniunt
2998 5065 3098 5106 nos
3145 5057 3337 5106 contra
3382 5045 3652 5102 irruentia

577 5175 594 5204 ‹
635 5163 826 5209 etnon
873 5155 970 5210 ﬁlii
1006 5133 1158 5212 estis.
1207 5155 1412 5213 Deinde
1453 5162 1640 5225 patres
1695 5152 1914 5224 quidem
1968 5150 2152 5206 carnis
2255 5152 2418 5207 mala.
2445 5148 2560 5206 Nos
2585 5147 2750 5204 etiam
2797 5145 2942 5200 sicut
2973 5141 3052 5198 illi
3093 5141 3404 5210 deponentes
3431 5149 3536 5206 per
3555 5133 3820 5225 ipwniten-

576 5261 594 5318 ᾳ
642 5251 846 5299 nostra:
872 5247 1178 5314 eruditores
1197 5221 1514 5313 habuimus,
1542 5253 1596 5300 et
1617 5221 2002 5301 reverebamur
2029 5256 2148 5298 eos.
2255 5245 2388 5302 tiam
2419 5257 2569 5297 omne
2607 5239 2812 5303 pondus
2841 5235 3050 5308 peccati
3081 5231 3228 5303 quod
3255 5224 3714 5318 perpetravituus,
3739 5221 3824 5277 dav

577 5315 595 5386 ὲ
639 5333 782 5391 Num
826 5334 982 5410 [non]
1021 5337 1197 5394 multo
1241 5339 1418 5410 magis
1463 5336 1964 5409 obtemperabimus
2007 5333 2150 5406 patri
2256 5345 2518 5410 ponentes
2543 5334 2706 5390 etiam
2749 5339 3022 5403 peccatum
3063 5341 3154 5382 nos
3195 5323 3546 5380 circumstans
3581 5315 3820 5410 undique.

577 5449 596 5482 σ
643 5409 958 5502 spirituum,
985 5439 1040 5487 et
1061 5432 1309 5488 vivemus
1325 5409 1357 5486 ‘97
1371 5431 1438 5486 Et
1467 5431 1542 5485 illi
1572 5432 1794 5501 quidam
1823 5430 1880 5485 iu
1905 5439 2153 5510 tempore
2255 5409 2434 5507 idest.
2455 5415 2673 5510 omnem
2703 5413 2928 5495 pravam
2967 5418 3374 5492 suggeStioneim
3401 5429 3494 5484 Ρετ
3527 5409 3822 5510 Pam?”

577 5545 596 5578 ο
642 5539 944 5597 paucorum
992 5525 1228 5592 dierum,
1262 5523 1565 5580 secundum
1597 5525 1932 5580 voluntatem
1975 5507 2153 5588 suam,
2261 5507 2712 5600 curramuspnon
2740 5511 2926 5598 reflexi
2958 5525 2990 5566 a
3030 5510 3178 5564 bono
3213 5509 3478 5600 certamen
3517 5507 3822 5600 proposita:

578 5636 598 5670 σ
642 5583 964 5673 erudiebant
990 5587 1126 5674 nos:
1158 5583 1248 5673 hic
1272 5615 1546 5672 autem‘ad
1569 5615 1621 5671 id
1655 5617 1802 5686 quod
1823 5614 1962 5670 utile
1985 5603 2070 5668 est
2099 5583 2153 5666 in
2261 5592 2434 5679 nobis,
2465 5583 2746 5666 n'onienint
2769 5593 2835 5662 ad
2857 5603 3152 5686 blanditias
3194 5597 3373 5652 vocati
3404 5609 3622 5660 sumus,

577 5728 600 5760 ι
641 5710 951 5780 recipiendo
1003 5709 1490 5768 sanctiﬁcationem
1540 5677 1692 5779 ejus:
1728 5705 1920 5762 Omnis
1971 5717 2153 5761 autem
2259 5677 2576 5760 tolerandos
2611 5699 2856 5754 labores.
2902 5679 3238 5758 Curramus,‘
3279 5689 3532 5759 inquam,

579 5819 602 5853 ι
644 5777 930 5872 disciplina
981 5804 1036 5858 in
1077 5801 1334 5860 urmsenti
1361 5777 1585 5873 quidem
1626 5800 1841 5868 videtur
1877 5813 1990 5854 non
2031 5811 2160 5853 esse.
2265 5795 2576 5866 aspicientes
2599 5793 2656 5846 in
2674 5789 2857 5846 Jesum
2879 5795 3150 5842 auctorem
3169 5781 3293 5852 fidei
3317 5788 3546 5846 nostrae,
3567 5777 3621 5834 id
3637 5789 3714 5832 est
3733 5783 3822 5840 «ιω
