3988 6412
159 417 284 474 857

810 415 1176 476 ΕΧΡΟΒΙΤΙΟ
1211 417 1280 477 IN
1315 414 1698 475 EPISTOLAS
1733 415 1758 472 ξ

1860 415 1962 472 zu.
2005 369 2073 459 ξ-
2104 414 2172 472 lN
2213 413 2432 474 EPIST.
2472 414 2566 472 an
2603 414 2806 474 uena.

3330 421 3439 481 558

152 553 276 597 nos
295 540 708 596 consummabit
733 539 790 594 in
817 534 1010 611 gloria,
1043 540 1092 596 si
1119 539 1254 596 ﬁdes
1283 547 1472 596 nostra
1503 537 1760 609 perduret
1785 541 1836 604 Α
1861 535 1969 592 nisi
2000 546 2199 608 praesto
2221 537 2293 593 sit
2321 511 2631 608 gratiaiDei.
2663 532 3015 605 Disciplinam
3040 533 3162 589 dico
3187 549 3294 588 non
3320 549 3443 605 per-

153 628 406 703 integra.
447 630 552 697 Qui
575 631 736 688 Jesus
768 631 1021 686 sustinuit
1059 648 1287 698 crucem,
1315 640 1611 702 contempta
1647 645 1757 687 non

153 727 392 778 tantum
407 723 736 789 acerbitate,
773 723 870 778 sed
897 723 1063 778 etiam
1092 723 1418 794 confusione,
1446 722 1502 778 id
1527 730 1611 779 est
1631 739 1759 779 eru-

152 812 454 870 beseentia
488 814 556 869 de
592 813 960 885 ignominioso
989 829 1186 885 genere
1212 815 1426 871 mortis.
1461 813 1755 884 Sustinuit,

153 903 423 976 inquam,
453 905 649 977 gaudio
669 906 938 976 proposito
978 905 1080 959 sibi
1107 906 1164 960 in
1189 905 1360 978 gloria
1400 906 1596 963 merito
1633 922 1760 978 pas-

153 998 370 1055 sionis.
394 997 514 1065 Vel,
542 998 827 1070 proposito
849 998 954 1054 sibi
983 1006 1200 1054 terreno
1229 999 1446 1071 gaudio,
1468 999 1522 1054 id
1547 1007 1633 1057 est
1651 1008 1761 1056 ter-

153 1092 322 1148 renis
371 1090 724 1148 facultatibus
769 1091 1069 1162 propositis
1112 1092 1218 1148 sibi
1265 1109 1298 1149 a
1339 1092 1759 1150 crncifixoribus

155 1186 311 1253 suis,
335 1185 385 1241 si
405 1185 567 1240 vellet
593 1199 652 1240 se
672 1183 888 1239 ditliteri
911 1183 1108 1239 Filium
1136 1184 1252 1239 Dei.
1283 1184 1461 1256 Atque
1487 1185 1608 1240 ideo
1629 1185 1760 1256 quia

152 1292 393 1334 crucem
419 1276 700 1342 sustinuit,
730 1275 1116 1332 confusionem
1153 1278 1502 1348 contempsit,
1533 1277 1672 1332 sedet
1702 1278 1760 1332 in

154 1371 395 1426 dextera
417 1370 580 1437 sedis,
617 1369 672 1425 id
713 1377 801 1424 est
834 1369 891 1424 in
921 1369 1231 1440 aequalitate
1262 1369 1503 1425 sedentis
1533 1367 1627 1424 Dei
1656 1367 1760 1424 Pa-

153 1460 292 1517 tris.
331 1459 638 1516 Curramus
669 1458 1011 1530 prepositnm
1051 1467 1326 1515 certamen
1358 1459 1635 1516 imitantes
1665 1457 1759 1516 Je-

155 1568 320 1618 sum,
363 1551 459 1623 qui
489 1558 801 1622 contempta
834 1549 1160 1608 confusione
1198 1551 1460 1608 sustinuit
1502 1567 1756 1620 erucem;

152 1658 319 1706 eum,
339 1643 588 1713 inquam,
607 1641 836 1712 aspicite
856 1656 1074 1697 crucem
1098 1641 1153 1696 in
1177 1651 1353 1698 morte
1370 1641 1756 1710 sustinentem;

154 1733 457 1804 recogitate
484 1733 652 1789 etiam
689 1732 929 1788 eumdem
966 1729 1159 1788 Jesum
1204 1732 1294 1804 qui
1335 1731 1592 1787 sustinuit
1624 1747 1760 1787 con-

155 1824 575 1890 tradictionem,
601 1831 659 1878 ut
682 1822 828 1878 sicut
846 1823 902 1877 in
929 1831 1127 1890 morte,
1159 1822 1240 1879 sic
1266 1822 1441 1878 etiam
1466 1820 1756 1878 imitemini

1859 637 2204 696 secutorum,
2255 628 2351 683 sed
2402 628 2645 692 Domini;
2695 627 2796 698 ipsi
2845 626 2992 681 enim
3041 627 3176 680 nihil
3211 629 3444 696 pessunt

1857 720 1966 777 nisi
2013 735 2079 776 ex
2112 721 2473 792 permissione
2520 720 2637 787 Dei,
2683 721 2788 776 hoc
2833 719 2997 775 modo
3020 735 3256 790 purgare
3302 720 3442 776 filios

1859 827 1993 870 suos
2032 814 2284 868 volentis.
2317 811 2440 868 Noli
2470 813 2740 884 negligere
2767 809 3135 882 disciplinam,
3167 825 3329 882 neque
3358 810 3445 880 {ad

1860 906 2063 978 tigeris,
2096 905 2148 960 id
2183 913 2359 962 estne
2398 903 2578 960 fessus
2607 903 2845 976 refugias
2865 903 2978 975 pati
3009 903 3138 957 dum
3179 901 3440 974 argueris,

1857 997 1914 1054 id
1940 1007 2025 1056 est
2062 1013 2190 1054 reus
2228 1014 2352 1054 esse
2381 997 2722 1054 eouvinceris
2747 1015 2781 1052 a
2823 997 2932 1052 Deo
2974 1012 3070 1068 per
3103 996 3246 1053 hanc
3269 995 3443 1052 disci—

1857 1088 2063 1161 plinam
2094 1089 2408 1162 indulgente
2435 1090 2554 1145 tibi.
2583 1088 2688 1146 Per
2708 1090 2848 1146 hanc
2871 1089 3034 1144 etiam
3075 1089 3442 1160 disciplinam,

1860 1179 2027 1235 homo
2051 1188 2104 1234 et
2123 1179 2474 1252 fragilitatem
2497 1194 2654 1236 suam
2678 1181 2978 1252 cognoscit,
3000 1188 3054 1235 et
3081 1179 3148 1251 (si
3172 1180 3444 1251 patienter

1859 1271 2158 1341 Sustineat)
2232 1269 2622 1339 indulgentiam
2663 1280 3006 1342 promeretur
3063 1272 3131 1326 de
3179 1271 3438 1342 peccatis.

1857 1361 2025 1435 ωε
2065 1361 2184 1417 Non
2224 1361 2391 1418 debes
2437 1361 2651 1434 fatigari
2689 1363 2820 1418 dum
2852 1364 3121 1434 argueris,
3158 1380 3277 1416 eum
3300 1365 3443 1418 enim

1858 1470 2012 1525 quem
2055 1454 2234 1526 diligit
2275 1455 2532 1510 Dominus
2553 1456 2802 1526 castigat,
2836 1457 2885 1510 id
2916 1467 3001 1512 est
3029 1457 3084 1512 in
3114 1457 3364 1513 castitate
3387 1465 3446 1513 et

1859 1546 2199 1602 continentia
2253 1547 2512 1603 vitiorum
2570 1563 2667 1618 per
2707 1547 3053 1619 disciplinam
3105 1549 3244 1621 agit;
3286 1549 3443 1606 illum

1859 1651 2024 1709 quem
2053 1637 2247 1711 diligit,
2267 1639 2522 1712 castigat,
2547 1655 2752 1695 onmem
2780 1649 2956 1696 autent
2978 1639 3150 1710 ﬁlium
3173 1657 3326 1712 quem
3357 1658 3442 1696 re-

1859 1731 2012 1802 cipit,
2042 1731 2362 1804 priusquam
2392 1732 2638 1803 recipiat,
2675 1732 2934 1803 ﬂagellat.
2960 1730 3112 1787 Licet
3140 1733 3288 1788 enim
3315 1748 3443 1802 pec-

1858 1832 1980 1880 cata
2006 1823 2263 1892 dimittat,
2289 1822 2421 1880 nulli
2448 1832 2634 1879 tamen
2661 1840 2823 1894 pteua
2853 1825 3169 1891 remittitur,
3197 1823 3330 1894 quin
3359 1823 3445 1879 vel

151 1931 293 1972 eum
326 1917 385 1971 in
415 1885 668 1988 patienda
703 1885 1160 1971 contradictione.
1190 1913 1465 1986 Quidquid
1509 1913 1756 1971 adversi-
1786 1885 1830 1949 Β
1852 1913 1914 1971 in
1948 1916 2051 1972 hac
2067 1915 2208 1982 vita,
2237 1885 2322 1971 vel
2359 1916 2412 1971 in
2438 1914 2624 1971 futura
2663 1885 2933 1989 solvatur,
2967 1916 3048 1971 vel
3092 1885 3167 1971 ab
3197 1885 3317 1985 ipso
3345 1915 3448 1971 ho-

153 2009 298 2063 tatis
322 2007 451 2062 tulit
474 2006 638 2064 Jesus
661 2022 838 2077 usque
861 2006 930 2062 ad
959 2007 1152 2063 horam
1179 2007 1457 2078 passionis
1486 2004 1759 2078 significat

152 2102 256 2158 hic
294 2117 398 2173 per
434 2101 946 2157 contradictionem.
985 2098 1081 2156 Vel
1126 2101 1174 2156 si
1219 2100 1450 2156 habetur
1487 2100 1647 2168 enim,
1679 2099 1758 2157 ita

144 2193 448 2266 jungatur.
481 2189 700 2249 Debebis
728 2193 974 2262 aspicere
1000 2191 1188 2249 Iesum
1225 2192 1588 2248 sustinentem
1626 2205 1757 2248 cru-

150 2301 306 2352 cem,
332 2300 462 2340 nam
483 2285 647 2341 etiam
679 2285 782 2341 hoc
801 2285 948 2356 quod
973 2284 1028 2340 in
1055 2283 1279 2340 Christo
1309 2285 1495 2341 minus
1523 2293 1626 2354 est,
1649 2284 1758 2342 sci-

151 2378 291 2436 liw
318 2379 812 2435 contradictionem
842 2393 1009 2450 quam
1051 2377 1330 2448 sustinuit,
1365 2379 1675 2453 recogitate,
1699 2375 1758 2436 id

149 2479 249 2526 est
279 2471 598 2540 frequenter
615 2470 827 2526 debetis
869 2471 1130 2526 mandare
1160 2469 1456 2528 memoriae.
1493 2471 1651 2540 Quod
1681 2471 1755 2528 ita

151 2562 240 2618 ait
265 2580 278 2616 :
308 2559 630 2634 Recogitate
647 2559 837 2618 Iesum
865 2562 962 2633 qui
985 2563 1249 2619 sustinuit
1268 2564 1756 2621 contradictionem

154 2652 366 2720 talem,
416 2651 472 2708 id
513 2660 598 2707 est
642 2651 780 2708 adeo
825 2653 1293 2724 contemptibilem
1343 2662 1402 2710 et
1447 2653 1754 2723 difﬁcilem,

151 2745 427 2816 quodque
455 2744 634 2817 magis
659 2743 836 2815 potuit
861 2757 1089 2816 gravare
1118 2761 1267 2813 eum,
1292 2746 1410 2816 ipse
1434 2746 1528 2818 qui
1558 2761 1755 2818 pecca-

156 2843 280 2890 tum
317 2850 433 2891 non
455 2835 631 2902 novit,
651 2834 858 2890 illatam
881 2833 986 2890 sibi
1009 2851 1040 2890 a
1061 2837 1443 2918 peccatoribus
1472 2836 1754 2908 sustinuit,

155 2944 273 2984 non
307 2928 577 2985 adversus
605 2926 852 2996 Petrum,
881 2926 968 2983 vel
1006 2927 1303 2999 quemlibet
1334 2931 1753 3002 discipulorum,

155 3023 258 3079 sed
298 3021 554 3076 adversus
591 3021 948 3092 semetipsum.
972 3019 1306 3094 Recogitate,
1334 3020 1582 3095 inquam,
1614 3023 1757 3080 hanc

155 3112 678 3180 contradictionem,
720 3112 791 3168 ad
820 3113 946 3179 hoc,
977 3118 1035 3166 ut
1059 3129 1308 3168 memores
1334 3114 1454 3185 ejus
1483 3130 1588 3170 non
1625 3116 1758 3187 {ati-

154 3205 382 3276 gemini,
405 3203 462 3260 id
486 3211 574 3260 est
609 3218 679 3260 ne
712 3203 836 3261 sitis
863 3201 995 3260 fessi
1024 3203 1278 3274 patiendo
1309 3206 1562 3274 adversa,
1596 3207 1677 3262 vel
1709 3221 1755 3264 Si
1783 3246 1826 3306 C

155 3297 473 3371 htigamini
503 3314 758 3372 corpore,
785 3313 855 3355 ne
894 3298 1198 3370 fatigemini
1232 3299 1289 3355 in
1319 3301 1514 3354 animis
1542 3301 1750 3370 vestris,

154 3391 256 3447 sed
284 3407 455 3447 carne
493 3391 712 3448 infirma
754 3391 983 3463 spiritus
1029 3399 1212 3448 tamen
1255 3391 1491 3464 prompti
1534 3391 1663 3448 sint.
1697 3390 1757 3448 Si

153 3483 310 3538 enim
333 3491 487 3538 tanta
509 3483 584 3539 sit
603 3482 965 3539 contradictio
987 3492 1048 3538 ut
1071 3482 1368 3555 fatigentur
1392 3483 1583 3551 animi,
1615 3484 1761 3539 sicut

157 3575 310 3631 idem
340 3573 549 3631 Paulus
585 3575 653 3631 de
677 3589 739 3632 se
764 3575 880 3629 ait:
917 3591 935 3626 ι
968 3572 1191 3631 Gravati
1215 3590 1409 3630 sumus
1431 3587 1599 3645 supra
1633 3588 1756 3629 mo-

154 3668 317 3735 dum,
341 3667 417 3722 ita
445 3676 507 3723 ut
538 3667 735 3723 taedeat
763 3679 865 3722 nos
888 3667 1073 3722 vivere
1098 3663 1189 3737 (II
1219 3664 1343 3722 Cor.
1377 3680 1418 3733 ι,
1449 3665 1505 3736 8)
1530 3683 1546 3734 ;
1576 3675 1597 3718 ι
1643 3680 1756 3722 non

155 3767 349 3813 tamen
392 3757 740 3826 deficientes,
785 3756 932 3814 sicut
969 3771 1073 3813 nec
1109 3752 1314 3815 Paulus
1357 3755 1586 3825 defecit,
1630 3756 1760 3814 licet

156 3845 426 3921 fatigatus
465 3858 612 3907 esset
649 3850 887 3906 animus.
919 3848 1243 3918 Deficerent,
1276 3846 1324 3906 si
1355 3850 1555 3906 timore
1583 3849 1760 3908 tribu-

159 3939 441 3996 lationum
468 3941 630 3997 iidem
655 3949 938 4012 negarent,
966 3936 1176 3998 debetis
1203 3940 1393 4012 utique
1419 3941 1539 3998 sine
1564 3940 1762 4016 latiga<-

166 4030 328 4087 tione
355 4040 416 4088 et
437 4030 654 4097 defectu
678 4032 972 4101 sustinere,
999 4033 1129 4105 quia
1152 4042 1208 4090 et
1232 4034 1281 4090 si
1302 4033 1595 4103 restitistis,
1622 4050 1759 4090 non-

168 4124 304 4179 dum
350 4133 536 4180 tamen
579 4141 744 4196 usque
783 4124 854 4180 ad
903 4125 1235 4197 sanguinem,
1280 4125 1336 4182 id
1385 4135 1472 4183 est
1513 4125 1759 4182 nondum

159 4216 378 4276 ὥδευε
400 4225 488 4273 est
523 4217 748 4290 sanguis
775 4225 977 4286 vester,
1005 4217 1155 4288 quod
1187 4217 1234 4275 si
1258 4225 1494 4290 oportet,
1523 4233 1626 4292 pro
1654 4219 1760 4276 lide

161 4309 487 4381 patiendum
508 4318 613 4365 est.

234 4399 494 4456 Nondum
525 4416 702 4473 usque
733 4401 801 4458 ad
823 4401 1213 4460 effundendum
1244 4402 1567 4476 sanguinem
1595 4401 1762 4460 resti-

162 4493 334 4560 Iisiis,
356 4507 458 4548 vos
489 4501 670 4550 tamen
699 4505 1048 4564 repugnantes
1069 4495 1320 4550 adversus
1343 4501 1646 4565 peccatum;
1681 4495 1757 4550 ita

1855 2007 2003 2063 mine
2027 2016 2327 2078 spontanca
2354 1998 2656 2074 voluntate,
2681 2008 2828 2077 quod
2854 2021 2994 2078 Opus
3034 2008 3312 2078 acceptius
3336 2017 3442 2076 est,

1855 2097 1941 2154 vel
1977 2098 2095 2154 alio
2133 2098 2238 2156 sibi
2262 2097 2552 2156 inferente.
2587 2095 2746 2155 Sicut
2776 2113 2874 2170 per
2912 2098 3177 2170 originale
3211 2098 3446 2169 probare

1856 2206 2179 2265 possumus,
2227 2193 2375 2266 quod
2415 2193 2638 2268 quidem
2675 2191 2732 2249 in
2788 2191 3064 2264 baptismo
3127 2192 3442 2261 dimittitur,

1855 2298 2016 2357 pinna
2037 2293 2224 2342 tamen
2248 2284 2372 2356 ejus
2397 2285 2608 2356 peccati
2643 2285 2973 2356 (mortalitas
3005 2284 3215 2340 scilicet
3238 2297 3292 2339 et
3318 2299 3445 2354 pas-

1857 2377 2114 2449 sibilitas)
2145 2377 2492 2450 relinquitur.
2530 2375 2599 2432 Et
2632 2376 2859 2448 quando
2890 2377 3111 2448 quidem
3155 2375 3445 2447 disciplina

1857 2467 2074 2526 Domini
2110 2471 2247 2526 adeo
2276 2469 2731 2526 commendabilis
2771 2476 2877 2536 est,
2911 2468 3083 2540 igitur
3122 2476 3446 2539 perseverate

1854 2556 1914 2617 in
1953 2561 2261 2632 disciplina,
2302 2562 2358 2619 id
2398 2569 2490 2620 est
2521 2562 2580 2618 in
2606 2563 2867 2635 patientia
2909 2562 3349 2631 tribulationum,
3387 2562 3446 2618 in

1855 2667 1964 2726 qua
1995 2655 2183 2727 utique
2208 2670 2559 2728 perseverare
2591 2654 2835 2724 debetis;
2869 2655 3009 2710 Deus
3038 2655 3177 2711 enim
3207 2656 3363 2728 o/[ert
3391 2670 3446 2709 se

1856 2749 2001 2802 vobis
2044 2748 2104 2804 in
2143 2729 2595 2806 tribulationibus
2640 2748 2945 2820 adiutorem
2995 2755 3246 2820 tanquam
3289 2747 3442 2820 filiis.

1856 2838 2002 2895 Bene
2029 2839 2152 2896 dico
2171 2848 2437 2911 tauquam
2482 2839 2632 2908 filiis,
2661 2840 2791 2911 quia
2834 2838 2952 2910 quis
2990 2849 3074 2895 est
3110 2838 3258 2908 ﬁlius
3290 2855 3446 2910 quem

1857 2945 1959 2984 non
1992 2931 2250 3000 corripiat
2277 2932 2473 2999 pater?
2495 2929 2643 2992 Deus
2672 2931 2859 3000 utique
2888 2930 3063 2985 lilium
3090 2945 3197 2984 non
3225 2929 3448 2986 habebit

1857 3019 2241 3078 incorrectum.
2267 3061 2269 3064 ‹
2292 3022 2488 3083 Filius,
2522 3036 2633 3077 non
2673 3021 2779 3078 erit
2823 3019 2932 3077 nisi
2989 3022 3084 3093 qui
3122 3022 3439 3092 corripitur.

1859 3112 2011 3178 Quod
2045 3113 2114 3178 si,
2147 3113 2200 3168 id
2227 3121 2313 3168 est
2338 3113 2387 3168 si
2406 3126 2540 3168 vero
2578 3127 2676 3170 vos
2711 3112 2839 3166 estis
2883 3122 3036 3168 extra
3077 3112 3444 3184 disciplinam,

1858 3204 2004 3276 quod
2029 3205 2369 3260 subtrahatis
2393 3219 2492 3260 vos
2515 3219 2550 3260 a
2575 3203 2865 3274 disciplina
2899 3203 3138 3273 Domini,
3175 3205 3329 3275 cujus
3354 3205 3445 3260 di-

1859 3297 2103 3368 scipliute
2126 3297 2414 3368 participes
2442 3296 2577 3366 facti
2605 3306 2731 3350 sunt
2759 3311 2939 3351 omnes
2961 3296 3060 3351 lilii
3089 3295 3206 3351 Dei.
3235 3294 3315 3365 Si,
3353 3295 3445 3352 in-

1857 3404 2046 3461 quam,
2084 3396 2240 3445 extra
2280 3388 2628 3459 disciplinam
2659 3389 2813 3456 estis,
2859 3403 2983 3460 ergo
3017 3403 3131 3443 non
3168 3388 3302 3449 estis
3346 3388 3448 3445 lilii

1857 3481 2106 3553 legitimi,
2134 3482 2229 3538 sed
2248 3481 2376 3538 estis
2406 3481 2502 3538 mu
2530 3480 2785 3549 adulteri,
2811 3480 2870 3537 id
2891 3489 2976 3537 est
3000 3466 3294 3537 adulterini
3321 3481 3448 3554 qui-

1857 3571 1962 3627 bus
1985 3580 2144 3643 pater
2167 3587 2276 3628 non
2307 3572 2533 3628 adhibet
2558 3571 2904 3645 paedagogos,
2927 3572 3059 3644 quia
3084 3587 3182 3628 eos
3207 3588 3316 3628 non
3343 3589 3445 3630 eu-

1856 3670 1962 3716 rat.
1997 3660 2095 3717 Vel
2128 3663 2263 3720 estis
2307 3662 2408 3719 filii
2450 3663 2705 3733 adulteri,
2753 3661 2811 3720 id
2847 3672 2934 3720 est
2976 3663 3201 3733 diaboli,
3241 3665 3448 3721 adulte.

1857 3762 2046 3812 rantes
2073 3768 2192 3812 vos.

1927 3846 2188 3904 Probavit
2233 3861 2330 3921 per
2375 3847 2692 3906 testimonia
2747 3847 3065 3922 Scriptum,
3111 3847 3310 3907 debere
3349 3865 3449 3908 eos

1856 3952 2213 4012 perseverare
2243 3940 2302 3998 in
2327 3939 2646 4014 disciplina;
2679 3955 2830 3998 nunc
2855 3941 3164 3998 rationibus
3191 3941 3450 4000 humanae

1857 4033 2272 4090 consuetudinis
2302 4033 2448 4090 idem
2484 4034 2784 4106 approbat,
2826 4033 2989 4115 quasi
3025 4033 3268 4091 diceret:
3305 4033 3450 4103 Quia

1859 4128 1914 4186 in
1943 4127 2228 4202 disciplina
2258 4127 2720 4198 perseverandum
2759 4127 2920 4184 nobis
2947 4128 3037 4196 sit,
3070 4143 3170 4200 per
3200 4128 3449 4196 auctori-,2

1856 4231 1997 4281 tates
2018 4221 2254 4288 ostendi,
2283 4221 2479 4278 deinde
2501 4229 2629 4293 post
2656 4220 2970 4278 testimonia
3014 4219 3448 4293 Scripturarum,

1859 4315 2116 4373 humana:
2153 4313 2568 4370 consuetudinis
2615 4314 2858 4370 rationes
2913 4313 3136 4382 induco,
3185 4313 3256 4384 ad
3303 4314 3450 4372 idem

1857 4406 2223 4478 probandum.
2256 4403 2370 4461 Nos
2395 4405 2608 4476 quidem
2633 4405 2928 4463 habuimus
2959 4415 3138 4475 patres
3174 4421 3288 4463 non
3326 4406 3451 4462 ani-

1860 4514 2097 4566 marum,
2141 4498 2236 4554 sed
2260 4497 2440 4552 carnis
2479 4507 2676 4553 nostra!
2696 4512 2716 4551 :
2745 4497 2950 4554 lineam
2978 4500 3127 4555 enim
3161 4500 3350 4556 carnis
3377 4501 3449 4556 ab

160 4585 358 4641 dicens
400 4583 457 4640 in
482 4585 658 4640 altero
697 4586 885 4642 laudat
911 4601 1010 4643 eos
1035 4586 1166 4657 quia
1195 4598 1657 4658 repugnaverunt.
1693 4584 1754 4641 in
1857 4591 1992 4662 ipsis
2022 4589 2312 4658 traximus,
2355 4599 2411 4646 et
2447 4591 2600 4646 carni
2645 4601 2847 4647 nostra:
2885 4605 2916 4646 a
2961 4607 3129 4648 carne
3157 4602 3450 4664 parentum

161 4678 342 4738 altero
377 4679 620 4734 ostendit
654 4681 836 4736 adhuc
882 4695 1046 4750 posse
1087 4681 1407 4747 ascendere,
1445 4681 1656 4737 scilicet
1687 4679 1758 4736 ad

160 4769 494 4826 eﬂusionem
517 4771 820 4842 sanguinis.
849 4770 1255 4844 Repugnantes,
1281 4763 1530 4844 inquam,
1565 4773 1761 4828 adver-

162 4877 262 4917 sus
286 4870 575 4932 peccatum
611 4877 680 4918 ne
700 4863 883 4920 locum
910 4864 1137 4920 haberet
1156 4864 1212 4918 in
1246 4864 1424 4920 vobis.
1448 4863 1586 4919 Dum
1611 4864 1756 4919 enim

165 4951 356 5021 impiis
385 4952 696 5008 consentire
737 4955 993 5022 rennitis,
1033 4965 1225 5012 contra
1253 4966 1540 5028 peccatum
1578 4956 1759 5024 statis,

161 5044 376 5114 quibus
401 5043 448 5098 si
477 5046 888 5115 consentiretis,
922 5058 1203 5118 peccatum
1227 5048 1412 5106 statim
1442 5049 1625 5104 locum
1656 5049 1759 5104 ba-

161 5136 324 5192 beret
342 5135 402 5190 in
425 5136 602 5194 vobis.
629 5135 995 5210 Repugnastis
1015 5140 1146 5195 olim
1168 5141 1432 5197 adversus
1451 5149 1758 5212 peceatum,

157 5237 214 5284 et
242 5241 400 5283 nunc
425 5243 594 5298 quare
617 5229 771 5286 obliti
791 5234 918 5287 estis
938 5232 1338 5300 consoiationis,
1363 5233 1416 5288 id
1450 5242 1536 5289 est
1563 5233 1762 5289 divini-

161 5321 304 5377 tatis
345 5324 444 5376 vo's
487 5320 542 5377 in
589 5323 941 5381 tribulatione
991 5326 1370 5383 consolantis?
1411 5343 1528 5398 qua:
1574 5327 1761 5382 divina

161 5413 481 5470 consolatio
521 5413 758 5486 loquitur
796 5416 944 5471 nobis
974 5431 1084 5473 non
1124 5425 1379 5490 tanquam
1419 5419 1634 5488 alienis,
1665 5417 1763 5476 sed

161 5510 437 5578 tanquam
475 5507 629 5577 ﬁliis,
666 5524 807 5580 quos
841 5507 1028 5565 fovere
1060 5508 1300 5566 intendit
1325 5511 1514 5568 dicens
1556 5511 1612 5566 in
1659 5509 1761 5567 Sa-

161 5602 397 5659 lamone
421 5601 606 5672 (Prov.
638 5618 721 5667 Ill,
749 5603 806 5674 4)
829 5620 844 5656 :
868 5603 914 5659 Ο
945 5613 1000 5658 tu
1023 5603 1108 5674 ﬁli
1131 5620 1225 5673 mt,
1259 5603 1368 5658 noli
1401 5601 1661 5675 negtigere
1677 5602 1763 5657 di-

162 5694 476 5765 sciplinam,
504 5696 558 5752 id
589 5704 674 5752 est
703 5698 1112 5768 persecutiones
1132 5706 1188 5752 et
1225 5698 1450 5752 verbera
1481 5713 1605 5768 quae
1635 5704 1766 5752 sunt

162 5788 483 5858 disciplina.
523 5787 582 5845 In
628 5790 718 5846 his
760 5791 906 5846 enim
955 5791 1121 5845 homo
1169 5789 1405 5845 addiscit
1447 5800 1652 5860 quanta
1693 5789 1766 5844 sit

165 5879 445 5952 fragilitas
483 5898 604 5951 sua,
640 5890 694 5937 et
734 5899 898 5954 quam
946 5899 1138 5953 parum
1181 5883 1390 5938 viribus
1419 5883 1534 5937 suis
1569 5881 1761 5952 possit,

1862 4681 2126 4738 derivata:
2151 4680 2296 4735 Deus
2325 4680 2564 4735 animam
2602 4682 2854 4736 contulit.
2897 4678 3010 4738 Hos
3052 4692 3236 4738 autem
3263 4692 3451 4755 patres

1862 4773 2142 4829 habuimus
2183 4773 2502 4840 eruditores,
2545 4783 2596 4828 et
2626 4774 3019 4842 reverebantur,
3064 4775 3329 4832 honorem
3361 4778 3447 4832 eis

1860 4865 2170 4922 exhibendo
2199 4865 2528 4922 timebamus
2561 4881 2668 4921 eos.
2713 4865 2970 4923 Revereri
3004 4867 3148 4923 enim
3176 4877 3281 4937 est,
3317 4883 3448 4926 cum

1861 4959 2060 5016 timore
2087 4959 2354 5015 honorem
2391 4958 2723 5030 impendere.
2756 4958 2824 5014 Et
2849 4959 2895 5015 si
2940 4966 3124 5029 patres
3152 4961 3335 5019 carnis
3360 4976 3450 5017 re—

1861 5051 2207 5118 verebamur,
2237 5067 2406 5106 nonne
2434 5051 2602 5105 multo
2632 5052 2802 5121 magis
2837 5051 3310 5122 obtemperabimus
3338 5053 3451 5110 Pa-

1866 5144 1936 5197 tri
1961 5144 2269 5214 spirituum,
2306 5142 2359 5198 id
2398 5151 2482 5200 est
2513 5141 2621 5197 Deo
2643 5144 2739 5214 qui
2767 5144 2861 5199 dat
2889 5145 3104 5203 animas
3139 5145 3299 5219 longe
3322 5163 3452 5204 cor-

1862 5250 1996 5307 pore
2030 5235 2340 5309 digniores?
2375 5235 2465 5292 cni
2487 5236 2925 5308 obtemperantes
2953 5238 3180 5293 vivemus
3207 5239 3262 5294 in
3285 5249 3449 5296 teter-

1865 5344 1998 5384 num
2026 5329 2172 5400 quod
2201 5335 2384 5399 patres
2413 5318 2594 5385 carnis
2620 5345 2724 5386 nec
2755 5330 2861 5388 sibi
2891 5346 2994 5388 nec
3017 5331 3179 5388 nobis
3200 5332 3452 5388 conferre

1865 5422 2109 5494 queunt?
2135 5420 2284 5478 Patri
2309 5419 2500 5494 utique
2529 5423 2822 5494 spirituum
2851 5424 3029 5498 magis
3063 5424 3452 5495 obtemperan-

1865 5515 1996 5571 dum
2019 5525 2106 5572 est
2139 5513 2268 5587 quia
2301 5515 2390 5572 illi
2434 5516 2648 5587 quidem
2681 5527 2866 5588 patres
2892 5517 3078 5573 carnis
3114 5516 3170 5570 in
3221 5525 3451 5586 tempore

1863 5621 2154 5676 paucorum
2181 5605 2388 5660 dierum
2415 5606 2725 5662 erudiebant
2758 5623 2852 5662 nos
2890 5607 3178 5662 secundum
3207 5604 3452 5661 uolunta-

1868 5707 1970 5750 tem
2001 5713 2175 5762 suam,
2208 5696 2296 5751 hic
2333 5697 2400 5751 ad
2425 5697 2968 5768 grammaticam,ille
2993 5697 3062 5751 ad
3087 5693 3336 5750 fabrilem
3359 5710 3451 5749 ar—

1866 5797 1996 5855 tem;
2026 5790 2348 5860 plerumque
2379 5789 2445 5842 ad
2485 5789 2717 5856 inutilia.
2754 5788 2855 5843 Hic
2895 5799 3070 5843 autem
3094 5787 3256 5842 Pater
3287 5788 3450 5858 spiri-

1865 5889 2044 5948 tuum,
2076 5880 2145 5934 ad
2177 5879 2236 5933 td
2269 5881 2421 5949 quod
2434 5893 2535 5951 pro
2562 5874 2709 5937 (me
2735 5880 2865 5936 utile
2887 5889 2984 5948 est,
3011 5879 3192 5954 erudit
3222 5893 3322 5936 nos
3353 5894 3449 5950 per
