3988 6424
542 413 646 470 i359

1095 404 1152 460 Ξ.
1194 399 1543 460 BRUNONIS
1578 394 2220 458 CARTl-lUSlANORUM
2253 386 2750 454 ‘LVSTITUTORIS
2785 396 2939 456 OPP.
2979 397 3162 467 PARS
3199 399 3262 458 Il.

3717 391 3818 464 δῶ

543 525 888 598 disciplinam
908 525 965 578 in
985 521 1285 594 recipiendo
1310 519 1784 589 sanctiﬁcationem
1804 515 1940 588 ejus,
1967 515 2022 570 id
2051 522 2134 570 est
2161 515 2208 576 Α
2233 523 2316 572 tes
2359 531 2460 573 vos
2497 512 2840 575 infructuosa
2887 519 3210 589 poenitentia
3249 519 3666 580 damnationem
3697 541 3842 583 eum.

541 618 866 692 patientiam
919 625 976 671 et
1013 624 1240 672 caeteras
1278 612 1530 678 virtutes,
1575 609 1847 680 positione
1895 621 2132 678 quarum

546 725 681 768 suos
703 707 1028 766 sanctiﬁcat.
1051 705 1191 773 Quia
1217 704 1296 760 illi
1321 710 1548 774 possent
1566 701 1820 774 objicere,
1849 700 2092 756 dicentes
2114 717 2130 754 :

546 803 685 872 Quis
708 807 888 874 potest
909 799 1019 872 pati
1039 795 1357 870 hujusmodi
1379 793 1751 864 disciplinam,
1776 792 1832 848 in
1859 807 1968 864 qua
1989 807 2135 848 sem-

549 911 650 968 per
672 907 902 960 maeror,
928 905 1208 962 nunquam
1233 885 1533 960 gaudium?
1564 885 1682 957 ipse
1709 885 1854 942 idem
1879 893 1941 940 ut
1962 885 2136 940 solvat

547 987 738 1058 objicit
769 985 896 1053 sibi,
935 983 1161 1040 dicens:
1211 979 1326 1052 Ego
1356 977 1578 1052 quidem
1620 978 1946 1034 commendo
1977 975 2136 1032 vobis

547 1079 868 1151 patientiam
917 1073 1248 1146 disciplinae,
1297 1072 1404 1136 sed.
1447 1080 1634 1133 tamen
1681 1069 1947 1127 conﬁteor
1988 1067 2134 1142 quod

547 1173 720 1227 onuzis
751 1167 1035 1240 disciplina
1056 1167 1112 1221 in
1133 1165 1383 1237 presenti
1413 1173 1642 1235 tempore
1669 1161 1881 1233 quidem
1903 1159 2132 1227 ridetur,

548 1267 638 1323 bis
672 1264 768 1336 qui
811 1261 1156 1333 superﬁciem
1184 1260 1265 1316 rei
1305 1265 1516 1314 tantum
1550 1255 1845 1326 aspiciunt,
1884 1269 1990 1308 non
2025 1269 2138 1310 esse

545 1356 758 1428 gaudii,
797 1355 888 1409 sed
929 1351 1286 1410 solummodo
1320 1349 1580 1404 memoris.
1627 1347 1827 1404 Mmror
1865 1346 2014 1403 enim
2047 1345 2140 1402 hic

545 1463 768 1520 semper.
804 1454 912 1513 est,
951 1459 1236 1516 nunquam
1281 1442 1560 1515 gaudium.
1607 1439 1768 1510 Nunc
1810 1439 2170 1517 solutionem.

547 1541 756 1608 subdit,
784 1539 1002 1596 videtur
1043 1537 1284 1609 quidem.
1309 1536 1366 1590 in
1411 1534 1667 1606 praesenti
1701 1548 1833 1592 esse
1861 1534 2166 1600 maeroris,

549 1630 650 1686 sed.
673 1637 879 1701 postea,
910 1627 964 1684 id
987 1627 1150 1683 estin
1177 1625 1362 1682 futuro
1383 1626 1692 1683 exercitatis
1721 1641 1816 1696 per
1833 1641 1950 1679 eam
1973 1624 2142 1680 disci-

551 1721 793 1792 plinam,
840 1734 952 1774 non
995 1717 1317 1775 adulterinis
1372 1716 1722 1788 extrapositis
1764 1716 1943 1772 reddet
1996 1715 2145 1773 Deus

555 1812 790 1884 fructum
801 1811 1055 1883 justitite.
1080 1810 1343 1866 Fructum
1370 1809 1494 1866 dieo
1527 1825 1634 1864 non
1661 1809 1804 1865 sicut
1825 1807 2038 1865 fructus
2057 1815 2144 1865 est

2232 608 2383 676 dere,
2410 608 2540 680 quia
2561 611 2748 664 scitote
2767 610 2864 664 hoc
2890 611 2956 666 de
2977 610 3142 679 Esau,
3161 612 3301 684 quod
3319 623 3371 668 et
3393 624 3525 671 ante
3549 619 3812 674 venditio—

2233 715 2380 768 nem,
2411 709 2460 755 et
2485 709 2669 773 postea
2695 703 2914 774 cupiens
2937 703 3258 760 Iwreditare
3271 705 3692 764 benedictionem
3714 712 3816 781 prl-

2235 793 2520 866 mogeniti,
2543 795 2852 866 reprobatus
2875 803 2976 864 est,
3000 803 3056 852 et
3093 795 3140 852 si
3161 812 3272 853 non
3297 813 3330 852 a
3357 789 3540 870 patre,
3567 809 3750 858 tamen
3784 818 3818 858 a

2235 884 2368 942 Deo.
2393 884 2534 942 Vere
2562 887 2908 958 reprobatus,
2933 905 3041 943 non
3061 889 3202 944 enim
3227 890 3426 948 inuenit
3453 889 3636 946 locum
3657 896 3813 962 peni-

2237 979 2445 1044 lentim;
2473 979 2728 1050 pmnituit
2747 979 2970 1052 quidem
2999 995 3058 1037 se
3076 983 3390 1040 vendidisse
3406 985 3712 1054 primitiva,
3729 987 3814 1044 sed

2235 1071 2354 1130 haec
2391 1073 2712 1144 paenitentia
2761 1073 2944 1129 locum
2983 1075 3412 1144 opportunitatis
3455 1091 3571 1134 non
3611 1076 3812 1146 habuit,

2236 1164 2540 1234 quanquam
2566 1163 2874 1235 inquisisset
2899 1181 3018 1218 eam
3057 1166 3440 1235 pumitentiam
3485 1184 3620 1224 cum
3649 1169 3812 1243 [acrr-

2236 1253 2364 1309 mis.
2393 1252 2450 1308 Si
2474 1253 2621 1310 enim
2655 1255 3052 1328 lacrymaretnr
3093 1257 3405 1314 conﬁtendo
3435 1269 3742 1330 peccatum,
3767 1271 3818 1318 et

2238 1336 2515 1420 puniendo
2534 1349 2880 1422 iniquitatem
2901 1367 3081 1418 suam,
3105 1351 3288 1409 locum
3309 1353 3544 1410 haberet
3563 1355 3686 1426 ejus
3707 1372 3811 1426 po:—

2239 1439 2498 1506 nitcntia,
2525 1439 2616 1496 sed
2648 1441 2778 1510 quia
2805 1440 2860 1494 in
2889 1441 3026 1512 ipsis
3055 1441 3320 1514 lacrymis
3347 1443 3738 1515 indignabatur
3755 1448 3816 1502 de

2239 1533 2506 1588 electione
2536 1531 2740 1600 fratris,
2759 1534 3009 1606 cegitans
3035 1535 3345 1593 interﬁcere
3365 1535 3682 1606 fratrem,si
3705 1556 3815 1612 pose

2241 1631 2345 1692 set,
2372 1623 2494 1680 ideo
2523 1625 2676 1681 locus
2696 1625 3034 1696 paenitentiae
3059 1627 3166 1698 ipsi
3195 1635 3428 1698 negatus
3459 1639 3568 1686 est.
3616 1629 3816 1688 Debetis

2241 1728 2432 1786 pacem
2459 1726 2515 1772 ct
2547 1717 2966 1773 sanctimoniam
3005 1719 3184 1789 sequi.
3221 1718 3416 1777 Videte
3457 1737 3531 1778 ne
3570 1724 3810 1779 amaritu-

2243 1809 2391 1866 dinis
2415 1809 2568 1868 radix
2601 1810 2870 1882 germinet
2894 1809 2948 1864 in
2974 1811 3152 1878 vobis,
3174 1821 3304 1880 etc.,
3335 1814 3470 1884 quia
3509 1831 3624 1873 non
3651 1833 3814 1874 acces-

563 1902 876 1974 mundi,qni
893 1919 1176 1974 nunquam
1191 1901 1887 1972 estintranquiliitate,sed
1901 1899 2140 1957 fructum
2173 1899 2216 1926 ”
2245 1899 2400 1956 sistis
2420 1900 2489 1957 ad
2519 1900 2690 1972 legem
2715 1900 3117 1972 inspectabilem
3149 1912 3206 1958 et
3241 1905 3550 1961 terribilem
3582 1921 3702 1962 eam
3740 1907 3810 1962 fa-

552 1995 990 2066 pacatissimam,
1028 1995 1081 2051 id
1105 2002 1188 2051 est
1228 1993 1284 2050 in
1322 1993 1473 2050 omni
1500 1993 1682 2065 quiete
1725 1992 2138 2064 possidendum.

557 2086 782 2158 Propter
806 2086 971 2159 quod,
999 2085 1135 2157 quia.
1154 2085 1468 2142 exercitatis
1497 2099 1596 2156 per
1627 2084 1974 2156 disciplinam
2005 2083 2144 2140 adeo

559 2179 841 2238 huctuosa
867 2179 1217 2251 erit-iustitia
1246 2195 1368 2246 sua,
1396 2180 1582 2250 erigite
1603 2178 1726 2234 ideo
1750 2179 1998 2246 remissas
2027 2194 2166 2249 ma-_

554 2292 674 2340 nus,
686 2275 737 2330 id
745 2283 835 2330 est
853 2275 1200 2344 operationes
1215 2273 1522 2340 charitatis,
1535 2271 1688 2343 prius
1704 2272 1969 2338 intensas,
1981 2271 2165 2346 modo.

553 2368 872 2424 dissolutas.
897 2367 1102 2439 Erigitc
1119 2367 1285 2422 etiam
1314 2383 1482 2438 genua
1511 2366 1710 2440 soluta,
1741 2365 1797 2420 id
1825 2374 1910 2423 est
1934 2363 2148 2422 fortitu-

555 2461 738 2517 dinem
778 2459 934 2530 prius
963 2459 1230 2525 habitam,
1256 2474 1403 2514 nunc
1438 2459 1634 2516 timore
1657 2457 1960 2528 disciplinae
1987 2471 2146 2514 reso-

558 2549 752 2608 latum.
783 2551 908 2606 ldco
942 2565 1040 2622 per
1078 2565 1256 2623 genua
1293 2549 1502 2617 soluta,
1537 2549 1890 2609 amissionem
1928 2549 2148 2606 virtutis

558 2643 832 2718 signiﬁcat
851 2642 987 2714 quia.
1032 2643 1090 2698 in
1133 2643 1366 2715 genibus
1406 2641 1559 2714 prius
1583 2651 1810 2714 apparet
1840 2651 2064 2704 tremor,
2099 2642 2148 2698 si

557 2732 766 2790 fuerint
792 2733 1092 2800 dissoluta;
1121 2733 1336 2791 erectio
1362 2732 1410 2791 si
1435 2731 1642 2788 fuerint
1663 2731 1990 2796 confer-tata.
2022 2731 2164 2790 Eri-.

557 2824 668 2896 gite
709 2840 886 2898 genua
922 2836 972 2882 et
1003 2825 1166 2896 facite
1187 2825 1434 2897 pedibus,
1453 2823 1505 2880 id
1539 2835 1625 2882 est
1649 2823 2029 2882 affectionibus
2056 2840 2152 2882 ve-

558 2927 689 2974 strae
723 2916 871 2986 ﬁdei,
908 2927 1075 2973 rectos
1111 2933 1340 2989 gressus.
1377 2916 1594 2975 Primus
1623 2932 1846 2990 gressus
1875 2916 1996 2972 ﬁdei
2043 2926 2149 2983 est,

2243 1993 2406 2050 cienti
2431 2003 2489 2049 et
2510 1993 2782 2061 inutilem,
2810 1993 2955 2051 sicut
2981 1996 3132 2066 prior
3152 1995 3261 2064 lex,
3293 1997 3390 2053 sed
3417 1999 3730 2055 accessistis
3753 1999 3814 2055 ad

2244 2086 2416 2157 legem
2477 2086 2671 2144 multa.
2711 2085 2970 2144 facilitate
3001 2087 3338 2159 jucundam,
3359 2090 3430 2146 ad
3469 2091 3701 2162 gratiam
3731 2091 3814 2146 ad-

2241 2177 2520 2250 jutricem,
2545 2179 2612 2234 ad
2641 2179 2950 2237 caelestium
2992 2165 3515 2252 repromissionem:
3535 2181 3692 2250 Quod
3719 2182 3807 2240 dif-

2246 2269 2368 2328 fuse
2393 2270 2472 2326 ait
2491 2270 2575 2328 sic
2597 2270 2868 2342 incipiens
2891 2282 2914 2325 τι
2938 2287 3042 2328 non
3071 2273 3375 2348 accessistis
3410 2275 3488 2330 ad
3511 2277 3684 2348 ignem
3712 2286 3808 2330 tra-

2245 2363 2494 2420 ctabilem
2521 2372 2572 2418 et
2599 2363 2980 2420 accessibilem.
3003 2358 3064 2420 In
3089 2347 3311 2422 datique
3352 2367 3504 2423 enim
3530 2347 3726 2424 veteris
3745 2361 3808 2426 ἰοί

2247 2457 2330 2530 gis
2357 2455 2498 2527 ignis
2521 2455 2624 2512 fuit
2648 2473 2967 2528 corporeus,
2999 2457 3045 2512 si
3081 2467 3364 2528 pateretur
3399 2457 3552 2517 Deus
3580 2461 3673 2532 qui
3700 2475 3809 2531 pos-

2246 2556 2331 2604 set
2355 2548 2580 2605 tractari
2607 2549 2869 2612 humanis
2897 2550 3174 2618 inanibus,
3201 2560 3257 2607 et
3283 2551 3352 2608 ad
3381 2567 3552 2624 quem
3581 2553 3814 2624 possibile

2247 2652 2396 2700 esset
2415 2643 2692 2700 accedere.
2731 2643 2841 2698 Nec
2872 2643 3191 2722 accessistis
3212 2647 3284 2700 ad
3308 2644 3596 2715 turbinem,
3615 2656 3664 2700 et
3695 2647 3811 2702 coli~

2249 2732 2447 2802 ginem,
2483 2743 2534 2788 et
2573 2733 2884 2802 procellam.
2927 2719 3308 2802 Turbo—enim,
3341 2735 3396 2790 id
3421 2743 3511 2792 est
3550 2745 3811 2792 ventorum

2249 2821 2645 2879 commotioibi
2666 2820 2794 2891 fuit,
2827 2832 2884 2879 et
2925 2823 3216 2880 tenebrosa
3259 2825 3436 2898 caligo
3481 2835 3541 2883 et
3581 2829 3812 2898 procella.

2257 2912 2440 2970 Ventis
2467 2914 2612 2970 enim
2635 2916 3060 2986 percellentibus
3079 2931 3141 2975 se
3165 2917 3420 2986 invicem,
3449 2921 3702 2976 contusio
3714 2927 3814 2976 erat

557 3008 837 3076 conﬁteri;
859 3007 1083 3072 deinde,
1100 3008 1148 3066 si
1171 3023 1394 3065 necesse
1415 3009 1508 3076 sit,
1527 3007 1671 3079 pati:
1691 3007 1766 3062 ita
1789 3015 1968 3070 rectos
1989 3005 2166 3069 facite
2252 3005 2554 3086 grandinis.
2593 3003 2702 3064 Nec
2723 3008 2796 3062 ad
2823 3024 3011 3064 sonum
3050 3008 3210 3076 tuba,
3241 3018 3295 3064 et
3325 3025 3500 3066 cotem
3532 3011 3812 3075 verberent;

555 3111 616 3158 ut
644 3117 749 3155 non
769 3109 906 3156 erret
931 3101 1127 3172 aliquis
1153 3111 1400 3158 vestrum
1430 3099 1694 3159 recedens
1723 3097 2028 3160 at'ia'ﬁdci.
2050 3114 2155 3156 nec
2253 3099 2477 3170 clangor
2495 3097 2640 3154 enim
2675 3099 2930 3156 tubarum
2959 3109 3018 3156 ct
3041 3101 3252 3157 vocalia
3295 3102 3465 3158 verba
3498 3103 3698 3160 ibidem
3727 3120 3813 3160 aue

559 3195 754 3250 saltem
785 3193 858 3250 sit
879 3193 1191 3250 claudicans
1232 3192 1289 3248 in
1329 3193 1446 3258 via;
1473 3199 1662 3264 posset
1689 3190 1835 3248 enim
1871 3191 2030 3246 ﬁdem
2073 3198 2154 3257 te-
2179 3216 2224 3279 ε
2255 3188 2377 3245 dita
2397 3199 2546 3259 sunt,
2573 3207 2732 3263 quam
2757 3206 2948 3248 vocem
2973 3191 3258 3265 Judaeiqui
3281 3194 3592 3263 audierunt,
3616 3211 3814 3252 mssa-

559 3302 722 3351 nere,
739 3300 874 3342 sane
900 3285 1152 3353 credens,
1187 3283 1354 3358 ωε
1376 3294 1432 3340 et
1457 3283 1778 3343 claudicare
1804 3283 1859 3337 in
1888 3281 2044 3348 ea,si
2079 3281 2150 3336 ti—
2257 3293 2439 3341 verunt
2477 3302 2552 3351 se,
2581 3287 2940 3344 ohlendentes
2973 3286 3322 3361 fragilitatem
3363 3307 3546 3359 suam,
3588 3309 3652 3348 ne
3687 3291 3818 3362 ﬁeret

562 3390 740 3437 meret
757 3380 1031 3437 conﬁteri.
1053 3379 1120 3435 Et
1141 3395 1241 3451 pro
1265 3379 1566 3436 assertione
1587 3377 1711 3435 ﬁdei
1739 3393 1848 3434 non
1879 3385 2024 3446 erret
2052 3375 2162 3452 alit.

563 3472 711 3544 quis,
739 3472 844 3527 .sed
878 3473 1051 3543 magis
1075 3481 1295 3527 sanetur
1313 3471 1384 3527 ab
1406 3483 1617 3537 errore,
1641 3469 1689 3526 si
1712 3467 1848 3525 forte
1868 3467 2154 3532 erraverit.

567 3560 638 3620 Ut
663 3573 847 3620 autem
887 3565 1021 3622 rceti
1043 3564 1154 3620 sint
1173 3579 1396 3636 gressus
1423 3563 1614 3626 vestri,
1653 3563 1934 3634 sequimini
1973 3579 2160 3632 pacem.

565 3673 684 3711 eum
709 3655 974 3724 omnibus,
1015 3655 1180 3713 etiam
1204 3670 1334 3711 cum
1369 3654 1632 3710 inimicis.
1659 3651 1961 3724 Sequimini
1989 3655 2154 3709 etiam

562 3747 994 3816 sanctimoniam,
1034 3747 1087 3804 id
1123 3755 1208 3804 est
1236 3761 1455 3803 omnem
1491 3745 1864 3815 sanctitatem,
1905 3745 2019 3802 sine
2049 3761 2160 3816 qua.

561 3857 698 3914 pace
721 3851 782 3898 et
815 3841 1182 3898 sanctimonia
1209 3841 1363 3898 nemo
1387 3839 1582 3896 videbit
1607 3839 1803 3896 Deum.

631 3929 922 4000 Quomodo
955 3931 1318 3992 sanctimonia
1341 3929 1622 4002 sequenda.
1641 3930 1734 4000 sit,
1763 3931 2043 3998 insinuat,
2061 3928 2152 3986 di-

563 4039 704 4082 rns—
735 4043 749 4079 :
799 4023 1130 4096 Sequimini
1153 4023 1606 4092 sanctimoniam,
1631 4023 2042 4097 contemplantes
2091 4038 2157 4078 ne.

563 4119 683 4190 quis
707 4127 952 4174 vestrum
980 4117 1117 4172 desit
1137 4117 1329 4188 gratia
1353 4115 1485 4181 Dei;
1507 4115 1682 4189 gratia
1707 4117 1862 4172 enim
1913 4114 2011 4170 Dei
2051 4131 2153 4186 pa-

565 4221 686 4265 rata
714 4218 803 4266 est
817 4209 1182 4277 vobis,vidcte
1202 4225 1271 4264 ne
1299 4209 1578 4280 repellatis
1595 4224 1750 4278 eam;
1775 4209 2158 4279 contemplan-

566 4313 650 4360 tes
671 4305 837 4359 ctiam
865 4319 928 4358 ne
969 4301 1156 4374 aliqua
1177 4301 1356 4368 radix,
1385 4301 1440 4357 id
1465 4311 1554 4358 est
1589 4301 1868 4372 suggestio
1919 4301 2152 4371 peccati,

567 4395 746 4452 Radix
769 4397 895 4453 dico
936 4397 1336 4462 amaritudinis,
1381 4397 1513 4454 licet
1535 4397 1761 4469 quidam
1796 4401 1989 4468 putent
2029 4411 2158 4456 esse

2251 3377 2331 3431 eis
2353 3376 2591 3440 verbum,
2623 3377 2678 3432 id
2702 3387 2796 3434 est
2849 3393 2920 3436 ne
2953 3377 3239 3451 Dominus
3257 3382 3578 3454 loqueretur
3605 3383 3704 3450 eis,
3731 3379 3824 3437 seti-

2254 3464 2452 3542 Moysi,
2473 3475 2530 3524 et
2557 3467 2768 3541 Moyses
2790 3469 2946 3535 illisf:
2967 3469 3090 3527 ideo
3119 3471 3200 3530 sic
3221 3488 3282 3530 se
3298 3473 3824 3545 exeusaveruntesie-

2255 3576 2360 3616 non
2405 3560 2714 3630 portabant,
2771 3560 2823 3616 id
2862 3570 2949 3618 cst
2996 3577 3110 3618 non
3160 3572 3412 3634 poterant
3451 3574 3672 3636 portare
3702 3564 3812 3620 illud

2252 3654 2392 3726 quod
2415 3653 2690 3708 dicebatur
2709 3655 2806 3710 eis.
2835 3653 2982 3713 Deus
3003 3655 3128 3712 ideo
3157 3658 3212 3713 in
3235 3667 3386 3718 tanta
3414 3661 3704 3730 asperitate
3727 3668 3796 3714 ter

2254 3745 2399 3802 roris
2427 3747 2596 3818 legem
2628 3747 2794 3802 dabat
2812 3747 2916 3814 eis,
2945 3747 3076 3818 quia
3103 3747 3310 3804 sciebat
3330 3763 3429 3820 per
3451 3749 3724 3805 leuitatem
3737 3747 3809 3802 dio

2256 3839 2512 3897 lectionis
2535 3839 2612 3895 nil
2635 3839 2760 3896 boni
2782 3854 2880 3897 eos
2898 3848 3250 3912 speraturos,
3271 3849 3326 3898 et
3367 3841 3492 3898 ideo
3517 3841 3678 3912 quasi
3713 3855 3812 3895 ser-

2253 3947 2354 3990 vos
2375 3947 2472 4004 per
2498 3932 2767 4004 supplicia
2784 3933 3076 4004 cogendos.
3110 3931 3559 4005 Praesignabatnr
3588 3934 3742 3990 etiam
3762 3932 3812 3985 in

2253 4030 2406 4080 tanta
2453 4023 2854 4094 multiplicitate
2897 4031 3168 4082 terrorum
3203 4039 3301 4082 cos
3343 4039 3630 4097 nunquam
3673 4035 3816 4096 potu

2252 4125 2474 4190 portare
2499 4119 2672 4191 legem
2699 4118 2870 4176 illam.

2324 4204 2604 4268 Etdictiim
2629 4221 2747 4284 erat
2769 4212 2822 4266 in
2849 4208 3162 4284 acceptione
3182 4209 3340 4282 legis,
3357 4211 3491 4283 quia
3509 4211 3558 4268 si
3583 4209 3818 4268 best'nte-

2253 4301 2436 4374 tigerit
2462 4312 2700 4358 montem
2739 4302 2912 4367 illiilli,
2947 4301 3002 4355 in
3027 4317 3140 4372 quo
3157 4301 3390 4357 dabatur
3427 4301 3538 4368 lex,
3577 4298 3818 4372 lapidatus

2253 4393 2569 4464 tur(lt‘aod.
2625 4408 2742 4462 xix,
2806 4393 2917 4464 12).
2972 4391 3074 4451 Vel
3121 4393 3422 4450 Secundum
3461 4393 3718 4464 quosdam
3754 4405 3810 4446 cx

523 4544 530 4560 ,
564 4487 898 4556 dulcedinis,
913 4489 1112 4558 videte,
1147 4489 1397 4562 inquam,
1435 4505 1502 4546 ne
1530 4489 1686 4545 radix
1712 4489 2027 4560 huiusmodi
2051 4491 2155 4544 im—
2185 4562 2196 4563 ί
2249 4485 2580 4563 judicio,vel
2607 4485 2908 4542 secundum
2923 4485 3066 4542 alios
3089 4499 3160 4540 ex
3177 4483 3463 4557 grandinis
3491 4483 3818 4542 confusione;

521 4569 530 4598 ³
563 4581 744 4651 pediat
764 4597 884 4649 vos,
907 4581 1208 4654 germinans
1235 4596 1468 4648 sursum,
1505 4581 1560 4636 id
1591 4591 1676 4636 est
1703 4595 2077 4652 prorumpens
2095 4580 2160 4636 in
2183 4562 2232 4619 Ῐ)
2254 4576 2382 4635 Haec
2407 4578 2594 4634 omnia
2627 4593 2725 4649 per
2757 4577 3072 4649 oppositum
3099 4575 3411 4650 ﬁgurabant
3428 4576 3701 4634 dationem
3724 4587 3811 4628 no-

565 4683 750 4730 actum
781 4673 1012 4744 peccati.
1051 4667 1208 4730 Tune
1235 4673 1383 4730 enim
1406 4671 1684 4745 suggestio
1709 4686 1930 4728 sursum
1953 4670 2156 4744 germi-
2254 4685 2338 4726 va:
2369 4669 2530 4742 legis.
2553 4667 2674 4726 Nos
2690 4669 2839 4725 enim
2870 4667 3192 4740 accipiendo
3212 4669 3472 4740 gratiam,
3497 4668 3818 4726 accessimus

565 4776 681 4834 lat,
711 4783 838 4824 cum
871 4765 1018 4837 quod
1045 4765 1188 4822 male
1209 4766 1403 4822 suadet
1430 4780 1530 4837 per.
1557 4774 1740 4822 actum
1780 4771 2153 4820 consummat.

567 4856 759 4916 Videte
783 4875 854 4916 ne
879 4865 996 4930 qua
1017 4858 1178 4914 radix
1215 4857 1298 4914 sic
1321 4873 1420 4914 vos
1456 4856 1744 4928 impediat,
1781 4863 1833 4911 et
1869 4871 1962 4927 per
1997 4851 2156 4913 illam

567 4957 791 5006 sursum
813 4951 1212 5022 germinantem
1251 4944 1594 5022 inquinentur
1635 4947 1812 5014 multi,
1859 4947 2152 5018 proniores

569 5040 639 5097 ad
660 5041 1018 5098 imitationem
1048 5041 1427 5114 turpitudinis,
1453 5055 1618 5112 quam
1651 5039 1974 5095 honestatis.
2007 5037 2156 5093 Con-

570 5133 896 5204 templantes
916 5134 1084 5190 etiam
1113 5150 1176 5188 ne
1211 5135 1331 5206 quis
1353 5141 1600 5189 vestrum
1637 5131 1711 5188 sit
1738 5131 2032 5202 fornicator
2061 5137 2155 5184 aut

568 5223 849 5295 profanus,
876 5224 1085 5280 cultum
1114 5223 1212 5280 Dei
1239 5224 1522 5302 deserens,
1548 5223 1689 5278 sicut
1731 5219 1836 5276 fuit
1856 5219 2026 5286 Esau,
2063 5217 2154 5290 qui

567 5323 784 5388 propter
803 5333 964 5372 uuam
990 5333 1168 5372 escam
1193 5316 1578 5372 lenticularum
1606 5313 1843 5370 vendidit
1889 5313 2155 5383 primoge-

569 5411 684 5464 nita
719 5426 818 5464 sua
847 5405 1011 5468 fratri
1029 5421 1134 5465 suo
1157 5407 1348 5466 Iacob.
1381 5407 1458 5464 lle
1484 5408 1846 5467 iet-iiicatiOIe
1866 5405 2013 5464 Esau
2042 5420 2158 5462 non

569 5501 700 5558 alibi
724 5502 1057 5559 invenimus.
1096 5499 1194 5557 Vel
1231 5501 1278 5556 si
1307 5499 1581 5572 allegoria:
1629 5499 1965 5562 insistimus,
1995 5497 2150 5554 dica-

568 5607 695 5649 mus
719 5592 796 5648 ita
818 5606 887 5654 ne
919 5592 992 5648 sit
1014 5591 1140 5663 quis
1174 5591 1472 5647 fornicator
1511 5591 1571 5646 in.
1591 5589 1907 5665 .cultuDei.
1953 5587 2150 5645 Foroi-

567 5695 787 5742 eatores
818 5684 1096 5757 erantqui
1121 5684 1245 5742 ﬁdei
1271 5682 1478 5740 Christi
1503 5673 1878 5755 necessariam
1899 5695 2024 5738 esse
2045 5679 2152 5737 eir-

569 5773 964 5828 cnmcisionem
987 5773 1320 5841 credebant;
1345 5780 1461 5840 aut,
1491 5786 1560 5827 uc
1595 5771 1720 5843 quis
1759 5772 1833 5826 sit
1865 5768 2150 5840 profanus,

571 5865 742 5940 ﬁdem
765 5864 982 5937 penitus
1006 5865 1291 5924 deserens.
1321 5863 1400 5922 Ne
1429 5865 1554 5922 sitis
1592 5863 1736 5922 sicut
1764 5862 1928 5930 Esau,
1954 5872 2153 5932 putan-

2254 4761 2322 4818 ad
2349 4761 2552 4834 ignem,
2593 4761 2648 4818 id
2692 4767 2780 4818 est
2803 4761 2871 4816 ad
2915 4761 3168 4819 ardorem
3211 4759 3450 4832 Spiritus
3493 4760 3686 4826 sancti,
3727 4770 3820 4814 nec

2255 4853 2618 4921 tractabilem,
2649 4867 2754 4908 nec
2777 4851 3182 4921 accessibilem,
3213 4851 3310 4908 scd
3339 4852 3700 4922 spiritualem.
3728 4845 3820 4902 So-

2255 4959 2362 4998 nus
2384 4943 2527 5000 tuine
2557 4941 2650 5012 qui
2679 4941 2846 5014 410
2873 4941 2976 4997 fuit
2997 4942 3092 5008 ibi,
3123 4943 3534 5014 suggestionem
3561 4941 3816 5014 signiﬁca-

2253 5036 2352 5100 vit.
2383 5050 2507 5106 quae
2534 5033 2614 5090 sic
2635 5034 2704 5089 ad
2735 5043 2917 5090 actum
2943 5035 3178 5105 peccati,
3207 5043 3266 5088 ut
3300 5035 3432 5089 tuba
3469 5042 3722 5104 provocat
3755 5027 3820 5088 ad

2251 5127 2481 5186 bellum.
2512 5125 2729 5192 Quanto
2771 5126 2951 5198 magis
2980 5126 3128 5181 enim
3176 5123 3381 5181 Judreis
3425 5125 3818 5196 prohibebatur.

2252 5227 2405 5274 tanto
2433 5217 2717 5273 ardentius
2747 5217 2978 5274 ruebant
2999 5217 3058 5272 in
3079 5216 3332 5274 vetitum.
3365 5215 3448 5272 Ibi
3497 5217 3694 5274 iterum
3731 5213 3822 5268 fuit

2252 5307 2444 5376 turbo,
2473 5309 2527 5365 id
2546 5318 2634 5366 est
2657 5309 2956 5366 commotio
2977 5309 3416 5382 suggestionem,
3441 5318 3604 5368 actus
3629 5306 3820 5365 scilicet

2251 5394 2478 5474 peccati.
2503 5401 2563 5456 lu
2586 5416 2734 5457 nova
2759 5401 2936 5474 gratia
2965 5411 3024 5458 et
3044 5401 3351 5473 suggestio,
3373 5409 3430 5457 et
3451 5394 3821 5472 actuszpeccati

2257 5480 2588 5550 removetur.
2614 5493 2693 5548 ibi
2721 5493 2920 5550 iterum
2940 5491 3044 5548 fuit
3074 5493 3338 5564 procella.
3384 5491 3439 5549 id
3475 5501 3560 5548 est
3588 5477 3851 5548 contudit.

2256 5586 2559 5660 grandinis,
2587 5587 2796 5643 scilicet
2819 5585 3160 5644 consuetudo
3179 5585 3464 5656 peccandi.
3489 5584 3612 5640 Fuit
3635 5584 3813 5640 item!

2255 5681 2456 5752 caligo,
2478 5679 2531 5736 id
2555 5688 2642 5736 est
2668 5662 3002 5747 excascatio,
3033 5693 3104 5734 ex
3143 5677 3542 5735 consuetudine
3578 5667 3810 5746 perandi

2259 5772 2580 5842 procedens.
2611 5769 2672 5826 in
2699 5771 2872 5842 gratia
2896 5771 2999 5826 ista
3023 5779 3078 5824 et
3097 5769 3442 5826 consuetudo
3463 5763 3710 5839 peccandi
3733 5775 3806 5815 re-

2258 5873 2408 5933 mota
2435 5872 2520 5920 est
2576 5873 2634 5920 et
2651 5861 2835 5919 omnis
2859 5860 3437 5930 caecitasilluminata;
3482 5860 3561 5915 ibi
3603 5858 3802 5914 initi-es
