3988 6434
198 392 307 452 561

847 389 1214 449 exposmo
1242 386 1317 447 1N
1350 389 1735 449 EPISTULAS
1771 391 1998 453 PAULI.
2035 425 2103 434 —
2140 368 2208 449 lN
2247 392 2465 456 EPIST.
2508 398 2601 453 an
2628 400 2831 458 uena.

3373 411 3475 468 569

197 505 525 574 verborum,
562 517 731 577 quam
777 505 970 563 audire
1012 514 1328 577 potuerunt.
1373 504 1475 562 Hic
1510 506 1870 578 inspiratioA
1898 521 1966 562 eo
1995 507 2049 563 in
2082 508 2460 568 immobilitate
2486 513 2784 584 regnaturi.
2810 512 2909 570 Vel
2931 515 3029 584 ita,
3058 519 3184 589 quia
3213 524 3474 582 translata

160 658 165 667 ,
201 598 464 667 interius,
493 613 658 671 quam
689 597 785 671 qui
824 597 1092 670 praelibat,
1127 599 1304 654 multo
1325 598 1598 655 desiderio
1624 599 1798 655 currit

156 756 161 759 _
201 698 275 745 ut
290 690 737 761 comprehendat.
761 688 843 745 llli
868 704 978 747 non
1000 692 1296 762 portabant
1319 692 1465 762 quod
1486 691 1792 747 dicebatur.

195 779 363 841 Onus
396 790 581 839 autem
612 782 783 853 hujus
799 782 940 849 leve,
952 791 1007 838 et
1021 782 1216 855 jugum
1243 798 1413 839 suave
1435 791 1520 839 est
1548 782 1794 853 (Matth.,

201 888 287 940 xi,
316 871 432 943 30).
461 871 541 927 lbi
567 871 778 929 dictum
813 871 917 928 fuit
944 891 962 929 ς
995 871 1054 930 Si
1085 872 1262 931 bestia
1290 874 1528 946 tetigerit
1555 882 1798 931 montem

164 964 545 1038 .iapidabitur
575 964 777 1038 (Exod.
811 981 926 1033 XIX,
953 965 1064 1037 12),
1088 967 1217 1037 quia
1241 966 1334 1023 hic
1367 967 1415 1023 si
1450 968 1575 1040 quis
1593 968 1799 1026 bestia-

166 1122 171 1127 ο
201 1056 279 1112 iis
318 1056 465 1123 vitas,
503 1063 561 1112 et
610 1055 919 1113 intellectus
948 1050 1202 1128 posuerit
1230 1075 1294 1115 os
1331 1074 1493 1116 suum
1540 1061 1796 1132 blasphe-

202 1148 418 1204 mando
454 1148 510 1205 in
541 1139 806 1218 montem,
843 1150 900 1206 id
926 1159 1011 1206 est
1045 1150 1103 1206 in
1133 1145 1497 1221 divinitatem,
1533 1151 1796 1224 lapidabi-

172 1250 322 1307 _tur,
379 1249 649 1299 contusus
684 1241 931 1312 potentia
973 1243 1214 1311 deitatis,
1252 1252 1309 1300 et
1344 1258 1411 1300 eo
1461 1246 1609 1316 quod
1662 1229 1800 1302 adeo
1866 1260 1869 1263 λ

174 1396 177 1401 ι
205 1332 465 1390 terribile
490 1341 610 1390 erat
637 1334 788 1404 quod
822 1334 1130 1404 videbatur,
1157 1336 1232 1392 ita
1258 1337 1396 1394 dixit
1418 1338 1532 1408 ipse
1552 1338 1795 1411 Moyses:

171 1482 177 1491 ,
209 1424 531 1480 Exterritus
563 1442 681 1481 sum
721 1427 930 1495 animo,
956 1440 1009 1482 et
1045 1431 1415 1489 tremebundus
1440 1446 1689 1503 corpore.
1717 1431 1799 1489 Ad

205 1515 390 1588 legem
426 1518 653 1576 terroris
694 1528 751 1576 et
790 1520 1039 1577 inutilem
1080 1538 1187 1578 non
1215 1525 1555 1592 accessistis,
1595 1526 1689 1581 sed
1729 1525 1799 1579 ad

207 1606 375 1673 Sion,
403 1610 461 1664 id
484 1618 568 1666 est
588 1610 658 1666 ad
685 1612 854 1669 vitam
884 1614 1298 1683 speculativam.
1332 1614 1468 1671 Sion
1497 1616 1624 1673 dico
1651 1633 1802 1672 mon-

1897 601 2198 657 manebunt
2237 605 2423 660 omnia
2473 605 2793 674 immobilia,
2838 608 3023 693 itaque
3070 627 3172 668 nos
3207 615 3301 686 qui
3347 625 3476 675 tunc

1897 694 2105 751 erimus
2135 697 2496 767 suscipientes
2524 714 2753 771 regnum
2778 700 2911 757 illud
2946 702 3247 773 immobile,
3272 706 3477 765 habea-

1898 798 2023 839 mus
2047 785 2285 855 aliquam
2317 788 2569 859 gratiam,
2593 804 2685 860 per
2716 806 2877 862 quam
2915 791 3181 861 placentes
3219 794 3329 850 Deo
3369 814 3471 852 ser-

1860 896 1865 903 '
1896 878 2104 932 viamus
2133 878 2202 944 ei,
2226 895 2345 933 cum
2374 889 2515 934 metu
2542 881 2712 937 animi
2732 892 2781 937 et
2803 888 3112 953 reverentia,
3137 885 3190 943 id
3211 896 3297 944 est
3318 888 3480 945 timo-

1898 984 1960 1025 re
1984 970 2237 1040 corporis
2258 981 2311 1026 et
2334 973 2668 1029 exhibitione
2696 975 2944 1053 honoris.
2968 974 3200 1036 Necesse
3231 990 3315 1037 est
3333 981 3480 1037 enim

1899 1067 1963 1114 ut
1981 1061 2287 1117 serviamus
2316 1060 2427 1118 Deo
2452 1076 2588 1119 cum
2612 1074 2761 1145 metu
2796 1060 3235 1137 et‘reverentiaf;
3287 1072 3481 1125 etenim

1903 1152 2044 1209 Deus
2072 1168 2250 1211 noster
2294 1167 2373 1214 est
2408 1160 2544 1230 ignis
2584 1164 2917 1231 consumens,
2953 1162 3007 1219 id
3051 1173 3140 1221 est.
3167 1180 3481 1237 excoqucus

1898 1242 2060 1317 411
2099 1245 2278 1305 omnis
2307 1251 2516 1320 peccati
2546 1253 2875 1324 rubiginem,
2905 1263 2959 1310 et
2992 1254 3115 1312 ideo
3147 1272 3371 1313 necesse
3398 1266 3482 1314 est

1900 1347 1962 1395 ut
1993 1354 2250 1415 purgatos
2272 1342 2514 1399 inveniat
2536 1360 2644 1398 non
2668 1345 3000 1417 purgandos.

2491 1432 2725 1490 CAPUT
2763 1432 2899 1489 XIII.

1978 1549 1997 1581 ι
2041 1527 2297 1586 Charitas
2314 1525 2669 1582 fraternitatis
2684 1522 2902 1581 maneat
2915 1526 2969 1581 in
2982 1526 3158 1595 vobis,
3175 1540 3229 1584 et
3240 1526 3483 1599 hospita.

1908 1642 1927 1675 ι
1972 1622 2180 1677 litalem
2208 1620 2378 1675 nolite
2411 1617 2679 1675 oblivisci.
2730 1616 2834 1674 Per
2871 1618 3016 1686 banc
3066 1618 3209 1673 enim
3260 1621 3481 1691 placue-

207 1710 346 1766 lem.
370 1701 425 1757 id
446 1710 531 1758 est
559 1703 849 1760 altitudine
874 1707 1140 1762 virtutum
1167 1708 1519 1777 eminentem,
1543 1716 1593 1763 et
1629 1709 1702 1764 ad
1724 1710 1803 1763 ci-
1874 1732 1881 1737 ·
1906 1732 1928 1767 ι
1975 1723 2101 1769 runt
2128 1712 2349 1783 quidam
2372 1697 2584 1782 angelis
2610 1709 2850 1781 hospitio
2871 1710 3125 1782 receptis.
3164 1709 3487 1767 Mementote

212 1791 445 1849 vitalem
474 1790 575 1846 Πεί
596 1793 839 1861 vitlem“.
867 1794 921 1850 id
941 1804 1029 1851 εει
1049 1795 1262 1853 CiVibuS
1295 1796 1413 1854 suis
1440 1797 1610 1853 Vitam
1638 1804 1801 1853 able!"-
1834 1814 1875 1875 _’
1909 1826 1927 1859 ι
1974 1806 2300 1870 vinctorum,
2334 1812 2592 1875 tanquam
2621 1802 2787 1859 simul
2807 1802 2997 1871 vincti,
3022 1815 3077 1858 ει
3098 1792 3487 1867 laborantium,

202 1897 343 1947 nam
373 1883 579 1951 dantis,
614 1884 824 1941 scilicet
850 1886 919 1942 ad
943 1888 1225 1945 cmlestem
1253 1887 1617 1958 Hierusalem,
1652 1900 1703 1947 et
1729 1891 1801 1945 ad
1833 1864 1878 1921 Β
1907 1915 1927 1949 ι
1970 1907 2228 1965 tanquam
2255 1864 2526 1964 etipsiin
2567 1909 2797 1964 corpore
2831 1864 3128 1948 morantes.
3154 1864 3491 1949 Honorabili:

208 1973 575 2045 frequentiam
616 1974 907 2033 multorum
946 1976 1177 2033 millium
1207 1978 1536 2051 angelorum,
1580 1991 1642 2036 ut
1673 1988 1798 2037 cum
1878 2004 1926 2041 ‘i
1968 1986 2304 2045 connubium
2355 1985 2413 2041 in
2447 1985 2732 2051 omnibus,
2789 1991 2844 2040 et
2882 1992 3043 2040 torus
3078 1984 3485 2041 immaculatus.

182 2064 290 2145 [eis
314 2064 372 2119 in
396 2064 669 2137 gloriaDei
690 2068 1015 2138 personetis,
1043 2078 1107 2125 ’et
1134 2070 1205 2124 ad
1239 2069 1539 2127 Ecclesium
1568 2073 1803 2143 primiti-

1915 2099 1927 2134 ι
1972 2079 2355 2136 Fornicatorcs
2402 2076 2551 2134 enim
2592 2084 2647 2133 et
2692 2075 2969 2132 adulteros
3006 2073 3274 2146 judicabit
3321 2073 3487 2130 Deus.

204 2173 418 2225 eorum,
449 2158 505 2213 id
552 2167 637 2214 est
682 2161 1119 2231 patriarcharum
1148 2171 1206 2219 et
1249 2165 1661 2236 prophetarum,
1711 2167 1802 2238 qui

1915 2190 1927 2227 ι
1974 2169 2095 2227 Sint
2137 2185 2320 2227 mores
2360 2170 2481 2225 sine
2525 2165 2777 2235 avaritia,
2831 2164 3071 2222 contenti
3106 2165 3488 2235 praesentibus.

201 2251 502 2322 conscripti
526 2261 650 2309 sunt
685 2261 969 2313 senatores
994 2256 1054 2310 in
1087 2256 1258 2324 caelis,
1303 2264 1354 2312 et
1388 2257 1459 2312 ad
1494 2257 1665 2313 Deum
1693 2256 1803 2314 Pa--

205 2351 354 2403 trem
382 2345 623 2409 omnium
641 2345 905 2416 judicent,
926 2356 982 2404 ει
1000 2349 1072 2404 ad
1092 2350 1314 2421 spiritus
1325 2350 1597 2421 justorum
1616 2359 1667 2406 et
1685 2360 1805 2423 per-

206 2436 499 2507 (ceterum,
530 2437 585 2493 id
607 2448 693 2501 est
712 2454 856 2509 quos
907 2439 1147 2512 Spiritus
1183 2451 1407 2500 sanctus
1446 2444 1627 2514 justos
1675 2443 1808 2500 facit

186 2537 263 2584 ,ει
313 2528 623 2600 perfectos,
674 2542 896 2604 propter
936 2535 1285 2595 diversitates
1319 2536 1613 2593 donorum.
1651 2536 1807 2595 Sicut

202 2617 456 2677 Joannes
480 2621 646 2691 solet,
665 2624 951 2693 pluraliter
970 2626 1046 2681 ait
1076 2625 1340 2697 Spiritus.
1383 2627 1455 2682 Et
1492 2630 1806 2687 accessistis

192 2711 280 2771 ,ad
294 2709 486 2766 Iesum
506 2713 743 2771 datorem
759 2712 896 2771 Novi
919 2714 1256 2774 Testamenti.
1271 2717 1369 2776 Vel
1384 2719 1459 2775 ita
1469 2720 1717 2777 dicamus
1737 2722 1804 2777 ad

207 2800 511 2860 Dominum
529 2806 867 2874 omnium,et
880 2808 949 2863 ad
972 2807 1145 2864 Deum
1163 2810 1477 2884 spirituum,
1496 2812 1550 2868 id
1571 2822 1656 2869 est
1677 2813 1805 2870 ani»-

204 2910 432 2953 marum
457 2897 738 2970 justorum
762 2898 1157 2971 perfectorem.
1644 2960 1647 2965 ,

288 2988 622 3050 Aecessistis
640 2992 810 3048 etiam
833 2992 903 3047 ad
925 2995 1284 3064 aspersionem
1308 2997 1604 3067 sanguinis,
1633 2996 1685 3052 id
1723 3007 1809 3053 est

198 3081 284 3141 .sd
322 3082 653 3153 sanguinem
687 3083 927 3152 Christi,
962 3101 1077 3156 quo
1112 3088 1325 3158 aspersi
1366 3089 1613 3145 mundati
1649 3089 1803 3145 estis.

210 3171 554 3245 Sanguinem
575 3173 784 3233 Christi
812 3176 1257 3249 .dicoloquentem
1279 3180 1470 3243 melius
1495 3194 1656 3252 quam
1678 3197 1807 3236 san-

209 3264 440 3335 guinem
476 3264 610 3321 Abel
643 3266 711 3323 de
743 3282 857 3338 quo
877 3268 1151 3340 scriptum
1177 3279 1307 3351 est:
1353 3289 1372 3325 t
1422 3271 1658 3344 Sanguis
1692 3271 1806 3328 fra-

208 3355 317 3412 tris
347 3357 431 3412 tui
451 3357 589 3413 Abel
611 3359 812 3416 clamat
838 3361 906 3417 ad
929 3377 1019 3419 me
1048 3363 1303 3421 deterra
1348 3363 1500 3438 (Gen.
1540 3354 1615 3433 tv,
1636 3365 1748 3436 id);
1784 3385 1802 3419 ι

204 3448 348 3526 ideo
375 3450 576 3507 melius
603 3452 732 3522 quia
764 3455 993 3527 sanguis
1045 3456 1201 3512 Abel.
1236 3457 1534 3524 ultionem,
1583 3460 1809 3530 sanguis

208 3539 433 3597 Christi
456 3542 661 3601 clamat
688 3545 1099 3604 remissionem.
1114 3547 1183 3605 Et
1203 3550 1584 3623 quia’sanguis
1603 3542 1810 3607 Christi

208 3628 471 3701 loquitur
520 3648 620 3703 pro
659 3634 837 3701 vobis,
878 3638 1266 3711 videte-itaque
1302 3656 1368 3695 ne
1400 3639 1543 3696 male
1575 3640 1807 3714 agendo,

215 3722 475 3777 recusetis
513 3722 666 3778 illum
692 3723 995 3797 loquentem
1020 3743 1124 3803 pro
1140 3729 1300 3785 vobis
1328 3729 1459 3800 quia
1507 3730 1654 3785 malo
1682 3745 1808 3787 ves-

212 3821 328 3880 tro,
351 3813 403 3869 si
432 3816 720 3873 recusatis.
748 3815 810 3874 Si
837 3819 980 3875 enim
1008 3819 1095 3875 illi
1126 3830 1438 3876 recusantes
1463 3836 1583 3877 eum
1611 3823 1701 3894 qui
1730 3823 1811 3877 lo-

212 3903 485 3977 quebatur
503 3923 662 3979 super
683 3919 900 3980 terram,
926 3911 984 3967 id
1011 3921 1098 3970 est
1129 3911 1375 3985 Moysen,
1409 3914 1495 3969 vel
1531 3915 1808 3986 angelum,

214 4013 327 4058 non
345 3998 646 4071 eiugerunt
673 4001 935 4061 ultionem
958 4045 975 4072 ,
1019 4003 1188 4060 multo
1214 4005 1384 4077 magis
1415 4021 1511 4061 nos
1543 4022 1653 4061 non
1677 4008 1813 4062 etfu-

215 4087 438 4157 giemus
469 4091 561 4161 qui
583 4093 868 4149 avertimus
901 4093 1071 4150 Deum
1095 4094 1390 4168 loquentem
1410 4097 1581 4162 nobis,
1611 4113 1719 4153 non
1745 4099 1814 4155 de

216 4188 395 4252 tura,
421 4184 518 4240 sed
542 4184 607 4243 de
633 4185 800 4242 caelis.
838 4185 952 4243 Vox
980 4188 1132 4259 cujus
1153 4188 1451 4260 loquentis,
1480 4199 1602 4245 tunc
1634 4191 1688 4247 in
1717 4191 1814 4247 da-

218 4273 377 4331 tione
400 4276 601 4341 veteris
625 4276 761 4351 legis
783 4287 983 4335 terram
1020 4282 1203 4348 movit,
1241 4297 1380 4337 nunc
1419 4292 1597 4338 autem
1636 4300 1815 4355 repro—

219 4367 394 4423 mittit
414 4367 475 4422 in
496 4368 730 4441 Aggato,
753 4370 934 4426 dicens
959 4388 981 4427 :
1008 4372 1194 4428 Adhuc
1223 4371 1385 4428 semel
1398 4389 1427 4437 ;’
1444 4373 1627 4430 adhuc
1668 4374 1812 4442 ideo,

219 4459 354 4530 quia
391 4459 510 4530 jam
556 4471 804 4518 moverat
842 4472 1069 4533 terram,
1097 4464 1210 4537 Ego
1242 4465 1475 4533 movebo,
1511 4481 1616 4520 non
1643 4466 1816 4521 solum

1907 2279 1929 2315 ι
1972 2260 2092 2332 lpse
2114 2259 2260 2317 enim
2300 2258 2439 2314 dixit
2469 2276 2481 2313 :
2513 2255 2634 2312 Non
2664 2248 2718 2312 te
2740 2254 3012 2322 deseram,
3042 2270 3220 2326 neque
3257 2254 3493 2311 derelin-

1909 2374 1929 2408 ι
1974 2348 2139 2426 quam
2164 2354 2239 2408 ita
2265 2361 2326 2408 ut
2349 2350 2683 2407 conﬁdenter
2714 2347 2964 2404 dicamus
2990 2363 3003 2401 :
3051 2342 3319 2402 Dominus
3354 2344 3490 2401 mihi

1910 2466 1929 2499 ι
1975 2445 2192 2517 adjutor
2227 2440 2331 2513 est,
2380 2457 2493 2499 non
2521 2440 2727 2498 timebo
2756 2437 2890 2511 quid
2939 2437 3107 2495 faciat
3138 2436 3275 2493 mihi
3306 2436 3490 2491 homo.

1910 2559 1931 2593 ι
1976 2538 2301 2594 Mementote
2323 2534 2739 2608 praepositorum
2761 2540 3091 2597 vestrorum,
3113 2528 3213 2601 qui
3241 2528 3398 2584 vobis
3413 2529 3497 2583 lo-

1891 2624 1931 2685 ‘i
1972 2630 2084 2691 cuti
2121 2638 2250 2687 sunt
2276 2629 2503 2684 verbum
2542 2625 2684 2694 Dei;
2729 2640 2965 2704 quorum
2993 2622 3266 2677 intuentes
3288 2620 3496 2675 exitum

1913 2743 1932 2777 ι
1976 2721 2429 2789 conversationis,
2477 2708 2771 2775 imitamini
2819 2715 3002 2771 ﬁdem.
3034 2710 3196 2797 lesus
3241 2711 3497 2769 Christus

1898 2835 1933 2870 rs
1978 2815 2097 2873 heri
2123 2824 2178 2871 et
2216 2813 2401 2881 hodie,
2450 2811 2566 2883 ipse
2594 2820 2649 2867 et
2678 2808 2733 2864 in
2764 2807 2986 2865 saacula.
3012 2803 3294 2860 Doctrinis
3330 2801 3497 2858 variis

1914 2929 1932 2962 ι
1977 2908 2033 2965 ει
2083 2904 2383 2978 peregrinis
2428 2902 2597 2959 nolite
2636 2900 2855 2957 abduci.
2886 2896 3180 2970 Optimum
3234 2905 3319 2952 est
3348 2895 3497 2951 enim

1914 3023 1933 3054 ι
1976 3001 2149 3074 gratia
2201 2997 2443 3054 stabilire
2487 2985 2604 3062 cor,
2654 3009 2763 3049 non
2794 2990 2959 3058 escis,
2988 3005 3111 3061 quae
3138 3003 3246 3044 non
3277 2983 3499 3059 profue-

1915 3110 1935 3145 ι
1978 3101 2108 3148 runt
2127 3087 2534 3146 ambulantibus
2564 3086 2618 3140 in
2639 3084 2740 3140 eis.
2770 3080 3049 3137 Habemus
3075 3081 3267 3147 altare,
3293 3077 3363 3133 de
3388 3092 3499 3149 quo

1916 3203 1934 3238 ι
1979 3183 2141 3241 edere
2167 3196 2276 3237 non
2304 3179 2508 3236 habent
2542 3185 2868 3250 potestatem
2897 3173 2991 3247 qui
3022 3172 3371 3229 tabernaculo
3398 3171 3498 3226 de-

1916 3297 1937 3332 i
1981 3276 2244 3334 serviunt.
2276 3273 2523 3342 Quorum
2573 3271 2719 3328 enim
2755 3267 3073 3325 animalium
3114 3264 3346 3320 infertur
3373 3280 3500 3320 san-

1914 3388 1937 3421 ‹
1981 3367 2102 3441 guis
2124 3382 2224 3438 pro
2250 3372 2477 3438 peccato
2506 3365 2563 3419 in
2592 3371 2777 3420 sancta
2821 3376 2917 3433 per
2943 3354 3274 3432 pontiﬁcem,
3300 3356 3501 3411 borum

1908 3478 1936 3513 -ι
1981 3473 2208 3530 corpora
2229 3467 2546 3515 cremantur
2589 3464 2744 3512 extra
2772 3461 2973 3511 castra.
3019 3450 3247 3523 Propter
3269 3447 3416 3521 quod
3448 3459 3503 3504 et

1910 3551 1935 3605 ὲ
1978 3552 2140 3608 lesus
2167 3559 2229 3606 ut
2255 3549 2623 3607 sanetiﬁcarct
2650 3562 2748 3619 per
2775 3563 2937 3605 suum
2966 3543 3291 3616 sanguinem
3315 3556 3499 3613 popu-

1916 3662 1934 3697 ι
1978 3643 2116 3711 lum,
2149 3652 2303 3700 extra
2329 3651 2545 3714 portam
2566 3657 2767 3713 passus
2791 3648 2894 3696 est.
2928 3636 3203 3693 Exeamus
3238 3635 3404 3705 igitur
3428 3631 3501 3688 ad

1912 3753 1936 3788 ι
1979 3749 2105 3790 eum
2150 3740 2307 3788 extra
2345 3740 2548 3799 castra,
2604 3729 2997 3801 improperium
3033 3727 3153 3799 ejus
3196 3731 3497 3795 portantes.

1910 3839 1936 3877 π
1980 3822 2098 3879 Non
2123 3822 2271 3879 enim
2298 3821 2564 3877 habemus
2602 3820 2692 3876 hic
2720 3827 3032 3874 manentem
3077 3815 3372 3879 civitatem,
3407 3812 3502 3868 sed

1911 3920 1936 3967 ἰ
1977 3912 2219 3970 futuram
2252 3913 2605 3985 inquirimus.
2656 3898 2773 3967 Per
2802 3908 2982 3980 ipsum
3029 3922 3157 3979 ergo
3205 3902 3501 3960 oﬁ‘eramus

1916 4026 1937 4060 s
1984 4006 2218 4064 hostiam
2244 4003 2424 4061 laudis
2452 4018 2668 4074 semper
2690 4002 2824 4070 Deo,
2858 4000 2914 4056 id
2942 4009 3027 4056 est
3054 4000 3293 4056 fructum
3322 3996 3500 4053 labio-

1912 4105 1937 4151 ἰ
1980 4113 2102 4155 rum
2119 4095 2495 4154 conﬁtentium
2518 4092 2728 4149 nomini
2751 4091 2892 4163 ejus.
2919 4089 3292 4145 Beneﬁcenti-ee
3319 4095 3502 4143 autem

1920 4211 1937 4244 ι
1981 4199 2035 4248 ει
2061 4187 2467 4248 communionis
2490 4187 2657 4243 nolite
2678 4183 2945 4257 oblivisci.
2979 4180 3204 4239 Talibus
3234 4183 3379 4238 enim
3403 4181 3502 4236 ho-

1920 4301 1940 4334 ο
1985 4280 2106 4338 stiis
2132 4287 2475 4353 promeretur
2496 4277 2661 4335 Deus.
2695 4275 2920 4334 Obedite
2949 4273 3254 4347 prtepositis
3282 4271 3502 4347 vestris,

1919 4395 1939 4428 ι
1985 4384 2039 4431 ει
2064 4374 2341 4445 subjacete
2362 4372 2464 4428 eis.
2491 4369 2598 4442 Ipsi
2626 4370 2773 4427 enim
2796 4368 3124 4441 pervigilant
3151 4367 3312 4439 quasi
3334 4365 3497 4451 ratio-

1922 4487 1941 4520 ι
1986 4482 2112 4524 nem
2141 4481 2243 4538 pro
2274 4464 2566 4521 animabus
2595 4461 2794 4519 vestris
2819 4460 3109 4528 reddituri,
3139 4467 3199 4515 ut
3220 4473 3345 4516 eum
3372 4472 3509 4528 gau-

222 4560 452 4620 terram,
486 4568 656 4623 quam
681 4555 813 4616 olim
837 4555 1007 4625 movi,
1031 4555 1122 4612 sed
1147 4558 1312 4613 etiam
1351 4556 1541 4613 cadum
1569 4558 1724 4629 (Agg.
1753 4573 1813 4626 ιι,
1849 4576 1893 4632 ι)
1923 4576 1942 4611 ι
1987 4558 2079 4616 dio
2114 4559 2221 4614 hoc
2247 4556 2470 4623 faciant,
2497 4564 2554 4612 et
2597 4570 2709 4611 non
2737 4562 3030 4628 gementes.
3081 4550 3198 4609 Hoc
3219 4551 3367 4608 enim
3395 4565 3507 4607 non

224 4641 303 4715 7),
327 4644 652 4705 mutabilem
676 4661 869 4702 em'um
911 4646 1255 4705 transferens
1298 4648 1356 4702 in
1392 4648 1816 4713 imuiutabiiita-

221 4741 357 4794 tem.
382 4733 544 4793 Nunc
572 4736 789 4796 Paulus,
804 4740 1033 4811 exponit
1052 4758 1072 4797 ς
1103 4738 1256 4806 Quod
1299 4751 1477 4796 autem
1512 4742 1648 4795 dicit
1688 4756 1817 4811 pro-

221 4827 394 4898 pheta
423 4828 601 4885 adlsuc
633 4840 684 4885 et
716 4831 898 4900 semel,
931 4847 1028 4903 per
1063 4832 1246 4890 adhuc
1283 4831 1526 4888 declarat
1581 4832 1816 4888 transla-

223 4921 427 4981 tionem
450 4922 751 4980 mobilium.
779 4921 1072 4985 Translata
1098 4924 1247 4981 enim
1269 4924 1563 4992 elementa,
1591 4924 1661 4980 de
1694 4940 1815 4981 mo-

222 5008 439 5067 bilitate
461 5013 593 5070 tient
619 5014 943 5072 immobilia.
978 5014 1418 5075 Translationem
1465 5016 1592 5072 dico
1641 5016 1818 5073 mobi-

223 5102 367 5163 lium
396 5114 655 5176 tauquam
676 5107 963 5178 factorum,
994 5108 1051 5165 id
1077 5115 1166 5164 est
1184 5107 1330 5165 sicut
1365 5123 1559 5165 eorum
1587 5106 1819 5182 quae-fe-

225 5196 324 5253 cit.
345 5194 455 5265 Qui
477 5198 626 5254 enim
654 5210 722 5257 ea
764 5200 833 5257 de
861 5200 1034 5258 nihilo
1064 5198 1215 5269 fecit,
1238 5198 1381 5258 facta
1418 5201 1594 5258 levius
1631 5210 1817 5259 trans-

225 5286 374 5353 ferre
411 5289 616 5361 potuit.
670 5289 851 5350 Semel
888 5290 1028 5350 dicit
1060 5302 1121 5350 ut
1160 5294 1525 5351 translatione
1562 5293 1707 5351 facta
1756 5311 1822 5349 ea

227 5390 485 5436 usaneant
536 5383 856 5449 immobilia.
898 5400 1023 5457 qua:
1066 5386 1231 5443 modo
1280 5395 1413 5443 sunt
1464 5387 1708 5443 mobilia.
1756 5384 1825 5443 Et

226 5472 678 5546 quandoquidem
714 5478 901 5532 omnia
928 5477 986 5533 in
1019 5478 1460 5535 immobilitatem
1486 5478 1823 5536 transferen-

227 5572 345 5632 tur,
375 5565 558 5637 itaque
579 5579 682 5623 nos
707 5569 1054 5639 suscipientes
1085 5586 1303 5643 regnum
1330 5570 1622 5640 immobile,
1656 5573 1711 5630 id
1737 5582 1824 5630 est

229 5670 335 5726 nos
361 5655 423 5712 in
453 5656 826 5716 immobilibus
847 5660 1145 5732 regnaturi,
1168 5660 1418 5723 habemus
1434 5663 1674 5735 aliquam
1699 5680 1825 5736 gra-

230 5749 370 5832 tiam
397 5748 455 5803 in
485 5750 645 5808 nobis
666 5766 696 5806 a
725 5750 838 5808 Deo
865 5752 1227 5823 pramissam.
1253 5751 1368 5813 Nisi
1390 5754 1537 5809 enim
1560 5754 1827 5827 praecede-

230 5850 315 5909 ret
338 5841 397 5900 in
422 5841 584 5921 nobis
606 5843 786 5918 aliqua
819 5846 990 5918 gratia
1017 5843 1136 5916 Dei,
1163 5862 1273 5903 non
1316 5847 1724 5921 susciperemur
1757 5847 1826 5903 ah

1380 6074 1411 6099 ι,

1926 4671 1946 4705 ι
1990 4651 2211 4723 expedit
2238 4650 2415 4706 vobis.
2447 4647 2613 4704 Orate
2650 4663 2749 4719 pro
2784 4647 2964 4702 nobis.
2994 4644 3334 4703 Conﬁdimus
3359 4643 3508 4698 enim

1924 4765 1943 4799 ι
1989 4745 2115 4816 quia
2144 4744 2344 4800 bonam
2394 4741 2789 4798 conscientiam
2829 4739 3117 4806 habemus,
3151 4736 3209 4791 in
3252 4735 3511 4792 omnibus

1925 4856 1944 4890 ι
1988 4837 2128 4893 bene
2161 4835 2407 4891 volentes
2443 4830 2776 4888 conversari.
2823 4828 3072 4899 Amplius
3101 4833 3283 4882 autem
3318 4825 3511 4896 depre-

1924 4949 1944 4982 ι
1978 4944 2087 4985 .eor
2124 4943 2226 4985 vos
2267 4926 2376 4982 hoc
2403 4923 2601 4992 facere,
2630 4936 2746 4995 quo
2783 4918 3016 4977 celerius
3046 4917 3304 4973 restituar
3329 4917 3508 4975 vobis.

1925 5034 1944 5076 t
1991 5021 2135 5078 Deus
2171 5029 2355 5075 autem
2392 5016 2565 5090 pacis,
2601 5014 2697 5086 qui
2735 5012 2923 5083 eduxit
2949 5009 3017 5067 de
3066 5010 3300 5066 mortuis
3320 5008 3514 5069 Pasto-

1929 5131 1949 5164 ι
1992 5126 2105 5167 rem
2161 5124 2424 5181 magnum
2483 5106 2670 5163 ovium
2691 5147 2723 5174 λ
2767 5105 2824 5161 in
2876 5102 3146 5174 sanguine
3200 5103 3512 5159 testamenti

1929 5222 1949 5258 ι
1990 5202 2180 5259 :etcrni
2207 5199 2499 5256 Dominum
2531 5205 2782 5254 nostrum
2812 5193 3002 5252 Jesum
3036 5193 3342 5263 Christum,
3366 5203 3515 5266 aptet

1929 5316 1948 5350 ι
1994 5312 2093 5351 vos
2122 5293 2176 5350 in
2224 5293 2374 5349 omni
2405 5292 2572 5358 bono,
2612 5299 2673 5345 ut
2720 5287 2933 5345 faciatis
2961 5288 3323 5345 ‘voluntatem
3371 5287 3511 5359 ejus,

1930 5405 1951 5439 i
1996 5384 2201 5441 faciens
2225 5384 2280 5439 in
2310 5382 2466 5439 vobis
2489 5382 2636 5454 quod
2662 5381 2875 5455 placeat
2901 5395 3088 5438 coram
3121 5396 3180 5438 se
3208 5397 3303 5454 per
3325 5378 3514 5436 Jesum

1933 5497 1953 5533 ε
1997 5477 2301 5544 Christum,
2334 5475 2426 5532 cui
2454 5484 2540 5531 est
2586 5473 2757 5547 gloria
2816 5472 2871 5530 in
2917 5474 3120 5531 saecula
3165 5472 3512 5528 saeculorum.

1932 5589 1952 5628 ι
1994 5569 2189 5628 Amen.
2222 5567 2377 5641 Rogo
2404 5576 2588 5626 autem
2609 5582 2730 5636 vos,
2761 5566 2981 5635 fratres,
3011 5574 3071 5620 ut
3099 5562 3372 5619 suﬂ'eratis
3397 5578 3517 5618 ver-

1932 5680 1954 5718 i
1997 5663 2129 5720 bum
2155 5660 2356 5719 solatii.
2402 5659 2617 5719 Etenim
2650 5657 2936 5731 perpaucis
2966 5654 3160 5728 scripsi
3208 5652 3381 5710 vobis.
3406 5651 3515 5708 Co-

1935 5775 1956 5812 t
2000 5755 2243 5829 gnoscite
2294 5753 2516 5810 fratrem
2559 5760 2803 5808 vestrum
2831 5747 3177 5804 Timotheum
3204 5742 3516 5814 dimissum,

1940 5868 1958 5904 t
2002 5863 2125 5906 cum
2158 5846 2344 5921 quosi
2380 5844 2612 5902 celerius
2646 5840 2874 5911 venerit,
2907 5839 3100 5897 videbo
3128 5854 3243 5894 vos.
3274 5836 3520 5893 Salutate
