  <div class='ocr_page' id='page_1' title='image "/cluster/home/n/w/nwhite01/storage/ocr_20150623/153/hvd.32044015473812/287.png"; bbox 0 0 3988 6436; ppageno 0'>
   <div class='ocr_carea' id='block_1_1' title="bbox 515 363 626 422">
    <p class='ocr_par' dir='ltr' id='par_1_1' title="bbox 515 363 626 422">
     <span class='ocr_line' id='line_1_1' title="bbox 515 363 626 422; baseline 0 0"><span class='ocrx_word' id='word_1_1' title='bbox 515 363 626 422; x_wconf 73' lang='lat'><strong>563</strong></span> 
     </span>
    </p>
   </div>
   <div class='ocr_carea' id='block_1_2' title="bbox 1071 359 3235 436">
    <p class='ocr_par' dir='ltr' id='par_1_2' title="bbox 1071 359 3235 436">
     <span class='ocr_line' id='line_1_2' title="bbox 1071 359 3235 436; baseline 0.003 -18"><span class='ocrx_word' id='word_1_2' title='bbox 1071 359 1130 418; x_wconf 77' lang='grc' dir='ltr'><strong>ε.</strong></span> <span class='ocrx_word' id='word_1_3' title='bbox 1171 359 1522 424; x_wconf 75' lang='lat' dir='ltr'><strong>BRUNONIS</strong></span> <span class='ocrx_word' id='word_1_4' title='bbox 1553 360 2197 436; x_wconf 69' lang='lat' dir='ltr'><strong>CARTHUSIANORUM</strong></span> <span class='ocrx_word' id='word_1_5' title='bbox 2235 361 2724 433; x_wconf 73' lang='lat' dir='ltr'><strong>lNSTlTUTORIS</strong></span> <span class='ocrx_word' id='word_1_6' title='bbox 2758 365 2911 426; x_wconf 83' lang='lat' dir='ltr'><strong>OPP.</strong></span> <span class='ocrx_word' id='word_1_7' title='bbox 2933 366 3133 424; x_wconf 76' lang='lat' dir='ltr'><strong>PARS</strong></span> <span class='ocrx_word' id='word_1_8' title='bbox 3167 365 3235 424; x_wconf 84' lang='lat' dir='ltr'><strong>ll.</strong></span> 
     </span>
    </p>
   </div>
   <div class='ocr_carea' id='block_1_3' title="bbox 521 475 3805 552">
    <p class='ocr_par' dir='ltr' id='par_1_3' title="bbox 521 475 3805 552">
     <span class='ocr_line' id='line_1_3' title="bbox 521 475 3805 552; baseline -0 -16"><span class='ocrx_word' id='word_1_9' title='bbox 521 499 543 536; x_wconf 69' lang='grc' dir='ltr'><strong>ι</strong></span> <span class='ocrx_word' id='word_1_10' title='bbox 587 493 782 536; x_wconf 88' lang='lat' dir='ltr'><strong>omnes</strong></span> <span class='ocrx_word' id='word_1_11' title='bbox 809 476 1136 550; x_wconf 65' lang='lat' dir='ltr'><strong>praepositos</strong></span> <span class='ocrx_word' id='word_1_12' title='bbox 1163 487 1397 545; x_wconf 81' lang='lat' dir='ltr'><strong>vestros,</strong></span> <span class='ocrx_word' id='word_1_13' title='bbox 1426 484 1484 534; x_wconf 88' lang='lat' dir='ltr'><strong>et</strong></span> <span class='ocrx_word' id='word_1_14' title='bbox 1512 491 1702 534; x_wconf 91' lang='lat' dir='ltr'><strong>omnes</strong></span> <span class='ocrx_word' id='word_1_15' title='bbox 1730 487 1972 552; x_wconf 84' lang='lat' dir='ltr'><strong>sanctos.</strong></span> <span class='ocrx_word' id='word_1_16' title='bbox 1998 477 2102 534; x_wconf 87' lang='lat' dir='ltr'><strong>Sa-</strong></span> <span class='ocrx_word' id='word_1_17' title='bbox 2128 481 2186 543; x_wconf 74' lang='grc' dir='ltr'>Α</span> <span class='ocrx_word' id='word_1_18' title='bbox 2208 487 2328 535; x_wconf 89' lang='lat' dir='ltr'><strong>tum</strong></span> <span class='ocrx_word' id='word_1_19' title='bbox 2355 478 2426 536; x_wconf 86' lang='lat' dir='ltr'><strong>ad</strong></span> <span class='ocrx_word' id='word_1_20' title='bbox 2481 479 2626 551; x_wconf 87' lang='lat' dir='ltr'><strong>illos,</strong></span> <span class='ocrx_word' id='word_1_21' title='bbox 2678 479 2837 536; x_wconf 81' lang='lat' dir='ltr'><strong>hodie</strong></span> <span class='ocrx_word' id='word_1_22' title='bbox 2889 479 3053 537; x_wconf 87' lang='lat' dir='ltr'><strong>etiam</strong></span> <span class='ocrx_word' id='word_1_23' title='bbox 3099 487 3185 537; x_wconf 88' lang='lat' dir='ltr'><strong>est</strong></span> <span class='ocrx_word' id='word_1_24' title='bbox 3230 486 3462 551; x_wconf 85' lang='lat' dir='ltr'><strong>paratus</strong></span> <span class='ocrx_word' id='word_1_25' title='bbox 3512 475 3572 536; x_wconf 89' lang='lat' dir='ltr'><strong>in</strong></span> <span class='ocrx_word' id='word_1_26' title='bbox 3609 479 3805 536; x_wconf 74' lang='lat' dir='ltr'><strong>eodem</strong></span> 
     </span>
    </p>
   </div>
   <div class='ocr_carea' id='block_1_4' title="bbox 521 553 2104 630">
    <p class='ocr_par' dir='ltr' id='par_1_4' title="bbox 521 553 2104 630">
     <span class='ocr_line' id='line_1_4' title="bbox 521 553 2104 630; baseline 0.003 -5"><span class='ocrx_word' id='word_1_27' title='bbox 521 591 542 625; x_wconf 71' lang='grc' dir='ltr'><strong>ι</strong></span> <span class='ocrx_word' id='word_1_28' title='bbox 583 553 762 628; x_wconf 79' lang='lat' dir='ltr'><strong>lutant</strong></span> <span class='ocrx_word' id='word_1_29' title='bbox 786 571 992 627; x_wconf 74' lang='lat' dir='ltr'><strong>vos&#39;de</strong></span> <span class='ocrx_word' id='word_1_30' title='bbox 1031 568 1184 625; x_wconf 82' lang='lat' dir='ltr'><strong>Italia</strong></span> <span class='ocrx_word' id='word_1_31' title='bbox 1226 569 1444 628; x_wconf 88' lang='lat' dir='ltr'><strong>fratres.</strong></span> <span class='ocrx_word' id='word_1_32' title='bbox 1473 570 1658 628; x_wconf 86' lang='lat' dir='ltr'><strong>Gratia</strong></span> <span class='ocrx_word' id='word_1_33' title='bbox 1699 585 1827 628; x_wconf 88' lang='lat' dir='ltr'><strong>cum</strong></span> <span class='ocrx_word' id='word_1_34' title='bbox 1845 572 2104 630; x_wconf 84' lang='lat' dir='ltr'><strong>omnibus</strong></span> 
     </span>
    </p>
   </div>
   <div class='ocr_carea' id='block_1_5' title="bbox 523 663 1067 722">
    <p class='ocr_par' dir='ltr' id='par_1_5' title="bbox 523 663 1067 722">
     <span class='ocr_line' id='line_1_5' title="bbox 523 663 1067 722; baseline -0.002 -6"><span class='ocrx_word' id='word_1_35' title='bbox 523 680 544 716; x_wconf 72' lang='grc' dir='ltr'><strong>ι</strong></span> <span class='ocrx_word' id='word_1_36' title='bbox 587 663 765 720; x_wconf 92' lang='lat' dir='ltr'><strong>vobis.</strong></span> <span class='ocrx_word' id='word_1_37' title='bbox 805 663 1002 722; x_wconf 85' lang='lat' dir='ltr'><strong>Amen.</strong></span> <span class='ocrx_word' id='word_1_38' title='bbox 1045 681 1067 715; x_wconf 73' lang='grc' dir='ltr'><strong>ι</strong></span> 
     </span>
    </p>
   </div>
   <div class='ocr_carea' id='block_1_6' title="bbox 1151 769 1456 813">
    <p class='ocr_par' dir='ltr' id='par_1_6' title="bbox 1151 769 1456 813">
     <span class='ocr_line' id='line_1_6' title="bbox 1151 769 1456 813; baseline -0.003 -1"><span class='ocrx_word' id='word_1_39' title='bbox 1151 769 1456 813; x_wconf 71' lang='lat' dir='ltr'><strong>EIPOSI‘HO.</strong></span> 
     </span>
    </p>
   </div>
   <div class='ocr_carea' id='block_1_7' title="bbox 589 833 2106 907">
    <p class='ocr_par' dir='ltr' id='par_1_7' title="bbox 589 833 2106 907">
     <span class='ocr_line' id='line_1_7' title="bbox 589 833 2106 907; baseline -0.001 -1"><span class='ocrx_word' id='word_1_40' title='bbox 589 848 730 906; x_wconf 86' lang='lat' dir='ltr'><strong>Cum</strong></span> <span class='ocrx_word' id='word_1_41' title='bbox 786 859 936 906; x_wconf 89' lang='lat' dir='ltr'><strong>metu</strong></span> <span class='ocrx_word' id='word_1_42' title='bbox 970 858 1025 904; x_wconf 91' lang='lat' dir='ltr'><strong>et</strong></span> <span class='ocrx_word' id='word_1_43' title='bbox 1071 851 1374 906; x_wconf 84' lang='lat' dir='ltr'><strong>reverentia</strong></span> <span class='ocrx_word' id='word_1_44' title='bbox 1420 850 1620 907; x_wconf 85' lang='lat' dir='ltr'><strong>servite</strong></span> <span class='ocrx_word' id='word_1_45' title='bbox 1669 833 1798 906; x_wconf 81' lang='lat' dir='ltr'><strong>Deo.</strong></span> <span class='ocrx_word' id='word_1_46' title='bbox 1855 849 2106 906; x_wconf 75' lang='lat' dir='ltr'><strong>Charitas</strong></span> 
     </span>
    </p>
   </div>
   <div class='ocr_carea' id='block_1_8' title="bbox 515 944 2107 1017">
    <p class='ocr_par' dir='ltr' id='par_1_8' title="bbox 515 944 2107 1017">
     <span class='ocr_line' id='line_1_8' title="bbox 515 944 2107 1017; baseline -0.002 -14"><span class='ocrx_word' id='word_1_47' title='bbox 515 947 685 1003; x_wconf 86' lang='lat' dir='ltr'><strong>etiam</strong></span> <span class='ocrx_word' id='word_1_48' title='bbox 713 953 1122 1017; x_wconf 78' lang='lat' dir='ltr'><strong>perseveranter</strong></span> <span class='ocrx_word' id='word_1_49' title='bbox 1155 955 1372 999; x_wconf 86' lang='lat' dir='ltr'><strong>maneat</strong></span> <span class='ocrx_word' id='word_1_50' title='bbox 1408 946 1466 1000; x_wconf 88' lang='lat' dir='ltr'><strong>in</strong></span> <span class='ocrx_word' id='word_1_51' title='bbox 1497 946 1664 1000; x_wconf 80' lang='lat' dir='ltr'><strong>vobis.</strong></span> <span class='ocrx_word' id='word_1_52' title='bbox 1701 944 1956 1002; x_wconf 86' lang='lat' dir='ltr'><strong>Charitas</strong></span> <span class='ocrx_word' id='word_1_53' title='bbox 1983 945 2107 1001; x_wconf 89' lang='lat' dir='ltr'><strong>dico</strong></span> 
     </span>
    </p>
   </div>
   <div class='ocr_carea' id='block_1_9' title="bbox 519 1033 2108 1108">
    <p class='ocr_par' dir='ltr' id='par_1_9' title="bbox 519 1033 2108 1108">
     <span class='ocr_line' id='line_1_9' title="bbox 519 1033 2108 1108; baseline 0.001 -17"><span class='ocrx_word' id='word_1_54' title='bbox 519 1036 899 1108; x_wconf 73' lang='lat' dir='ltr'><strong>fraternitatis,</strong></span> <span class='ocrx_word' id='word_1_55' title='bbox 931 1049 1096 1104; x_wconf 89' lang='lat' dir='ltr'><strong>quam</strong></span> <span class='ocrx_word' id='word_1_56' title='bbox 1141 1033 1458 1092; x_wconf 83' lang='lat' dir='ltr'><strong>fraternitas</strong></span> <span class='ocrx_word' id='word_1_57' title='bbox 1500 1037 1757 1106; x_wconf 85' lang='lat' dir='ltr'><strong>reposcit.</strong></span> <span class='ocrx_word' id='word_1_58' title='bbox 1806 1033 1924 1092; x_wconf 82' lang='lat' dir='ltr'><strong>Hoc</strong></span> <span class='ocrx_word' id='word_1_59' title='bbox 1959 1037 2108 1092; x_wconf 67' lang='lat' dir='ltr'><strong>extim</strong></span> 
     </span>
    </p>
   </div>
   <div class='ocr_carea' id='block_1_10' title="bbox 518 1114 2107 1200">
    <p class='ocr_par' dir='ltr' id='par_1_10' title="bbox 518 1114 2107 1200">
     <span class='ocr_line' id='line_1_10' title="bbox 518 1114 2107 1200; baseline 0 -17"><span class='ocrx_word' id='word_1_60' title='bbox 518 1129 667 1199; x_wconf 89' lang='lat' dir='ltr'><strong>quod</strong></span> <span class='ocrx_word' id='word_1_61' title='bbox 691 1114 887 1182; x_wconf 80' lang='lat' dir='ltr'><strong>fratres</strong></span> <span class='ocrx_word' id='word_1_62' title='bbox 910 1126 1048 1183; x_wconf 85' lang='lat' dir='ltr'><strong>estis</strong></span> <span class='ocrx_word' id='word_1_63' title='bbox 1084 1127 1254 1200; x_wconf 90' lang='lat' dir='ltr'><strong>exigit</strong></span> <span class='ocrx_word' id='word_1_64' title='bbox 1278 1135 1341 1184; x_wconf 91' lang='lat' dir='ltr'><strong>ut</strong></span> <span class='ocrx_word' id='word_1_65' title='bbox 1363 1142 1463 1183; x_wconf 89' lang='lat' dir='ltr'><strong>vos</strong></span> <span class='ocrx_word' id='word_1_66' title='bbox 1488 1127 1724 1184; x_wconf 79' lang='lat' dir='ltr'><strong>invicem</strong></span> <span class='ocrx_word' id='word_1_67' title='bbox 1761 1127 2030 1200; x_wconf 78' lang='lat' dir='ltr'><strong>diligatis;</strong></span> <span class='ocrx_word' id='word_1_68' title='bbox 2056 1137 2107 1183; x_wconf 90' lang='lat' dir='ltr'><strong>et</strong></span> 
     </span>
    </p>
   </div>
   <div class='ocr_carea' id='block_1_11' title="bbox 445 1218 2107 1291">
    <p class='ocr_par' dir='ltr' id='par_1_11' title="bbox 445 1218 2107 1291">
     <span class='ocr_line' id='line_1_11' title="bbox 445 1218 2107 1291; baseline 0.001 -17"><span class='ocrx_word' id='word_1_69' title='bbox 445 1251 456 1258; x_wconf 58' lang='grc' dir='ltr'>ς</span> <span class='ocrx_word' id='word_1_70' title='bbox 518 1219 684 1274; x_wconf 79' lang='lat' dir='ltr'><strong>nolite</strong></span> <span class='ocrx_word' id='word_1_71' title='bbox 705 1218 942 1274; x_wconf 80' lang='lat' dir='ltr'><strong>oblivisci</strong></span> <span class='ocrx_word' id='word_1_72' title='bbox 970 1218 1417 1289; x_wconf 78' lang='lat' dir='ltr'><strong>hospitalitatem,</strong></span> <span class='ocrx_word' id='word_1_73' title='bbox 1445 1235 1570 1290; x_wconf 71' lang='lat' dir='ltr'><strong>quae</strong></span> <span class='ocrx_word' id='word_1_74' title='bbox 1603 1227 1688 1276; x_wconf 91' lang='lat' dir='ltr'><strong>est</strong></span> <span class='ocrx_word' id='word_1_75' title='bbox 1714 1235 1842 1291; x_wconf 89' lang='lat' dir='ltr'><strong>pars</strong></span> <span class='ocrx_word' id='word_1_76' title='bbox 1866 1219 2107 1275; x_wconf 76' lang='lat' dir='ltr'><strong>Charita-</strong></span> 
     </span>
    </p>
   </div>
   <div class='ocr_carea' id='block_1_12' title="bbox 519 1308 2112 1381">
    <p class='ocr_par' dir='ltr' id='par_1_12' title="bbox 519 1308 2112 1381">
     <span class='ocr_line' id='line_1_12' title="bbox 519 1308 2112 1381; baseline 0 -15"><span class='ocrx_word' id='word_1_77' title='bbox 519 1311 612 1378; x_wconf 83' lang='lat' dir='ltr'><strong>tis,</strong></span> <span class='ocrx_word' id='word_1_78' title='bbox 649 1311 704 1365; x_wconf 90' lang='lat' dir='ltr'><strong>in</strong></span> <span class='ocrx_word' id='word_1_79' title='bbox 733 1325 840 1381; x_wconf 90' lang='lat' dir='ltr'><strong>qua</strong></span> <span class='ocrx_word' id='word_1_80' title='bbox 881 1310 1015 1366; x_wconf 92' lang='lat' dir='ltr'><strong>olim</strong></span> <span class='ocrx_word' id='word_1_81' title='bbox 1057 1309 1333 1367; x_wconf 87' lang='lat' dir='ltr'><strong>valuistis.</strong></span> <span class='ocrx_word' id='word_1_82' title='bbox 1363 1308 1472 1366; x_wconf 88' lang='lat' dir='ltr'><strong>Per</strong></span> <span class='ocrx_word' id='word_1_83' title='bbox 1512 1311 1617 1366; x_wconf 89' lang='lat' dir='ltr'><strong>hoc</strong></span> <span class='ocrx_word' id='word_1_84' title='bbox 1645 1311 1792 1381; x_wconf 91' lang='lat' dir='ltr'><strong>quod</strong></span> <span class='ocrx_word' id='word_1_85' title='bbox 1823 1310 1921 1375; x_wconf 91' lang='lat' dir='ltr'><strong>ait,</strong></span> <span class='ocrx_word' id='word_1_86' title='bbox 1942 1309 2112 1366; x_wconf 85' lang='lat' dir='ltr'><strong>nolite</strong></span> 
     </span>
    </p>
   </div>
   <div class='ocr_carea' id='block_1_13' title="bbox 517 1387 2110 1475">
    <p class='ocr_par' dir='ltr' id='par_1_13' title="bbox 517 1387 2110 1475">
     <span class='ocr_line' id='line_1_13' title="bbox 517 1387 2110 1475; baseline -0.001 -16"><span class='ocrx_word' id='word_1_87' title='bbox 517 1403 788 1470; x_wconf 85' lang='lat' dir='ltr'><strong>oblivisci,</strong></span> <span class='ocrx_word' id='word_1_88' title='bbox 817 1403 1001 1475; x_wconf 82' lang='lat' dir='ltr'><strong>signat</strong></span> <span class='ocrx_word' id='word_1_89' title='bbox 1026 1417 1124 1459; x_wconf 90' lang='lat' dir='ltr'><strong>eos</strong></span> <span class='ocrx_word' id='word_1_90' title='bbox 1169 1403 1326 1474; x_wconf 90' lang='lat' dir='ltr'><strong>prius</strong></span> <span class='ocrx_word' id='word_1_91' title='bbox 1371 1402 1598 1460; x_wconf 83' lang='lat' dir='ltr'><strong>devotos</strong></span> <span class='ocrx_word' id='word_1_92' title='bbox 1630 1387 1687 1460; x_wconf 84' lang='lat' dir='ltr'><strong>in</strong></span> <span class='ocrx_word' id='word_1_93' title='bbox 1717 1403 2110 1474; x_wconf 83' lang='lat' dir='ltr'><strong>hospitalitate,</strong></span> 
     </span>
    </p>
   </div>
   <div class='ocr_carea' id='block_1_14' title="bbox 516 1491 2110 1566">
    <p class='ocr_par' dir='ltr' id='par_1_14' title="bbox 516 1491 2110 1566">
     <span class='ocr_line' id='line_1_14' title="bbox 516 1491 2110 1566; baseline 0.003 -18"><span class='ocrx_word' id='word_1_94' title='bbox 516 1509 669 1552; x_wconf 87' lang='lat' dir='ltr'><strong>nunc</strong></span> <span class='ocrx_word' id='word_1_95' title='bbox 687 1496 954 1552; x_wconf 88' lang='lat' dir='ltr'><strong>remissos</strong></span> <span class='ocrx_word' id='word_1_96' title='bbox 981 1509 1125 1551; x_wconf 89' lang='lat' dir='ltr'><strong>esse.</strong></span> <span class='ocrx_word' id='word_1_97' title='bbox 1167 1491 1295 1551; x_wconf 84' lang='lat' dir='ltr'><strong>Ideo</strong></span> <span class='ocrx_word' id='word_1_98' title='bbox 1335 1495 1594 1551; x_wconf 87' lang='lat' dir='ltr'><strong>sectanda</strong></span> <span class='ocrx_word' id='word_1_99' title='bbox 1619 1503 1705 1552; x_wconf 91' lang='lat' dir='ltr'><strong>est</strong></span> <span class='ocrx_word' id='word_1_100' title='bbox 1743 1494 2110 1566; x_wconf 85' lang='lat' dir='ltr'><strong>hospitalitas,</strong></span> 
     </span>
    </p>
   </div>
   <div class='ocr_carea' id='block_1_15' title="bbox 516 1585 2113 1660">
    <p class='ocr_par' dir='ltr' id='par_1_15' title="bbox 516 1585 2113 1660">
     <span class='ocr_line' id='line_1_15' title="bbox 516 1585 2113 1660; baseline 0.001 -18"><span class='ocrx_word' id='word_1_101' title='bbox 516 1589 648 1660; x_wconf 78' lang='lat' dir='ltr'><strong>quia</strong></span> <span class='ocrx_word' id='word_1_102' title='bbox 686 1604 781 1659; x_wconf 82' lang='lat' dir='ltr'><strong>per</strong></span> <span class='ocrx_word' id='word_1_103' title='bbox 806 1586 946 1642; x_wconf 83' lang='lat' dir='ltr'><strong>hanc</strong></span> <span class='ocrx_word' id='word_1_104' title='bbox 989 1585 1248 1642; x_wconf 80' lang='lat' dir='ltr'><strong>virtutem</strong></span> <span class='ocrx_word' id='word_1_105' title='bbox 1279 1585 1598 1657; x_wconf 74' lang='lat' dir='ltr'><strong>placuerunt</strong></span> <span class='ocrx_word' id='word_1_106' title='bbox 1641 1586 1859 1659; x_wconf 78' lang='lat' dir='ltr'><strong>quidam</strong></span> <span class='ocrx_word' id='word_1_107' title='bbox 1890 1586 2020 1655; x_wconf 88' lang='lat' dir='ltr'><strong>Deo,</strong></span> <span class='ocrx_word' id='word_1_108' title='bbox 2052 1595 2113 1644; x_wconf 86' lang='lat' dir='ltr'><strong>ut</strong></span> 
     </span>
    </p>
   </div>
   <div class='ocr_carea' id='block_1_16' title="bbox 519 1677 2112 1751">
    <p class='ocr_par' dir='ltr' id='par_1_16' title="bbox 519 1677 2112 1751">
     <span class='ocr_line' id='line_1_16' title="bbox 519 1677 2112 1751; baseline -0.001 -15"><span class='ocrx_word' id='word_1_109' title='bbox 519 1681 803 1737; x_wconf 79' lang='lat' dir='ltr'><strong>Abraham</strong></span> <span class='ocrx_word' id='word_1_110' title='bbox 832 1689 888 1736; x_wconf 91' lang='lat' dir='ltr'><strong>et</strong></span> <span class='ocrx_word' id='word_1_111' title='bbox 929 1677 1054 1747; x_wconf 88' lang='lat' dir='ltr'><strong>Lot,</strong></span> <span class='ocrx_word' id='word_1_112' title='bbox 1096 1693 1237 1751; x_wconf 83' lang='lat' dir='ltr'><strong>quos</strong></span> <span class='ocrx_word' id='word_1_113' title='bbox 1279 1677 1429 1737; x_wconf 88' lang='lat' dir='ltr'><strong>Deus</strong></span> <span class='ocrx_word' id='word_1_114' title='bbox 1469 1678 1598 1735; x_wconf 89' lang='lat' dir='ltr'><strong>inde</strong></span> <span class='ocrx_word' id='word_1_115' title='bbox 1638 1678 1965 1751; x_wconf 81' lang='lat' dir='ltr'><strong>signiﬁcavit</strong></span> <span class='ocrx_word' id='word_1_116' title='bbox 2006 1678 2112 1736; x_wconf 89' lang='lat' dir='ltr'><strong>sibi</strong></span> 
     </span>
    </p>
   </div>
   <div class='ocr_carea' id='block_1_17' title="bbox 518 1768 2113 1843">
    <p class='ocr_par' dir='ltr' id='par_1_17' title="bbox 518 1768 2113 1843">
     <span class='ocr_line' id='line_1_17' title="bbox 518 1768 2113 1843; baseline 0.001 -17"><span class='ocrx_word' id='word_1_117' title='bbox 518 1771 819 1843; x_wconf 87' lang='lat' dir='ltr'><strong>placuisse,</strong></span> <span class='ocrx_word' id='word_1_118' title='bbox 854 1769 1065 1840; x_wconf 78' lang='lat' dir='ltr'><strong>angelis</strong></span> <span class='ocrx_word' id='word_1_119' title='bbox 1099 1770 1334 1842; x_wconf 84' lang='lat' dir='ltr'><strong>receptis</strong></span> <span class='ocrx_word' id='word_1_120' title='bbox 1378 1768 1641 1842; x_wconf 91' lang='lat' dir='ltr'><strong>hospitio.</strong></span> <span class='ocrx_word' id='word_1_121' title='bbox 1677 1768 1806 1826; x_wconf 88' lang='lat' dir='ltr'><strong>ldeo</strong></span> <span class='ocrx_word' id='word_1_122' title='bbox 1841 1770 1992 1826; x_wconf 89' lang='lat' dir='ltr'><strong>enim</strong></span> <span class='ocrx_word' id='word_1_123' title='bbox 2015 1785 2113 1827; x_wconf 89' lang='lat' dir='ltr'><strong>an-</strong></span> 
     </span>
    </p>
   </div>
   <div class='ocr_carea' id='block_1_18' title="bbox 2203 570 3804 644">
    <p class='ocr_par' dir='ltr' id='par_1_18' title="bbox 2203 570 3804 644">
     <span class='ocr_line' id='line_1_18' title="bbox 2203 570 3804 644; baseline -0.001 -16"><span class='ocrx_word' id='word_1_124' title='bbox 2203 581 2472 644; x_wconf 85' lang='lat' dir='ltr'><strong>quantum</strong></span> <span class='ocrx_word' id='word_1_125' title='bbox 2506 571 2578 628; x_wconf 86' lang='lat' dir='ltr'><strong>ad</strong></span> <span class='ocrx_word' id='word_1_126' title='bbox 2611 587 2750 640; x_wconf 90' lang='lat' dir='ltr'><strong>vos;</strong></span> <span class='ocrx_word' id='word_1_127' title='bbox 2779 573 2894 643; x_wconf 81' lang='lat' dir='ltr'><strong>ipse</strong></span> <span class='ocrx_word' id='word_1_128' title='bbox 2919 574 3082 628; x_wconf 88' lang='lat' dir='ltr'><strong>etiam</strong></span> <span class='ocrx_word' id='word_1_129' title='bbox 3111 585 3354 643; x_wconf 67' lang='lat' dir='ltr'><strong>praesens</strong></span> <span class='ocrx_word' id='word_1_130' title='bbox 3387 571 3501 628; x_wconf 90' lang='lat' dir='ltr'><strong>erit</strong></span> <span class='ocrx_word' id='word_1_131' title='bbox 3527 570 3590 625; x_wconf 81' lang='lat' dir='ltr'><strong>in</strong></span> <span class='ocrx_word' id='word_1_132' title='bbox 3618 571 3804 627; x_wconf 82' lang='lat' dir='ltr'><strong>omnia</strong></span> 
     </span>
    </p>
   </div>
   <div class='ocr_carea' id='block_1_19' title="bbox 2203 659 3802 733">
    <p class='ocr_par' dir='ltr' id='par_1_19' title="bbox 2203 659 3802 733">
     <span class='ocr_line' id='line_1_19' title="bbox 2203 659 3802 733; baseline 0 -15"><span class='ocrx_word' id='word_1_133' title='bbox 2203 661 2402 718; x_wconf 63' lang='lat' dir='ltr'><strong>alecula</strong></span> <span class='ocrx_word' id='word_1_134' title='bbox 2434 661 2787 733; x_wconf 86' lang='lat' dir='ltr'><strong>sperantibus</strong></span> <span class='ocrx_word' id='word_1_135' title='bbox 2832 663 2891 718; x_wconf 91' lang='lat' dir='ltr'><strong>in</strong></span> <span class='ocrx_word' id='word_1_136' title='bbox 2933 677 3014 730; x_wconf 87' lang='lat' dir='ltr'><strong>se,</strong></span> <span class='ocrx_word' id='word_1_137' title='bbox 3051 661 3255 733; x_wconf 89' lang='lat' dir='ltr'><strong>quibus</strong></span> <span class='ocrx_word' id='word_1_138' title='bbox 3296 662 3417 717; x_wconf 91' lang='lat' dir='ltr'><strong>ait:</strong></span> <span class='ocrx_word' id='word_1_139' title='bbox 3479 679 3503 714; x_wconf 77' lang='grc' dir='ltr'><strong>ι</strong></span> <span class='ocrx_word' id='word_1_140' title='bbox 3534 659 3802 718; x_wconf 59' lang='grc' dir='ltr'><strong>Εοαενοη</strong></span> 
     </span>
    </p>
   </div>
   <div class='ocr_carea' id='block_1_20' title="bbox 2205 751 3803 824">
    <p class='ocr_par' dir='ltr' id='par_1_20' title="bbox 2205 751 3803 824">
     <span class='ocr_line' id='line_1_20' title="bbox 2205 751 3803 824; baseline 0.001 -17"><span class='ocrx_word' id='word_1_141' title='bbox 2205 751 2418 808; x_wconf 82' lang='lat' dir='ltr'><strong>hiscum</strong></span> <span class='ocrx_word' id='word_1_142' title='bbox 2491 767 2616 808; x_wconf 89' lang='lat' dir='ltr'><strong>sum</strong></span> <span class='ocrx_word' id='word_1_143' title='bbox 2677 766 2858 824; x_wconf 82' lang='lat' dir='ltr'><strong>usque</strong></span> <span class='ocrx_word' id='word_1_144' title='bbox 2903 755 2973 808; x_wconf 89' lang='lat' dir='ltr'><strong>ad</strong></span> <span class='ocrx_word' id='word_1_145' title='bbox 3030 753 3577 809; x_wconf 80' lang='lat' dir='ltr'><strong>consummationem</strong></span> <span class='ocrx_word' id='word_1_146' title='bbox 3619 753 3803 809; x_wconf 67' lang='lat' dir='ltr'><strong>seculi</strong></span> 
     </span>
    </p>
   </div>
   <div class='ocr_carea' id='block_1_21' title="bbox 2208 843 3799 918">
    <p class='ocr_par' dir='ltr' id='par_1_21' title="bbox 2208 843 3799 918">
     <span class='ocr_line' id='line_1_21' title="bbox 2208 843 3799 918; baseline 0 -18"><span class='ocrx_word' id='word_1_147' title='bbox 2208 845 2426 918; x_wconf 75' lang='lat' dir='ltr'><strong>(Matth;</strong></span> <span class='ocrx_word' id='word_1_148' title='bbox 2460 860 2654 912; x_wconf 74' lang='lat' dir='ltr'><strong>xxvm,</strong></span> <span class='ocrx_word' id='word_1_149' title='bbox 2676 844 2793 917; x_wconf 71' lang='lat'><strong>20).</strong></span> <span class='ocrx_word' id='word_1_150' title='bbox 2815 865 2838 898; x_wconf 73' lang='lat' dir='ltr'><strong>s</strong></span> <span class='ocrx_word' id='word_1_151' title='bbox 2852 843 3151 901; x_wconf 88' lang='lat' dir='ltr'><strong>lmitamini</strong></span> <span class='ocrx_word' id='word_1_152' title='bbox 3179 844 3339 901; x_wconf 78' lang='lat' dir='ltr'><strong>ﬁdem</strong></span> <span class='ocrx_word' id='word_1_153' title='bbox 3352 843 3799 917; x_wconf 72' lang='lat' dir='ltr'><strong>pmpositorum.</strong></span> 
     </span>
    </p>
   </div>
   <div class='ocr_carea' id='block_1_22' title="bbox 2207 935 3798 1009">
    <p class='ocr_par' dir='ltr' id='par_1_22' title="bbox 2207 935 3798 1009">
     <span class='ocr_line' id='line_1_22' title="bbox 2207 935 3798 1009; baseline -0.004 -15"><span class='ocrx_word' id='word_1_154' title='bbox 2207 946 2505 1009; x_wconf 85' lang='lat' dir='ltr'><strong>sequentes</strong></span> <span class='ocrx_word' id='word_1_155' title='bbox 2555 936 2864 992; x_wconf 85' lang='lat' dir='ltr'><strong>doctrinam</strong></span> <span class='ocrx_word' id='word_1_156' title='bbox 2913 951 3128 993; x_wconf 90' lang='lat' dir='ltr'><strong>eorum.</strong></span> <span class='ocrx_word' id='word_1_157' title='bbox 3181 935 3250 992; x_wconf 82' lang='lat' dir='ltr'><strong>Et</strong></span> <span class='ocrx_word' id='word_1_158' title='bbox 3304 935 3572 991; x_wconf 75' lang='lat' dir='ltr'><strong>doctrinis</strong></span> <span class='ocrx_word' id='word_1_159' title='bbox 3617 935 3798 1005; x_wconf 73' lang='lat' dir='ltr'><strong>coriis,</strong></span> 
     </span>
    </p>
   </div>
   <div class='ocr_carea' id='block_1_23' title="bbox 2207 1023 3798 1102">
    <p class='ocr_par' dir='ltr' id='par_1_23' title="bbox 2207 1023 3798 1102">
     <span class='ocr_line' id='line_1_23' title="bbox 2207 1023 3798 1102; baseline -0.003 -16"><span class='ocrx_word' id='word_1_160' title='bbox 2207 1045 2331 1102; x_wconf 81' lang='lat' dir='ltr'><strong>quae</strong></span> <span class='ocrx_word' id='word_1_161' title='bbox 2349 1045 2505 1085; x_wconf 90' lang='lat' dir='ltr'><strong>nunc</strong></span> <span class='ocrx_word' id='word_1_162' title='bbox 2533 1042 2706 1086; x_wconf 88' lang='lat' dir='ltr'><strong>unum</strong></span> <span class='ocrx_word' id='word_1_163' title='bbox 2735 1046 2884 1087; x_wconf 89' lang='lat' dir='ltr'><strong>nunc</strong></span> <span class='ocrx_word' id='word_1_164' title='bbox 2917 1023 3068 1086; x_wconf 83' lang='lat' dir='ltr'><strong>aliud</strong></span> <span class='ocrx_word' id='word_1_165' title='bbox 3096 1039 3374 1098; x_wconf 86' lang='lat' dir='ltr'><strong>asserunt,</strong></span> <span class='ocrx_word' id='word_1_166' title='bbox 3418 1038 3470 1085; x_wconf 84' lang='lat' dir='ltr'><strong>et</strong></span> <span class='ocrx_word' id='word_1_167' title='bbox 3491 1029 3798 1099; x_wconf 77' lang='lat' dir='ltr'><strong>peregrinis,</strong></span> 
     </span>
    </p>
   </div>
   <div class='ocr_carea' id='block_1_24' title="bbox 2209 1119 3798 1194">
    <p class='ocr_par' dir='ltr' id='par_1_24' title="bbox 2209 1119 3798 1194">
     <span class='ocr_line' id='line_1_24' title="bbox 2209 1119 3798 1194; baseline -0.002 -18"><span class='ocrx_word' id='word_1_168' title='bbox 2209 1121 2264 1178; x_wconf 89' lang='lat' dir='ltr'><strong>id</strong></span> <span class='ocrx_word' id='word_1_169' title='bbox 2287 1129 2371 1177; x_wconf 90' lang='lat' dir='ltr'><strong>est</strong></span> <span class='ocrx_word' id='word_1_170' title='bbox 2408 1120 2687 1177; x_wconf 79' lang='lat' dir='ltr'><strong>extraneis</strong></span> <span class='ocrx_word' id='word_1_171' title='bbox 2715 1120 2936 1178; x_wconf 88' lang='lat' dir='ltr'><strong>aliunde</strong></span> <span class='ocrx_word' id='word_1_172' title='bbox 2976 1139 3144 1194; x_wconf 88' lang='lat' dir='ltr'><strong>quam</strong></span> <span class='ocrx_word' id='word_1_173' title='bbox 3189 1137 3224 1179; x_wconf 88' lang='lat' dir='ltr'><strong>a</strong></span> <span class='ocrx_word' id='word_1_174' title='bbox 3248 1119 3410 1176; x_wconf 89' lang='lat' dir='ltr'><strong>nobis</strong></span> <span class='ocrx_word' id='word_1_175' title='bbox 3456 1119 3798 1190; x_wconf 80' lang='lat' dir='ltr'><strong>procedenti-</strong></span> 
     </span>
    </p>
   </div>
   <div class='ocr_carea' id='block_1_25' title="bbox 2209 1209 3797 1284">
    <p class='ocr_par' dir='ltr' id='par_1_25' title="bbox 2209 1209 3797 1284">
     <span class='ocr_line' id='line_1_25' title="bbox 2209 1209 3797 1284; baseline -0.003 -14"><span class='ocrx_word' id='word_1_176' title='bbox 2209 1212 2344 1280; x_wconf 88' lang='lat' dir='ltr'><strong>bus;</strong></span> <span class='ocrx_word' id='word_1_177' title='bbox 2372 1213 2481 1282; x_wconf 90' lang='lat' dir='ltr'><strong>his,</strong></span> <span class='ocrx_word' id='word_1_178' title='bbox 2505 1213 2752 1284; x_wconf 89' lang='lat' dir='ltr'><strong>inquam,</strong></span> <span class='ocrx_word' id='word_1_179' title='bbox 2768 1213 3036 1270; x_wconf 86' lang='lat' dir='ltr'><strong>doctrinis</strong></span> <span class='ocrx_word' id='word_1_180' title='bbox 3062 1213 3225 1268; x_wconf 83' lang='lat' dir='ltr'><strong>nolite</strong></span> <span class='ocrx_word' id='word_1_181' title='bbox 3248 1211 3443 1266; x_wconf 69' lang='lat' dir='ltr'><strong>abduci</strong></span> <span class='ocrx_word' id='word_1_182' title='bbox 3465 1210 3546 1266; x_wconf 86' lang='lat' dir='ltr'><strong>ab</strong></span> <span class='ocrx_word' id='word_1_183' title='bbox 3568 1225 3636 1266; x_wconf 90' lang='lat' dir='ltr'><strong>eo</strong></span> <span class='ocrx_word' id='word_1_184' title='bbox 3660 1209 3797 1281; x_wconf 83' lang='lat' dir='ltr'><strong>quod</strong></span> 
     </span>
    </p>
   </div>
   <div class='ocr_carea' id='block_1_26' title="bbox 2211 1303 3800 1378">
    <p class='ocr_par' dir='ltr' id='par_1_26' title="bbox 2211 1303 3800 1378">
     <span class='ocr_line' id='line_1_26' title="bbox 2211 1303 3800 1378; baseline -0.002 -16"><span class='ocrx_word' id='word_1_185' title='bbox 2211 1321 2243 1362; x_wconf 89' lang='lat' dir='ltr'><strong>a</strong></span> <span class='ocrx_word' id='word_1_186' title='bbox 2271 1305 2436 1362; x_wconf 86' lang='lat' dir='ltr'><strong>nobis</strong></span> <span class='ocrx_word' id='word_1_187' title='bbox 2472 1306 2780 1378; x_wconf 89' lang='lat' dir='ltr'><strong>accepistis.</strong></span> <span class='ocrx_word' id='word_1_188' title='bbox 2813 1305 2986 1363; x_wconf 86' lang='lat' dir='ltr'><strong>Erant</strong></span> <span class='ocrx_word' id='word_1_189' title='bbox 3010 1306 3159 1363; x_wconf 90' lang='lat' dir='ltr'><strong>enim</strong></span> <span class='ocrx_word' id='word_1_190' title='bbox 3203 1305 3429 1376; x_wconf 87' lang='lat' dir='ltr'><strong>quidam</strong></span> <span class='ocrx_word' id='word_1_191' title='bbox 3462 1303 3800 1371; x_wconf 72' lang='lat' dir='ltr'><strong>scductores,</strong></span> 
     </span>
    </p>
   </div>
   <div class='ocr_carea' id='block_1_27' title="bbox 2210 1401 3798 1478">
    <p class='ocr_par' dir='ltr' id='par_1_27' title="bbox 2210 1401 3798 1478">
     <span class='ocr_line' id='line_1_27' title="bbox 2210 1401 3798 1478; baseline -0.001 -16"><span class='ocrx_word' id='word_1_192' title='bbox 2210 1406 2308 1478; x_wconf 85' lang='lat' dir='ltr'><strong>qui</strong></span> <span class='ocrx_word' id='word_1_193' title='bbox 2329 1405 2795 1478; x_wconf 83' lang='lat' dir='ltr'><strong>dogmatizabant,</strong></span> <span class='ocrx_word' id='word_1_194' title='bbox 2821 1421 2892 1462; x_wconf 90' lang='lat' dir='ltr'><strong>ex</strong></span> <span class='ocrx_word' id='word_1_195' title='bbox 2915 1420 2984 1462; x_wconf 91' lang='lat' dir='ltr'><strong>eo</strong></span> <span class='ocrx_word' id='word_1_196' title='bbox 3011 1404 3160 1477; x_wconf 91' lang='lat' dir='ltr'><strong>quod</strong></span> <span class='ocrx_word' id='word_1_197' title='bbox 3187 1403 3396 1459; x_wconf 89' lang='lat' dir='ltr'><strong>Paulus</strong></span> <span class='ocrx_word' id='word_1_198' title='bbox 3428 1416 3630 1458; x_wconf 90' lang='lat' dir='ltr'><strong>omnes</strong></span> <span class='ocrx_word' id='word_1_199' title='bbox 3658 1401 3798 1460; x_wconf 79' lang='lat' dir='ltr'><strong>cibos</strong></span> 
     </span>
    </p>
   </div>
   <div class='ocr_carea' id='block_1_28' title="bbox 2211 1494 3796 1561">
    <p class='ocr_par' dir='ltr' id='par_1_28' title="bbox 2211 1494 3796 1561">
     <span class='ocr_line' id='line_1_28' title="bbox 2211 1494 3796 1561; baseline -0.004 -8"><span class='ocrx_word' id='word_1_200' title='bbox 2211 1498 2451 1556; x_wconf 88' lang='lat' dir='ltr'><strong>mundos</strong></span> <span class='ocrx_word' id='word_1_201' title='bbox 2513 1513 2638 1555; x_wconf 91' lang='lat' dir='ltr'><strong>esse</strong></span> <span class='ocrx_word' id='word_1_202' title='bbox 2686 1506 2743 1556; x_wconf 89' lang='lat' dir='ltr'><strong>et</strong></span> <span class='ocrx_word' id='word_1_203' title='bbox 2790 1497 3164 1555; x_wconf 83' lang='lat' dir='ltr'><strong>sanctiﬁcatos</strong></span> <span class='ocrx_word' id='word_1_204' title='bbox 3213 1511 3246 1553; x_wconf 91' lang='lat' dir='ltr'><strong>a</strong></span> <span class='ocrx_word' id='word_1_205' title='bbox 3293 1494 3410 1551; x_wconf 87' lang='lat' dir='ltr'><strong>Deo</strong></span> <span class='ocrx_word' id='word_1_206' title='bbox 3460 1494 3702 1561; x_wconf 77' lang='lat' dir='ltr'><strong>dixerat,</strong></span> <span class='ocrx_word' id='word_1_207' title='bbox 3743 1502 3796 1548; x_wconf 77' lang='lat' dir='ltr'><strong>at</strong></span> 
     </span>
    </p>
   </div>
   <div class='ocr_carea' id='block_1_29' title="bbox 2211 1587 3793 1666">
    <p class='ocr_par' dir='ltr' id='par_1_29' title="bbox 2211 1587 3793 1666">
     <span class='ocr_line' id='line_1_29' title="bbox 2211 1587 3793 1666; baseline -0.005 -18"><span class='ocrx_word' id='word_1_208' title='bbox 2211 1599 2424 1664; x_wconf 89' lang='lat' dir='ltr'><strong>quanto</strong></span> <span class='ocrx_word' id='word_1_209' title='bbox 2452 1590 2628 1662; x_wconf 82' lang='lat' dir='ltr'><strong>magis</strong></span> <span class='ocrx_word' id='word_1_210' title='bbox 2649 1591 3051 1666; x_wconf 75' lang='lat' dir='ltr'><strong>ingurgitarent</strong></span> <span class='ocrx_word' id='word_1_211' title='bbox 3077 1597 3325 1647; x_wconf 87' lang='lat' dir='ltr'><strong>ventrem</strong></span> <span class='ocrx_word' id='word_1_212' title='bbox 3349 1587 3638 1660; x_wconf 87' lang='lat' dir='ltr'><strong>opulentia</strong></span> <span class='ocrx_word' id='word_1_213' title='bbox 3657 1601 3793 1642; x_wconf 84' lang='lat' dir='ltr'><strong>esca-</strong></span> 
     </span>
    </p>
   </div>
   <div class='ocr_carea' id='block_1_30' title="bbox 2211 1677 3795 1755">
    <p class='ocr_par' dir='ltr' id='par_1_30' title="bbox 2211 1677 3795 1755">
     <span class='ocr_line' id='line_1_30' title="bbox 2211 1677 3795 1755; baseline -0.003 -16"><span class='ocrx_word' id='word_1_214' title='bbox 2211 1698 2356 1750; x_wconf 90' lang='lat' dir='ltr'><strong>rum,</strong></span> <span class='ocrx_word' id='word_1_215' title='bbox 2383 1690 2537 1739; x_wconf 89' lang='lat' dir='ltr'><strong>tanto</strong></span> <span class='ocrx_word' id='word_1_216' title='bbox 2567 1683 2744 1755; x_wconf 87' lang='lat' dir='ltr'><strong>magis</strong></span> <span class='ocrx_word' id='word_1_217' title='bbox 2768 1690 2954 1739; x_wconf 89' lang='lat' dir='ltr'><strong>essent</strong></span> <span class='ocrx_word' id='word_1_218' title='bbox 2986 1682 3126 1753; x_wconf 86' lang='lat' dir='ltr'><strong>grati</strong></span> <span class='ocrx_word' id='word_1_219' title='bbox 3146 1679 3280 1748; x_wconf 84' lang='lat' dir='ltr'><strong>Deo,</strong></span> <span class='ocrx_word' id='word_1_220' title='bbox 3303 1679 3400 1751; x_wconf 87' lang='lat' dir='ltr'><strong>qui</strong></span> <span class='ocrx_word' id='word_1_221' title='bbox 3439 1693 3638 1736; x_wconf 67' lang='lat' dir='ltr'><strong>«nues</strong></span> <span class='ocrx_word' id='word_1_222' title='bbox 3659 1677 3795 1734; x_wconf 81' lang='lat' dir='ltr'><strong>cibos</strong></span> 
     </span>
    </p>
   </div>
   <div class='ocr_carea' id='block_1_31' title="bbox 2214 1769 3788 1832">
    <p class='ocr_par' dir='ltr' id='par_1_31' title="bbox 2214 1769 3788 1832">
     <span class='ocr_line' id='line_1_31' title="bbox 2214 1769 3788 1832; baseline -0.004 -1"><span class='ocrx_word' id='word_1_223' title='bbox 2214 1774 2653 1832; x_wconf 80' lang='lat' dir='ltr'><strong>sanctiﬁcaverat</strong></span> <span class='ocrx_word' id='word_1_224' title='bbox 2690 1774 2760 1830; x_wconf 90' lang='lat' dir='ltr'><strong>ad</strong></span> <span class='ocrx_word' id='word_1_225' title='bbox 2804 1774 3100 1831; x_wconf 81' lang='lat' dir='ltr'><strong>edendum.</strong></span> <span class='ocrx_word' id='word_1_226' title='bbox 3143 1771 3274 1829; x_wconf 85' lang='lat' dir='ltr'><strong>lude</strong></span> <span class='ocrx_word' id='word_1_227' title='bbox 3308 1772 3427 1829; x_wconf 88' lang='lat' dir='ltr'><strong>ait:</strong></span> <span class='ocrx_word' id='word_1_228' title='bbox 3475 1769 3661 1827; x_wconf 80' lang='lat' dir='ltr'><strong>Nolite</strong></span> <span class='ocrx_word' id='word_1_229' title='bbox 3697 1769 3788 1826; x_wconf 82' lang='lat' dir='ltr'><strong>ho—</strong></span> 
     </span>
    </p>
   </div>
   <div class='ocr_carea' id='block_1_32' title="bbox 525 1861 3794 1938">
    <p class='ocr_par' dir='ltr' id='par_1_32' title="bbox 525 1861 3794 1938">
     <span class='ocr_line' id='line_1_32' title="bbox 525 1861 3794 1938; baseline -0 -19"><span class='ocrx_word' id='word_1_230' title='bbox 525 1863 680 1936; x_wconf 79' lang='lat' dir='ltr'><strong>gelos</strong></span> <span class='ocrx_word' id='word_1_231' title='bbox 715 1879 845 1920; x_wconf 90' lang='lat' dir='ltr'><strong>suos</strong></span> <span class='ocrx_word' id='word_1_232' title='bbox 872 1862 1124 1933; x_wconf 87' lang='lat' dir='ltr'><strong>immisit,</strong></span> <span class='ocrx_word' id='word_1_233' title='bbox 1160 1862 1321 1934; x_wconf 89' lang='lat' dir='ltr'><strong>quasi</strong></span> <span class='ocrx_word' id='word_1_234' title='bbox 1355 1861 1624 1934; x_wconf 89' lang='lat' dir='ltr'><strong>hospites,</strong></span> <span class='ocrx_word' id='word_1_235' title='bbox 1666 1869 1728 1920; x_wconf 89' lang='lat' dir='ltr'><strong>ut</strong></span> <span class='ocrx_word' id='word_1_236' title='bbox 1762 1877 1862 1933; x_wconf 90' lang='lat' dir='ltr'><strong>per</strong></span> <span class='ocrx_word' id='word_1_237' title='bbox 1893 1861 2000 1918; x_wconf 90' lang='lat' dir='ltr'><strong>hoc</strong></span> <span class='ocrx_word' id='word_1_238' title='bbox 2021 1862 2116 1918; x_wconf 76' lang='lat' dir='ltr'><strong>llo-</strong></span> <span class='ocrx_word' id='word_1_239' title='bbox 2145 1861 2191 1886; x_wconf 81' lang='lat'>”</span> <span class='ocrx_word' id='word_1_240' title='bbox 2211 1865 2456 1938; x_wconf 77' lang='lat' dir='ltr'><strong>jusmodi</strong></span> <span class='ocrx_word' id='word_1_241' title='bbox 2514 1865 2782 1922; x_wconf 86' lang='lat' dir='ltr'><strong>doctrinis</strong></span> <span class='ocrx_word' id='word_1_242' title='bbox 2832 1865 3054 1933; x_wconf 83' lang='lat' dir='ltr'><strong>abduci,</strong></span> <span class='ocrx_word' id='word_1_243' title='bbox 3076 1866 3202 1937; x_wconf 80' lang='lat' dir='ltr'><strong>quia</strong></span> <span class='ocrx_word' id='word_1_244' title='bbox 3246 1866 3507 1935; x_wconf 72' lang='lat' dir='ltr'><strong>optimam</strong></span> <span class='ocrx_word' id='word_1_245' title='bbox 3551 1873 3653 1933; x_wconf 86' lang='lat' dir='ltr'><strong>est,</strong></span> <span class='ocrx_word' id='word_1_246' title='bbox 3693 1878 3794 1918; x_wconf 85' lang='lat' dir='ltr'><strong>non</strong></span> 
     </span>
    </p>
   </div>
   <div class='ocr_carea' id='block_1_33' title="bbox 522 1941 2114 2025">
    <p class='ocr_par' dir='ltr' id='par_1_33' title="bbox 522 1941 2114 2025">
     <span class='ocr_line' id='line_1_33' title="bbox 522 1941 2114 2025; baseline 0.001 -16"><span class='ocrx_word' id='word_1_247' title='bbox 522 1953 880 2023; x_wconf 78' lang='lat' dir='ltr'><strong>spitalit‘atem</strong></span> <span class='ocrx_word' id='word_1_248' title='bbox 906 1961 1118 2025; x_wconf 88' lang='lat' dir='ltr'><strong>gratam</strong></span> <span class='ocrx_word' id='word_1_249' title='bbox 1149 1952 1253 2008; x_wconf 85' lang='lat' dir='ltr'><strong>sibi</strong></span> <span class='ocrx_word' id='word_1_250' title='bbox 1275 1967 1398 2008; x_wconf 89' lang='lat' dir='ltr'><strong>esse</strong></span> <span class='ocrx_word' id='word_1_251' title='bbox 1423 1941 1836 2024; x_wconf 84' lang='lat' dir='ltr'><strong>cognoscerent.</strong></span> <span class='ocrx_word' id='word_1_252' title='bbox 1859 1951 2114 2010; x_wconf 87' lang='lat' dir='ltr'><strong>Charitas</strong></span> 
     </span>
    </p>
   </div>
   <div class='ocr_carea' id='block_1_34' title="bbox 518 2043 2116 2115">
    <p class='ocr_par' dir='ltr' id='par_1_34' title="bbox 518 2043 2116 2115">
     <span class='ocr_line' id='line_1_34' title="bbox 518 2043 2116 2115; baseline 0.002 -16"><span class='ocrx_word' id='word_1_253' title='bbox 518 2053 742 2101; x_wconf 88' lang='lat' dir='ltr'><strong>maneat</strong></span> <span class='ocrx_word' id='word_1_254' title='bbox 763 2044 820 2100; x_wconf 89' lang='lat' dir='ltr'><strong>in</strong></span> <span class='ocrx_word' id='word_1_255' title='bbox 844 2044 1022 2101; x_wconf 86' lang='lat' dir='ltr'><strong>vobis.</strong></span> <span class='ocrx_word' id='word_1_256' title='bbox 1053 2043 1367 2102; x_wconf 73' lang='lat' dir='ltr'><strong>Mementote</strong></span> <span class='ocrx_word' id='word_1_257' title='bbox 1395 2044 1560 2101; x_wconf 87' lang='lat' dir='ltr'><strong>etiam</strong></span> <span class='ocrx_word' id='word_1_258' title='bbox 1598 2046 1917 2115; x_wconf 79' lang='lat' dir='ltr'><strong>vinctorum,</strong></span> <span class='ocrx_word' id='word_1_259' title='bbox 1947 2045 2001 2101; x_wconf 87' lang='lat' dir='ltr'><strong>id</strong></span> <span class='ocrx_word' id='word_1_260' title='bbox 2028 2054 2116 2102; x_wconf 90' lang='lat' dir='ltr'><strong>est</strong></span> 
     </span>
    </p>
   </div>
   <div class='ocr_carea' id='block_1_35' title="bbox 518 2125 2113 2208">
    <p class='ocr_par' dir='ltr' id='par_1_35' title="bbox 518 2125 2113 2208">
     <span class='ocr_line' id='line_1_35' title="bbox 518 2125 2113 2208; baseline 0.002 -20"><span class='ocrx_word' id='word_1_261' title='bbox 518 2125 610 2189; x_wconf 80' lang='lat' dir='ltr'><strong>his</strong></span> <span class='ocrx_word' id='word_1_262' title='bbox 659 2133 990 2203; x_wconf 82' lang='lat' dir='ltr'><strong>ministrate,</strong></span> <span class='ocrx_word' id='word_1_263' title='bbox 1037 2134 1132 2207; x_wconf 89' lang='lat' dir='ltr'><strong>qui</strong></span> <span class='ocrx_word' id='word_1_264' title='bbox 1163 2135 1222 2192; x_wconf 89' lang='lat' dir='ltr'><strong>in</strong></span> <span class='ocrx_word' id='word_1_265' title='bbox 1262 2134 1499 2193; x_wconf 81' lang='lat' dir='ltr'><strong>vinculis</strong></span> <span class='ocrx_word' id='word_1_266' title='bbox 1536 2135 1941 2208; x_wconf 89' lang='lat' dir='ltr'><strong>opprimuntur,</strong></span> <span class='ocrx_word' id='word_1_267' title='bbox 1989 2145 2113 2192; x_wconf 88' lang='lat' dir='ltr'><strong>tan-</strong></span> 
     </span>
    </p>
   </div>
   <div class='ocr_carea' id='block_1_36' title="bbox 464 2226 2117 2296">
    <p class='ocr_par' dir='ltr' id='par_1_36' title="bbox 464 2226 2117 2296">
     <span class='ocr_line' id='line_1_36' title="bbox 464 2226 2117 2296; baseline 0.004 -17"><span class='ocrx_word' id='word_1_268' title='bbox 464 2288 469 2292; x_wconf 49' lang='grc'><strong><em>,</em></strong></span> <span class='ocrx_word' id='word_1_269' title='bbox 518 2241 679 2296; x_wconf 83' lang='lat' dir='ltr'><strong>quam</strong></span> <span class='ocrx_word' id='word_1_270' title='bbox 707 2226 871 2281; x_wconf 80' lang='lat' dir='ltr'><strong>simul</strong></span> <span class='ocrx_word' id='word_1_271' title='bbox 899 2227 1084 2294; x_wconf 85' lang='lat' dir='ltr'><strong>vincti,</strong></span> <span class='ocrx_word' id='word_1_272' title='bbox 1125 2227 1183 2284; x_wconf 91' lang='lat' dir='ltr'><strong>id</strong></span> <span class='ocrx_word' id='word_1_273' title='bbox 1223 2235 1310 2285; x_wconf 91' lang='lat' dir='ltr'><strong>est</strong></span> <span class='ocrx_word' id='word_1_274' title='bbox 1344 2243 1618 2285; x_wconf 88' lang='lat' dir='ltr'><strong>memores</strong></span> <span class='ocrx_word' id='word_1_275' title='bbox 1649 2243 1750 2285; x_wconf 82' lang='lat' dir='ltr'><strong>vos</strong></span> <span class='ocrx_word' id='word_1_276' title='bbox 1797 2228 1963 2286; x_wconf 86' lang='lat' dir='ltr'><strong>simul</strong></span> <span class='ocrx_word' id='word_1_277' title='bbox 1990 2243 2117 2286; x_wconf 86' lang='lat' dir='ltr'><strong>esse</strong></span> 
     </span>
    </p>
   </div>
   <div class='ocr_carea' id='block_1_37' title="bbox 517 2315 2116 2394">
    <p class='ocr_par' dir='ltr' id='par_1_37' title="bbox 517 2315 2116 2394">
     <span class='ocr_line' id='line_1_37' title="bbox 517 2315 2116 2394; baseline 0.005 -24"><span class='ocrx_word' id='word_1_278' title='bbox 517 2315 759 2384; x_wconf 87' lang='lat' dir='ltr'><strong>vinctos,</strong></span> <span class='ocrx_word' id='word_1_279' title='bbox 794 2316 926 2388; x_wconf 88' lang='lat' dir='ltr'><strong>quia</strong></span> <span class='ocrx_word' id='word_1_280' title='bbox 946 2318 996 2374; x_wconf 87' lang='lat' dir='ltr'><strong>si</strong></span> <span class='ocrx_word' id='word_1_281' title='bbox 1030 2317 1108 2374; x_wconf 91' lang='lat' dir='ltr'><strong>illi</strong></span> <span class='ocrx_word' id='word_1_282' title='bbox 1144 2318 1198 2375; x_wconf 92' lang='lat' dir='ltr'><strong>in</strong></span> <span class='ocrx_word' id='word_1_283' title='bbox 1241 2333 1490 2394; x_wconf 69' lang='lat' dir='ltr'><strong>carcere=</strong></span> <span class='ocrx_word' id='word_1_284' title='bbox 1526 2333 1629 2376; x_wconf 90' lang='lat' dir='ltr'><strong>vos</strong></span> <span class='ocrx_word' id='word_1_285' title='bbox 1653 2319 1823 2377; x_wconf 87' lang='lat' dir='ltr'><strong>vincti</strong></span> <span class='ocrx_word' id='word_1_286' title='bbox 1861 2321 2116 2379; x_wconf 85' lang='lat' dir='ltr'><strong>molestia</strong></span> 
     </span>
    </p>
   </div>
   <div class='ocr_carea' id='block_1_38' title="bbox 521 2407 2125 2484">
    <p class='ocr_par' dir='ltr' id='par_1_38' title="bbox 521 2407 2125 2484">
     <span class='ocr_line' id='line_1_38' title="bbox 521 2407 2125 2484; baseline 0.002 -18"><span class='ocrx_word' id='word_1_287' title='bbox 521 2409 727 2466; x_wconf 89' lang='lat' dir='ltr'><strong>carnis.</strong></span> <span class='ocrx_word' id='word_1_288' title='bbox 766 2407 860 2464; x_wconf 81' lang='lat' dir='ltr'><strong>Vel</strong></span> <span class='ocrx_word' id='word_1_289' title='bbox 887 2409 999 2465; x_wconf 88' lang='lat' dir='ltr'><strong>ita:</strong></span> <span class='ocrx_word' id='word_1_290' title='bbox 1034 2407 1363 2468; x_wconf 81' lang='lat' dir='ltr'><strong>Mementote</strong></span> <span class='ocrx_word' id='word_1_291' title='bbox 1399 2411 1708 2467; x_wconf 78' lang='lat' dir='ltr'><strong>vinctorum</strong></span> <span class='ocrx_word' id='word_1_292' title='bbox 1753 2426 2017 2484; x_wconf 84' lang='lat' dir='ltr'><strong>tanquam</strong></span> <span class='ocrx_word' id='word_1_293' title='bbox 2038 2411 2125 2470; x_wconf 57' lang='grc' dir='ltr'><strong>εἰς</strong></span> 
     </span>
    </p>
   </div>
   <div class='ocr_carea' id='block_1_39' title="bbox 519 2500 2115 2576">
    <p class='ocr_par' dir='ltr' id='par_1_39' title="bbox 519 2500 2115 2576">
     <span class='ocr_line' id='line_1_39' title="bbox 519 2500 2115 2576; baseline 0.005 -21"><span class='ocrx_word' id='word_1_294' title='bbox 519 2500 642 2556; x_wconf 88' lang='lat' dir='ltr'><strong>mul</strong></span> <span class='ocrx_word' id='word_1_295' title='bbox 664 2501 857 2568; x_wconf 87' lang='lat' dir='ltr'><strong>vincti,</strong></span> <span class='ocrx_word' id='word_1_296' title='bbox 905 2501 962 2557; x_wconf 88' lang='lat' dir='ltr'><strong>id</strong></span> <span class='ocrx_word' id='word_1_297' title='bbox 997 2509 1082 2558; x_wconf 90' lang='lat' dir='ltr'><strong>est</strong></span> <span class='ocrx_word' id='word_1_298' title='bbox 1117 2503 1260 2558; x_wconf 83' lang='lat' dir='ltr'><strong>sicut</strong></span> <span class='ocrx_word' id='word_1_299' title='bbox 1287 2503 1497 2560; x_wconf 88' lang='lat' dir='ltr'><strong>velletis</strong></span> <span class='ocrx_word' id='word_1_300' title='bbox 1525 2504 1806 2561; x_wconf 88' lang='lat' dir='ltr'><strong>reminisci</strong></span> <span class='ocrx_word' id='word_1_301' title='bbox 1846 2505 2038 2576; x_wconf 78' lang='lat' dir='ltr'><strong>vestri,</strong></span> <span class='ocrx_word' id='word_1_302' title='bbox 2064 2504 2115 2563; x_wconf 87' lang='lat' dir='ltr'><strong>si</strong></span> 
     </span>
    </p>
   </div>
   <div class='ocr_carea' id='block_1_40' title="bbox 523 2591 2114 2654">
    <p class='ocr_par' dir='ltr' id='par_1_40' title="bbox 523 2591 2114 2654">
     <span class='ocr_line' id='line_1_40' title="bbox 523 2591 2114 2654; baseline 0.003 -6"><span class='ocrx_word' id='word_1_303' title='bbox 523 2592 776 2648; x_wconf 79' lang='lat' dir='ltr'><strong>similiter</strong></span> <span class='ocrx_word' id='word_1_304' title='bbox 803 2591 858 2647; x_wconf 91' lang='lat' dir='ltr'><strong>in</strong></span> <span class='ocrx_word' id='word_1_305' title='bbox 887 2591 1127 2650; x_wconf 90' lang='lat' dir='ltr'><strong>vinculis</strong></span> <span class='ocrx_word' id='word_1_306' title='bbox 1153 2594 1369 2652; x_wconf 85' lang='lat' dir='ltr'><strong>essetis.</strong></span> <span class='ocrx_word' id='word_1_307' title='bbox 1414 2592 1745 2654; x_wconf 79' lang='lat' dir='ltr'><strong>Mementote</strong></span> <span class='ocrx_word' id='word_1_308' title='bbox 1768 2595 1934 2652; x_wconf 86' lang='lat' dir='ltr'><strong>etiam</strong></span> <span class='ocrx_word' id='word_1_309' title='bbox 1961 2596 2114 2653; x_wconf 82' lang='lat' dir='ltr'><strong>labo-</strong></span> 
     </span>
    </p>
   </div>
   <div class='ocr_carea' id='block_1_41' title="bbox 521 2686 2117 2759">
    <p class='ocr_par' dir='ltr' id='par_1_41' title="bbox 521 2686 2117 2759">
     <span class='ocr_line' id='line_1_41' title="bbox 521 2686 2117 2759; baseline 0.004 -21"><span class='ocrx_word' id='word_1_310' title='bbox 521 2686 764 2739; x_wconf 84' lang='lat' dir='ltr'><strong>rantium</strong></span> <span class='ocrx_word' id='word_1_311' title='bbox 795 2699 1129 2759; x_wconf 86' lang='lat' dir='ltr'><strong>quocunque</strong></span> <span class='ocrx_word' id='word_1_312' title='bbox 1151 2701 1356 2758; x_wconf 79' lang='lat' dir='ltr'><strong>genere</strong></span> <span class='ocrx_word' id='word_1_313' title='bbox 1397 2687 1695 2746; x_wconf 68' lang='lat' dir='ltr'><strong>mundanas</strong></span> <span class='ocrx_word' id='word_1_314' title='bbox 1733 2688 1973 2746; x_wconf 82' lang='lat' dir='ltr'><strong>miseriae</strong></span> <span class='ocrx_word' id='word_1_315' title='bbox 1994 2697 2117 2744; x_wconf 90' lang='lat' dir='ltr'><strong>tan-</strong></span> 
     </span>
    </p>
   </div>
   <div class='ocr_carea' id='block_1_42' title="bbox 524 2777 2120 2856">
    <p class='ocr_par' dir='ltr' id='par_1_42' title="bbox 524 2777 2120 2856">
     <span class='ocr_line' id='line_1_42' title="bbox 524 2777 2120 2856; baseline 0.008 -27"><span class='ocrx_word' id='word_1_316' title='bbox 524 2791 684 2848; x_wconf 78' lang='lat' dir='ltr'><strong>quam</strong></span> <span class='ocrx_word' id='word_1_317' title='bbox 716 2785 766 2832; x_wconf 89' lang='lat' dir='ltr'><strong>et</strong></span> <span class='ocrx_word' id='word_1_318' title='bbox 806 2777 911 2848; x_wconf 89' lang='lat' dir='ltr'><strong>ipsi</strong></span> <span class='ocrx_word' id='word_1_319' title='bbox 947 2777 1263 2834; x_wconf 88' lang='lat' dir='ltr'><strong>laborantes</strong></span> <span class='ocrx_word' id='word_1_320' title='bbox 1300 2778 1462 2848; x_wconf 87' lang='lat' dir='ltr'><strong>sitis;</strong></span> <span class='ocrx_word' id='word_1_321' title='bbox 1491 2779 1637 2852; x_wconf 84' lang='lat' dir='ltr'><strong>quod</strong></span> <span class='ocrx_word' id='word_1_322' title='bbox 1677 2779 1822 2838; x_wconf 84' lang='lat' dir='ltr'><strong>idem</strong></span> <span class='ocrx_word' id='word_1_323' title='bbox 1847 2781 1924 2838; x_wconf 82' lang='lat' dir='ltr'><strong>ait</strong></span> <span class='ocrx_word' id='word_1_324' title='bbox 1950 2779 2120 2856; x_wconf 59' lang='lat'><strong>5,12</strong></span> 
     </span>
    </p>
   </div>
   <div class='ocr_carea' id='block_1_43' title="bbox 519 2864 2116 2946">
    <p class='ocr_par' dir='ltr' id='par_1_43' title="bbox 519 2864 2116 2946">
     <span class='ocr_line' id='line_1_43' title="bbox 519 2864 2116 2946; baseline 0.006 -26"><span class='ocrx_word' id='word_1_325' title='bbox 519 2875 792 2939; x_wconf 85' lang='lat' dir='ltr'><strong>tanquam</strong></span> <span class='ocrx_word' id='word_1_326' title='bbox 819 2877 1086 2925; x_wconf 87' lang='lat' dir='ltr'><strong>morantes</strong></span> <span class='ocrx_word' id='word_1_327' title='bbox 1111 2870 1167 2927; x_wconf 83' lang='lat' dir='ltr'><strong>in</strong></span> <span class='ocrx_word' id='word_1_328' title='bbox 1199 2864 1438 2943; x_wconf 81' lang='lat' dir='ltr'><strong>corpore.</strong></span> <span class='ocrx_word' id='word_1_329' title='bbox 1468 2869 1795 2946; x_wconf 80' lang='lat' dir='ltr'><strong>Quicunque</strong></span> <span class='ocrx_word' id='word_1_330' title='bbox 1821 2872 1968 2931; x_wconf 85' lang='lat' dir='ltr'><strong>enim</strong></span> <span class='ocrx_word' id='word_1_331' title='bbox 1991 2887 2116 2944; x_wconf 81' lang='lat' dir='ltr'><strong>pre-</strong></span> 
     </span>
    </p>
   </div>
   <div class='ocr_carea' id='block_1_44' title="bbox 518 2958 2119 3036">
    <p class='ocr_par' dir='ltr' id='par_1_44' title="bbox 518 2958 2119 3036">
     <span class='ocr_line' id='line_1_44' title="bbox 518 2958 2119 3036; baseline 0.007 -23"><span class='ocrx_word' id='word_1_332' title='bbox 518 2958 695 3015; x_wconf 87' lang='lat' dir='ltr'><strong>mitur</strong></span> <span class='ocrx_word' id='word_1_333' title='bbox 720 2975 887 3017; x_wconf 90' lang='lat' dir='ltr'><strong>onere</strong></span> <span class='ocrx_word' id='word_1_334' title='bbox 910 2961 1116 3032; x_wconf 85' lang='lat' dir='ltr'><strong>carnis,</strong></span> <span class='ocrx_word' id='word_1_335' title='bbox 1148 2977 1433 3034; x_wconf 88' lang='lat' dir='ltr'><strong>nunquam</strong></span> <span class='ocrx_word' id='word_1_336' title='bbox 1457 2978 1654 3036; x_wconf 86' lang='lat' dir='ltr'><strong>expers</strong></span> <span class='ocrx_word' id='word_1_337' title='bbox 1673 2973 1756 3022; x_wconf 85' lang='lat' dir='ltr'><strong>est</strong></span> <span class='ocrx_word' id='word_1_338' title='bbox 1777 2980 2036 3022; x_wconf 64' lang='lat' dir='ltr'><strong>utrumme</strong></span> <span class='ocrx_word' id='word_1_339' title='bbox 2061 2974 2119 3028; x_wconf 84' lang='lat' dir='ltr'><strong>et</strong></span> 
     </span>
    </p>
   </div>
   <div class='ocr_carea' id='block_1_45' title="bbox 519 3050 2117 3114">
    <p class='ocr_par' dir='ltr' id='par_1_45' title="bbox 519 3050 2117 3114">
     <span class='ocr_line' id='line_1_45' title="bbox 519 3050 2117 3114; baseline 0.005 -8"><span class='ocrx_word' id='word_1_340' title='bbox 519 3050 752 3110; x_wconf 90' lang='lat' dir='ltr'><strong>laboris.</strong></span> <span class='ocrx_word' id='word_1_341' title='bbox 787 3050 870 3108; x_wconf 89' lang='lat' dir='ltr'><strong>Sit</strong></span> <span class='ocrx_word' id='word_1_342' title='bbox 889 3053 1058 3108; x_wconf 86' lang='lat' dir='ltr'><strong>etiam</strong></span> <span class='ocrx_word' id='word_1_343' title='bbox 1081 3054 1140 3109; x_wconf 87' lang='lat' dir='ltr'><strong>in</strong></span> <span class='ocrx_word' id='word_1_344' title='bbox 1169 3055 1411 3110; x_wconf 76' lang='lat' dir='ltr'><strong>omnibus</strong></span> <span class='ocrx_word' id='word_1_345' title='bbox 1441 3055 1601 3114; x_wconf 86' lang='lat' dir='ltr'><strong>vobis</strong></span> <span class='ocrx_word' id='word_1_346' title='bbox 1643 3055 1950 3113; x_wconf 78' lang='lat' dir='ltr'><strong>Itonorabile</strong></span> <span class='ocrx_word' id='word_1_347' title='bbox 1989 3072 2117 3114; x_wconf 81' lang='lat' dir='ltr'><strong>con-</strong></span> 
     </span>
    </p>
   </div>
   <div class='ocr_carea' id='block_1_46' title="bbox 2216 1949 3790 2028">
    <p class='ocr_par' dir='ltr' id='par_1_46' title="bbox 2216 1949 3790 2028">
     <span class='ocr_line' id='line_1_46' title="bbox 2216 1949 3790 2028; baseline -0.003 -14"><span class='ocrx_word' id='word_1_348' title='bbox 2216 1972 2440 2028; x_wconf 87' lang='lat' dir='ltr'><strong>corpus,</strong></span> <span class='ocrx_word' id='word_1_349' title='bbox 2468 1957 2562 2012; x_wconf 89' lang='lat' dir='ltr'><strong>sed</strong></span> <span class='ocrx_word' id='word_1_350' title='bbox 2591 1972 2689 2013; x_wconf 91' lang='lat' dir='ltr'><strong>cor</strong></span> <span class='ocrx_word' id='word_1_351' title='bbox 2717 1956 2949 2014; x_wconf 88' lang='lat' dir='ltr'><strong>stabiliri</strong></span> <span class='ocrx_word' id='word_1_352' title='bbox 2981 1964 3038 2012; x_wconf 88' lang='lat' dir='ltr'><strong>et</strong></span> <span class='ocrx_word' id='word_1_353' title='bbox 3057 1955 3373 2012; x_wconf 78' lang='lat' dir='ltr'><strong>confirmari</strong></span> <span class='ocrx_word' id='word_1_354' title='bbox 3411 1955 3614 2027; x_wconf 76' lang='lat' dir='ltr'><strong>gratia,</strong></span> <span class='ocrx_word' id='word_1_355' title='bbox 3645 1949 3696 2010; x_wconf 77' lang='lat' dir='ltr'><strong>id</strong></span> <span class='ocrx_word' id='word_1_356' title='bbox 3717 1963 3790 2010; x_wconf 83' lang='lat' dir='ltr'><strong>est</strong></span> 
     </span>
    </p>
   </div>
   <div class='ocr_carea' id='block_1_47' title="bbox 2215 2045 3792 2119">
    <p class='ocr_par' dir='ltr' id='par_1_47' title="bbox 2215 2045 3792 2119">
     <span class='ocr_line' id='line_1_47' title="bbox 2215 2045 3792 2119; baseline -0.004 -14"><span class='ocrx_word' id='word_1_357' title='bbox 2215 2065 2282 2105; x_wconf 86' lang='lat' dir='ltr'><strong>ex</strong></span> <span class='ocrx_word' id='word_1_358' title='bbox 2312 2049 2563 2104; x_wconf 84' lang='lat' dir='ltr'><strong>libertate</strong></span> <span class='ocrx_word' id='word_1_359' title='bbox 2578 2063 2741 2119; x_wconf 86' lang='lat' dir='ltr'><strong>quam</strong></span> <span class='ocrx_word' id='word_1_360' title='bbox 2764 2046 2905 2104; x_wconf 89' lang='lat' dir='ltr'><strong>Deus</strong></span> <span class='ocrx_word' id='word_1_361' title='bbox 2933 2045 3117 2103; x_wconf 89' lang='lat' dir='ltr'><strong>intulit</strong></span> <span class='ocrx_word' id='word_1_362' title='bbox 3145 2046 3306 2102; x_wconf 90' lang='lat' dir='ltr'><strong>nobis</strong></span> <span class='ocrx_word' id='word_1_363' title='bbox 3327 2047 3384 2101; x_wconf 85' lang='lat' dir='ltr'><strong>in</strong></span> <span class='ocrx_word' id='word_1_364' title='bbox 3403 2061 3510 2100; x_wconf 87' lang='lat' dir='ltr'><strong>usu</strong></span> <span class='ocrx_word' id='word_1_365' title='bbox 3538 2045 3792 2110; x_wconf 69' lang='lat' dir='ltr'><strong>ninnium,</strong></span> 
     </span>
    </p>
   </div>
   <div class='ocr_carea' id='block_1_48' title="bbox 2214 2137 3793 2214">
    <p class='ocr_par' dir='ltr' id='par_1_48' title="bbox 2214 2137 3793 2214">
     <span class='ocr_line' id='line_1_48' title="bbox 2214 2137 3793 2214; baseline -0.004 -19"><span class='ocrx_word' id='word_1_366' title='bbox 2214 2157 2375 2214; x_wconf 79' lang='lat' dir='ltr'><strong>quam</strong></span> <span class='ocrx_word' id='word_1_367' title='bbox 2406 2139 2632 2196; x_wconf 87' lang='lat' dir='ltr'><strong>stabiliri</strong></span> <span class='ocrx_word' id='word_1_368' title='bbox 2659 2140 2817 2207; x_wconf 80' lang='lat' dir='ltr'><strong>escis,</strong></span> <span class='ocrx_word' id='word_1_369' title='bbox 2843 2139 2896 2194; x_wconf 86' lang='lat' dir='ltr'><strong>id</strong></span> <span class='ocrx_word' id='word_1_370' title='bbox 2920 2147 3003 2195; x_wconf 90' lang='lat' dir='ltr'><strong>cst</strong></span> <span class='ocrx_word' id='word_1_371' title='bbox 3060 2137 3517 2209; x_wconf 78' lang='lat' dir='ltr'><strong>multiplicatione</strong></span> <span class='ocrx_word' id='word_1_372' title='bbox 3563 2137 3793 2205; x_wconf 80' lang='lat' dir='ltr'><strong>volupta-</strong></span> 
     </span>
    </p>
   </div>
   <div class='ocr_carea' id='block_1_49' title="bbox 2215 2227 3791 2306">
    <p class='ocr_par' dir='ltr' id='par_1_49' title="bbox 2215 2227 3791 2306">
     <span class='ocr_line' id='line_1_49' title="bbox 2215 2227 3791 2306; baseline -0.006 -14"><span class='ocrx_word' id='word_1_373' title='bbox 2215 2235 2312 2302; x_wconf 91' lang='lat' dir='ltr'><strong>tis,</strong></span> <span class='ocrx_word' id='word_1_374' title='bbox 2341 2248 2459 2306; x_wconf 71' lang='lat' dir='ltr'><strong>qua:</strong></span> <span class='ocrx_word' id='word_1_375' title='bbox 2479 2248 2620 2289; x_wconf 72' lang='lat' dir='ltr'><strong>escae</strong></span> <span class='ocrx_word' id='word_1_376' title='bbox 2643 2248 2748 2288; x_wconf 85' lang='lat' dir='ltr'><strong>non</strong></span> <span class='ocrx_word' id='word_1_377' title='bbox 2785 2232 3099 2303; x_wconf 80' lang='lat' dir='ltr'><strong>profuerunt</strong></span> <span class='ocrx_word' id='word_1_378' title='bbox 3128 2229 3525 2285; x_wconf 74' lang='lat' dir='ltr'><strong>ambulantibus</strong></span> <span class='ocrx_word' id='word_1_379' title='bbox 3569 2227 3626 2283; x_wconf 79' lang='lat' dir='ltr'><strong>in</strong></span> <span class='ocrx_word' id='word_1_380' title='bbox 3651 2227 3791 2282; x_wconf 82' lang='lat' dir='ltr'><strong>volu-</strong></span> 
     </span>
    </p>
   </div>
   <div class='ocr_carea' id='block_1_50' title="bbox 2214 2316 3791 2397">
    <p class='ocr_par' dir='ltr' id='par_1_50' title="bbox 2214 2316 3791 2397">
     <span class='ocr_line' id='line_1_50' title="bbox 2214 2316 3791 2397; baseline -0.004 -17"><span class='ocrx_word' id='word_1_381' title='bbox 2214 2324 2480 2397; x_wconf 88' lang='lat' dir='ltr'><strong>ptatibus,</strong></span> <span class='ocrx_word' id='word_1_382' title='bbox 2500 2331 2556 2380; x_wconf 89' lang='lat' dir='ltr'><strong>et</strong></span> <span class='ocrx_word' id='word_1_383' title='bbox 2577 2337 2742 2394; x_wconf 86' lang='lat' dir='ltr'><strong>supra</strong></span> <span class='ocrx_word' id='word_1_384' title='bbox 2778 2321 3004 2378; x_wconf 90' lang='lat' dir='ltr'><strong>modum</strong></span> <span class='ocrx_word' id='word_1_385' title='bbox 3027 2321 3210 2377; x_wconf 91' lang='lat' dir='ltr'><strong>locum</strong></span> <span class='ocrx_word' id='word_1_386' title='bbox 3237 2319 3502 2376; x_wconf 86' lang='lat' dir='ltr'><strong>dantibus</strong></span> <span class='ocrx_word' id='word_1_387' title='bbox 3520 2321 3621 2374; x_wconf 88' lang='lat' dir='ltr'><strong>eis.</strong></span> <span class='ocrx_word' id='word_1_388' title='bbox 3648 2316 3791 2373; x_wconf 68' lang='lat' dir='ltr'><strong>Estis</strong></span> 
     </span>
    </p>
   </div>
   <div class='ocr_carea' id='block_1_51' title="bbox 2216 2411 3792 2489">
    <p class='ocr_par' dir='ltr' id='par_1_51' title="bbox 2216 2411 3792 2489">
     <span class='ocr_line' id='line_1_51' title="bbox 2216 2411 3792 2489; baseline -0.006 -14"><span class='ocrx_word' id='word_1_389' title='bbox 2216 2416 2408 2489; x_wconf 87' lang='lat' dir='ltr'><strong>utique</strong></span> <span class='ocrx_word' id='word_1_390' title='bbox 2454 2430 2566 2472; x_wconf 91' lang='lat' dir='ltr'><strong>non</strong></span> <span class='ocrx_word' id='word_1_391' title='bbox 2618 2415 2882 2472; x_wconf 88' lang='lat' dir='ltr'><strong>debemus</strong></span> <span class='ocrx_word' id='word_1_392' title='bbox 2921 2429 3018 2471; x_wconf 89' lang='lat' dir='ltr'><strong>cor</strong></span> <span class='ocrx_word' id='word_1_393' title='bbox 3062 2413 3328 2482; x_wconf 86' lang='lat' dir='ltr'><strong>stabilire,</strong></span> <span class='ocrx_word' id='word_1_394' title='bbox 3378 2413 3511 2485; x_wconf 86' lang='lat' dir='ltr'><strong>quia</strong></span> <span class='ocrx_word' id='word_1_395' title='bbox 3559 2411 3792 2466; x_wconf 68' lang='lat' dir='ltr'><strong>habemus</strong></span> 
     </span>
    </p>
   </div>
   <div class='ocr_carea' id='block_1_52' title="bbox 2217 2502 3792 2578">
    <p class='ocr_par' dir='ltr' id='par_1_52' title="bbox 2217 2502 3792 2578">
     <span class='ocr_line' id='line_1_52' title="bbox 2217 2502 3792 2578; baseline -0.006 -14"><span class='ocrx_word' id='word_1_396' title='bbox 2217 2507 2416 2576; x_wconf 85' lang='lat' dir='ltr'><strong>altare,</strong></span> <span class='ocrx_word' id='word_1_397' title='bbox 2442 2507 2496 2564; x_wconf 89' lang='lat' dir='ltr'><strong>id</strong></span> <span class='ocrx_word' id='word_1_398' title='bbox 2528 2513 2615 2565; x_wconf 88' lang='lat' dir='ltr'><strong>est</strong></span> <span class='ocrx_word' id='word_1_399' title='bbox 2658 2521 2860 2578; x_wconf 90' lang='lat' dir='ltr'><strong>corpus</strong></span> <span class='ocrx_word' id='word_1_400' title='bbox 2909 2504 3138 2574; x_wconf 86' lang='lat' dir='ltr'><strong>Christi,</strong></span> <span class='ocrx_word' id='word_1_401' title='bbox 3168 2503 3316 2576; x_wconf 77' lang='lat' dir='ltr'><strong>quod</strong></span> <span class='ocrx_word' id='word_1_402' title='bbox 3346 2504 3404 2559; x_wconf 86' lang='lat' dir='ltr'><strong>in</strong></span> <span class='ocrx_word' id='word_1_403' title='bbox 3433 2502 3595 2560; x_wconf 85' lang='lat' dir='ltr'><strong>altari</strong></span> <span class='ocrx_word' id='word_1_404' title='bbox 3615 2517 3792 2558; x_wconf 74' lang='lat' dir='ltr'><strong>conse-</strong></span> 
     </span>
    </p>
   </div>
   <div class='ocr_carea' id='block_1_53' title="bbox 2217 2597 3793 2673">
    <p class='ocr_par' dir='ltr' id='par_1_53' title="bbox 2217 2597 3793 2673">
     <span class='ocr_line' id='line_1_53' title="bbox 2217 2597 3793 2673; baseline -0.006 -12"><span class='ocrx_word' id='word_1_405' title='bbox 2217 2609 2438 2670; x_wconf 85' lang='lat' dir='ltr'><strong>cratur;</strong></span> <span class='ocrx_word' id='word_1_406' title='bbox 2485 2616 2654 2673; x_wconf 88' lang='lat' dir='ltr'><strong>supra</strong></span> <span class='ocrx_word' id='word_1_407' title='bbox 2703 2599 2851 2671; x_wconf 90' lang='lat' dir='ltr'><strong>quod</strong></span> <span class='ocrx_word' id='word_1_408' title='bbox 2911 2598 3282 2671; x_wconf 88' lang='lat' dir='ltr'><strong>principatum</strong></span> <span class='ocrx_word' id='word_1_409' title='bbox 3335 2613 3368 2654; x_wconf 87' lang='lat' dir='ltr'><strong>a</strong></span> <span class='ocrx_word' id='word_1_410' title='bbox 3415 2597 3580 2654; x_wconf 89' lang='lat' dir='ltr'><strong>nobis</strong></span> <span class='ocrx_word' id='word_1_411' title='bbox 3602 2607 3718 2653; x_wconf 84' lang='lat' dir='ltr'><strong>vota</strong></span> <span class='ocrx_word' id='word_1_412' title='bbox 3740 2605 3793 2652; x_wconf 89' lang='lat' dir='ltr'><strong>et</strong></span> 
     </span>
    </p>
   </div>
   <div class='ocr_carea' id='block_1_54' title="bbox 2217 2687 3791 2761">
    <p class='ocr_par' dir='ltr' id='par_1_54' title="bbox 2217 2687 3791 2761">
     <span class='ocr_line' id='line_1_54' title="bbox 2217 2687 3791 2761; baseline -0.005 -12"><span class='ocrx_word' id='word_1_413' title='bbox 2217 2692 2498 2750; x_wconf 89' lang='lat' dir='ltr'><strong>orationes</strong></span> <span class='ocrx_word' id='word_1_414' title='bbox 2519 2691 2633 2746; x_wconf 85' lang='lat' dir='ltr'><strong>Deo</strong></span> <span class='ocrx_word' id='word_1_415' title='bbox 2652 2689 2956 2747; x_wconf 71' lang='lat' dir='ltr'><strong>offerimus.</strong></span> <span class='ocrx_word' id='word_1_416' title='bbox 2995 2688 3075 2744; x_wconf 87' lang='lat' dir='ltr'><strong>De</strong></span> <span class='ocrx_word' id='word_1_417' title='bbox 3113 2703 3216 2761; x_wconf 83' lang='lat' dir='ltr'><strong>quo</strong></span> <span class='ocrx_word' id='word_1_418' title='bbox 3259 2687 3442 2756; x_wconf 89' lang='lat' dir='ltr'><strong>altari,</strong></span> <span class='ocrx_word' id='word_1_419' title='bbox 3476 2688 3539 2742; x_wconf 91' lang='lat' dir='ltr'><strong>id</strong></span> <span class='ocrx_word' id='word_1_420' title='bbox 3575 2697 3656 2742; x_wconf 89' lang='lat' dir='ltr'><strong>est</strong></span> <span class='ocrx_word' id='word_1_421' title='bbox 3679 2702 3791 2741; x_wconf 85' lang='lat' dir='ltr'><strong>cor-</strong></span> 
     </span>
    </p>
   </div>
   <div class='ocr_carea' id='block_1_55' title="bbox 2217 2781 3796 2858">
    <p class='ocr_par' dir='ltr' id='par_1_55' title="bbox 2217 2781 3796 2858">
     <span class='ocr_line' id='line_1_55' title="bbox 2217 2781 3796 2858; baseline -0.005 -17"><span class='ocrx_word' id='word_1_422' title='bbox 2217 2798 2352 2858; x_wconf 85' lang='lat' dir='ltr'><strong>pore</strong></span> <span class='ocrx_word' id='word_1_423' title='bbox 2378 2783 2584 2840; x_wconf 88' lang='lat' dir='ltr'><strong>Christi</strong></span> <span class='ocrx_word' id='word_1_424' title='bbox 2613 2799 2719 2838; x_wconf 85' lang='lat' dir='ltr'><strong>non</strong></span> <span class='ocrx_word' id='word_1_425' title='bbox 2749 2782 2942 2838; x_wconf 81' lang='lat' dir='ltr'><strong>habent</strong></span> <span class='ocrx_word' id='word_1_426' title='bbox 2979 2789 3292 2853; x_wconf 80' lang='lat' dir='ltr'><strong>potestatem</strong></span> <span class='ocrx_word' id='word_1_427' title='bbox 3334 2781 3486 2836; x_wconf 83' lang='lat' dir='ltr'><strong>edere</strong></span> <span class='ocrx_word' id='word_1_428' title='bbox 3518 2781 3796 2852; x_wconf 62' lang='lat' dir='ltr'><strong>quicunque</strong></span> 
     </span>
    </p>
   </div>
   <div class='ocr_carea' id='block_1_56' title="bbox 2219 2871 3792 2945">
    <p class='ocr_par' dir='ltr' id='par_1_56' title="bbox 2219 2871 3792 2945">
     <span class='ocr_line' id='line_1_56' title="bbox 2219 2871 3792 2945; baseline -0.006 -11"><span class='ocrx_word' id='word_1_429' title='bbox 2219 2879 2518 2934; x_wconf 69' lang='lat' dir='ltr'><strong>deserviunt</strong></span> <span class='ocrx_word' id='word_1_430' title='bbox 2552 2875 2914 2945; x_wconf 84' lang='lat' dir='ltr'><strong>tabernaculo,</strong></span> <span class='ocrx_word' id='word_1_431' title='bbox 2939 2874 2994 2931; x_wconf 90' lang='lat' dir='ltr'><strong>id</strong></span> <span class='ocrx_word' id='word_1_432' title='bbox 3021 2881 3108 2930; x_wconf 90' lang='lat' dir='ltr'><strong>est</strong></span> <span class='ocrx_word' id='word_1_433' title='bbox 3134 2872 3382 2944; x_wconf 88' lang='lat' dir='ltr'><strong>corporis</strong></span> <span class='ocrx_word' id='word_1_434' title='bbox 3403 2871 3792 2943; x_wconf 82' lang='lat' dir='ltr'><strong>voluptatibus;</strong></span> 
     </span>
    </p>
   </div>
   <div class='ocr_carea' id='block_1_57' title="bbox 2220 2961 3796 3034">
    <p class='ocr_par' dir='ltr' id='par_1_57' title="bbox 2220 2961 3796 3034">
     <span class='ocr_line' id='line_1_57' title="bbox 2220 2961 3796 3034; baseline -0.008 -6"><span class='ocrx_word' id='word_1_435' title='bbox 2220 2970 2303 3028; x_wconf 87' lang='lat' dir='ltr'><strong>sic</strong></span> <span class='ocrx_word' id='word_1_436' title='bbox 2330 2970 2478 3028; x_wconf 85' lang='lat' dir='ltr'><strong>enim</strong></span> <span class='ocrx_word' id='word_1_437' title='bbox 2507 2969 2578 3027; x_wconf 84' lang='lat' dir='ltr'><strong>ad</strong></span> <span class='ocrx_word' id='word_1_438' title='bbox 2601 2969 2795 3025; x_wconf 88' lang='lat' dir='ltr'><strong>horam</strong></span> <span class='ocrx_word' id='word_1_439' title='bbox 2817 2965 3065 3023; x_wconf 85' lang='lat' dir='ltr'><strong>mansuri</strong></span> <span class='ocrx_word' id='word_1_440' title='bbox 3087 2980 3282 3026; x_wconf 87' lang='lat' dir='ltr'><strong>sumus</strong></span> <span class='ocrx_word' id='word_1_441' title='bbox 3311 2963 3368 3018; x_wconf 86' lang='lat' dir='ltr'><strong>in</strong></span> <span class='ocrx_word' id='word_1_442' title='bbox 3389 2977 3641 3034; x_wconf 87' lang='lat' dir='ltr'><strong>corpore,</strong></span> <span class='ocrx_word' id='word_1_443' title='bbox 3669 2961 3796 3018; x_wconf 87' lang='lat' dir='ltr'><strong>sicut</strong></span> 
     </span>
    </p>
   </div>
   <div class='ocr_carea' id='block_1_58' title="bbox 2220 3056 3795 3127">
    <p class='ocr_par' dir='ltr' id='par_1_58' title="bbox 2220 3056 3795 3127">
     <span class='ocr_line' id='line_1_58' title="bbox 2220 3056 3795 3127; baseline -0.011 -1"><span class='ocrx_word' id='word_1_444' title='bbox 2220 3063 2386 3126; x_wconf 81' lang='lat' dir='ltr'><strong>miles</strong></span> <span class='ocrx_word' id='word_1_445' title='bbox 2406 3064 2465 3122; x_wconf 89' lang='lat' dir='ltr'><strong>in</strong></span> <span class='ocrx_word' id='word_1_446' title='bbox 2503 3060 2859 3121; x_wconf 87' lang='lat' dir='ltr'><strong>tabernaculo</strong></span> <span class='ocrx_word' id='word_1_447' title='bbox 2885 3059 3130 3117; x_wconf 84' lang='lat' dir='ltr'><strong>militari.</strong></span> <span class='ocrx_word' id='word_1_448' title='bbox 3161 3057 3364 3115; x_wconf 85' lang='lat' dir='ltr'><strong>Probat</strong></span> <span class='ocrx_word' id='word_1_449' title='bbox 3392 3056 3598 3127; x_wconf 82' lang='lat' dir='ltr'><strong>duplici</strong></span> <span class='ocrx_word' id='word_1_450' title='bbox 3625 3063 3795 3111; x_wconf 85' lang='lat' dir='ltr'><strong>aucto-</strong></span> 
     </span>
    </p>
   </div>
   <div class='ocr_carea' id='block_1_59' title="bbox 520 3144 3795 3246">
    <p class='ocr_par' dir='ltr' id='par_1_59' title="bbox 520 3144 3795 3246">
     <span class='ocr_line' id='line_1_59' title="bbox 520 3144 3795 3246; baseline -0.003 -34"><span class='ocrx_word' id='word_1_451' title='bbox 520 3144 790 3246; x_wconf 42' lang='lat' dir='ltr'><strong>ﬂu-bium;</strong></span> <span class='ocrx_word' id='word_1_452' title='bbox 835 3145 926 3202; x_wconf 75' lang='lat' dir='ltr'><strong>hic</strong></span> <span class='ocrx_word' id='word_1_453' title='bbox 973 3155 1222 3206; x_wconf 71' lang='grc' dir='ltr'><strong>τθωονοι</strong></span> <span class='ocrx_word' id='word_1_454' title='bbox 1270 3145 1714 3207; x_wconf 67' lang='lat' dir='ltr'><strong>fornicationem.</strong></span> <span class='ocrx_word' id='word_1_455' title='bbox 1746 3147 1815 3205; x_wconf 82' lang='lat' dir='ltr'><strong>Et</strong></span> <span class='ocrx_word' id='word_1_456' title='bbox 1847 3148 2117 3222; x_wconf 66' lang='lat' dir='ltr'><strong>coniugiis</strong></span> <span class='ocrx_word' id='word_1_457' title='bbox 2143 3184 2189 3246; x_wconf 65' lang='grc' dir='ltr'>α</span> <span class='ocrx_word' id='word_1_458' title='bbox 2220 3155 2382 3214; x_wconf 88' lang='lat' dir='ltr'><strong>ritate</strong></span> <span class='ocrx_word' id='word_1_459' title='bbox 2404 3155 2608 3213; x_wconf 87' lang='lat' dir='ltr'><strong>veteris</strong></span> <span class='ocrx_word' id='word_1_460' title='bbox 2639 3153 2903 3229; x_wconf 90' lang='lat' dir='ltr'><strong>primum,</strong></span> <span class='ocrx_word' id='word_1_461' title='bbox 2947 3150 3146 3210; x_wconf 87' lang='lat' dir='ltr'><strong>deinde</strong></span> <span class='ocrx_word' id='word_1_462' title='bbox 3171 3165 3326 3208; x_wconf 85' lang='lat' dir='ltr'><strong>novae</strong></span> <span class='ocrx_word' id='word_1_463' title='bbox 3363 3149 3522 3221; x_wconf 83' lang='lat' dir='ltr'><strong>legis,</strong></span> <span class='ocrx_word' id='word_1_464' title='bbox 3563 3147 3795 3246; x_wconf 77' lang='lat' dir='ltr'><strong>eumdem</strong></span> 
     </span>
    </p>
   </div>
   <div class='ocr_carea' id='block_1_60' title="bbox 526 3237 2118 3312">
    <p class='ocr_par' dir='ltr' id='par_1_60' title="bbox 526 3237 2118 3312">
     <span class='ocr_line' id='line_1_60' title="bbox 526 3237 2118 3312; baseline 0.006 -16"><span class='ocrx_word' id='word_1_465' title='bbox 526 3237 820 3296; x_wconf 85' lang='lat' dir='ltr'><strong>celebratis</strong></span> <span class='ocrx_word' id='word_1_466' title='bbox 867 3240 940 3295; x_wconf 91' lang='lat' dir='ltr'><strong>sit</strong></span> <span class='ocrx_word' id='word_1_467' title='bbox 1000 3247 1150 3300; x_wconf 82' lang='lat' dir='ltr'><strong>torus</strong></span> <span class='ocrx_word' id='word_1_468' title='bbox 1188 3243 1608 3312; x_wconf 60' lang='lat' dir='ltr'><strong>immaculata;</strong></span> <span class='ocrx_word' id='word_1_469' title='bbox 1652 3241 1746 3301; x_wconf 84' lang='lat' dir='ltr'><strong>hic</strong></span> <span class='ocrx_word' id='word_1_470' title='bbox 1785 3240 2118 3305; x_wconf 81' lang='lat' dir='ltr'><strong>adulterium</strong></span> 
     </span>
    </p>
   </div>
   <div class='ocr_carea' id='block_1_61' title="bbox 525 3331 2114 3406">
    <p class='ocr_par' dir='ltr' id='par_1_61' title="bbox 525 3331 2114 3406">
     <span class='ocr_line' id='line_1_61' title="bbox 525 3331 2114 3406; baseline 0.004 -19"><span class='ocrx_word' id='word_1_471' title='bbox 525 3332 764 3389; x_wconf 89' lang='lat' dir='ltr'><strong>abdicat.</strong></span> <span class='ocrx_word' id='word_1_472' title='bbox 800 3331 928 3390; x_wconf 80' lang='lat' dir='ltr'><strong>Ideo</strong></span> <span class='ocrx_word' id='word_1_473' title='bbox 955 3349 1157 3392; x_wconf 88' lang='lat' dir='ltr'><strong>moneo</strong></span> <span class='ocrx_word' id='word_1_474' title='bbox 1176 3334 1482 3404; x_wconf 60' lang='lat' dir='ltr'><strong>connubia,</strong></span> <span class='ocrx_word' id='word_1_475' title='bbox 1505 3336 1818 3395; x_wconf 81' lang='lat' dir='ltr'><strong>castitatem</strong></span> <span class='ocrx_word' id='word_1_476' title='bbox 1838 3337 1975 3406; x_wconf 86' lang='lat' dir='ltr'><strong>tori,</strong></span> <span class='ocrx_word' id='word_1_477' title='bbox 2023 3352 2114 3393; x_wconf 80' lang='lat' dir='ltr'><strong>re-</strong></span> 
     </span>
    </p>
   </div>
   <div class='ocr_carea' id='block_1_62' title="bbox 524 3425 2119 3502">
    <p class='ocr_par' dir='ltr' id='par_1_62' title="bbox 524 3425 2119 3502">
     <span class='ocr_line' id='line_1_62' title="bbox 524 3425 2119 3502; baseline 0.003 -21"><span class='ocrx_word' id='word_1_478' title='bbox 524 3425 797 3482; x_wconf 79' lang='lat' dir='ltr'><strong>movendo</strong></span> <span class='ocrx_word' id='word_1_479' title='bbox 837 3425 1256 3485; x_wconf 80' lang='lat' dir='ltr'><strong>fornicationem</strong></span> <span class='ocrx_word' id='word_1_480' title='bbox 1304 3437 1360 3488; x_wconf 76' lang='lat' dir='ltr'><strong>et</strong></span> <span class='ocrx_word' id='word_1_481' title='bbox 1402 3429 1751 3497; x_wconf 78' lang='lat' dir='ltr'><strong>adulterium,</strong></span> <span class='ocrx_word' id='word_1_482' title='bbox 1806 3431 1934 3502; x_wconf 80' lang='lat' dir='ltr'><strong>quia</strong></span> <span class='ocrx_word' id='word_1_483' title='bbox 1975 3428 2119 3486; x_wconf 83' lang='lat' dir='ltr'><strong>Deus</strong></span> 
     </span>
    </p>
   </div>
   <div class='ocr_carea' id='block_1_63' title="bbox 521 3517 2117 3594">
    <p class='ocr_par' dir='ltr' id='par_1_63' title="bbox 521 3517 2117 3594">
     <span class='ocr_line' id='line_1_63' title="bbox 521 3517 2117 3594; baseline 0.005 -23"><span class='ocrx_word' id='word_1_484' title='bbox 521 3517 816 3592; x_wconf 65' lang='lat' dir='ltr'><strong>iudicabit,</strong></span> <span class='ocrx_word' id='word_1_485' title='bbox 832 3518 904 3590; x_wconf 75' lang='lat' dir='ltr'><strong>id</strong></span> <span class='ocrx_word' id='word_1_486' title='bbox 930 3529 1014 3575; x_wconf 87' lang='lat' dir='ltr'><strong>est</strong></span> <span class='ocrx_word' id='word_1_487' title='bbox 1033 3519 1321 3579; x_wconf 78' lang='lat' dir='ltr'><strong>damnabit</strong></span> <span class='ocrx_word' id='word_1_488' title='bbox 1349 3521 1698 3594; x_wconf 56' lang='lat' dir='ltr'><strong>[unicoloras</strong></span> <span class='ocrx_word' id='word_1_489' title='bbox 1718 3531 1771 3580; x_wconf 72' lang='lat' dir='ltr'><strong>at</strong></span> <span class='ocrx_word' id='word_1_490' title='bbox 1799 3523 2070 3580; x_wconf 69' lang='lat' dir='ltr'><strong>adulteros</strong></span> <span class='ocrx_word' id='word_1_491' title='bbox 2096 3540 2117 3590; x_wconf 85' lang='lat'><strong>,&#39;</strong></span> 
     </span>
    </p>
   </div>
   <div class='ocr_carea' id='block_1_64' title="bbox 526 3611 2122 3688">
    <p class='ocr_par' dir='ltr' id='par_1_64' title="bbox 526 3611 2122 3688">
     <span class='ocr_line' id='line_1_64' title="bbox 526 3611 2122 3688; baseline 0.004 -21"><span class='ocrx_word' id='word_1_492' title='bbox 526 3626 640 3667; x_wconf 88' lang='lat' dir='ltr'><strong>non</strong></span> <span class='ocrx_word' id='word_1_493' title='bbox 678 3611 826 3684; x_wconf 90' lang='lat' dir='ltr'><strong>quod</strong></span> <span class='ocrx_word' id='word_1_494' title='bbox 856 3611 1154 3670; x_wconf 88' lang='lat' dir='ltr'><strong>homicidia</strong></span> <span class='ocrx_word' id='word_1_495' title='bbox 1192 3621 1248 3672; x_wconf 91' lang='lat' dir='ltr'><strong>et</strong></span> <span class='ocrx_word' id='word_1_496' title='bbox 1294 3613 1509 3688; x_wconf 85' lang='lat' dir='ltr'><strong>reliqua</strong></span> <span class='ocrx_word' id='word_1_497' title='bbox 1552 3615 1699 3672; x_wconf 83' lang='lat' dir='ltr'><strong>mala</strong></span> <span class='ocrx_word' id='word_1_498' title='bbox 1722 3615 1973 3687; x_wconf 75' lang='lat' dir='ltr'><strong>judicare</strong></span> <span class='ocrx_word' id='word_1_499' title='bbox 2009 3630 2122 3673; x_wconf 88' lang='lat' dir='ltr'><strong>non</strong></span> 
     </span>
    </p>
   </div>
   <div class='ocr_carea' id='block_1_65' title="bbox 527 3699 2116 3773">
    <p class='ocr_par' dir='ltr' id='par_1_65' title="bbox 527 3699 2116 3773">
     <span class='ocr_line' id='line_1_65' title="bbox 527 3699 2116 3773; baseline 0.003 -12"><span class='ocrx_word' id='word_1_500' title='bbox 527 3703 742 3773; x_wconf 89' lang='lat' dir='ltr'><strong>debeat,</strong></span> <span class='ocrx_word' id='word_1_501' title='bbox 771 3703 866 3761; x_wconf 87' lang='lat' dir='ltr'><strong>sed</strong></span> <span class='ocrx_word' id='word_1_502' title='bbox 887 3719 1036 3762; x_wconf 90' lang='lat' dir='ltr'><strong>nunc</strong></span> <span class='ocrx_word' id='word_1_503' title='bbox 1059 3707 1129 3764; x_wconf 89' lang='lat' dir='ltr'><strong>de</strong></span> <span class='ocrx_word' id='word_1_504' title='bbox 1160 3705 1252 3767; x_wconf 81' lang='lat' dir='ltr'><strong>his</strong></span> <span class='ocrx_word' id='word_1_505' title='bbox 1277 3699 1494 3765; x_wconf 85' lang='lat' dir='ltr'><strong>duobus</strong></span> <span class='ocrx_word' id='word_1_506' title='bbox 1515 3715 1732 3766; x_wconf 84' lang='lat' dir='ltr'><strong>tantum</strong></span> <span class='ocrx_word' id='word_1_507' title='bbox 1767 3723 1953 3767; x_wconf 87' lang='lat' dir='ltr'><strong>sermo</strong></span> <span class='ocrx_word' id='word_1_508' title='bbox 1979 3716 2116 3767; x_wconf 86' lang='lat' dir='ltr'><strong>erat.</strong></span> 
     </span>
    </p>
   </div>
   <div class='ocr_carea' id='block_1_66' title="bbox 527 3795 2120 3871">
    <p class='ocr_par' dir='ltr' id='par_1_66' title="bbox 527 3795 2120 3871">
     <span class='ocr_line' id='line_1_66' title="bbox 527 3795 2120 3871; baseline 0.003 -17"><span class='ocrx_word' id='word_1_509' title='bbox 527 3795 706 3854; x_wconf 75' lang='lat' dir='ltr'><strong>Mores</strong></span> <span class='ocrx_word' id='word_1_510' title='bbox 731 3798 896 3855; x_wconf 89' lang='lat' dir='ltr'><strong>etiam</strong></span> <span class='ocrx_word' id='word_1_511' title='bbox 921 3800 1080 3854; x_wconf 83' lang='lat' dir='ltr'><strong>uestri</strong></span> <span class='ocrx_word' id='word_1_512' title='bbox 1099 3801 1206 3856; x_wconf 87' lang='lat' dir='ltr'><strong>sint</strong></span> <span class='ocrx_word' id='word_1_513' title='bbox 1243 3801 1359 3857; x_wconf 79' lang='lat' dir='ltr'><strong>sine</strong></span> <span class='ocrx_word' id='word_1_514' title='bbox 1387 3802 1642 3871; x_wconf 77' lang='lat' dir='ltr'><strong>avaritia,</strong></span> <span class='ocrx_word' id='word_1_515' title='bbox 1672 3810 1738 3861; x_wconf 86' lang='lat' dir='ltr'><strong>ut</strong></span> <span class='ocrx_word' id='word_1_516' title='bbox 1772 3817 1886 3860; x_wconf 90' lang='lat' dir='ltr'><strong>non</strong></span> <span class='ocrx_word' id='word_1_517' title='bbox 1913 3818 2120 3860; x_wconf 88' lang='lat' dir='ltr'><strong>concu-</strong></span> 
     </span>
    </p>
   </div>
   <div class='ocr_carea' id='block_1_67' title="bbox 525 3887 2121 3965">
    <p class='ocr_par' dir='ltr' id='par_1_67' title="bbox 525 3887 2121 3965">
     <span class='ocr_line' id='line_1_67' title="bbox 525 3887 2121 3965; baseline 0.004 -23"><span class='ocrx_word' id='word_1_518' title='bbox 525 3887 756 3960; x_wconf 88' lang='lat' dir='ltr'><strong>piscatis</strong></span> <span class='ocrx_word' id='word_1_519' title='bbox 808 3888 1106 3962; x_wconf 83' lang='lat' dir='ltr'><strong>superﬂua.</strong></span> <span class='ocrx_word' id='word_1_520' title='bbox 1153 3887 1269 3950; x_wconf 67' lang='lat' dir='ltr'><strong>Vos</strong></span> <span class='ocrx_word' id='word_1_521' title='bbox 1297 3891 1429 3950; x_wconf 83' lang='lat' dir='ltr'><strong>dico.</strong></span> <span class='ocrx_word' id='word_1_522' title='bbox 1461 3894 1696 3951; x_wconf 77' lang='lat' dir='ltr'><strong>contenti</strong></span> <span class='ocrx_word' id='word_1_523' title='bbox 1731 3893 2121 3965; x_wconf 73' lang='lat' dir='ltr'><strong>prwsetttibus;</strong></span> 
     </span>
    </p>
   </div>
   <div class='ocr_carea' id='block_1_68' title="bbox 527 3978 2124 4053">
    <p class='ocr_par' dir='ltr' id='par_1_68' title="bbox 527 3978 2124 4053">
     <span class='ocr_line' id='line_1_68' title="bbox 527 3978 2124 4053; baseline 0.005 -17"><span class='ocrx_word' id='word_1_524' title='bbox 527 3978 628 4036; x_wconf 86' lang='lat' dir='ltr'><strong>Dei</strong></span> <span class='ocrx_word' id='word_1_525' title='bbox 664 3980 814 4039; x_wconf 89' lang='lat' dir='ltr'><strong>enim</strong></span> <span class='ocrx_word' id='word_1_526' title='bbox 856 3989 941 4039; x_wconf 88' lang='lat' dir='ltr'><strong>est</strong></span> <span class='ocrx_word' id='word_1_527' title='bbox 977 3983 1268 4053; x_wconf 81' lang='lat' dir='ltr'><strong>providere</strong></span> <span class='ocrx_word' id='word_1_528' title='bbox 1291 3984 1362 4041; x_wconf 89' lang='lat' dir='ltr'><strong>de</strong></span> <span class='ocrx_word' id='word_1_529' title='bbox 1395 3985 1674 4044; x_wconf 67' lang='lat' dir='ltr'><strong>cerastinis.</strong></span> <span class='ocrx_word' id='word_1_530' title='bbox 1726 3983 1955 4044; x_wconf 84' lang='lat' dir='ltr'><strong>Debetis-</strong></span> <span class='ocrx_word' id='word_1_531' title='bbox 1998 4003 2124 4046; x_wconf 87' lang='lat' dir='ltr'><strong>esse</strong></span> 
     </span>
    </p>
   </div>
   <div class='ocr_carea' id='block_1_69' title="bbox 528 4071 2125 4149">
    <p class='ocr_par' dir='ltr' id='par_1_69' title="bbox 528 4071 2125 4149">
     <span class='ocr_line' id='line_1_69' title="bbox 528 4071 2125 4149; baseline 0.003 -18"><span class='ocrx_word' id='word_1_532' title='bbox 528 4071 652 4131; x_wconf 81' lang='lat' dir='ltr'><strong>sine</strong></span> <span class='ocrx_word' id='word_1_533' title='bbox 679 4073 928 4136; x_wconf 54' lang='lat' dir='ltr'><strong>auaritia.</strong></span> <span class='ocrx_word' id='word_1_534' title='bbox 961 4072 1085 4145; x_wconf 78' lang='lat' dir='ltr'><strong>Ipso</strong></span> <span class='ocrx_word' id='word_1_535' title='bbox 1103 4077 1244 4130; x_wconf 87' lang='lat' dir='ltr'><strong>enim</strong></span> <span class='ocrx_word' id='word_1_536' title='bbox 1265 4073 1414 4135; x_wconf 85' lang='lat' dir='ltr'><strong>Deus</strong></span> <span class='ocrx_word' id='word_1_537' title='bbox 1443 4078 1586 4134; x_wconf 73' lang='lat' dir='ltr'><strong>dixit</strong></span> <span class='ocrx_word' id='word_1_538' title='bbox 1621 4077 1693 4138; x_wconf 82' lang='lat' dir='ltr'><strong>ad</strong></span> <span class='ocrx_word' id='word_1_539' title='bbox 1733 4074 1921 4148; x_wconf 78' lang='lat' dir='ltr'><strong>Josue,</strong></span> <span class='ocrx_word' id='word_1_540' title='bbox 1943 4086 2000 4135; x_wconf 88' lang='lat' dir='ltr'><strong>et</strong></span> <span class='ocrx_word' id='word_1_541' title='bbox 2026 4093 2125 4149; x_wconf 85' lang='lat' dir='ltr'><strong>per</strong></span> 
     </span>
    </p>
   </div>
   <div class='ocr_carea' id='block_1_70' title="bbox 528 4165 2125 4243">
    <p class='ocr_par' dir='ltr' id='par_1_70' title="bbox 528 4165 2125 4243">
     <span class='ocr_line' id='line_1_70' title="bbox 528 4165 2125 4243; baseline 0.005 -23"><span class='ocrx_word' id='word_1_542' title='bbox 528 4179 658 4220; x_wconf 89' lang='lat' dir='ltr'><strong>eum</strong></span> <span class='ocrx_word' id='word_1_543' title='bbox 688 4165 757 4221; x_wconf 89' lang='lat' dir='ltr'><strong>ad</strong></span> <span class='ocrx_word' id='word_1_544' title='bbox 785 4181 1003 4222; x_wconf 90' lang='lat' dir='ltr'><strong>omnem</strong></span> <span class='ocrx_word' id='word_1_545' title='bbox 1026 4167 1264 4226; x_wconf 79' lang='lat' dir='ltr'><strong>fidelem.</strong></span> <span class='ocrx_word' id='word_1_546' title='bbox 1287 4168 1333 4226; x_wconf 90' lang='lat'><strong>0</strong></span> <span class='ocrx_word' id='word_1_547' title='bbox 1360 4176 1424 4227; x_wconf 87' lang='lat' dir='ltr'><strong>tu</strong></span> <span class='ocrx_word' id='word_1_548' title='bbox 1450 4167 1638 4238; x_wconf 87' lang='lat' dir='ltr'><strong>Josue,</strong></span> <span class='ocrx_word' id='word_1_549' title='bbox 1677 4184 1784 4228; x_wconf 86' lang='lat' dir='ltr'><strong>seu</strong></span> <span class='ocrx_word' id='word_1_550' title='bbox 1809 4168 2125 4243; x_wconf 80' lang='lat' dir='ltr'><strong>quicunque</strong></span> 
     </span>
    </p>
   </div>
   <div class='ocr_carea' id='block_1_71' title="bbox 528 4253 2125 4333">
    <p class='ocr_par' dir='ltr' id='par_1_71' title="bbox 528 4253 2125 4333">
     <span class='ocr_line' id='line_1_71' title="bbox 528 4253 2125 4333; baseline 0.006 -24"><span class='ocrx_word' id='word_1_551' title='bbox 528 4253 732 4323; x_wconf 79' lang='lat' dir='ltr'><strong>ﬁdelis,</strong></span> <span class='ocrx_word' id='word_1_552' title='bbox 769 4269 874 4326; x_wconf 84' lang='lat' dir='ltr'><strong>ego</strong></span> <span class='ocrx_word' id='word_1_553' title='bbox 897 4271 1002 4311; x_wconf 87' lang='lat' dir='ltr'><strong>non</strong></span> <span class='ocrx_word' id='word_1_554' title='bbox 1043 4255 1285 4312; x_wconf 77' lang='lat' dir='ltr'><strong>deseram</strong></span> <span class='ocrx_word' id='word_1_555' title='bbox 1307 4267 1356 4312; x_wconf 87' lang='lat' dir='ltr'><strong>te</strong></span> <span class='ocrx_word' id='word_1_556' title='bbox 1385 4258 1606 4330; x_wconf 83' lang='lat' dir='ltr'><strong>penitus</strong></span> <span class='ocrx_word' id='word_1_557' title='bbox 1632 4259 1926 4333; x_wconf 75' lang='lat' dir='ltr'><strong>abjectum,</strong></span> <span class='ocrx_word' id='word_1_558' title='bbox 1961 4276 2125 4332; x_wconf 85' lang='lat' dir='ltr'><strong>neque</strong></span> 
     </span>
    </p>
   </div>
   <div class='ocr_carea' id='block_1_72' title="bbox 519 4339 2125 4422">
    <p class='ocr_par' dir='ltr' id='par_1_72' title="bbox 519 4339 2125 4422">
     <span class='ocr_line' id='line_1_72' title="bbox 519 4339 2125 4422; baseline 0.006 -20"><span class='ocrx_word' id='word_1_559' title='bbox 519 4339 731 4402; x_wconf 66' lang='lat' dir='ltr'><strong>saltem</strong></span> <span class='ocrx_word' id='word_1_560' title='bbox 753 4345 940 4417; x_wconf 89' lang='lat' dir='ltr'><strong>aliqua</strong></span> <span class='ocrx_word' id='word_1_561' title='bbox 975 4345 1118 4403; x_wconf 89' lang='lat' dir='ltr'><strong>hora</strong></span> <span class='ocrx_word' id='word_1_562' title='bbox 1141 4347 1504 4421; x_wconf 84' lang='lat' dir='ltr'><strong>derelinquam</strong></span> <span class='ocrx_word' id='word_1_563' title='bbox 1533 4360 1588 4406; x_wconf 88' lang='lat' dir='ltr'><strong>te</strong></span> <span class='ocrx_word' id='word_1_564' title='bbox 1615 4351 1954 4422; x_wconf 84' lang='lat' dir='ltr'><strong>inadjutum;</strong></span> <span class='ocrx_word' id='word_1_565' title='bbox 1978 4351 2125 4412; x_wconf 88' lang='lat' dir='ltr'><strong>Deus</strong></span> 
     </span>
    </p>
   </div>
   <div class='ocr_carea' id='block_1_73' title="bbox 531 4435 2125 4513">
    <p class='ocr_par' dir='ltr' id='par_1_73' title="bbox 531 4435 2125 4513">
     <span class='ocr_line' id='line_1_73' title="bbox 531 4435 2125 4513; baseline 0.006 -18"><span class='ocrx_word' id='word_1_566' title='bbox 531 4435 644 4495; x_wconf 86' lang='lat' dir='ltr'><strong>hoc</strong></span> <span class='ocrx_word' id='word_1_567' title='bbox 665 4436 804 4494; x_wconf 79' lang='lat' dir='ltr'><strong>dixit</strong></span> <span class='ocrx_word' id='word_1_568' title='bbox 826 4437 926 4506; x_wconf 84' lang='lat' dir='ltr'><strong>ita,</strong></span> <span class='ocrx_word' id='word_1_569' title='bbox 948 4445 1010 4492; x_wconf 86' lang='lat' dir='ltr'><strong>ut</strong></span> <span class='ocrx_word' id='word_1_570' title='bbox 1030 4453 1197 4510; x_wconf 86' lang='lat' dir='ltr'><strong>supra</strong></span> <span class='ocrx_word' id='word_1_571' title='bbox 1219 4439 1325 4496; x_wconf 91' lang='lat' dir='ltr'><strong>hoc</strong></span> <span class='ocrx_word' id='word_1_572' title='bbox 1353 4439 1502 4511; x_wconf 90' lang='lat' dir='ltr'><strong>quod</strong></span> <span class='ocrx_word' id='word_1_573' title='bbox 1532 4441 1687 4513; x_wconf 87' lang='lat' dir='ltr'><strong>prius</strong></span> <span class='ocrx_word' id='word_1_574' title='bbox 1721 4442 1997 4502; x_wconf 86' lang='lat' dir='ltr'><strong>diximus:</strong></span> <span class='ocrx_word' id='word_1_575' title='bbox 2021 4460 2125 4504; x_wconf 82' lang='lat' dir='ltr'><strong>nos</strong></span> 
     </span>
    </p>
   </div>
   <div class='ocr_carea' id='block_1_74' title="bbox 2218 3239 3796 3317">
    <p class='ocr_par' dir='ltr' id='par_1_74' title="bbox 2218 3239 3796 3317">
     <span class='ocr_line' id='line_1_74' title="bbox 2218 3239 3796 3317; baseline -0.008 -11"><span class='ocrx_word' id='word_1_576' title='bbox 2218 3259 2444 3306; x_wconf 79' lang='lat' dir='ltr'><strong>sensum</strong></span> <span class='ocrx_word' id='word_1_577' title='bbox 2477 3246 2535 3303; x_wconf 83' lang='lat' dir='ltr'><strong>in</strong></span> <span class='ocrx_word' id='word_1_578' title='bbox 2578 3253 2814 3317; x_wconf 84' lang='lat' dir='ltr'><strong>utraque</strong></span> <span class='ocrx_word' id='word_1_579' title='bbox 2851 3241 3118 3316; x_wconf 89' lang='lat' dir='ltr'><strong>colligens</strong></span> <span class='ocrx_word' id='word_1_580' title='bbox 3144 3241 3472 3298; x_wconf 84' lang='lat' dir='ltr'><strong>auctoritate</strong></span> <span class='ocrx_word' id='word_1_581' title='bbox 3522 3239 3669 3311; x_wconf 84' lang='lat' dir='ltr'><strong>quod</strong></span> <span class='ocrx_word' id='word_1_582' title='bbox 3689 3253 3796 3311; x_wconf 75' lang='lat' dir='ltr'><strong>pro</strong></span> 
     </span>
    </p>
   </div>
   <div class='ocr_carea' id='block_1_75' title="bbox 2217 3330 3796 3406">
    <p class='ocr_par' dir='ltr' id='par_1_75' title="bbox 2217 3330 3796 3406">
     <span class='ocr_line' id='line_1_75' title="bbox 2217 3330 3796 3406; baseline -0.007 -12"><span class='ocrx_word' id='word_1_583' title='bbox 2217 3337 2392 3405; x_wconf 90' lang='lat' dir='ltr'><strong>misit,</strong></span> <span class='ocrx_word' id='word_1_584' title='bbox 2415 3336 2651 3396; x_wconf 76' lang='lat' dir='ltr'><strong>dlcens.:</strong></span> <span class='ocrx_word' id='word_1_585' title='bbox 2683 3333 2827 3392; x_wconf 73' lang='lat' dir='ltr'><strong>Vere</strong></span> <span class='ocrx_word' id='word_1_586' title='bbox 2853 3334 2948 3406; x_wconf 88' lang='lat' dir='ltr'><strong>qui</strong></span> <span class='ocrx_word' id='word_1_587' title='bbox 2981 3332 3301 3391; x_wconf 86' lang='lat' dir='ltr'><strong>deserviunt</strong></span> <span class='ocrx_word' id='word_1_588' title='bbox 3337 3330 3694 3387; x_wconf 80' lang='lat' dir='ltr'><strong>tabernaculo</strong></span> <span class='ocrx_word' id='word_1_589' title='bbox 3713 3343 3796 3384; x_wconf 63' lang='lat' dir='ltr'><strong>vo»</strong></span> 
     </span>
    </p>
   </div>
   <div class='ocr_carea' id='block_1_76' title="bbox 2218 3422 3796 3503">
    <p class='ocr_par' dir='ltr' id='par_1_76' title="bbox 2218 3422 3796 3503">
     <span class='ocr_line' id='line_1_76' title="bbox 2218 3422 3796 3503; baseline -0.008 -14"><span class='ocrx_word' id='word_1_590' title='bbox 2218 3429 2468 3503; x_wconf 80' lang='lat' dir='ltr'><strong>luptatis,</strong></span> <span class='ocrx_word' id='word_1_591' title='bbox 2491 3444 2605 3489; x_wconf 84' lang='lat' dir='ltr'><strong>non</strong></span> <span class='ocrx_word' id='word_1_592' title='bbox 2626 3427 2832 3487; x_wconf 87' lang='lat' dir='ltr'><strong>habent</strong></span> <span class='ocrx_word' id='word_1_593' title='bbox 2863 3426 3180 3485; x_wconf 88' lang='lat' dir='ltr'><strong>facultatem</strong></span> <span class='ocrx_word' id='word_1_594' title='bbox 3217 3425 3383 3483; x_wconf 77' lang='lat' dir='ltr'><strong>edere</strong></span> <span class='ocrx_word' id='word_1_595' title='bbox 3408 3425 3480 3482; x_wconf 90' lang='lat' dir='ltr'><strong>de</strong></span> <span class='ocrx_word' id='word_1_596' title='bbox 3500 3426 3609 3480; x_wconf 86' lang='lat' dir='ltr'><strong>hoc</strong></span> <span class='ocrx_word' id='word_1_597' title='bbox 3635 3422 3796 3490; x_wconf 83' lang='lat' dir='ltr'><strong>altari,</strong></span> 
     </span>
    </p>
   </div>
   <div class='ocr_carea' id='block_1_77' title="bbox 2218 3513 3796 3597">
    <p class='ocr_par' dir='ltr' id='par_1_77' title="bbox 2218 3513 3796 3597">
     <span class='ocr_line' id='line_1_77' title="bbox 2218 3513 3796 3597; baseline -0.006 -19"><span class='ocrx_word' id='word_1_598' title='bbox 2218 3523 2316 3597; x_wconf 81' lang='lat' dir='ltr'><strong>qui</strong></span> <span class='ocrx_word' id='word_1_599' title='bbox 2357 3536 2469 3581; x_wconf 87' lang='lat' dir='ltr'><strong>non</strong></span> <span class='ocrx_word' id='word_1_600' title='bbox 2496 3530 2628 3579; x_wconf 79' lang='lat' dir='ltr'><strong>sunt</strong></span> <span class='ocrx_word' id='word_1_601' title='bbox 2666 3528 2823 3576; x_wconf 80' lang='lat' dir='ltr'><strong>extra</strong></span> <span class='ocrx_word' id='word_1_602' title='bbox 2867 3520 3071 3589; x_wconf 80' lang='lat' dir='ltr'><strong>castra,</strong></span> <span class='ocrx_word' id='word_1_603' title='bbox 3126 3517 3183 3574; x_wconf 85' lang='lat' dir='ltr'><strong>id</strong></span> <span class='ocrx_word' id='word_1_604' title='bbox 3219 3525 3306 3574; x_wconf 90' lang='lat' dir='ltr'><strong>est</strong></span> <span class='ocrx_word' id='word_1_605' title='bbox 3335 3516 3471 3588; x_wconf 83' lang='lat' dir='ltr'><strong>quia</strong></span> <span class='ocrx_word' id='word_1_606' title='bbox 3511 3513 3796 3571; x_wconf 74' lang='lat' dir='ltr'><strong>secundum</strong></span> 
     </span>
    </p>
   </div>
   <div class='ocr_carea' id='block_1_78' title="bbox 2220 3610 3793 3683">
    <p class='ocr_par' dir='ltr' id='par_1_78' title="bbox 2220 3610 3793 3683">
     <span class='ocr_line' id='line_1_78' title="bbox 2220 3610 3793 3683; baseline -0.008 -12"><span class='ocrx_word' id='word_1_607' title='bbox 2220 3613 2582 3672; x_wconf 82' lang='lat' dir='ltr'><strong>dimissiones</strong></span> <span class='ocrx_word' id='word_1_608' title='bbox 2619 3610 2964 3683; x_wconf 87' lang='lat' dir='ltr'><strong>voluptatum</strong></span> <span class='ocrx_word' id='word_1_609' title='bbox 3009 3625 3122 3667; x_wconf 86' lang='lat' dir='ltr'><strong>non</strong></span> <span class='ocrx_word' id='word_1_610' title='bbox 3164 3615 3370 3665; x_wconf 79' lang='lat' dir='ltr'><strong>exeunt</strong></span> <span class='ocrx_word' id='word_1_611' title='bbox 3419 3622 3649 3678; x_wconf 86' lang='lat' dir='ltr'><strong>corpora</strong></span> <span class='ocrx_word' id='word_1_612' title='bbox 3690 3619 3793 3661; x_wconf 82' lang='lat' dir='ltr'><strong>sua.</strong></span> 
     </span>
    </p>
   </div>
   <div class='ocr_carea' id='block_1_79' title="bbox 2220 3696 3798 3776">
    <p class='ocr_par' dir='ltr' id='par_1_79' title="bbox 2220 3696 3798 3776">
     <span class='ocr_line' id='line_1_79' title="bbox 2220 3696 3798 3776; baseline -0.008 -14"><span class='ocrx_word' id='word_1_613' title='bbox 2220 3705 2380 3776; x_wconf 78' lang='lat' dir='ltr'><strong>Quod</strong></span> <span class='ocrx_word' id='word_1_614' title='bbox 2392 3706 2472 3763; x_wconf 83' lang='lat' dir='ltr'><strong>ita</strong></span> <span class='ocrx_word' id='word_1_615' title='bbox 2480 3704 2559 3762; x_wconf 85' lang='lat' dir='ltr'><strong>ait</strong></span> <span class='ocrx_word' id='word_1_616' title='bbox 2571 3723 2589 3760; x_wconf 86' lang='lat'><strong>:</strong></span> <span class='ocrx_word' id='word_1_617' title='bbox 2607 3702 2810 3760; x_wconf 73' lang='lat' dir='ltr'><strong>Eorum</strong></span> <span class='ocrx_word' id='word_1_618' title='bbox 2819 3701 3138 3758; x_wconf 82' lang='lat' dir='ltr'><strong>animalium</strong></span> <span class='ocrx_word' id='word_1_619' title='bbox 3159 3715 3383 3772; x_wconf 81' lang='lat' dir='ltr'><strong>quorum</strong></span> <span class='ocrx_word' id='word_1_620' title='bbox 3404 3698 3625 3770; x_wconf 68' lang='lat' dir='ltr'><strong>sanguis</strong></span> <span class='ocrx_word' id='word_1_621' title='bbox 3647 3696 3774 3766; x_wconf 82' lang='lat' dir='ltr'><strong>infer</strong></span> <span class='ocrx_word' id='word_1_622' title='bbox 3791 3729 3798 3736; x_wconf 90' lang='lat'><strong>-</strong></span> 
     </span>
    </p>
   </div>
   <div class='ocr_carea' id='block_1_80' title="bbox 2223 3790 3798 3869">
    <p class='ocr_par' dir='ltr' id='par_1_80' title="bbox 2223 3790 3798 3869">
     <span class='ocr_line' id='line_1_80' title="bbox 2223 3790 3798 3869; baseline -0.011 -14"><span class='ocrx_word' id='word_1_623' title='bbox 2223 3807 2311 3855; x_wconf 79' lang='lat' dir='ltr'><strong>tur</strong></span> <span class='ocrx_word' id='word_1_624' title='bbox 2335 3813 2430 3869; x_wconf 82' lang='lat' dir='ltr'><strong>per</strong></span> <span class='ocrx_word' id='word_1_625' title='bbox 2454 3795 2758 3866; x_wconf 69' lang='lat' dir='ltr'><strong>pontiﬁcem</strong></span> <span class='ocrx_word' id='word_1_626' title='bbox 2784 3793 2845 3849; x_wconf 88' lang='lat' dir='ltr'><strong>in</strong></span> <span class='ocrx_word' id='word_1_627' title='bbox 2889 3790 3093 3850; x_wconf 86' lang='lat' dir='ltr'><strong>Sancta</strong></span> <span class='ocrx_word' id='word_1_628' title='bbox 3120 3799 3438 3848; x_wconf 86' lang='lat' dir='ltr'><strong>sanctorum</strong></span> <span class='ocrx_word' id='word_1_629' title='bbox 3463 3805 3562 3860; x_wconf 68' lang='lat' dir='ltr'><strong>pro</strong></span> <span class='ocrx_word' id='word_1_630' title='bbox 3604 3794 3798 3860; x_wconf 72' lang='lat' dir='ltr'><strong>peccato</strong></span> 
     </span>
    </p>
   </div>
   <div class='ocr_carea' id='block_1_81' title="bbox 2222 3877 3796 3962">
    <p class='ocr_par' dir='ltr' id='par_1_81' title="bbox 2222 3877 3796 3962">
     <span class='ocr_line' id='line_1_81' title="bbox 2222 3877 3796 3962; baseline -0.01 -16"><span class='ocrx_word' id='word_1_631' title='bbox 2222 3887 2412 3962; x_wconf 78' lang='lat' dir='ltr'><strong>populi</strong></span> <span class='ocrx_word' id='word_1_632' title='bbox 2443 3886 2695 3956; x_wconf 81' lang='lat' dir='ltr'><strong>delenda,</strong></span> <span class='ocrx_word' id='word_1_633' title='bbox 2723 3893 2780 3943; x_wconf 92' lang='lat' dir='ltr'><strong>et</strong></span> <span class='ocrx_word' id='word_1_634' title='bbox 2805 3885 2914 3941; x_wconf 90' lang='lat' dir='ltr'><strong>hoc</strong></span> <span class='ocrx_word' id='word_1_635' title='bbox 2938 3883 3108 3941; x_wconf 89' lang='lat' dir='ltr'><strong>semel</strong></span> <span class='ocrx_word' id='word_1_636' title='bbox 3154 3883 3211 3939; x_wconf 90' lang='lat' dir='ltr'><strong>in</strong></span> <span class='ocrx_word' id='word_1_637' title='bbox 3237 3895 3406 3938; x_wconf 86' lang='lat' dir='ltr'><strong>anno.</strong></span> <span class='ocrx_word' id='word_1_638' title='bbox 3443 3879 3656 3936; x_wconf 72' lang='lat' dir='ltr'><strong>Horum</strong></span> <span class='ocrx_word' id='word_1_639' title='bbox 3688 3877 3796 3932; x_wconf 79' lang='lat' dir='ltr'><strong>aui-</strong></span> 
     </span>
    </p>
   </div>
   <div class='ocr_carea' id='block_1_82' title="bbox 2220 3971 3797 4049">
    <p class='ocr_par' dir='ltr' id='par_1_82' title="bbox 2220 3971 3797 4049">
     <span class='ocr_line' id='line_1_82' title="bbox 2220 3971 3797 4049; baseline -0.01 -10"><span class='ocrx_word' id='word_1_640' title='bbox 2220 3981 2454 4043; x_wconf 79' lang='lat' dir='ltr'><strong>tnalium</strong></span> <span class='ocrx_word' id='word_1_641' title='bbox 2498 3993 2722 4049; x_wconf 79' lang='lat' dir='ltr'><strong>corpora</strong></span> <span class='ocrx_word' id='word_1_642' title='bbox 2749 3985 3054 4034; x_wconf 83' lang='lat' dir='ltr'><strong>cremantur</strong></span> <span class='ocrx_word' id='word_1_643' title='bbox 3099 3983 3256 4031; x_wconf 73' lang='lat' dir='ltr'><strong>extra</strong></span> <span class='ocrx_word' id='word_1_644' title='bbox 3296 3981 3497 4029; x_wconf 84' lang='lat' dir='ltr'><strong>castra.</strong></span> <span class='ocrx_word' id='word_1_645' title='bbox 3551 3971 3670 4028; x_wconf 69' lang='lat' dir='ltr'><strong>Mos</strong></span> <span class='ocrx_word' id='word_1_646' title='bbox 3694 3981 3797 4025; x_wconf 83' lang='lat' dir='ltr'><strong>erat</strong></span> 
     </span>
    </p>
   </div>
   <div class='ocr_carea' id='block_1_83' title="bbox 2226 4059 3794 4145">
    <p class='ocr_par' dir='ltr' id='par_1_83' title="bbox 2226 4059 3794 4145">
     <span class='ocr_line' id='line_1_83' title="bbox 2226 4059 3794 4145; baseline -0.01 -15"><span class='ocrx_word' id='word_1_647' title='bbox 2226 4073 2395 4145; x_wconf 89' lang='lat' dir='ltr'><strong>(sicut</strong></span> <span class='ocrx_word' id='word_1_648' title='bbox 2423 4085 2566 4143; x_wconf 59' lang='lat' dir='ltr'><strong>saepe</strong></span> <span class='ocrx_word' id='word_1_649' title='bbox 2587 4067 2687 4128; x_wconf 82' lang='lat' dir='ltr'><strong>tati</strong></span> <span class='ocrx_word' id='word_1_650' title='bbox 2721 4068 2936 4140; x_wconf 76' lang='lat' dir='ltr'><strong>sumus)</strong></span> <span class='ocrx_word' id='word_1_651' title='bbox 2969 4076 3030 4124; x_wconf 91' lang='lat' dir='ltr'><strong>ut</strong></span> <span class='ocrx_word' id='word_1_652' title='bbox 3058 4065 3306 4139; x_wconf 79' lang='lat' dir='ltr'><strong>pontifex</strong></span> <span class='ocrx_word' id='word_1_653' title='bbox 3334 4064 3528 4138; x_wconf 85' lang='lat' dir='ltr'><strong>legalis</strong></span> <span class='ocrx_word' id='word_1_654' title='bbox 3555 4059 3716 4121; x_wconf 74' lang='lat' dir='ltr'><strong>semel</strong></span> <span class='ocrx_word' id='word_1_655' title='bbox 3746 4060 3794 4114; x_wconf 77' lang='lat' dir='ltr'><strong>in</strong></span> 
     </span>
    </p>
   </div>
   <div class='ocr_carea' id='block_1_84' title="bbox 2224 4152 3794 4236">
    <p class='ocr_par' dir='ltr' id='par_1_84' title="bbox 2224 4152 3794 4236">
     <span class='ocr_line' id='line_1_84' title="bbox 2224 4152 3794 4236; baseline -0.008 -13"><span class='ocrx_word' id='word_1_656' title='bbox 2224 4180 2376 4224; x_wconf 81' lang='lat' dir='ltr'><strong>anno</strong></span> <span class='ocrx_word' id='word_1_657' title='bbox 2396 4160 2728 4236; x_wconf 79' lang='lat' dir='ltr'><strong>sanguinem</strong></span> <span class='ocrx_word' id='word_1_658' title='bbox 2769 4161 2996 4219; x_wconf 75' lang='lat' dir='ltr'><strong>inferret</strong></span> <span class='ocrx_word' id='word_1_659' title='bbox 3019 4161 3078 4216; x_wconf 91' lang='lat' dir='ltr'><strong>in</strong></span> <span class='ocrx_word' id='word_1_660' title='bbox 3118 4159 3321 4217; x_wconf 83' lang='lat' dir='ltr'><strong>Sancta</strong></span> <span class='ocrx_word' id='word_1_661' title='bbox 3347 4165 3682 4216; x_wconf 79' lang='lat' dir='ltr'><strong>sanctorum.</strong></span> <span class='ocrx_word' id='word_1_662' title='bbox 3709 4152 3794 4210; x_wconf 79' lang='lat' dir='ltr'><strong>llic</strong></span> 
     </span>
    </p>
   </div>
   <div class='ocr_carea' id='block_1_85' title="bbox 2225 4247 3794 4328">
    <p class='ocr_par' dir='ltr' id='par_1_85' title="bbox 2225 4247 3794 4328">
     <span class='ocr_line' id='line_1_85' title="bbox 2225 4247 3794 4328; baseline -0.008 -14"><span class='ocrx_word' id='word_1_663' title='bbox 2225 4265 2414 4314; x_wconf 88' lang='lat' dir='ltr'><strong>autem</strong></span> <span class='ocrx_word' id='word_1_664' title='bbox 2459 4254 2703 4328; x_wconf 72' lang='lat' dir='ltr'><strong>sanguis,</strong></span> <span class='ocrx_word' id='word_1_665' title='bbox 2732 4253 3119 4313; x_wconf 84' lang='lat' dir='ltr'><strong>assumebatur</strong></span> <span class='ocrx_word' id='word_1_666' title='bbox 3149 4252 3218 4309; x_wconf 91' lang='lat' dir='ltr'><strong>de</strong></span> <span class='ocrx_word' id='word_1_667' title='bbox 3250 4251 3414 4326; x_wconf 59' lang='lat'><strong>513</strong></span> <span class='ocrx_word' id='word_1_668' title='bbox 3464 4247 3794 4312; x_wconf 76' lang='lat' dir='ltr'><strong>animalibus,</strong></span> 
     </span>
    </p>
   </div>
   <div class='ocr_carea' id='block_1_86' title="bbox 2225 4338 3792 4405">
    <p class='ocr_par' dir='ltr' id='par_1_86' title="bbox 2225 4338 3792 4405">
     <span class='ocr_line' id='line_1_86' title="bbox 2225 4338 3792 4405; baseline -0.01 0"><span class='ocrx_word' id='word_1_669' title='bbox 2225 4357 2381 4405; x_wconf 73' lang='lat' dir='ltr'><strong>extra</strong></span> <span class='ocrx_word' id='word_1_670' title='bbox 2404 4354 2589 4405; x_wconf 86' lang='lat' dir='ltr'><strong>castra</strong></span> <span class='ocrx_word' id='word_1_671' title='bbox 2628 4345 2908 4402; x_wconf 87' lang='lat' dir='ltr'><strong>crematis.</strong></span> <span class='ocrx_word' id='word_1_672' title='bbox 2950 4341 3416 4400; x_wconf 82' lang='lat' dir='ltr'><strong>Pontifexautem</strong></span> <span class='ocrx_word' id='word_1_673' title='bbox 3447 4341 3543 4398; x_wconf 88' lang='lat' dir='ltr'><strong>ille</strong></span> <span class='ocrx_word' id='word_1_674' title='bbox 3570 4338 3792 4395; x_wconf 81' lang='lat' dir='ltr'><strong>Christus</strong></span> 
     </span>
    </p>
   </div>
   <div class='ocr_carea' id='block_1_87' title="bbox 2228 4428 3788 4509">
    <p class='ocr_par' dir='ltr' id='par_1_87' title="bbox 2228 4428 3788 4509">
     <span class='ocr_line' id='line_1_87' title="bbox 2228 4428 3788 4509; baseline -0.011 -13"><span class='ocrx_word' id='word_1_675' title='bbox 2228 4446 2336 4507; x_wconf 84' lang='lat' dir='ltr'><strong>est,</strong></span> <span class='ocrx_word' id='word_1_676' title='bbox 2355 4437 2452 4509; x_wconf 85' lang='lat' dir='ltr'><strong>qui</strong></span> <span class='ocrx_word' id='word_1_677' title='bbox 2498 4450 2602 4507; x_wconf 87' lang='lat' dir='ltr'><strong>pro</strong></span> <span class='ocrx_word' id='word_1_678' title='bbox 2649 4443 2876 4506; x_wconf 89' lang='lat' dir='ltr'><strong>peccato</strong></span> <span class='ocrx_word' id='word_1_679' title='bbox 2918 4434 3168 4490; x_wconf 89' lang='lat' dir='ltr'><strong>omnium</strong></span> <span class='ocrx_word' id='word_1_680' title='bbox 3215 4431 3449 4488; x_wconf 83' lang='lat' dir='ltr'><strong>delendo</strong></span> <span class='ocrx_word' id='word_1_681' title='bbox 3499 4428 3788 4500; x_wconf 75' lang='lat' dir='ltr'><strong>sanguinem</strong></span> 
     </span>
    </p>
   </div>
   <div class='ocr_carea' id='block_1_88' title="bbox 531 4523 3787 4612">
    <p class='ocr_par' dir='ltr' id='par_1_88' title="bbox 531 4523 3787 4612">
     <span class='ocr_line' id='line_1_88' title="bbox 531 4523 3787 4612; baseline -0.006 -23"><span class='ocrx_word' id='word_1_682' title='bbox 531 4529 745 4589; x_wconf 85' lang='lat' dir='ltr'><strong>scilicet</strong></span> <span class='ocrx_word' id='word_1_683' title='bbox 765 4537 1053 4588; x_wconf 89' lang='lat' dir='ltr'><strong>contentos</strong></span> <span class='ocrx_word' id='word_1_684' title='bbox 1095 4545 1221 4587; x_wconf 89' lang='lat' dir='ltr'><strong>esse</strong></span> <span class='ocrx_word' id='word_1_685' title='bbox 1250 4533 1636 4612; x_wconf 71' lang='lat' dir='ltr'><strong>przesenubus,</strong></span> <span class='ocrx_word' id='word_1_686' title='bbox 1669 4549 1817 4590; x_wconf 88' lang='lat' dir='ltr'><strong>nunc</strong></span> <span class='ocrx_word' id='word_1_687' title='bbox 1860 4536 2128 4606; x_wconf 78' lang='lat' dir='ltr'><strong>conﬁden-</strong></span> <span class='ocrx_word' id='word_1_688' title='bbox 2158 4547 2204 4603; x_wconf 77' lang='grc' dir='ltr'>ι)</span> <span class='ocrx_word' id='word_1_689' title='bbox 2231 4545 2392 4587; x_wconf 89' lang='lat' dir='ltr'><strong>suum</strong></span> <span class='ocrx_word' id='word_1_690' title='bbox 2423 4529 2480 4583; x_wconf 91' lang='lat' dir='ltr'><strong>in</strong></span> <span class='ocrx_word' id='word_1_691' title='bbox 2509 4543 2673 4586; x_wconf 89' lang='lat' dir='ltr'><strong>cruce</strong></span> <span class='ocrx_word' id='word_1_692' title='bbox 2699 4526 2885 4583; x_wconf 88' lang='lat' dir='ltr'><strong>fusum</strong></span> <span class='ocrx_word' id='word_1_693' title='bbox 2913 4526 3096 4582; x_wconf 85' lang='lat' dir='ltr'><strong>intulit</strong></span> <span class='ocrx_word' id='word_1_694' title='bbox 3142 4527 3200 4581; x_wconf 88' lang='lat' dir='ltr'><strong>in</strong></span> <span class='ocrx_word' id='word_1_695' title='bbox 3233 4523 3436 4582; x_wconf 87' lang='lat' dir='ltr'><strong>Sancta</strong></span> <span class='ocrx_word' id='word_1_696' title='bbox 3479 4532 3787 4612; x_wconf 85' lang='lat' dir='ltr'><strong>sanctorum.</strong></span> 
     </span>
    </p>
   </div>
   <div class='ocr_carea' id='block_1_89' title="bbox 534 4621 2130 4694">
    <p class='ocr_par' dir='ltr' id='par_1_89' title="bbox 534 4621 2130 4694">
     <span class='ocr_line' id='line_1_89' title="bbox 534 4621 2130 4694; baseline 0.001 -14"><span class='ocrx_word' id='word_1_697' title='bbox 534 4633 616 4680; x_wconf 86' lang='lat' dir='ltr'><strong>ter</strong></span> <span class='ocrx_word' id='word_1_698' title='bbox 635 4623 920 4679; x_wconf 74' lang='lat' dir='ltr'><strong>dicamus:</strong></span> <span class='ocrx_word' id='word_1_699' title='bbox 954 4621 1212 4678; x_wconf 82' lang='lat' dir='ltr'><strong>Dominus</strong></span> <span class='ocrx_word' id='word_1_700' title='bbox 1238 4631 1315 4678; x_wconf 85' lang='lat' dir='ltr'><strong>est</strong></span> <span class='ocrx_word' id='word_1_701' title='bbox 1357 4623 1490 4678; x_wconf 85' lang='lat' dir='ltr'><strong>mihi</strong></span> <span class='ocrx_word' id='word_1_702' title='bbox 1523 4624 1760 4694; x_wconf 84' lang='lat' dir='ltr'><strong>adjutor,’</strong></span> <span class='ocrx_word' id='word_1_703' title='bbox 1791 4634 1845 4680; x_wconf 81' lang='lat' dir='ltr'><strong>et</strong></span> <span class='ocrx_word' id='word_1_704' title='bbox 1882 4626 2000 4682; x_wconf 83' lang='lat' dir='ltr'><strong>ideo</strong></span> <span class='ocrx_word' id='word_1_705' title='bbox 2025 4643 2130 4687; x_wconf 76' lang='lat' dir='ltr'><strong>non</strong></span> 
     </span>
    </p>
   </div>
   <div class='ocr_carea' id='block_1_90' title="bbox 533 4715 2132 4794">
    <p class='ocr_par' dir='ltr' id='par_1_90' title="bbox 533 4715 2132 4794">
     <span class='ocr_line' id='line_1_90' title="bbox 533 4715 2132 4794; baseline 0.002 -21"><span class='ocrx_word' id='word_1_706' title='bbox 533 4717 726 4774; x_wconf 88' lang='lat' dir='ltr'><strong>timebo</strong></span> <span class='ocrx_word' id='word_1_707' title='bbox 767 4715 896 4792; x_wconf 83' lang='lat' dir='ltr'><strong>quid</strong></span> <span class='ocrx_word' id='word_1_708' title='bbox 937 4716 1107 4790; x_wconf 77' lang='lat' dir='ltr'><strong>faciat</strong></span> <span class='ocrx_word' id='word_1_709' title='bbox 1139 4715 1269 4774; x_wconf 82' lang='lat' dir='ltr'><strong>mihi</strong></span> <span class='ocrx_word' id='word_1_710' title='bbox 1319 4717 1496 4786; x_wconf 83' lang='lat' dir='ltr'><strong>Immo,</strong></span> <span class='ocrx_word' id='word_1_711' title='bbox 1531 4715 1696 4774; x_wconf 88' lang='lat' dir='ltr'><strong>etiam</strong></span> <span class='ocrx_word' id='word_1_712' title='bbox 1738 4717 1786 4775; x_wconf 91' lang='lat' dir='ltr'><strong>si</strong></span> <span class='ocrx_word' id='word_1_713' title='bbox 1813 4719 1969 4776; x_wconf 87' lang='lat' dir='ltr'><strong>tollat</strong></span> <span class='ocrx_word' id='word_1_714' title='bbox 1991 4735 2132 4794; x_wconf 68' lang='lat' dir='ltr'><strong>prte-</strong></span> 
     </span>
    </p>
   </div>
   <div class='ocr_carea' id='block_1_91' title="bbox 504 4809 733 4868">
    <p class='ocr_par' dir='ltr' id='par_1_91' title="bbox 504 4809 733 4868">
     <span class='ocr_line' id='line_1_91' title="bbox 504 4809 733 4868; baseline 0.004 -1"><span class='ocrx_word' id='word_1_715' title='bbox 504 4859 509 4867; x_wconf 93' lang='lat'><strong>.</strong></span> <span class='ocrx_word' id='word_1_716' title='bbox 531 4809 733 4868; x_wconf 80' lang='lat' dir='ltr'><strong>sentia.</strong></span> 
     </span>
    </p>
   </div>
   <div class='ocr_carea' id='block_1_92' title="bbox 605 4899 2132 4976">
    <p class='ocr_par' dir='ltr' id='par_1_92' title="bbox 605 4899 2132 4976">
     <span class='ocr_line' id='line_1_92' title="bbox 605 4899 2132 4976; baseline 0.006 -21"><span class='ocrx_word' id='word_1_717' title='bbox 605 4899 923 4959; x_wconf 76' lang='lat' dir='ltr'><strong>Mementote</strong></span> <span class='ocrx_word' id='word_1_718' title='bbox 957 4903 1121 4958; x_wconf 88' lang='lat' dir='ltr'><strong>etiam</strong></span> <span class='ocrx_word' id='word_1_719' title='bbox 1141 4904 1549 4973; x_wconf 62' lang='lat' dir='ltr'><strong>prepositorum</strong></span> <span class='ocrx_word' id='word_1_720' title='bbox 1584 4913 1896 4972; x_wconf 84' lang='lat' dir='ltr'><strong>vestrorum,</strong></span> <span class='ocrx_word' id='word_1_721' title='bbox 1925 4914 1986 4962; x_wconf 91' lang='lat' dir='ltr'><strong>ut</strong></span> <span class='ocrx_word' id='word_1_722' title='bbox 2010 4905 2132 4976; x_wconf 86' lang='lat' dir='ltr'><strong>ejus</strong></span> 
     </span>
    </p>
   </div>
   <div class='ocr_carea' id='block_1_93' title="bbox 533 4989 2124 5066">
    <p class='ocr_par' dir='ltr' id='par_1_93' title="bbox 533 4989 2124 5066">
     <span class='ocr_line' id='line_1_93' title="bbox 533 4989 2124 5066; baseline 0.002 -20"><span class='ocrx_word' id='word_1_723' title='bbox 533 4989 978 5061; x_wconf 89' lang='lat' dir='ltr'><strong>conformemini,</strong></span> <span class='ocrx_word' id='word_1_724' title='bbox 1005 4994 1098 5064; x_wconf 84' lang='lat' dir='ltr'><strong>qui</strong></span> <span class='ocrx_word' id='word_1_725' title='bbox 1122 4992 1431 5047; x_wconf 83' lang='lat' dir='ltr'><strong>locuti&#39;sunt</strong></span> <span class='ocrx_word' id='word_1_726' title='bbox 1461 4993 1604 5049; x_wconf 76' lang='lat' dir='ltr'><strong>vobis</strong></span> <span class='ocrx_word' id='word_1_727' title='bbox 1635 4995 1846 5049; x_wconf 82' lang='lat' dir='ltr'><strong>uerbum</strong></span> <span class='ocrx_word' id='word_1_728' title='bbox 1868 4994 1967 5050; x_wconf 89' lang='lat' dir='ltr'><strong>Dei</strong></span> <span class='ocrx_word' id='word_1_729' title='bbox 1991 5011 2124 5066; x_wconf 85' lang='lat' dir='ltr'><strong>quo-</strong></span> 
     </span>
    </p>
   </div>
   <div class='ocr_carea' id='block_1_94' title="bbox 533 5079 2123 5148">
    <p class='ocr_par' dir='ltr' id='par_1_94' title="bbox 533 5079 2123 5148">
     <span class='ocr_line' id='line_1_94' title="bbox 533 5079 2123 5148; baseline 0.004 -16"><span class='ocrx_word' id='word_1_730' title='bbox 533 5095 657 5136; x_wconf 79' lang='lat' dir='ltr'><strong>rum</strong></span> <span class='ocrx_word' id='word_1_731' title='bbox 680 5081 900 5148; x_wconf 72' lang='lat' dir='ltr'><strong>exitum,</strong></span> <span class='ocrx_word' id='word_1_732' title='bbox 922 5079 978 5136; x_wconf 91' lang='lat' dir='ltr'><strong>id</strong></span> <span class='ocrx_word' id='word_1_733' title='bbox 1006 5090 1090 5137; x_wconf 89' lang='lat' dir='ltr'><strong>est</strong></span> <span class='ocrx_word' id='word_1_734' title='bbox 1112 5081 1279 5139; x_wconf 83' lang='lat' dir='ltr'><strong>linem</strong></span> <span class='ocrx_word' id='word_1_735' title='bbox 1303 5081 1512 5139; x_wconf 88' lang='lat' dir='ltr'><strong>bonum</strong></span> <span class='ocrx_word' id='word_1_736' title='bbox 1532 5097 1655 5138; x_wconf 89' lang='lat' dir='ltr'><strong>esse</strong></span> <span class='ocrx_word' id='word_1_737' title='bbox 1677 5084 1963 5139; x_wconf 87' lang='lat' dir='ltr'><strong>intuentes.</strong></span> <span class='ocrx_word' id='word_1_738' title='bbox 1987 5081 2123 5144; x_wconf 63' lang='grc' dir='ltr'><strong>Επεὶ-τ</strong></span> 
     </span>
    </p>
   </div>
   <div class='ocr_carea' id='block_1_95' title="bbox 536 5172 2127 5248">
    <p class='ocr_par' dir='ltr' id='par_1_95' title="bbox 536 5172 2127 5248">
     <span class='ocr_line' id='line_1_95' title="bbox 536 5172 2127 5248; baseline 0.002 -18"><span class='ocrx_word' id='word_1_739' title='bbox 536 5179 658 5230; x_wconf 90' lang='lat' dir='ltr'><strong>tum</strong></span> <span class='ocrx_word' id='word_1_740' title='bbox 676 5172 800 5228; x_wconf 89' lang='lat' dir='ltr'><strong>dico</strong></span> <span class='ocrx_word' id='word_1_741' title='bbox 825 5175 1258 5243; x_wconf 83' lang='lat' dir='ltr'><strong>conversationis,</strong></span> <span class='ocrx_word' id='word_1_742' title='bbox 1300 5174 1355 5231; x_wconf 92' lang='lat' dir='ltr'><strong>id</strong></span> <span class='ocrx_word' id='word_1_743' title='bbox 1380 5183 1467 5231; x_wconf 92' lang='lat' dir='ltr'><strong>est</strong></span> <span class='ocrx_word' id='word_1_744' title='bbox 1496 5175 1656 5231; x_wconf 72' lang='lat' dir='ltr'><strong>bona:</strong></span> <span class='ocrx_word' id='word_1_745' title='bbox 1702 5175 2036 5248; x_wconf 89' lang='lat' dir='ltr'><strong>operationis</strong></span> <span class='ocrx_word' id='word_1_746' title='bbox 2069 5177 2127 5234; x_wconf 90' lang='lat' dir='ltr'><strong>in</strong></span> 
     </span>
    </p>
   </div>
   <div class='ocr_carea' id='block_1_96' title="bbox 538 5264 2127 5340">
    <p class='ocr_par' dir='ltr' id='par_1_96' title="bbox 538 5264 2127 5340">
     <span class='ocr_line' id='line_1_96' title="bbox 538 5264 2127 5340; baseline 0.001 -20"><span class='ocrx_word' id='word_1_747' title='bbox 538 5279 651 5337; x_wconf 86' lang='lat' dir='ltr'><strong>qua</strong></span> <span class='ocrx_word' id='word_1_748' title='bbox 686 5273 1102 5324; x_wconf 87' lang='lat' dir='ltr'><strong>conversantur.</strong></span> <span class='ocrx_word' id='word_1_749' title='bbox 1133 5264 1434 5321; x_wconf 87' lang='lat' dir='ltr'><strong>Imitamini</strong></span> <span class='ocrx_word' id='word_1_750' title='bbox 1464 5267 1701 5337; x_wconf 85' lang='lat' dir='ltr'><strong>primum</strong></span> <span class='ocrx_word' id='word_1_751' title='bbox 1726 5267 2127 5340; x_wconf 84' lang='lat' dir='ltr'><strong>ﬁdemeorum,</strong></span> 
     </span>
    </p>
   </div>
   <div class='ocr_carea' id='block_1_97' title="bbox 537 5356 2136 5418">
    <p class='ocr_par' dir='ltr' id='par_1_97' title="bbox 537 5356 2136 5418">
     <span class='ocr_line' id='line_1_97' title="bbox 537 5356 2136 5418; baseline 0.003 -5"><span class='ocrx_word' id='word_1_752' title='bbox 537 5364 605 5414; x_wconf 90' lang='lat' dir='ltr'><strong>ut</strong></span> <span class='ocrx_word' id='word_1_753' title='bbox 631 5357 720 5412; x_wconf 86' lang='lat' dir='ltr'><strong>sic.</strong></span> <span class='ocrx_word' id='word_1_754' title='bbox 746 5356 895 5412; x_wconf 92' lang='lat' dir='ltr'><strong>bona</strong></span> <span class='ocrx_word' id='word_1_755' title='bbox 915 5359 1259 5415; x_wconf 89' lang='lat' dir='ltr'><strong>conversatio</strong></span> <span class='ocrx_word' id='word_1_756' title='bbox 1290 5368 1348 5414; x_wconf 90' lang='lat' dir='ltr'><strong>et</strong></span> <span class='ocrx_word' id='word_1_757' title='bbox 1377 5361 1560 5416; x_wconf 90' lang='lat' dir='ltr'><strong>bonus</strong></span> <span class='ocrx_word' id='word_1_758' title='bbox 1579 5361 1761 5416; x_wconf 78' lang='lat' dir='ltr'><strong>exitus</strong></span> <span class='ocrx_word' id='word_1_759' title='bbox 1783 5361 2036 5418; x_wconf 87' lang='lat' dir='ltr'><strong>similiter</strong></span> <span class='ocrx_word' id='word_1_760' title='bbox 2062 5361 2136 5417; x_wconf 92' lang='lat' dir='ltr'><strong>sit</strong></span> 
     </span>
    </p>
   </div>
   <div class='ocr_carea' id='block_1_98' title="bbox 536 5445 2130 5522">
    <p class='ocr_par' dir='ltr' id='par_1_98' title="bbox 536 5445 2130 5522">
     <span class='ocr_line' id='line_1_98' title="bbox 536 5445 2130 5522; baseline 0.001 -15"><span class='ocrx_word' id='word_1_761' title='bbox 536 5447 597 5507; x_wconf 82' lang='lat' dir='ltr'><strong>in</strong></span> <span class='ocrx_word' id='word_1_762' title='bbox 619 5449 796 5505; x_wconf 88' lang='lat' dir='ltr'><strong>vobis.</strong></span> <span class='ocrx_word' id='word_1_763' title='bbox 837 5445 1091 5505; x_wconf 88' lang='lat' dir='ltr'><strong>Dicerent</strong></span> <span class='ocrx_word' id='word_1_764' title='bbox 1118 5449 1198 5507; x_wconf 92' lang='lat' dir='ltr'><strong>illi</strong></span> <span class='ocrx_word' id='word_1_765' title='bbox 1227 5448 1385 5508; x_wconf 83' lang='lat' dir='ltr'><strong>:Non</strong></span> <span class='ocrx_word' id='word_1_766' title='bbox 1421 5466 1718 5522; x_wconf 83' lang='lat' dir='ltr'><strong>possumus</strong></span> <span class='ocrx_word' id='word_1_767' title='bbox 1743 5451 2130 5522; x_wconf 87' lang='lat' dir='ltr'><strong>perfectionem</strong></span> 
     </span>
    </p>
   </div>
   <div class='ocr_carea' id='block_1_99' title="bbox 537 5540 2132 5615">
    <p class='ocr_par' dir='ltr' id='par_1_99' title="bbox 537 5540 2132 5615">
     <span class='ocr_line' id='line_1_99' title="bbox 537 5540 2132 5615; baseline 0.001 -16"><span class='ocrx_word' id='word_1_768' title='bbox 537 5557 733 5599; x_wconf 90' lang='lat' dir='ltr'><strong>eorum</strong></span> <span class='ocrx_word' id='word_1_769' title='bbox 756 5540 936 5615; x_wconf 89' lang='lat' dir='ltr'><strong>sequi,</strong></span> <span class='ocrx_word' id='word_1_770' title='bbox 973 5540 1103 5612; x_wconf 90' lang='lat' dir='ltr'><strong>quia</strong></span> <span class='ocrx_word' id='word_1_771' title='bbox 1133 5540 1256 5612; x_wconf 85' lang='lat' dir='ltr'><strong>ipsi,</strong></span> <span class='ocrx_word' id='word_1_772' title='bbox 1289 5543 1359 5597; x_wconf 91' lang='lat' dir='ltr'><strong>ab</strong></span> <span class='ocrx_word' id='word_1_773' title='bbox 1383 5542 1504 5614; x_wconf 91' lang='lat' dir='ltr'><strong>ipso</strong></span> <span class='ocrx_word' id='word_1_774' title='bbox 1549 5542 1772 5600; x_wconf 88' lang='lat' dir='ltr'><strong>Christo</strong></span> <span class='ocrx_word' id='word_1_775' title='bbox 1801 5543 2002 5611; x_wconf 88' lang='lat' dir='ltr'><strong>edocti,</strong></span> <span class='ocrx_word' id='word_1_776' title='bbox 2035 5544 2132 5600; x_wconf 65' lang='lat' dir='ltr'><strong>ha~</strong></span> 
     </span>
    </p>
   </div>
   <div class='ocr_carea' id='block_1_100' title="bbox 537 5631 2134 5710">
    <p class='ocr_par' dir='ltr' id='par_1_100' title="bbox 537 5631 2134 5710">
     <span class='ocr_line' id='line_1_100' title="bbox 537 5631 2134 5710; baseline 0.001 -20"><span class='ocrx_word' id='word_1_777' title='bbox 537 5633 706 5691; x_wconf 90' lang='lat' dir='ltr'><strong>buere</strong></span> <span class='ocrx_word' id='word_1_778' title='bbox 728 5633 996 5707; x_wconf 85' lang='lat' dir='ltr'><strong>majorem</strong></span> <span class='ocrx_word' id='word_1_779' title='bbox 1025 5631 1360 5691; x_wconf 77' lang='lat' dir='ltr'><strong>afﬂuentiam</strong></span> <span class='ocrx_word' id='word_1_780' title='bbox 1406 5635 1597 5703; x_wconf 67' lang='lat' dir='ltr'><strong>gratiae</strong></span> <span class='ocrx_word' id='word_1_781' title='bbox 1625 5651 1793 5710; x_wconf 90' lang='lat' dir='ltr'><strong>quam</strong></span> <span class='ocrx_word' id='word_1_782' title='bbox 1821 5650 1925 5693; x_wconf 90' lang='lat' dir='ltr'><strong>nos</strong></span> <span class='ocrx_word' id='word_1_783' title='bbox 1952 5636 2134 5708; x_wconf 53' lang='lat' dir='ltr'><strong>passi-7</strong></span> 
     </span>
    </p>
   </div>
   <div class='ocr_carea' id='block_1_101' title="bbox 540 5724 2132 5798">
    <p class='ocr_par' dir='ltr' id='par_1_101' title="bbox 540 5724 2132 5798">
     <span class='ocr_line' id='line_1_101' title="bbox 540 5724 2132 5798; baseline 0.003 -16"><span class='ocrx_word' id='word_1_784' title='bbox 540 5739 668 5782; x_wconf 83' lang='lat' dir='ltr'><strong>mus</strong></span> <span class='ocrx_word' id='word_1_785' title='bbox 695 5726 915 5781; x_wconf 88' lang='lat' dir='ltr'><strong>habere.</strong></span> <span class='ocrx_word' id='word_1_786' title='bbox 942 5725 1026 5782; x_wconf 79' lang='lat' dir='ltr'><strong>Ad</strong></span> <span class='ocrx_word' id='word_1_787' title='bbox 1071 5725 1179 5783; x_wconf 84' lang='lat' dir='ltr'><strong>hoc</strong></span> <span class='ocrx_word' id='word_1_788' title='bbox 1204 5724 1410 5784; x_wconf 86' lang='lat' dir='ltr'><strong>Paulus</strong></span> <span class='ocrx_word' id='word_1_789' title='bbox 1437 5742 1456 5782; x_wconf 90' lang='lat'><strong><em>:</em></strong></span> <span class='ocrx_word' id='word_1_790' title='bbox 1485 5727 1651 5796; x_wconf 84' lang='lat' dir='ltr'><strong>Bene,</strong></span> <span class='ocrx_word' id='word_1_791' title='bbox 1683 5727 1881 5798; x_wconf 82' lang='lat' dir='ltr'><strong>inquit,</strong></span> <span class='ocrx_word' id='word_1_792' title='bbox 1929 5727 2132 5786; x_wconf 86' lang='lat' dir='ltr'><strong>imitari</strong></span> 
     </span>
    </p>
   </div>
   <div class='ocr_carea' id='block_1_102' title="bbox 540 5817 2120 5894">
    <p class='ocr_par' dir='ltr' id='par_1_102' title="bbox 540 5817 2120 5894">
     <span class='ocr_line' id='line_1_102' title="bbox 540 5817 2120 5894; baseline 0.002 -21"><span class='ocrx_word' id='word_1_793' title='bbox 540 5818 807 5893; x_wconf 61' lang='lat' dir='ltr'><strong>putealis;</strong></span> <span class='ocrx_word' id='word_1_794' title='bbox 857 5817 1014 5874; x_wconf 74' lang='lat' dir='ltr'><strong>Iesus</strong></span> <span class='ocrx_word' id='word_1_795' title='bbox 1055 5818 1298 5876; x_wconf 75' lang='lat' dir='ltr'><strong>Christus</strong></span> <span class='ocrx_word' id='word_1_796' title='bbox 1320 5821 1466 5881; x_wconf 81' lang='lat' dir='ltr'><strong>enim</strong></span> <span class='ocrx_word' id='word_1_797' title='bbox 1513 5821 1607 5894; x_wconf 73' lang='lat' dir='ltr'><strong>qui</strong></span> <span class='ocrx_word' id='word_1_798' title='bbox 1645 5820 1746 5876; x_wconf 79' lang='lat' dir='ltr'><strong>fuit</strong></span> <span class='ocrx_word' id='word_1_799' title='bbox 1770 5820 1903 5890; x_wconf 84' lang='lat' dir='ltr'><strong>lteri,</strong></span> <span class='ocrx_word' id='word_1_800' title='bbox 1951 5837 2120 5892; x_wconf 83' lang='lat' dir='ltr'><strong>quan-</strong></span> 
     </span>
    </p>
   </div>
   <div class='ocr_carea' id='block_1_103' title="bbox 2229 4611 3792 4691">
    <p class='ocr_par' dir='ltr' id='par_1_103' title="bbox 2229 4611 3792 4691">
     <span class='ocr_line' id='line_1_103' title="bbox 2229 4611 3792 4691; baseline -0.008 -14"><span class='ocrx_word' id='word_1_801' title='bbox 2229 4621 2387 4691; x_wconf 85' lang='lat' dir='ltr'><strong>Quod</strong></span> <span class='ocrx_word' id='word_1_802' title='bbox 2411 4629 2595 4678; x_wconf 87' lang='lat' dir='ltr'><strong>autem</strong></span> <span class='ocrx_word' id='word_1_803' title='bbox 2621 4619 2755 4676; x_wconf 87' lang='lat' dir='ltr'><strong>illud</strong></span> <span class='ocrx_word' id='word_1_804' title='bbox 2783 4619 2990 4676; x_wconf 86' lang='lat' dir='ltr'><strong>animal</strong></span> <span class='ocrx_word' id='word_1_805' title='bbox 3011 4617 3357 4675; x_wconf 87' lang='lat' dir='ltr'><strong>cremebatur</strong></span> <span class='ocrx_word' id='word_1_806' title='bbox 3382 4622 3446 4671; x_wconf 90' lang='lat' dir='ltr'><strong>ut</strong></span> <span class='ocrx_word' id='word_1_807' title='bbox 3473 4615 3618 4671; x_wconf 89' lang='lat' dir='ltr'><strong>cinis</strong></span> <span class='ocrx_word' id='word_1_808' title='bbox 3639 4611 3792 4675; x_wconf 76' lang='lat' dir='ltr'><strong>ﬁeret,</strong></span> 
     </span>
    </p>
   </div>
   <div class='ocr_carea' id='block_1_104' title="bbox 2230 4701 3792 4786">
    <p class='ocr_par' dir='ltr' id='par_1_104' title="bbox 2230 4701 3792 4786">
     <span class='ocr_line' id='line_1_104' title="bbox 2230 4701 3792 4786; baseline -0.01 -15"><span class='ocrx_word' id='word_1_809' title='bbox 2230 4715 2452 4786; x_wconf 85' lang='lat' dir='ltr'><strong>signum</strong></span> <span class='ocrx_word' id='word_1_810' title='bbox 2492 4721 2612 4769; x_wconf 90' lang='lat' dir='ltr'><strong>erat</strong></span> <span class='ocrx_word' id='word_1_811' title='bbox 2650 4711 3000 4768; x_wconf 88' lang='lat' dir='ltr'><strong>contritionis</strong></span> <span class='ocrx_word' id='word_1_812' title='bbox 3042 4708 3274 4779; x_wconf 88' lang='lat' dir='ltr'><strong>Christi,</strong></span> <span class='ocrx_word' id='word_1_813' title='bbox 3320 4721 3490 4780; x_wconf 83' lang='lat' dir='ltr'><strong>quam</strong></span> <span class='ocrx_word' id='word_1_814' title='bbox 3538 4701 3792 4768; x_wconf 87' lang='lat' dir='ltr'><strong>sustinuit,</strong></span> 
     </span>
    </p>
   </div>
   <div class='ocr_carea' id='block_1_105' title="bbox 2231 4790 3793 4877">
    <p class='ocr_par' dir='ltr' id='par_1_105' title="bbox 2231 4790 3793 4877">
     <span class='ocr_line' id='line_1_105' title="bbox 2231 4790 3793 4877; baseline -0.009 -13"><span class='ocrx_word' id='word_1_815' title='bbox 2231 4808 2371 4864; x_wconf 85' lang='lat' dir='ltr'><strong>cinis</strong></span> <span class='ocrx_word' id='word_1_816' title='bbox 2400 4806 2578 4877; x_wconf 87' lang='lat' dir='ltr'><strong>cujus,</strong></span> <span class='ocrx_word' id='word_1_817' title='bbox 2626 4805 2681 4862; x_wconf 91' lang='lat' dir='ltr'><strong>id</strong></span> <span class='ocrx_word' id='word_1_818' title='bbox 2709 4813 2793 4860; x_wconf 84' lang='lat' dir='ltr'><strong>est</strong></span> <span class='ocrx_word' id='word_1_819' title='bbox 2831 4802 3099 4860; x_wconf 87' lang='lat' dir='ltr'><strong>memoria</strong></span> <span class='ocrx_word' id='word_1_820' title='bbox 3125 4799 3403 4874; x_wconf 86' lang='lat' dir='ltr'><strong>passionis</strong></span> <span class='ocrx_word' id='word_1_821' title='bbox 3422 4799 3587 4854; x_wconf 87' lang='lat' dir='ltr'><strong>debet</strong></span> <span class='ocrx_word' id='word_1_822' title='bbox 3605 4790 3793 4867; x_wconf 72' lang='lat' dir='ltr'><strong>aspergi</strong></span> 
     </span>
    </p>
   </div>
   <div class='ocr_carea' id='block_1_106' title="bbox 2230 4883 3793 4968">
    <p class='ocr_par' dir='ltr' id='par_1_106' title="bbox 2230 4883 3793 4968">
     <span class='ocr_line' id='line_1_106' title="bbox 2230 4883 3793 4968; baseline -0.009 -13"><span class='ocrx_word' id='word_1_823' title='bbox 2230 4914 2394 4968; x_wconf 90' lang='lat' dir='ltr'><strong>super</strong></span> <span class='ocrx_word' id='word_1_824' title='bbox 2412 4897 2612 4968; x_wconf 86' lang='lat' dir='ltr'><strong>capita,</strong></span> <span class='ocrx_word' id='word_1_825' title='bbox 2649 4896 2704 4952; x_wconf 93' lang='lat' dir='ltr'><strong>id</strong></span> <span class='ocrx_word' id='word_1_826' title='bbox 2726 4904 2813 4953; x_wconf 91' lang='lat' dir='ltr'><strong>est</strong></span> <span class='ocrx_word' id='word_1_827' title='bbox 2854 4895 2911 4954; x_wconf 90' lang='lat' dir='ltr'><strong>in</strong></span> <span class='ocrx_word' id='word_1_828' title='bbox 2942 4893 3222 4950; x_wconf 89' lang='lat' dir='ltr'><strong>mentibus</strong></span> <span class='ocrx_word' id='word_1_829' title='bbox 3271 4891 3636 4964; x_wconf 85' lang='lat' dir='ltr'><strong>singulorum.</strong></span> <span class='ocrx_word' id='word_1_830' title='bbox 3663 4883 3793 4954; x_wconf 82' lang='lat' dir='ltr'><strong>Quod</strong></span> 
     </span>
    </p>
   </div>
   <div class='ocr_carea' id='block_1_107' title="bbox 2229 4980 3792 5058">
    <p class='ocr_par' dir='ltr' id='par_1_107' title="bbox 2229 4980 3792 5058">
     <span class='ocr_line' id='line_1_107' title="bbox 2229 4980 3792 5058; baseline -0.01 -10"><span class='ocrx_word' id='word_1_831' title='bbox 2229 5000 2385 5048; x_wconf 77' lang='lat' dir='ltr'><strong>extra</strong></span> <span class='ocrx_word' id='word_1_832' title='bbox 2413 4998 2600 5048; x_wconf 62' lang='lat' dir='ltr'><strong>castra.</strong></span> <span class='ocrx_word' id='word_1_833' title='bbox 2615 4988 2984 5056; x_wconf 80' lang='lat' dir='ltr'><strong>cremebatur,</strong></span> <span class='ocrx_word' id='word_1_834' title='bbox 3021 4983 3366 5058; x_wconf 79' lang='lat' dir='ltr'><strong>signiﬁcabat</strong></span> <span class='ocrx_word' id='word_1_835' title='bbox 3385 4997 3606 5041; x_wconf 84' lang='lat' dir='ltr'><strong>omnem</strong></span> <span class='ocrx_word' id='word_1_836' title='bbox 3627 4980 3792 5036; x_wconf 84' lang='lat' dir='ltr'><strong>volen-</strong></span> 
     </span>
    </p>
   </div>
   <div class='ocr_carea' id='block_1_108' title="bbox 2230 5071 3794 5150">
    <p class='ocr_par' dir='ltr' id='par_1_108' title="bbox 2230 5071 3794 5150">
     <span class='ocr_line' id='line_1_108' title="bbox 2230 5071 3794 5150; baseline -0.008 -12"><span class='ocrx_word' id='word_1_837' title='bbox 2230 5093 2340 5138; x_wconf 89' lang='lat' dir='ltr'><strong>tem</strong></span> <span class='ocrx_word' id='word_1_838' title='bbox 2362 5080 2616 5138; x_wconf 88' lang='lat' dir='ltr'><strong>mundari</strong></span> <span class='ocrx_word' id='word_1_839' title='bbox 2653 5087 2931 5150; x_wconf 90' lang='lat' dir='ltr'><strong>oportere,</strong></span> <span class='ocrx_word' id='word_1_840' title='bbox 2957 5087 3019 5135; x_wconf 90' lang='lat' dir='ltr'><strong>ut</strong></span> <span class='ocrx_word' id='word_1_841' title='bbox 3043 5084 3205 5134; x_wconf 85' lang='lat' dir='ltr'><strong>exeat</strong></span> <span class='ocrx_word' id='word_1_842' title='bbox 3226 5087 3382 5133; x_wconf 81' lang='lat' dir='ltr'><strong>extra</strong></span> <span class='ocrx_word' id='word_1_843' title='bbox 3417 5083 3603 5133; x_wconf 82' lang='lat' dir='ltr'><strong>castra</strong></span> <span class='ocrx_word' id='word_1_844' title='bbox 3655 5071 3706 5128; x_wconf 85' lang='lat' dir='ltr'><strong>id</strong></span> <span class='ocrx_word' id='word_1_845' title='bbox 3727 5077 3794 5126; x_wconf 83' lang='lat' dir='ltr'><strong>est</strong></span> 
     </span>
    </p>
   </div>
   <div class='ocr_carea' id='block_1_109' title="bbox 2232 5173 2846 5244">
    <p class='ocr_par' dir='ltr' id='par_1_109' title="bbox 2232 5173 2846 5244">
     <span class='ocr_line' id='line_1_109' title="bbox 2232 5173 2846 5244; baseline -0.007 -12"><span class='ocrx_word' id='word_1_846' title='bbox 2232 5174 2484 5232; x_wconf 86' lang='lat' dir='ltr'><strong>carnales</strong></span> <span class='ocrx_word' id='word_1_847' title='bbox 2515 5173 2846 5244; x_wconf 90' lang='lat' dir='ltr'><strong>voluptates.</strong></span> 
     </span>
    </p>
   </div>
   <div class='ocr_carea' id='block_1_110' title="bbox 2307 5258 3793 5344">
    <p class='ocr_par' dir='ltr' id='par_1_110' title="bbox 2307 5258 3793 5344">
     <span class='ocr_line' id='line_1_110' title="bbox 2307 5258 3793 5344; baseline -0.008 -23"><span class='ocrx_word' id='word_1_848' title='bbox 2307 5263 2464 5322; x_wconf 84' lang='lat' dir='ltr'><strong>Nunc</strong></span> <span class='ocrx_word' id='word_1_849' title='bbox 2512 5263 2798 5336; x_wconf 75' lang='lat' dir='ltr'><strong>subiungit</strong></span> <span class='ocrx_word' id='word_1_850' title='bbox 2835 5259 2973 5318; x_wconf 82' lang='lat' dir='ltr'><strong>Novi</strong></span> <span class='ocrx_word' id='word_1_851' title='bbox 3047 5259 3384 5319; x_wconf 87' lang='lat' dir='ltr'><strong>Testamenti</strong></span> <span class='ocrx_word' id='word_1_852' title='bbox 3439 5258 3793 5344; x_wconf 80' lang='lat' dir='ltr'><strong>auctoritatem</strong></span> 
     </span>
    </p>
   </div>
   <div class='ocr_carea' id='block_1_111' title="bbox 2241 5349 3794 5426">
    <p class='ocr_par' dir='ltr' id='par_1_111' title="bbox 2241 5349 3794 5426">
     <span class='ocr_line' id='line_1_111' title="bbox 2241 5349 3794 5426; baseline -0.008 -12"><span class='ocrx_word' id='word_1_853' title='bbox 2241 5359 2386 5416; x_wconf 86' lang='lat' dir='ltr'><strong>idem</strong></span> <span class='ocrx_word' id='word_1_854' title='bbox 2411 5373 2538 5416; x_wconf 87' lang='lat' dir='ltr'><strong>cum</strong></span> <span class='ocrx_word' id='word_1_855' title='bbox 2566 5355 2752 5414; x_wconf 81' lang='lat' dir='ltr'><strong>Veteri</strong></span> <span class='ocrx_word' id='word_1_856' title='bbox 2779 5356 3107 5413; x_wconf 87' lang='lat' dir='ltr'><strong>sentientem</strong></span> <span class='ocrx_word' id='word_1_857' title='bbox 3153 5355 3385 5412; x_wconf 87' lang='lat' dir='ltr'><strong>dicens:</strong></span> <span class='ocrx_word' id='word_1_858' title='bbox 3417 5349 3644 5426; x_wconf 81' lang='lat' dir='ltr'><strong>Propter</strong></span> <span class='ocrx_word' id='word_1_859' title='bbox 3679 5350 3794 5423; x_wconf 77' lang='lat' dir='ltr'><strong>quod</strong></span> 
     </span>
    </p>
   </div>
   <div class='ocr_carea' id='block_1_112' title="bbox 2236 5441 3793 5520">
    <p class='ocr_par' dir='ltr' id='par_1_112' title="bbox 2236 5441 3793 5520">
     <span class='ocr_line' id='line_1_112' title="bbox 2236 5441 3793 5520; baseline -0.006 -14"><span class='ocrx_word' id='word_1_860' title='bbox 2236 5448 2708 5520; x_wconf 84' lang='lat' dir='ltr'><strong>comprobandum</strong></span> <span class='ocrx_word' id='word_1_861' title='bbox 2758 5447 2988 5516; x_wconf 89' lang='lat' dir='ltr'><strong>scilicet,</strong></span> <span class='ocrx_word' id='word_1_862' title='bbox 3022 5446 3170 5520; x_wconf 86' lang='lat' dir='ltr'><strong>quod</strong></span> <span class='ocrx_word' id='word_1_863' title='bbox 3229 5446 3326 5517; x_wconf 89' lang='lat' dir='ltr'><strong>qui</strong></span> <span class='ocrx_word' id='word_1_864' title='bbox 3353 5441 3793 5502; x_wconf 81' lang='lat' dir='ltr'><strong>tabernaculode-</strong></span> 
     </span>
    </p>
   </div>
   <div class='ocr_carea' id='block_1_113' title="bbox 2237 5534 3794 5608">
    <p class='ocr_par' dir='ltr' id='par_1_113' title="bbox 2237 5534 3794 5608">
     <span class='ocr_line' id='line_1_113' title="bbox 2237 5534 3794 5608; baseline -0.008 -10"><span class='ocrx_word' id='word_1_865' title='bbox 2237 5540 2510 5608; x_wconf 87' lang='lat' dir='ltr'><strong>serviunt,</strong></span> <span class='ocrx_word' id='word_1_866' title='bbox 2553 5553 2669 5595; x_wconf 85' lang='lat' dir='ltr'><strong>non</strong></span> <span class='ocrx_word' id='word_1_867' title='bbox 2713 5537 2920 5595; x_wconf 86' lang='lat' dir='ltr'><strong>habent</strong></span> <span class='ocrx_word' id='word_1_868' title='bbox 2941 5537 3108 5594; x_wconf 88' lang='lat' dir='ltr'><strong>edere</strong></span> <span class='ocrx_word' id='word_1_869' title='bbox 3136 5537 3206 5594; x_wconf 90' lang='lat' dir='ltr'><strong>de</strong></span> <span class='ocrx_word' id='word_1_870' title='bbox 3226 5537 3332 5593; x_wconf 85' lang='lat' dir='ltr'><strong>hoc</strong></span> <span class='ocrx_word' id='word_1_871' title='bbox 3358 5536 3544 5605; x_wconf 86' lang='lat' dir='ltr'><strong>altari,</strong></span> <span class='ocrx_word' id='word_1_872' title='bbox 3572 5534 3653 5591; x_wconf 88' lang='lat' dir='ltr'><strong>vel</strong></span> <span class='ocrx_word' id='word_1_873' title='bbox 3685 5544 3794 5604; x_wconf 86' lang='lat' dir='ltr'><strong>pro-</strong></span> 
     </span>
    </p>
   </div>
   <div class='ocr_carea' id='block_1_114' title="bbox 2234 5627 3791 5708">
    <p class='ocr_par' dir='ltr' id='par_1_114' title="bbox 2234 5627 3791 5708">
     <span class='ocr_line' id='line_1_114' title="bbox 2234 5627 3791 5708; baseline -0.01 -14"><span class='ocrx_word' id='word_1_874' title='bbox 2234 5645 2354 5708; x_wconf 89' lang='lat' dir='ltr'><strong>pter</strong></span> <span class='ocrx_word' id='word_1_875' title='bbox 2382 5633 2532 5707; x_wconf 89' lang='lat' dir='ltr'><strong>quod</strong></span> <span class='ocrx_word' id='word_1_876' title='bbox 2561 5632 2972 5706; x_wconf 73' lang='lat' dir='ltr'><strong>praeﬁguratum</strong></span> <span class='ocrx_word' id='word_1_877' title='bbox 2989 5632 3046 5688; x_wconf 89' lang='lat' dir='ltr'><strong>in</strong></span> <span class='ocrx_word' id='word_1_878' title='bbox 3067 5631 3272 5701; x_wconf 74' lang='lat' dir='ltr'><strong>Veteri,</strong></span> <span class='ocrx_word' id='word_1_879' title='bbox 3297 5629 3448 5687; x_wconf 90' lang='lat' dir='ltr'><strong>nunc</strong></span> <span class='ocrx_word' id='word_1_880' title='bbox 3466 5627 3791 5702; x_wconf 82' lang='lat' dir='ltr'><strong>implendum.</strong></span> 
     </span>
    </p>
   </div>
   <div class='ocr_carea' id='block_1_115' title="bbox 2235 5725 3793 5800">
    <p class='ocr_par' dir='ltr' id='par_1_115' title="bbox 2235 5725 3793 5800">
     <span class='ocr_line' id='line_1_115' title="bbox 2235 5725 3793 5800; baseline -0.006 -14"><span class='ocrx_word' id='word_1_881' title='bbox 2235 5731 2392 5788; x_wconf 75' lang='lat' dir='ltr'><strong>Iesus</strong></span> <span class='ocrx_word' id='word_1_882' title='bbox 2422 5729 2592 5788; x_wconf 85' lang='lat' dir='ltr'><strong>etiam</strong></span> <span class='ocrx_word' id='word_1_883' title='bbox 2614 5745 2806 5800; x_wconf 81' lang='lat' dir='ltr'><strong>passus</strong></span> <span class='ocrx_word' id='word_1_884' title='bbox 2827 5737 2907 5784; x_wconf 89' lang='lat' dir='ltr'><strong>est</strong></span> <span class='ocrx_word' id='word_1_885' title='bbox 2926 5736 3079 5784; x_wconf 71' lang='lat' dir='ltr'><strong>extra</strong></span> <span class='ocrx_word' id='word_1_886' title='bbox 3099 5734 3308 5799; x_wconf 83' lang='lat' dir='ltr'><strong>portam</strong></span> <span class='ocrx_word' id='word_1_887' title='bbox 3324 5766 3340 5794; x_wconf 89' lang='lat'><strong>,</strong></span> <span class='ocrx_word' id='word_1_888' title='bbox 3365 5725 3674 5798; x_wconf 80' lang='lat' dir='ltr'><strong>significans</strong></span> <span class='ocrx_word' id='word_1_889' title='bbox 3689 5733 3793 5791; x_wconf 77' lang='lat' dir='ltr'><strong>par-</strong></span> 
     </span>
    </p>
   </div>
   <div class='ocr_carea' id='block_1_116' title="bbox 2235 5805 3793 5902">
    <p class='ocr_par' dir='ltr' id='par_1_116' title="bbox 2235 5805 3793 5902">
     <span class='ocr_line' id='line_1_116' title="bbox 2235 5805 3793 5902; baseline -0.004 -24"><span class='ocrx_word' id='word_1_890' title='bbox 2235 5824 2528 5894; x_wconf 83' lang='lat' dir='ltr'><strong>ticipantes</strong></span> <span class='ocrx_word' id='word_1_891' title='bbox 2557 5820 2720 5879; x_wconf 90' lang='lat' dir='ltr'><strong>altari</strong></span> <span class='ocrx_word' id='word_1_892' title='bbox 2757 5835 2861 5878; x_wconf 93' lang='lat' dir='ltr'><strong>suo</strong></span> <span class='ocrx_word' id='word_1_893' title='bbox 2889 5819 3086 5877; x_wconf 87' lang='lat' dir='ltr'><strong>debere</strong></span> <span class='ocrx_word' id='word_1_894' title='bbox 3119 5817 3251 5874; x_wconf 83' lang='lat' dir='ltr'><strong>ﬁeri</strong></span> <span class='ocrx_word' id='word_1_895' title='bbox 3282 5825 3437 5875; x_wconf 85' lang='lat' dir='ltr'><strong>extra</strong></span> <span class='ocrx_word' id='word_1_896' title='bbox 3487 5823 3711 5902; x_wconf 80' lang='lat' dir='ltr'><strong>portam,</strong></span> <span class='ocrx_word' id='word_1_897' title='bbox 3748 5805 3793 5863; x_wconf 74' lang='lat' dir='ltr'><strong>id</strong></span> 
     </span>
    </p>
   </div>
  </div>
