3988 6396
169 347 302 408 565

1161 345 1494 417 EPISTOLA
1536 345 1598 400 Β.
1635 343 1844 401 PAULI
1875 342 1969 402 AD
2007 337 2496 398 LAODlCENSES.
2590 388 2591 391 η

3355 337 3460 393 566

170 474 279 520 est
299 471 456 520 extra
475 474 672 519 sensus
697 461 1014 534 voluptatis.
1047 460 1257 519 Sensus
1279 462 1424 518 enim
1448 469 1617 533 portae
1649 469 1776 517 sunt
1803 461 1852 526 Α
1949 457 2096 517 Dixit
2126 456 2381 528 superius
2403 461 2554 512 orate
2598 468 2700 524 pro
2732 451 2925 520 nobis;
2967 467 3115 508 nunc
3157 459 3335 527 alitem
3369 457 3462 504 tle-

174 558 414 625 animm,
444 555 574 626 quia
597 572 694 628 per
717 557 908 613 oculos
937 555 1156 613 ducitur
1185 555 1254 610 ad
1281 556 1778 626 concupiscendum

171 650 338 720 quod
366 649 532 715 videt,
563 658 619 727 et
647 649 727 705 sic
759 664 856 720 per
877 656 1108 705 caeteros
1133 663 1351 704 sensus.
1399 647 1560 706 Jesus
1582 663 1781 719 passus

169 747 277 794 est
305 748 463 794 extra
493 749 728 808 portam,
773 738 896 794 ideo
924 747 984 794 ut
1031 755 1126 810 per
1166 740 1438 810 proprium
1471 741 1782 811 sanguinem

167 830 555 909 sanctiﬁcat-et
584 829 856 901 populum.
889 829 1031 898 Quia
1050 828 1211 889 Iesus
1237 839 1391 886 extra
1414 839 1624 902 portam
1653 847 1782 902 pas-

177 937 289 976 sus
313 930 420 986 est,
456 921 623 992 igitur
635 936 890 989 exeamus
917 920 988 976 ad
1027 937 1168 990 eum,
1197 922 1364 993 positi
1390 929 1544 978 extra
1581 929 1779 990 castra,

173 1006 242 1065 id
270 1020 360 1066 est
385 1018 538 1066 extra
566 1010 872 1081 voluptates
892 1010 1266 1078 tabernaculi;
1309 1027 1411 1067 nec
1437 1011 1543 1068 hoc
1581 1011 1781 1081 solum,

182 1102 286 1157 sed
311 1102 483 1156 etiam
529 1110 802 1172 portantes
825 1101 902 1173 (si
949 1116 1174 1160 necesse
1193 1102 1378 1173 fuerit)
1405 1104 1785 1175 improperium

177 1193 331 1263 ejus,
362 1192 416 1248 id
447 1201 529 1248 est
556 1204 792 1249 mortem
827 1192 1042 1250 crucis.
1090 1193 1161 1250 Et
1197 1195 1389 1266 utique
1414 1196 1497 1252 sic
1523 1195 1786 1253 debemus

179 1287 371 1354 exire,
397 1286 529 1358 quia
548 1284 713 1364 etiam
742 1285 1067 1366 si‘volumus
1093 1285 1184 1342 hic
1207 1302 1452 1354 manere,
1495 1302 1600 1342 non
1627 1285 1786 1340 habe-

185 1396 312 1433 mus
329 1379 418 1432 hic
452 1386 750 1433 manentem
770 1377 1161 1445 civitatem,sed
1173 1379 1492 1450 inquirimus
1524 1378 1783 1449 futuram,

185 1471 247 1528 id
285 1481 376 1528 est
407 1480 689 1526 aeternam.
723 1469 791 1526 Et
831 1471 1274 1543 quandoquidem
1325 1469 1566 1527 futuram
1599 1471 1786 1542 inqui-

189 1566 398 1638 rimus,
429 1580 558 1638 ergo
593 1574 654 1620 ut
685 1563 1162 1635 apprehendamus
1203 1578 1347 1632 eam,
1377 1564 1662 1634 offeramus
1697 1578 1789 1634 per

186 1658 375 1727 ipsum
403 1656 590 1712 Jesum
623 1655 828 1741 hostias
862 1653 1068 1722 laudis,
1122 1653 1176 1709 id
1205 1662 1290 1710 est
1315 1654 1504 1710 laudes
1538 1668 1648 1710 non
1680 1653 1787 1708 ini-

187 1766 304 1805 nus
328 1765 495 1820 quam
515 1748 713 1804 hostia:
767 1754 1141 1819 promerentes
1183 1745 1316 1814 Deo,
1341 1755 1396 1801 et
1426 1745 1532 1801 hoc
1561 1761 1782 1815 semper.

1876 566 2062 622 precor
2084 566 2172 604 vos
2194 545 2430 619 antplius‘
2451 547 2546 602 hoc
2573 545 2767 617 facere,
2791 544 2846 601 id
2869 554 2954 601 est
2979 559 3140 600 orare
3161 559 3264 615 pro
3304 544 3462 600 nobis

1879 643 2196 708 instantius,
2232 656 2358 711 quo,
2389 639 2441 694 id
2463 647 2548 694 est
2564 653 2630 693 co
2651 645 2712 692 ut
2740 637 2995 692 restituar
3023 634 3168 690 vobis
3219 634 3461 700 celerius,

1878 733 2129 791 deferens
2181 747 2395 787 mecura
2443 729 2656 786 fructus
2709 728 3203 800 eleemosynarum,
3230 726 3278 782 si
3323 724 3466 781 forte
3547 773 3551 776 .

1879 823 2062 880 solvar
2086 838 2117 876 a
2140 821 2393 878 vinculis.
2419 819 2552 876 Dico
2575 827 2730 875 orate
2768 834 2869 889 pro
2907 818 3098 885 nobis,
3151 833 3255 890 ego
3281 824 3465 874 autem

1883 916 1964 972 sic
1992 929 2091 970 oro
2114 929 2215 984 pro
2235 912 2411 969 vobis.
2442 913 2584 968 Deus
2612 911 2758 983 pacis
2788 920 2938 983 aptet
2961 925 3062 969 vos
3090 911 3148 966 in
3167 910 3319 966 omni
3363 908 3466 966 bo-

1881 1023 1976 1076 no,
2004 1008 2095 1079 qui
2121 1006 2268 1062 Deus
2291 1005 2477 1061 educit
2516 1005 2802 1060 Dominum
2829 1013 3067 1060 nostrum
3102 1002 3291 1059 Iesum
3309 1001 3468 1060 Chri-

1881 1109 2024 1158 stum
2043 1101 2110 1156 de
2138 1099 2380 1167 mortuis,
2404 1098 2469 1155 .id
2491 1107 2575 1154 est
2597 1114 2627 1153 a
2655 1113 2884 1154 numero
2895 1105 3258 1153 mortuorum.
3279 1095 3468 1152 Jesum

1882 1192 2008 1250 dico
2034 1190 2314 1246 Pastorem
2345 1205 2614 1261 magnum,
2651 1188 2704 1244 id
2746 1197 2829 1244 est
2858 1203 3023 1259 super
3045 1188 3229 1244 omnia
3252 1186 3469 1258 magni-

1884 1284 2130 1340 ﬁcatum.
2153 1280 2433 1336 Pastorem
2455 1279 2582 1334 dico
2604 1295 2714 1336 non
2744 1281 3028 1351 luporum,
3059 1279 3155 1336 sed
3185 1280 3383 1346 ovium,
3416 1277 3473 1333 id

1884 1383 1968 1432 est
1987 1384 2421 1432 mansuetorum.
2444 1368 2728 1429 Pastorem
2751 1371 2875 1426 dico
2892 1370 3095 1426 factum
3115 1371 3170 1425 in
3180 1369 3436 1441 sanguine
3451 1409 3470 1434 .

1887 1469 1944 1526 id
1972 1477 2060 1525 est
2091 1483 2198 1540 per.
2217 1466 2551 1523 oblationem
2585 1463 2870 1536 sanguinis
2893 1463 3001 1518 sui.
3033 1460 3368 1534 Sanguinem
3387 1462 3474 1520 di-

1886 1575 1954 1618 co
1983 1561 2425 1616 conﬁrmatorem
2461 1555 2757 1612 testamenti
2789 1555 2994 1622 interni,
3020 1554 3076 1610 id
3097 1563 3182 1610 est
3221 1554 3277 1610 in
3317 1563 3475 1610 aeter—

1887 1669 2022 1710 num
2051 1651 2322 1709 duraturi.
2355 1649 2475 1719 Hic,
2503 1650 2753 1721 inquam,
2781 1646 2924 1703 Deus
2955 1655 3097 1717 aptet
3121 1663 3209 1702 vos
3251 1647 3309 1702 in
3331 1647 3476 1703 omni

1891 1744 2046 1800 bono.
2067 1743 2298 1815 Aptatos
2323 1757 2421 1799 eos
2450 1741 2725 1812 intelligit,
2755 1737 2803 1795 si
2829 1739 2974 1794 bona
3020 1734 3274 1793 voluntas
3315 1737 3372 1790 in
3397 1737 3480 1795 eis

189 1839 263 1895 Et
285 1840 439 1910 quod
476 1839 602 1896 dico.
619 1839 830 1895 hostias
870 1838 1072 1904 laudis,
1113 1844 1200 1893 est
1227 1837 1410 1896 dicere
1437 1855 1453 1892 :_
1476 1834 1785 1892 Olieramus
1815 1821 1862 1884 Β
1887 1835 2071 1892 fuerit.
2107 1836 2269 1905 Aptet
2301 1834 2398 1900 ita,
2425 1842 2485 1889 ut
2508 1832 2724 1903 faciatis
2749 1830 3072 1885 voluntatem
3093 1829 3208 1899 ejus
3235 1826 3354 1893 Dei,
3379 1842 3481 1883 nec

189 1931 749 2004 fructumlabiorum.
800 1929 905 1986 Per
963 1929 1257 1996 labiorum,
1290 1927 1630 1996 facilitatem,
1691 1943 1788 2001 per

191 2026 444 2081 fructum
472 2024 724 2095 designat
746 2020 1369 2078 utilitatem.Labiorum
1389 2019 1512 2077 dico
1537 2019 1791 2090 conﬁten-

192 2120 338 2172 tium
377 2117 600 2184 nomini,
645 2116 699 2171 id
729 2124 819 2172 est
839 2114 1025 2188 gloria:
1045 2114 1181 2184 ejus.
1222 2111 1530 2168 Oﬂ'eramus
1577 2111 1787 2168 laudes.

195 2210 576 2280 Bene/irentiw
605 2217 804 2276 autem,
831 2207 886 2263 id
909 2215 996 2263 est
1018 2205 1288 2278 largitatis
1319 2205 1792 2277 eleemosynarum

193 2315 248 2358 et
272 2303 660 2358 communionis
712 2301 1023 2374 (postquam
1085 2315 1196 2356 non
1245 2297 1486 2370 propria,
1514 2297 1609 2354 sed
1636 2311 1793 2354 com-

199 2396 392 2452 munia
417 2395 701 2465 dicebatis)
757 2394 920 2449 nolite
954 2392 1212 2448 oblivisci.
1238 2390 1350 2448 Nec
1397 2390 1609 2448 debetis
1653 2389 1793 2446 obli-

198 2489 364 2556 visci,
393 2489 520 2559 quia
555 2486 750 2541 talibus
769 2486 979 2554 hostiis,
1006 2485 1059 2540 id
1081 2494 1166 2541 est
1175 2499 1273 2557 per
1291 2481 1705 2540 beneﬁcentiam
1739 2489 1797 2540 et

196 2579 673 2636 communionem.
706 2578 846 2633 Deus
873 2585 1200 2650 promeretur
1241 2573 1297 2631 in
1334 2574 1553 2648 passiva
1581 2572 1793 2646 signiﬁ-

201 2671 446 2726 catione.
489 2667 556 2724 Ut
585 2678 768 2726 autem
819 2669 1019 2725 horum
1078 2681 1353 2724 memores
1398 2665 1540 2734 sitis,
1589 2665 1794 2721 obedite

199 2762 507 2833 prcpositis
529 2763 734 2830 vestris,
763 2760 858 2832 qui
889 2759 1113 2832 perfecti
1135 2767 1287 2828 sunt,
1323 2767 1380 2816 et
1418 2758 1557 2815 bene
1585 2773 1684 2814 vos
1705 2757 1793 2814 in-

199 2853 930 2925 struunt,etsubjaceteeis,
983 2852 1039 2908 id
1064 2861 1148 2909 est
1201 2851 1435 2918 obedite,
1486 2859 1548 2906 ut
1575 2864 1795 2906 omnem

203 2947 608 3018 subjectionem
636 2947 806 3002 verbo
835 2956 889 3003 et
911 2961 1074 3017 opere
1096 2945 1400 3001 exhibeatis
1424 2945 1550 3000 illis.
1577 2943 1797 2999 Debetis

203 3041 402 3110 utique
424 3038 707 3109 subiacere
733 3037 836 3104 eis,
861 3037 988 3108 quia
1012 3036 1118 3107 ipsi
1159 3034 1478 3107 pervigilant
1505 3050 1601 3107 pro
1628 3033 1794 3101 vobis,

203 3132 364 3202 quasi
389 3131 466 3186 illi
487 3130 582 3202 qui
605 3129 864 3185 reddituri
921 3136 1053 3185 sunt
1087 3127 1318 3183 rationes
1369 3143 1465 3200 pro
1515 3125 1796 3181 animabus

204 3225 422 3291 vestris,
450 3223 556 3279 sibi
592 3220 927 3280 commissis.
970 3219 1039 3277 Et
1087 3219 1212 3276 ideo
1251 3219 1334 3280 sic
1376 3218 1655 3290 subjacete
1696 3217 1802 3285 eis,

205 3327 267 3374 ut
290 3319 499 3388 faciant
523 3316 656 3385 lucc,
676 3316 730 3372 id
754 3323 840 3372 est
857 3314 1183 3386 pervigilant
1199 3328 1300 3386 pro
1326 3314 1481 3388 vobis
1517 3330 1638 3368 cum
1669 3329 1803 3386 gau-

205 3411 324 3476 dio,
354 3419 406 3465 et
437 3425 541 3464 non
590 3418 871 3481 gementes,
907 3423 1009 3480 pro
1031 3406 1234 3463 duritia
1285 3414 1342 3463 et
1385 3405 1805 3477 intemperantia

207 3511 422 3557 vestra.
446 3500 580 3557 Dico
598 3515 708 3556 non
737 3508 1050 3572 gementes;
1094 3516 1199 3554 non
1241 3499 1382 3554 enim
1409 3498 1619 3569 expedit
1661 3497 1806 3554 vobis

209 3594 334 3659 hoc,
373 3603 551 3651 uteos
607 3608 824 3664 gemere
882 3592 1117 3648 faciatis.
1150 3591 1380 3652 Obedite
1406 3590 1715 3663 praepositis
1753 3599 1811 3656 et

210 3696 364 3741 orate
398 3703 493 3756 pro
545 3686 714 3741 nobis.
747 3684 1001 3741 Dicerent
1021 3685 1099 3740 illi
1144 3703 1160 3740 :
1191 3682 1274 3740 Tu
1304 3692 1520 3756 gentem
1554 3693 1799 3740 nostram

207 3789 270 3836 et
315 3779 457 3835 ritus
501 3787 719 3836 nostros
778 3777 1148 3850 persequeris,
1197 3785 1252 3834 et
1312 3775 1592 3848 quomodo
1641 3775 1802 3842 dicis,

212 3881 374 3926 orate
397 3885 498 3941 pro
523 3870 722 3928 nobis?
765 3870 848 3927 Ad
886 3871 993 3927 hoc
1043 3869 1247 3927 Paulus
1278 3887 1293 3925 :
1331 3867 1501 3925 Orare
1522 3883 1623 3938 pro
1646 3866 1807 3924 nobis

212 3963 450 4018 debetis.
484 3961 598 4018 Nos
633 3963 775 4018 enim
801 3962 1136 4034 conﬁdimus,
1157 3961 1211 4018 id
1243 3968 1327 4018 cst
1353 3959 1689 4017 conﬁdenter
1710 3973 1808 4022 vo-

213 4055 304 4111 bis
324 4055 563 4112 dicimus
596 4055 736 4128 quod
784 4055 1033 4110 habemus
1069 4053 1259 4108 bonum
1303 4051 1684 4107 conscientiam
1749 4050 1808 4106 in

213 4145 486 4212 omnibus,
510 4146 564 4201 id
591 4158 678 4203 est
709 4146 780 4202 ad
815 4161 1008 4203 omnes
1053 4144 1281 4199 volentes
1337 4145 1461 4200 bene
1510 4143 1809 4201 conversari

213 4236 287 4291 ad
314 4235 460 4292 illos.
493 4234 598 4292 Ubi
631 4244 813 4301 autem
865 4234 1202 4293 conscientia
1249 4249 1385 4314 pura
1428 4242 1533 4301 est,
1588 4242 1644 4290 et
1670 4244 1808 4304 opus

217 4329 490 4386 mundum
518 4337 623 4398 est,
649 4345 718 4386 ne
737 4344 868 4403 ergo
890 4327 1108 4386 molesti
1135 4327 1260 4384 sitis
1287 4326 1442 4382 mihi.

1890 1928 2100 1985 viribus
2131 1925 2348 1992 vestris,
2377 1922 2471 1980 sed
2496 1923 2569 1978 ita
2593 1920 2807 1978 faciatis
2833 1919 3000 1992 414
3020 1927 3081 1974 ut
3115 1918 3233 1990 ipse
3260 1917 3335 1976 sit
3389 1916 3481 1986 [a-

1892 2024 2034 2080 ciens
2055 2023 2113 2076 in
2132 2020 2276 2075 vobis
2308 2017 2414 2074 hoc
2439 2016 2579 2088 quod
2624 2015 2833 2086 placeat
2873 2028 3056 2068 coram
3105 2027 3180 2078 se,
3215 2011 3268 2066 id
3294 2017 3378 2066 est
3423 2008 3481 2064 in

1892 2109 2234 2183 beneplacito
2257 2109 2398 2181 ejus,
2428 2106 2636 2164 faciens
2685 2103 2810 2161 dico
2851 2119 2944 2174 per
2975 2100 3160 2156 Iesum
3185 2098 3479 2163 Christum,

1893 2205 1986 2279 qui
2013 2212 2093 2259 est
2123 2201 2297 2273 gloria
2321 2202 2378 2255 in
2406 2197 2603 2255 sarcula
2627 2195 2964 2254 steculorum.
2987 2192 3182 2248 Amen.
3209 2190 3347 2258 Quia
3381 2189 3482 2245 ali-

1894 2297 2218 2370 quantulum
2243 2292 2835 2366 aSperiuscorrexerat
2855 2287 3000 2354 illos,
3032 2301 3180 2341 nunc
3206 2282 3484 2339 blanditur

1895 2391 2007 2458 eis,
2027 2403 2096 2444 ne
2121 2395 2447 2443 moveantur
2465 2383 2583 2441 visa
2601 2379 2896 2452 asperitate
2909 2378 3224 2444 verborum,
3250 2375 3439 2431 dicens
3468 2391 3482 2427 :

1897 2483 2043 2540 Deus
2064 2481 2147 2538 sic
2168 2487 2317 2552 aptet
2363 2491 2484 2546 vos,
2514 2491 2616 2548 ego
2651 2483 2852 2540 autem,
2886 2472 3099 2554 fratres,
3136 2462 3262 2541 rogo
3291 2485 3402 2534 vos,
3427 2477 3489 2522 ut

1898 2577 2008 2634 hoc
2027 2573 2240 2631 verbum
2287 2585 2398 2627 non
2444 2563 2890 2638 reprehensionis
2931 2562 3014 2634 (ut
3044 2561 3184 2616 forte
3214 2558 3386 2630 aliqui
3419 2556 3489 2613 de

1896 2669 2056 2728 vobis
2088 2664 2450 2735 existimant),
2471 2660 2568 2719 sed
2589 2658 2890 2730 Epistolam
2911 2655 3094 2712 solatii
3118 2653 3409 2724 sufferatis,
3435 2651 3492 2709 id

1896 2762 2066 2822 estin
2088 2754 2525 2831 omnipatientia
2583 2750 2918 2822 suscipiatis.
2955 2748 3021 2804 Et
3070 2747 3301 2818 potestis
3353 2743 3492 2800 satis

1901 2853 2152 2920 suﬁ‘erre,
2182 2851 2308 2922 quia
2329 2845 2522 2918 scripsi
2569 2843 2712 2899 vobis
2752 2840 3053 2913 perpaucis.
3082 2837 3184 2892 llic
3222 2834 3495 2907 signiﬁcat

1899 2962 1997 3001 eos
2019 2943 2391 3014 impatientes,
2426 2935 2629 3010 quibus
2671 2934 2845 2990 multo
2887 2933 3043 3003 plura
3087 2928 3418 3002 scripsisset,
3445 2924 3496 2979 si

1901 3037 2171 3110 patienter
2192 3033 2478 3091 audituros
2506 3033 2878 3101 cognosceret.
2909 3022 3143 3079 Sufferte
3183 3019 3414 3076 verbum
3444 3023 3494 3072 et

1903 3133 2125 3207 fratrem
2146 3136 2376 3184 vestrum
2411 3123 2740 3180 Timotheum
2763 3138 2794 3175 a
2823 3135 2911 3174 me
2937 3117 3218 3172 dimissum
3259 3113 3328 3168 ad
3373 3126 3495 3207 vos,

1900 3200 2040 3281 vela
2059 3220 2293 3279 vinculis
2313 3217 2513 3293 quibus
2568 3215 2768 3286 ligatus
2790 3225 3004 3267 mecum
3030 3214 3170 3274 erat,
3213 3217 3360 3260 nunc
3406 3200 3495 3258 di-

1903 3317 2158 3376 missum.
2188 3284 2352 3380 Eum,
2403 3284 2632 3382 inquam
2644 3349 2659 3374 ,
2689 3305 2987 3362 delatorem
3023 3300 3189 3371 hujus
3217 3284 3513 3368 Epistolm,’

1905 3411 2224 3485 cognoscite,
2255 3406 2310 3464 id
2330 3413 2418 3464 est
2461 3381 2760 3461 honoriﬁce
2787 3405 2845 3454 et
2876 3410 3004 3452 cum
3044 3390 3195 3451 omni
3231 3381 3551 3485 charitate'w

1906 3479 2193 3578 suscipite,
2227 3517 2348 3558 cum
2369 3513 2470 3570 quo
2501 3493 2681 3551 videbo
2722 3507 2840 3559 vos,
2890 3488 3034 3546 sicut
3063 3491 3312 3578 autumo,
3343 3479 3390 3534 si
3411 3495 3495 3533 ce—

1905 3572 2079 3656 leriui
2098 3572 2426 3653 revertensa
2454 3586 2634 3652 vobis,
2665 3582 2863 3640 venerit
2879 3578 2946 3636 ad
2981 3588 3088 3634 me.
3117 3572 3364 3630 Salutate
3387 3585 3500 3624 om-

1908 3706 1999 3746 nes
2033 3684 2344 3759 prtepositos
2409 3687 2628 3735 vestros.
2682 3674 2821 3746 lpsis
2865 3670 3038 3734 enim,
3101 3666 3240 3759 quia
3275 3659 3500 3759 perfecti

1909 3749 2090 3844 erant,
2116 3749 2227 3831 non
2249 3769 2525 3829 scribebat
2551 3764 2874 3836 Epistulam,
2899 3759 2992 3816 sed
3006 3754 3338 3828 quibusdam
3368 3749 3506 3806 sub—

1909 3870 2156 3928 ditorum
2184 3861 2523 3922 incorrectis.
2549 3858 2795 3914 Salutate
2814 3854 2976 3912 etiam
2997 3866 3174 3906 omnes
3198 3855 3412 3904 sanctos
3441 3844 3500 3900 in

1912 3955 2159 4018 Ecclesia
2195 3961 2402 4012 vestra.
2458 3949 2632 4010 Erant
2674 3947 2822 4005 enim
2874 3942 3100 4019 quidam
3155 3938 3514 3997 subditorum

1911 4049 2162 4126 perfecti,
2204 4046 2406 4120 quibus
2455 4043 2706 4101 similiter
2753 4055 2866 4096 non
2920 4029 3502 4126 scribebat.Salutant

1915 4122 2002 4203 vos
2029 4145 2221 4199 fratres
2247 4140 2313 4197 de
2335 4138 2526 4195 Italia.
2562 4134 2757 4193 Gratia
2782 4131 2879 4188 Dei
2919 4145 3038 4186 cum
3069 4125 3310 4182 omnibus
3333 4122 3520 4206 vobis,

1861 4300 1872 4309 ,
1913 4242 2102 4305 Amen.
2135 4236 2380 4311 Signum
2401 4230 2558 4289 Pauli
2578 4227 2727 4302 quod
2757 4222 3002 4299 Epistula
3049 4220 3224 4294 ipsius
3249 4224 3417 4275 esset.

810 4635 1350 4762 ,EPISTOLA
1414 4637 1505 4713 Β.
1564 4632 1882 4713 PAULI
1942 4630 2075 4709 AD
2140 4619 2870 4715 LAODICENSES,

1171 4815 1392 4892 Nuper
1419 4813 1487 4876 in
1519 4811 1782 4892 antiqua
1816 4803 2209 4873 bibliotheca
2237 4804 2501 4866 inventa
2535 4821 2554 4862 :

504 4989 624 5052 Sed
655 4946 809 5069 quia
840 4986 1001 5049 inter
1031 4981 1372 5047 catholicas
1400 4977 1590 5060 vulgo
1623 4995 1752 5040 non
1789 4976 2205 5058 legitumno'n
2235 4976 2320 5035 est
2350 4988 2388 5032 a
2416 4969 2490 5032 Β.
2529 4967 2827 5034 Brutone
2861 4961 3192 5026 elucidata.

296 5311 528 5377 Paulus,
551 5308 822 5380 apostolus
850 5300 1391 5380 non‘ab‘hominibus,
1413 5313 1581 5380 neque
1608 5314 1699 5380 per
1721 5299 1816 5380 Ιιοτ
1845 5299 1897 5361 ι)

224 5385 442 5448 minem,
472 5370 560 5436 sed
586 5370 682 5448 per
721 5379 907 5434 Iesum
938 5375 1248 5448 Clrristum,_
1268 5370 1526 5448 fratribus
1568 5370 1658 5441 qui
1692 5376 1816 5448 sunt

224 5399 442 5448 minem,
472 5398 560 5436 sea
657 5398 682 5433 Γ
721 5398 907 5434 Jesum
938 5398 1230 5441 uariarum,
1268 5398 1525 5444 [ratt'wua
1568 5398 1657 5441 ψη
1692 5398 1815 5424 cur"

223 5453 521 5509 Laodicia.
562 5398 750 5506 (gentia
769 5449 914 5504 vobis
947 5456 998 5503 et
1022 5463 1130 5518 pax
1151 5463 1185 5500 a
1219 5446 1341 5518 Deo;
1353 5443 1519 5518 Patre
1557 5450 1738 5496 nostra
1764 5447 1817 5494 et

224 5524 459 5580 Dontino
478 5521 611 5576 Iesu
637 5521 870 5578 Christo.
905 5515 1125 5576 Gratias
1173 5533 1272 5588 ego
1303 5515 1519 5572 Christo
1568 5527 1814 5588 peroni-

225 5611 345 5649 nem
364 5593 660 5647 orationem
692 5607 886 5656 meam,
933 5607 993 5644 eo
1021 5588 1159 5660 quod
1180 5581 1706 5660 pcrmanentesiestis
1761 5581 1817 5636 in

221 5681 307 5730 eo,
348 5674 397 5717 et
420 5673 804 5733 perseverantes
836 5662 891 5715 in
917 5656 1159 5733 operibus
1181 5656 1367 5733 bonis,
1388 5656 1706 5727 promissum
1727 5667 1820 5707 ea:—

223 5728 523 5804 spectantes
549 5735 605 5787 in
637 5728 957 5804 diejudicii.
997 5729 1180 5804 Neque
1231 5728 1523 5782 destituant
1568 5742 1656 5779 vos
1685 5739 1818 5804 quo-

229 5800 478 5862 rumdam
504 5800 809 5878 vaniloquia
853 5800 1262 5868 insinuantium,
1288 5807 1342 5852 ut
1371 5813 1457 5853 vos
1495 5801 1737 5852 avertant
1789 5810 1822 5846 α

850 5895 884 5918 ς

3515 4835 3528 4870 ἰ

1925 5295 2142 5349 veritate
2179 5273 2476 5363 Evangelii,
2500 5288 2638 5359 quod
2692 5304 2724 5338 a
2770 5299 2848 5337 me
2875 5280 3238 5363 ιρι-ιιξιίὶςριιςυέἱ

1926 5367 2086 5437 faciet
2113 5364 2251 5437 Deus
2278 5350 2354 5437 nl
2376 5350 2609 5437 quis'unt
2631 5372 2696 5437 eo:
2720 5350 2902 5437 mead
2950 5350 3512 5437 profecturi:

1926 5416 2750 5506 Evangelii,descivientessint,
2774 5433 2825 5480 et
2859 5416 3149 5506 facientes”

1925 5480 2289 5579 ξιξεῖείιῗῖιᾟίξω
2310 5513 2432 5558 sunt
2447 5501 2644 5556 salutis
2665 5480 3055 5579 υξάιεῆαίιξιςηᾳξἱ

2449 5551 2772 5645 Elapsus}
2793 5569 2848 5623 in
2874 5564 3110 5645 Christo,
3143 5551 3515 5645 quibus-lator

1925 5633 1976 5704 et
2003 5647 2227 5722 gaudeo,
2252 5655 2312 5722 et
2342 5633 2437 5700 hoc
2465 5633 3045 5722 ῑιεξιιῖίαεεωηᾼρειμί
3078 5633 3305 5722 sugg"
3322 5637 3512 5722 g'frfg:

1932 5690 2692 5788 agnitqu'odvipsum'factum
2721 5704 3049 5788 orationibus
3088 5690 3514 5788 v‘etll'imfi‘g‘f:

1935 5776 2266 5847 ministrante
2295 5776 2501 5858 Spiritu
2543 5793 2745 5851 sancto,
2801 5780 2905 5835 sive
2938 5790 3028 5847 per
3050 5776 3240 5837 vitam,
3294 5776 3399 5822 sive
3422 5776 3513 5834 per
