3988 6396
169 345 329 407 .569

199 459 496 517 Sublimes
521 455 716 512 humili
733 470 930 512 sensus
953 461 1253 526 attempero
1277 455 1477 524 lingua:
1509 472 1523 511 :

281 551 403 607 Nec
422 549 557 605 mihi
578 550 648 605 ab
674 564 770 604 ore
798 547 893 603 sed
913 563 982 602 ex
1017 555 1236 617 pectore
1262 546 1428 602 verba
1456 548 1650 601 tluunt.

196 641 447 699 Niliacis
477 649 668 697 ornate
694 639 786 695 alii
815 638 1037 696 delubra
1076 637 1319 709 tropaeis,

282 733 514 801 Laudo;
541 732 636 789 sed
658 731 715 786 iu
743 746 984 803 praesens
1012 746 1180 786 causa
1199 729 1374 786 aliena
1396 727 1532 782 mihi
1557 733 1661 783 est.

159 859 176 870 ι
198 826 486 883 Humana;
510 825 691 882 verbis
713 825 921 895 scphite
943 824 1302 880 inclarescere
1323 824 1536 889 nolens,

277 921 494 976 Paulus
518 919 673 975 adest
698 917 874 972 doctis
892 918 1102 972 debitor
1135 926 1190 973 et
1211 917 1464 974 rudibus.
1505 977 1516 985 ,

196 1012 356 1069 Cum
380 1011 551 1067 David
581 1011 784 1077 cinere,
815 1018 870 1066 et
902 1009 1118 1066 cilicino
1140 1010 1424 1066 horrescat
1450 1007 1674 1074 amictu,

278 1105 598 1162 Rhetoricis
625 1113 841 1176 compta
866 1103 991 1174 quis
1013 1103 1156 1160 volet
1182 1117 1304 1158 esse
1327 1101 1501 1157 rosis?

1216 340 1451 398 SEllMO
1495 340 1581 397 DE
1615 339 2041 400 CONTEMPTU
2076 339 2501 400 DIVITIARUM.

3379 348 3497 408 '570

1836 457 1891 518 Α
1917 452 2040 510 1am
2064 454 2200 510 mihi
2224 470 2393 527 purga
2419 471 2582 514 aures
2601 465 2766 528 atque
2787 468 2996 516 excute
3013 458 3146 518 faece
3165 461 3427 531 palatum,

1988 544 2082 602 Vel
2107 548 2282 618 magis
2310 547 2451 602 intra
2475 549 2642 602 animi
2673 558 2824 621 septa
2857 552 3030 607 redito
3053 553 3152 606 tui.

1911 635 2030 694 Non
2054 639 2274 710 linguaa,
2306 639 2401 694 sed
2421 639 2603 695 cordis
2627 640 2696 695 ad
2718 641 2834 696 haec
2854 643 3096 697 delectus
3120 641 3401 699 habendus
3420 662 3437 696 ·.

1978 729 2118 810 ¹Νξιιιι
2148 733 2283 787 mihi
2309 749 2435 788 cum
2463 735 2626 789 rebus
2648 743 2760 790 tota
2783 735 3036 804 palaestra
3064 733 3188 789 fuit.

1909 822 1989 880 Ne
2014 840 2179 880 sensu
2214 825 2329 880 haec
2351 826 2553 896 sapias,
2586 826 2683 882 sed
2707 842 2818 896 quo
2839 835 2969 896 sunt
2988 826 3200 896 prodita
3221 836 3411 898 gustus

1984 915 2213 986 Spiritu,
2236 926 2291 972 et
2323 917 2428 972 hoc
2457 918 2652 972 animm
2674 918 2881 974 viscera
2902 933 3066 989 pasce
3093 918 3259 972 bono.

1838 1070 1841 1073 1
1911 1007 2236 1085 Consultum
2260 1008 2463 1078 pariter
2489 1009 2720 1064 summis
2744 1009 3096 1080 minimisque
3122 1009 3390 1072 volebam,

1984 1098 2052 1154 Et
2073 1100 2212 1156 ratio
2233 1108 2426 1169 captus
2449 1098 2630 1157 omnis
2652 1100 2902 1156 habenda
2929 1099 3053 1156 fuit.

277 1374 537 1447 Sequitur
565 1379 621 1433 in
649 1379 877 1434 editione
908 1379 1210 1434 Coloniensi
1240 1391 1412 1433 tomus
1445 1395 1534 1432 seu
1563 1393 1689 1447 pars
1719 1375 1823 1429 ΙΙΙ
1860 1375 2090 1447 Operam
2123 1373 2181 1430 S.
2210 1373 2502 1447 Brunonis.
2537 1373 2805 1447 Continet,
2837 1369 3030 1444 praeter
3056 1389 3316 1447 sermones
3342 1389 3500 1441 quos-

197 1444 649 1518 (anu—opuscula
680 1450 756 1504 De
798 1450 1048 1504 laudibus
1082 1449 1355 1514 Ecclesite,
1393 1449 1469 1502 De
1505 1444 1698 1502 ornatu
1738 1444 2012 1512 Ecclesiae,
2056 1445 2134 1500 De
2164 1462 2293 1518 novo
2323 1445 2540 1510 mundo,
2583 1444 2667 1518 De
2690 1446 3068 1518 festivitatibus
3117 1445 3490 1515 festivitatum.

190 1513 346 1586 Qua
377 1513 557 1573 tamen
585 1537 688 1574 non
715 1531 838 1575 sunt
867 1520 1134 1575 Brunonis
1167 1513 1534 1585 Carthnsiani,
1565 1520 1654 1573 sed
1686 1518 1955 1573 Brunonis
1985 1517 2226 1571 Artemis
2252 1518 2506 1586 episcopi,
2535 1524 2586 1570 et
2618 1516 2732 1585 ejus
2766 1515 3025 1586 Operibus
3055 1513 3494 1586 annumerantur.

195 1588 218 1656 (
247 1585 384 1661 Vide
419 1590 566 1658 infra
597 1592 666 1644 ad
694 1608 892 1646 annum
923 1593 1115 1661 “25.)
1150 1591 1421 1661 Opuscula
1451 1590 1763 1661 supradicta
1797 1589 2070 1661 excipiunt
2196 1584 2468 1644 Bruttonis
2494 1584 2735 1658 epistOlaz
2761 1587 2920 1654 binm,
2948 1584 3134 1642 Sermo
3159 1585 3239 1642 De
3259 1593 3498 1639 contem-

195 1666 296 1725 ptu
326 1657 643 1716 divitiarum
671 1671 720 1716 et
749 1663 1011 1734 appendix
1037 1657 1114 1718 De
1151 1657 1353 1734 origine
1381 1657 1524 1724 sacri
1569 1657 1964 1718 Carthusiensis
2001 1657 2226 1713 ordinis.

1373 2121 1904 2253 EPISTOLE
1952 2171 2214 2250 ama:
2480 2177 2482 2179 ·

277 2329 463 2403 Quas
499 2331 759 2411 scripsrt
787 2348 866 2394 ex
901 2346 1120 2393 eremo
1149 2327 1462 2393 Calabrite
1489 2346 1640 2392 cum
1670 2346 1750 2390 ex
1773 2328 1939 2390 urbe
1967 2331 2168 2393 Roma
2197 2329 2276 2392 ad
2319 2348 2460 2393 eam
2492 2347 2563 2394 se
2595 2327 3060 2402 solitudinem,
3093 2327 3163 2386 in
3191 2343 3318 2405 qua
3354 2333 3418 2388 et

1287 2427 1472 2504 obiit,
1505 2424 1910 2508 postliminio
1943 2445 2014 2490 se
2043 2427 2422 2509 recepisset.

193 2814 280 2868 Ad
306 2814 656 2888 Radulphum
694 2817 950 2890 Ytrtdem,
975 2817 1230 2874 Ecclesia:
1249 2818 1520 2890 Bernensis
1549 2821 1915 2890 praepositum“,
1942 2820 2013 2874 ad
2034 2814 2391 2890 cantemptum
2422 2817 2636 2885 mundi,
2682 2819 2852 2890 vitam
2873 2808 3212 2874 -eremiticam
3259 2827 3494 2872 contenta

649 2889 1003 2960 plativamque
1031 2891 1288 2960 optimam
1315 2888 1506 2945 Maria:
1534 2888 1762 2960 partem,
1786 2891 2002 2962 insuper
2023 2891 2092 2945 ad
2118 2892 2224 2947 voti
2245 2888 2627 2959 impletionem,
2652 2889 3041 2944 exhortatoria.

926 2979 1084 3052 (Vide
1109 2983 1252 3038 inter
1275 2982 1410 3038 Acta
1449 2980 1506 3037 S.
1541 2982 1838 3050 Brunonis,
1860 2998 1917 3036 ιι.
1942 2981 2068 3049 683,
2097 2981 2263 3052 hujus
2292 2980 2427 3036 tomi
2455 2980 2560 3038 col.
2589 2979 2742 3051 420.)

1761 3101 1770 3108 ’
1811 3115 1877 3170 ιι.

1337 3229 1424 3284 Ad
1444 3229 1592 3300 ﬁlios
1615 3245 1738 3285 suos
1774 3226 2000 3298 Majoris
2027 3227 2347 3284 Carthusia'.
2443 3211 2453 3219 ’

1455 3319 1614 3393 (Vide
1636 3319 1730 3376 ubi
1751 3335 1919 3392 supra
1940 3319 2047 3376 col.
2079 3318 2234 3390 418.)

205 3467 1418 3496 Ἠ

1419 3461 3468 3489 Μαι-...ηανξ-

861 3617 1198 3700 ssuuo
1258 3619 1392 3695 ne
1447 3616 2092 3698 CONTEMPTU
2141 3614 2816 3696 DIVITIARUM.
2877 3583 2880 3586 ”

269 3777 521 3832 Facilius
558 3785 634 3830 est
673 3777 934 3831 camelum
978 3794 1071 3848 per
1114 3759 1352 3847 foramen
1381 3795 1507 3832 acus
1547 3777 1794 3843 transire,
1830 3779 1873 3834 Β
1899 3776 2164 3846 scriptum
2192 3782 2278 3830 est
2306 3792 2320 3830 :
2346 3773 2599 3829 Pecunia:
2625 3773 2874 3828 obediunt
2901 3772 3077 3827 omnia
3101 3769 3271 3840 (Eccl.
3298 3787 3352 3837 x,
3381 3772 3506 3842 19).,

198 3889 357 3944 quam
397 3871 619 3923 divitem
665 3870 868 3924 intrare
905 3871 959 3923 in
1001 3886 1216 3940 regnum
1263 3870 1510 3924 caelorum
1545 3871 1564 3942 (
1597 3868 1791 3926 Matth.

199 3981 314 4031 nx,
363 3962 481 4033 24).
524 3960 638 4016 Hoc
673 3971 855 4016 autem
903 3962 1245 4034 signiﬁcabat
1281 3962 1372 4017 illa
1414 3962 1698 4032 amphora,
1739 3961 1796 4015 in

197 4072 307 4126 qua
350 4055 608 4124 impietas
645 4054 830 4110 clausa
865 4063 1003 4121 erat,
1036 4056 1102 4110 de
1128 4071 1236 4125 qua
1265 4070 1334 4108 ne
1359 4053 1544 4125 egredi
1589 4060 1794 4124 posset,

197 4163 390 4203 massa
415 4146 667 4216 plumbea
685 4161 750 4202 os
785 4147 1065 4217 amphorae
1098 4147 1387 4202 claudebat
1421 4147 1439 4216 (
1456 4145 1619 4201 Zach.
1654 4162 1709 4211 v,
1737 4144 1794 4213 6,

203 4238 275 4310 7).
318 4239 443 4306 Qua
491 4239 544 4292 in
591 4255 650 4293 re
689 4239 850 4294 datur
894 4238 1118 4310 intelligi
1145 4254 1308 4310 quam
1352 4238 1566 4295 dillicile
1614 4239 1685 4294 sit
1729 4238 1798 4294 de

199 4339 394 4384 ventre
419 4329 658 4384 avaritiae
687 4328 966 4390 hominem
993 4345 1217 4384 avarum
1247 4330 1330 4385 vel
1359 4330 1572 4386 extrahi
1601 4331 1686 4385 vel
1712 4345 1798 4385 se-

201 4419 388 4489 parari
424 4434 604 4488 posse.
655 4417 853 4474 Narrat
893 4419 1042 4475 enim
1091 4419 1386 4477 Zacharias
1427 4422 1694 4492 propheta
1739 4437 1798 4476 se

205 4512 412 4568 vidisse
447 4511 768 4581 amphoram
802 4512 1190 4582 egredientem,
1229 4515 1296 4568 de
1329 4530 1438 4584 qua
1471 4531 1595 4570 cum
1625 4516 1796 4569 inter-

203 4612 422 4675 rogaret
452 4603 585 4672 quid
619 4613 784 4670 esset,
812 4604 1019 4659 dictum
1044 4614 1130 4660 est
1156 4605 1207 4660 ei
1234 4624 1247 4660 :
1278 4603 1407 4660 Ilwc
1436 4614 1512 4659 est
1541 4606 1798 4676 amphora

201 4693 498 4761 egrediens,
529 4701 580 4746 et
608 4692 692 4748 hic
719 4703 796 4748 est
822 4694 1008 4748 oculus
1034 4711 1214 4748 eorum
1259 4695 1314 4748 in
1345 4696 1588 4749 universa
1620 4704 1798 4760 terra;

202 4791 251 4838 et
285 4799 406 4836 ecce
449 4783 706 4838 talentum
733 4785 936 4855 plumbi
974 4787 1291 4856 portabatur
1316 4803 1336 4841 :
1369 4795 1420 4841 et
1451 4803 1567 4840 ecce
1611 4785 1800 4840 mulier

203 4887 310 4925 una
333 4873 616 4944 scdensin
649 4876 822 4932 medio
851 4877 1120 4948 amphora:
1149 4878 1168 4950 (
1186 4878 1364 4949 ibid.).
1410 4877 1485 4932 De
1523 4894 1632 4948 qua
1671 4894 1797 4933 cum

203 4961 572 5034 interrogaret
597 4981 721 5034 quae
739 4975 905 5034 esset,
933 4966 1138 5022 dictum
1162 4977 1247 5023 est
1275 4967 1325 5022 ei
1348 4967 1494 5037 quod
1521 4975 1668 5022 esset
1695 4967 1799 5020 im-

203 5052 398 5123 pietas.
431 5053 508 5111 Os
542 5065 724 5112 autem
751 5059 1032 5128 amphora:
1053 5075 1234 5114 massa
1266 5060 1520 5129 plumbea
1547 5059 1796 5114 clausum

1896 3864 1957 3920 in
2001 3865 2106 3920 hac
2149 3875 2329 3919 autem
2375 3863 2526 3918 sedet
2569 3862 2844 3932 impietas,
2889 3861 3151 3931 quoniam
3198 3861 3394 3916 divites
3441 3870 3497 3917 et

1896 3957 2067 4023 avari,
2110 3955 2239 4028 quia
2270 3954 2702 4010 misericordiam
2733 3963 2786 4009 et
2814 3953 3070 4024 pietatem
3115 3967 3224 4008 non
3270 3953 3494 4020 habent,

1896 4065 2005 4119 non
2035 4048 2212 4104 solum
2240 4047 2413 4117 impii,
2447 4062 2635 4102 verum
2660 4046 2826 4103 etiam
2855 4045 3107 4116 impietas
3129 4054 3275 4100 recte
3292 4061 3496 4101 vocan-

1896 4150 2005 4197 tur.
2045 4139 2153 4195 Sed
2193 4140 2325 4211 quid
2364 4139 2561 4195 melius
2589 4153 2690 4210 per
2715 4139 2856 4194 duas
2903 4138 3028 4194 illas
3071 4138 3334 4194 mulieres
3368 4153 3492 4208 quae

1896 4233 2217 4304 amphoram
2253 4231 2457 4300 ferunt,
2495 4246 2662 4304 quam
2698 4230 3010 4288 sollicitudo
3043 4237 3097 4285 ct
3129 4230 3376 4301 deceptio
3403 4229 3492 4285 in-

1899 4325 2063 4395 telligi
2091 4325 2304 4396 potest?
2350 4322 2579 4396 Semper
2624 4324 2771 4380 enim
2806 4322 2956 4378 avari
2990 4321 3208 4378 solliciti
3260 4329 3394 4377 sunt
3438 4321 3499 4377 in

1896 4415 2249 4486 acquirendo,
2292 4424 2347 4471 et
2395 4416 2714 4486 deeeptores
2759 4415 2940 4471 alieno
2987 4414 3164 4468 aliena
3209 4412 3491 4484 rapiendo.

1897 4505 2052 4563 Unde
2079 4517 2134 4563 et
2179 4509 2295 4564 alas
2336 4509 2485 4563 milvi
2533 4509 2618 4564 hae
2665 4508 2922 4563 mulieres
2963 4507 3173 4560 habere
3209 4503 3490 4572 dicuntur,

1897 4599 2157 4668 quoniam
2199 4600 2400 4656 milvus
2441 4601 2582 4655 inter
2623 4601 2760 4656 alias
2791 4615 2919 4654 aves
2950 4597 3341 4667 rapacissimus
3367 4604 3491 4651 est:

1896 4690 1991 4760 qui
2022 4678 2236 4760 semper
2264 4691 2480 4762 pusillis
2523 4699 2579 4745 et
2612 4688 2917 4744 mansuetis
2948 4688 3148 4751 avibus
3180 4686 3493 4742 insidiatur.

1895 4779 2103 4834 Ferunt
2133 4791 2316 4837 autem
2347 4783 2432 4836 hae
2465 4781 2746 4846 mulieres,
2783 4780 2834 4833 id
2859 4788 2945 4833 est
2967 4778 3218 4848 deceptio
3241 4785 3294 4832 et
3323 4791 3493 4846 prava

1897 4872 2230 4941 sollicitudo,
2265 4874 2588 4944 amphoram
2620 4872 2675 4927 in
2701 4882 2901 4928 terram
2933 4869 3200 4935 Seunaar,
3249 4868 3362 4925 sive
3386 4867 3500 4923 Ba-.

1894 4963 2130 5036 bylonis,
2167 4966 2296 5037 quia
2331 4966 2417 5022 his
2462 4966 2681 5022 duobus
2728 4964 2874 5020 vitiis
2915 4963 3113 5018 divites
3155 4970 3210 5017 et
3250 4961 3400 5016 avari
3435 4959 3497 5019 in

1896 5057 2258 5127 perditionem
2289 5059 2596 5128 rapiuntur.
2631 5057 2708 5113 De
2742 5058 2843 5112 hac
2866 5056 3012 5110 enim
3049 5053 3322 5125 Babylone
3352 5051 3495 5108 seri.

205 5155 342 5200 erat.
367 5146 440 5200 Et
467 5164 582 5201 ecce
606 5148 727 5203 duce
751 5149 997 5205 mulieres
1022 5152 1360 5222 egredientes,
1385 5167 1508 5222 quae
1529 5152 1801 5207 habebant
1827 5145 1872 5208 C
1902 5155 2055 5218 ptum
2085 5159 2170 5205 est
2197 5167 2212 5204 :
2244 5149 2472 5216 Cecidit,
2497 5148 2687 5203 cecidit
2722 5146 2962 5219 Babylon
2994 5145 3102 5200 illa
3127 5145 3375 5200 meretrix
3402 5160 3422 5199 :
3445 5153 3498 5198 et

204 5239 320 5294 alas
347 5241 510 5310 quasi
547 5242 716 5308 milvi,
753 5241 1057 5299 levaverunt
1093 5245 1401 5316 amphoram
1435 5247 1573 5300 inter
1600 5253 1797 5300 terram

203 5338 254 5381 et
277 5331 470 5384 ctzlnm
492 5341 548 5390 ut
571 5332 867 5403 (ediﬁcetur
889 5335 939 5388 ei
963 5334 1151 5390 domus
1193 5337 1252 5395 in
1292 5343 1435 5391 terra
1461 5334 1722 5403 Sennaar,
1749 5343 1804 5392 et

203 5419 557 5488 stabiliatur,
600 5430 652 5476 et
694 5433 926 5492 ponatur
969 5424 1046 5479 ibi
1075 5441 1232 5495 super
1274 5425 1445 5480 basim
1483 5442 1656 5502 suam,
1690 5435 1794 5483 etc.

206 5508 348 5575 Quid
379 5511 527 5567 enim
553 5528 651 5584 per
679 5516 1002 5586 amphoram
1033 5517 1140 5575 nisi
1169 5505 1804 5592 avaritigsigniﬁcatur?

209 5599 312 5656 Hic
341 5603 527 5660 oculus
549 5623 752 5664 eorum.
791 5607 1036 5676 Quorum
1062 5612 1290 5668 eorum?
1318 5611 1523 5668 Eorum
1549 5613 1800 5671 videlicet

207 5694 299 5763 qui
327 5711 452 5752 eam
479 5697 711 5770 diligunt
740 5701 796 5756 in
826 5703 1080 5759 universa
1113 5717 1277 5760 terra.
1325 5705 1528 5764 Omnes
1551 5707 1696 5762 enim
1728 5708 1794 5762 ad

208 5797 326 5854 Fam
357 5800 624 5877 spectant,
651 5785 843 5851 omnes
864 5793 930 5852 ad
958 5811 1078 5867 eam
1105 5797 1351 5872 tendunt,
1373 5800 1634 5871 quoniam
1658 5800 1798 5864 sicut

1865 5257 1874 5266 ’
1901 5238 2051 5309 facta
2074 5248 2152 5294 est
2182 5239 2441 5292 habitatio
2471 5239 2854 5294 dwmoniorum
2899 5238 3085 5310 (Apoc.
3130 5253 3242 5304 inv,
3269 5235 3348 5306 8).
3390 5233 3496 5289 Mi~

1901 5329 2010 5384 seri
2056 5329 2225 5400 igitur
2265 5338 2320 5384 et
2364 5344 2461 5399 per
2503 5329 2690 5384 omnia
2741 5327 3016 5403 infelices,
3058 5326 3154 5398 qui
3202 5326 3342 5382 inter
3385 5325 3496 5382 dae—

1901 5421 2085 5476 monia
2116 5422 2413 5477 habitaturi
2453 5421 2556 5477 sibi
2587 5422 2642 5476 in
2679 5430 2824 5477 terra
2867 5419 3115 5475 Senuaar
3151 5419 3375 5473 domum
3411 5417 3495 5470 iu-

1901 5523 2186 5570 veuerunt.
2234 5515 2282 5568 A
2328 5530 2436 5586 qua
2496 5530 2595 5569 nos
2649 5523 2805 5569 eruat
2853 5511 3180 5567 mitissimus
3229 5505 3503 5564 Dominus.

1902 5595 2088 5661 noster
2141 5605 2342 5673 Jesus,
2397 5605 2490 5676 qui
2545 5621 2672 5661 cum
2727 5601 2886 5657 Patre
2932 5610 2988 5655 et
3043 5596 3250 5668 Spiritu
3303 5603 3498 5655 sancto

1902 5699 2036 5755 vivit
2069 5709 2124 5756 et
2164 5700 2354 5773 regnat
2394 5699 2535 5755 Deus
2581 5715 2676 5768 per
2722 5705 2921 5751 :eterua
2965 5689 3182 5746 sarcula.
3225 5688 3418 5749 Amen.
