3992 6400
257 303 366 363 593

1714 304 2097 363 EPISTOLJE.

3432 313 3543 371 δέω

246 414 399 493 verit
425 423 480 493 et
505 415 563 469 in
589 429 761 493 unum
787 417 1532 493 comportaverit._Cu_igonis
1571 420 1770 493 hac_de
1794 436 1855 476 re
1884 430 1939 487 Α,
1958 422 2236 492 prioratns
2263 423 2352 479 sui
2373 438 2543 489 xxvu,
2568 425 2652 479 vel
2680 425 2914 493 circiter,
2953 442 3061 482 non
3095 427 3214 484 sine
3235 430 3540 486 sanctitatis

249 484 548 566 epistolam
589 485 760 566 habes
792 486 880 566 hic
898 484 967 566 es
1004 495 1155 543 tomo
1185 486 1205 541 l
1228 484 1638 566 Analéctprum.
1661 488 1847 566 _Porm

252 555 773 634 quinquagesimum
803 557 983 613 aetatis
1007 574 1174 634 agens
1200 574 1429 634 annum,
1454 559 1637 634 inquit
1658 559 1845 628 Sutor,

252 568 987 700 ﬁfTi/‘Eﬁ‘ﬁ'i’ﬁlf‘é‘iﬁ
1007 574 1088 697 “if

1549 769 1740 776 -νς

1120 630 1500 686 conversionis
1538 630 1680 685 vero
1714 646 1847 696 xxx,

1741 770 2346 778 mm

1958 493 2216 617 opinione
2242 494 2496 577 spiritum
2521 495 2752 550 Domino
2772 497 3003 553 reddidit
3026 514 3116 552 an.
3132 497 3348 554 Domini
3378 500 3540 569 “32',

1958 578 1985 616 a
2045 564 2391 617 inchoatione
2419 579 2548 617 vero
2571 565 2779 617 ordinis
2802 583 2916 617 Ltll.
2944 565 3019 617 [ta
3049 568 3152 617 ille-

1956 564 2024 617 ab
2045 564 2391 620 inchoatione
2419 579 2548 620 vero
2571 565 2779 621 ordinis
2802 583 2916 621 Ltll.
2944 565 3020 623 lta
3049 568 3152 623 ille.

1399 911 2287 1032 GUIGONIS
2344 915 2416 1025 ι

821 1139 1105 1201 CARTHU
1116 1138 1251 1197 SUE
1290 1133 1584 1194 MAJORIS
1624 1132 1802 1190 POST

1948 1127 2329 1186 cannons.“
2365 1128 2642 1188 PRIORIS
2680 1090 2921 1201 antur:

1475 1306 2254 1426 EPISTOL/E.

240 1604 330 1703 λδ
351 1646 721 1702 Dur-bamus
751 1640 831 1768 gs)
860 1640 1073 1712 fratres.
1098 1667 1170 1679 --
1193 1635 1269 1691 De
1313 1629 1667 1705 supposititiis
1703 1626 1842 1682 beati

807 1710 1065 1768 ieronumi
1084 1706 1342 1768 epistolis.

257 1768 261 1779 ε
751 1706 1065 1782 Hieronymi
1084 1706 1342 1780 epistolis.

255 1866 262 1871 .
462 1808 717 1881 (Mum...
738 1804 982 1860 Analect.
1018 1816 1146 1857 nov.
1180 1799 1334 1865 edit.,
1358 1813 1412 1868 p.
1441 1793 1592 1866 464.)

260 1956 267 1962 ,
314 1880 531 1956 Amieis
551 1909 611 1956 et
642 1895 907 1953 fratribus
958 1894 1016 1949 in
1048 1891 1272 1948 Christo
1309 1884 1701 1945 dilectissimis.
1735 1880 1843 1941 Lt-

237 2008 383 2050 uno
415 1988 764 2047 Durbonensi
818 1986 1013 2059 priori,
1047 1993 1102 2040 et
1126 1981 1337 2040 caneris
1357 1979 1415 2035 in
1436 1977 1626 2033 eadem
1653 1980 1841 2030 eremo

240 2084 357 2141 Deo
387 2077 1138 2149 famulantibus,-Carthusite
1164 2074 1317 2148 prior
1364 2078 1588 2129 vocatus
1644 2066 1840 2134 GUIGO,

233 2186 511 2233 aeternam
540 2189 573 2230 a
597 2168 831 2227 Domino
853 2169 1107 2225 salutem.

260 2319 267 2323 .
312 2268 463 2324 Inter
489 2274 685 2322 caetera
700 2261 1098 2320 catholicorum
1123 2257 1525 2326 virorum,qua:
1551 2251 1621 2307 ad
1647 2248 1838 2306 erudi-

233 2362 451 2419 tionem
466 2357 706 2414 fidelium
721 2355 1340 2419 elaboraveruntopera,
1373 2360 1495 2416 quae
1504 2350 1689 2398 nostra
1711 2355 1843 2411 quo-

235 2468 351 2527 qua
377 2466 465 2523 pax
477 2450 621 2506 vitas
638 2458 970 2519 congregare
990 2440 1197 2499 studuit
1220 2439 1303 2495 vel
1319 2435 1637 2502 emendare;
1672 2432 1838 2489 etiam

233 2544 508 2616 epistolas
542 2540 685 2598 beati
713 2536 1050 2610 Hieronymi,
1080 2538 1352 2604 quotquot
1379 2527 1682 2600 potuimus,
1736 2540 1840 2578 un-

232 2639 533 2708 decunque
554 2631 838 2705 quassitas,
865 2638 921 2686 et
944 2644 1045 2701 pro
1070 2639 1335 2683 concessa
1373 2638 1406 2678 a
1444 2619 1555 2675 Deo
1581 2617 1839 2674 facultate

236 2727 550 2803 mendaciis
570 2730 921 2796 expurgatus,
946 2720 1002 2776 in
1026 2734 1199 2776 unum
1237 2714 1444 2789 grande
1473 2713 1728 2768 volumen
1753 2725 1839 2766 re-

236 2823 517 2896 degimus.
542 2818 894 2875 Abscidimus
916 2823 1096 2869 autem
1130 2810 1201 2866 ab
1249 2808 1332 2865 eis
1377 2804 1667 2878 quasdam,
1698 2818 1838 2874 quas

234 2885 424 2981 sele:
450 2913 688 2968 aliorum
715 2909 1000 2966 doctorum
1025 2902 1265 2974 scriptis,
1303 2899 1388 2956 vel
1414 2914 1482 2957 ex
1527 2895 1656 2968 styli
1710 2909 1836 2950 sen-
1863 2885 1911 2948 C

233 3009 653 3078 tentiarumque
680 3003 960 3070 distantia,
998 3000 1157 3056 titulo
1184 2997 1319 3055 tanti
1349 2994 1451 3051 viri
1471 2991 1841 3063 comperimus

237 3101 499 3172 indignas
538 3113 644 3154 :ex
701 3095 901 3168 quibus
958 3093 1049 3148 illa
1079 3099 1163 3148 est
1188 3088 1348 3161 cujus
1391 3096 1477 3144 est
1518 3083 1710 3140 titulus
1771 3080 1839 3134 ad

235 3191 672 3258 Demetriadem,
694 3189 800 3244 hoc
830 3187 1040 3243 habens
1076 3184 1295 3240 initium
1328 3200 1342 3236 :
1369 3178 1431 3236 Si
1452 3193 1658 3234 summa
1693 3176 1840 3245 inge-

236 3285 333 3338 nio
361 3282 587 3353 parique
608 3280 773 3351 fretus
798 3277 1043 3333 scientia.
1091 3274 1245 3330 Hanc
1275 3272 1476 3344 quippe
1511 3270 1709 3324 beatus
1728 3267 1841 3320 Au-

234 3374 499 3447 gustinus
528 3373 586 3428 in
611 3387 773 3444 opere
810 3379 1000 3428 contra
1028 3366 1305 3439 Pelagium
1334 3363 1409 3419 De
1433 3361 1604 3433 gratia
1635 3359 1841 3415 Christi

235 3466 387 3522 etde
416 3473 643 3537 peccato
669 3461 944 3534 originali,
971 3459 1221 3531 ejusdem
1272 3454 1474 3526 Pelagii
1519 3467 1641 3510 esse
1685 3451 1837 3515 dicit,

233 3559 496 3631 quaedam
528 3558 704 3629 ipsius
732 3554 938 3611 frustra
977 3551 1235 3611 tractatui
1277 3563 1380 3606 suo
1407 3544 1729 3602 interferens
1764 3552 1843 3599 at-

234 3669 350 3725 que
380 3651 736 3723 redarguens.
762 3647 902 3704 Huic
924 3647 1201 3703 adduntur
1226 3652 1283 3699 et
1310 3643 1448 3707 istm,
1481 3640 1548 3696 ai
1577 3637 1836 3693 Titatium

234 3747 307 3809 de
334 3753 515 3800 morte
542 3743 689 3811 filiae,
717 3741 876 3813 cujus
903 3738 1122 3794 initium
1145 3735 1254 3793 tale
1279 3742 1366 3792 est
1388 3753 1401 3789 :
1424 3731 1716 3789 Charitatis
1734 3737 1840 3784 tua:

230 3836 447 3906 scripta
475 3833 703 3904 percepi.
736 3831 819 3888 Ad
847 3828 1128 3887 Oceanum
1157 3823 1546 3889 consolatoria,
1590 3822 1697 3878 tale
1734 3821 1838 3877 ha-

234 3925 383 3983 bens
427 3924 688 3980 initium:
741 3923 1084 3978 Diversarum
1128 3917 1432 3990 opprobria,
1469 3914 1838 3969 tribulationes

238 4016 592 4087 multiplices.
623 4016 708 4072 Ad
736 4014 979 4081 viduam,
1021 4027 1146 4085 qua:
1183 4010 1265 4067 sic
1306 4008 1537 4078 incipit:
1584 4005 1839 4078 Magnam

237 4106 541 4169 Ιταιηὶιὶεωὶ
570 4114 768 4160 nostra:
794 4104 1053 4173 fiduciam
1095 4099 1381 4156 scribendi.
1427 4096 1511 4152 Ad
1550 4097 1836 4168 virginem,

235 4196 360 4260 sive
390 4196 458 4251 ad
488 4195 656 4251 filiam
695 4192 946 4249 Mauricii
983 4190 1296 4262 (dupliciter
1318 4188 1519 4260 quippe
1563 4182 1835 4238 intitulata

236 4287 538 4365 reperitur)
583 4287 872 4343 exordium
913 4282 1061 4340 istud
1106 4281 1418 4365 accipiens:
1468 4277 1738 4344 Quantam
1779 4274 1836 4327 in

237 4358 542 4432 ciuitatibus
572 4375 970 4430 beatitudinem.
998 4369 1133 4428 Item
1166 4370 1234 4427 de
1261 4358 1420 4441 lapsu
1451 4365 1697 4438 virginis,
1723 4365 1839 4422 sive

234 4452 309 4535 de
332 4468 679 4540 pmnitentia,
695 4467 764 4523 ad
792 4466 1103 4523 Susannam
1137 4482 1153 4520 :
1195 4471 1428 4535 uterque
1474 4462 1620 4518 enim
1644 4460 1839 4516 titulus

238 4561 297 4641 in
318 4560 555 4617 diversis
569 4559 854 4617 codicibus
880 4557 1177 4617 invenitur.
1200 4554 1335 4624 Quae
1364 4562 1478 4610 tam
1498 4553 1730 4609 diversis
1771 4552 1840 4607 ti-

236 4639 453 4727 tulatur
473 4651 818 4719 auctoribus,
861 4658 922 4706 ut
961 4639 1154 4705 eorum
1186 4642 1390 4703 nullius
1420 4646 1490 4701 sit
1533 4645 1838 4700 decoranda

237 4743 537 4812 vocabulo,
561 4742 722 4813 cujus
745 4742 852 4798 hoc
875 4742 1025 4798 estin
1055 4737 1386 4810 quibusdam
1409 4734 1562 4791 libris
1591 4736 1803 4789 initium
1823 4752 1836 4788 ;

240 4836 389 4892 Puto
408 4835 517 4890 lere
536 4851 648 4890 esse
673 4834 897 4890 crimen.
919 4831 982 4887 ln
1001 4831 1126 4888 aliis
1147 4829 1294 4885 istud
1321 4846 1334 4883 :
1378 4826 1519 4893 Quid
1542 4826 1678 4897 agis,
1723 4827 1840 4878 ani-

241 4929 375 4992 ma?
394 4929 523 4999 quid
567 4926 980 4999 cogitationibus
1018 4931 1217 4979 metuas
1235 4921 1261 4975 2’
1290 4919 1373 4974 Ad
1398 4917 1737 4974 Desiderium
1773 4916 1842 4971 de

240 5038 324 5077 xu
350 5020 648 5076 lectoribus
672 5035 706 5075 a
742 5018 929 5074 nescio
957 5031 1069 5088 quo
1091 5015 1150 5071 in
1190 5012 1507 5068 irrisionem
1555 5010 1841 5066 doctorum

239 5113 573 5185 composita.
596 5112 680 5168 Ad
703 5110 1009 5169 Celantiam
1035 5107 1395 5179 sicincipiens
1426 5125 1435 5137 ’
1480 5104 1679 5160 Veteris
1703 5104 1843 5157 scri-

238 5215 418 5277 ptura:
439 5203 703 5259 celebrata
727 5204 987 5258 sententia
1019 5210 1119 5257 est.
1145 5199 1271 5256 Haec
1312 5200 1455 5273 stylo
1477 5197 1698 5268 quidem
1746 5210 1844 5250 no-

241 5296 445 5367 biliore
464 5303 549 5351 est
566 5295 795 5367 scripta,
823 5295 920 5351 sed
968 5309 1070 5350 nec
1091 5293 1173 5349 sic
1201 5293 1361 5349 beato
1401 5289 1735 5360 Hieronymo
1756 5286 1842 5342 di-

242 5403 375 5460 gna.
428 5384 715 5442 Postrema
763 5393 850 5442 est
878 5386 946 5442 de
994 5385 1205 5457 origine
1257 5383 1457 5439 animm
1497 5379 1798 5451 disputatio
1826 5420 1841 5444 ,

240 5478 409 5551 quasi
440 5477 584 5533 inter
605 5478 796 5534 beatos
822 5475 1214 5549 Hieronymum
1239 5485 1295 5531 et
1328 5473 1718 5546 Augustinum,
1748 5469 1841 5523 ubi

241 5570 377 5637 licet
406 5568 581 5625 multa
599 5583 669 5625 ex
688 5583 880 5629 eorum
902 5567 1124 5640 scriptis
1144 5574 1443 5638 ponantur,
1465 5562 1604 5620 falsa
1656 5570 1838 5616 tamen
1886 5594 1891 5599 -

1875 1534 1919 1591 Β
1944 1540 2031 1588 est
2072 1551 2083 1585 :
2125 1540 2240 1587 tum
2264 1532 2394 1604 quia
2423 1532 2637 1604 praefati
2681 1534 2934 1593 doctores
2984 1551 3264 1607 nunquam
3292 1537 3434 1594 inter
3474 1555 3539 1595 se

1943 1622 2359 1692 praesentialiter
2386 1631 2516 1680 sunt
2544 1624 2733 1693 locuti,
2764 1634 2882 1681 tum
2910 1626 3040 1696 quia
3063 1626 3255 1683 eadem
3301 1630 3541 1698 quaestio

1941 1727 2044 1767 nec
2072 1712 2217 1782 apud
2242 1728 2359 1779 eos,
2394 1729 2496 1772 nec
2546 1716 2691 1786 apud
2731 1726 2960 1774 caeteros
2985 1717 3110 1775 ﬁdei
3138 1719 3421 1777 catholica:
3450 1736 3535 1776 se-

1941 1811 2180 1860 ctatores
2202 1805 2387 1861 adhuc
2417 1821 2593 1878 usque
2613 1809 2791 1879 potuit
2815 1809 3039 1882 liquido.
3079 1809 3315 1866 definiri.
3359 1811 3532 1882 Hujus

1941 1894 2334 1967 disputationis
2371 1898 2477 1954 tale
2505 1900 2778 1970 reperitur
2806 1901 3140 1971 principium
3166 1919 3180 1956 :
3212 1900 3350 1957 Cum
3390 1902 3534 1972 apud

1940 2001 2027 2039 vos
2065 1985 2289 2040 caelestis
2340 1985 2640 2057 eloquentia
2679 1990 2956 2059 purissimi
3014 1989 3196 2059 fontis.
3232 1988 3312 2045 Ne
3350 1998 3543 2045 autem

1940 2077 2187 2148 praedicti
2240 2078 2482 2136 doctoris
2529 2080 2774 2151 epistola:
2821 2081 2941 2137 sine
2998 2080 3309 2137 rationabili
3365 2096 3535 2135 causa

1940 2170 2086 2240 apud
2132 2169 2416 2245 imperitos
2463 2187 2567 2228 suo
2606 2171 2896 2228 videantur
2943 2188 3175 2229 numero
3229 2173 3543 2239 diminutte,

1941 2262 2044 2317 has
2066 2270 2269 2319 nostrae
2290 2263 2578 2335 parvitatis
2604 2263 2815 2321 litteras
2846 2266 2901 2320 in
2944 2265 3215 2335 principio
3242 2265 3526 2321 collocate.

1907 2349 2148 2408 ,Valete.
2175 2351 2340 2409 Orate
2366 2369 2468 2425 pro
2497 2355 2678 2411 nobis.

2703 2444 2764 2500 ll.

2001 2534 2084 2590 Ad
2112 2533 2333 2591 Petrum
2375 2535 2755 2601 Venerabilem,
2789 2535 3192 2592 Cluniacensem
3214 2538 3474 2593 abbatem.

2219 2606 2573 2676 (Bibliotheca
2601 2606 2989 2676 Cluniacensis,
3025 2624 3079 2678 p.
3110 2607 3262 2680 635.)

2014 2718 2247 2775 Domino
2273 2730 2329 2775 et
2351 2719 2500 2775 Patri
2523 2720 2577 2774 in
2618 2719 2842 2775 Christo
2884 2719 3331 2776 reverentissimo
3351 2720 3539 2775 abbati

1940 2811 2289 2867 Cluniacensi
2316 2809 2525 2880 Perno,
2549 2810 2885 2882 dignationis
2921 2811 3043 2882 ejus
3075 2826 3270 2867 servus
3290 2821 3345 2867 et
3367 2812 3535 2876 filius,

1940 2902 2419 2959 Carthusiensium
2456 2918 2758 2974 pauperum
2802 2902 3013 2960 inutilis
3053 2901 3227 2959 Gurco
3268 2901 3530 2968 famulus,

1942 3003 2205 3064 perpetua
2237 3009 2370 3065 pace
2397 2993 2633 3065 gaudere
2654 3008 2752 3064 per
2769 2992 3077 3051 Christum.

2009 3088 2367 3157 Crucilixum,
2394 3089 2691 3145 crucifixus
2717 3098 2773 3145 et
2800 3089 2949 3159 ipse,
2995 3086 3381 3158 crucifigendis
3428 3089 3525 3143 mi-

1941 3181 2112 3238 sistis.
2140 3180 2358 3236 Gratias
2398 3181 2584 3250 itaque
2624 3180 2926 3247 reddimus,
2984 3195 3083 3250 pro
3103 3178 3368 3251 qualitate
3411 3195 3526 3235 mu-

1938 3273 2116 3340 neris,
2148 3273 2404 3329 charitati
2432 3273 2822 3329 muneratoris.
2852 3271 3243 3330 Verumtamen
3269 3281 3451 3329 vestra
3474 3273 3532 3328 in
3619 3308 3627 3314 -

1939 3364 2136 3422 litteris
2165 3381 2305 3437 quas
2322 3364 2554 3421 misistis
2577 3380 2836 3436 expressa
2861 3364 3104 3422 Charitas
3120 3407 3135 3432 ,
3182 3372 3386 3420 nostra:
3428 3366 3532 3421 etsi

1940 3473 2196 3528 magnam
2218 3464 2442 3527 praestat
2467 3455 2903 3513 consolationem
2934 3455 3259 3533 infirmitagi,
3288 3469 3397 3511 non
3421 3456 3530 3511 mi-

1940 3564 2135 3605 norem
2167 3556 2349 3603 tamen
2378 3546 2660 3602 humilitas
2686 3544 3071 3603 confusionem
3124 3545 3324 3617 ingerit
3360 3554 3535 3601 extre-

1940 3642 2137 3699 mitati.
2168 3640 2323 3697 Unde
2350 3640 2589 3711 petimus
2610 3654 2707 3710 per
2732 3654 2878 3706 eam,
2906 3653 3017 3709 qua
3048 3636 3103 3692 in
3129 3652 3233 3693 nos
3277 3636 3532 3708 indignos

1939 3743 2123 3792 vestra
2141 3733 2353 3791 fervent
2377 3732 2614 3799 viscera,
2649 3731 3021 3796 dilectionem,
3049 3737 3110 3783 ut
3158 3727 3379 3799 quando
3426 3742 3531 3781 no—

1941 3837 2069 3885 stra:
2087 3826 2371 3901 exiguitati
2420 3834 2601 3897 vestra
2657 3824 2899 3880 scribere
2938 3822 3195 3893 dignatur
3242 3818 3531 3883 serenitas,

1940 3919 2017 3975 ita
2039 3920 2106 3976 de
2139 3918 2362 3991 propria
2398 3917 2650 3990 cogitetis
2676 3916 3039 3973 aedificatione
3064 3922 3126 3969 ut
3157 3912 3531 3969 infirmitatem

1940 4021 2188 4075 nostram
2217 4011 2529 4083 periculosa
2578 4024 2692 4065 non
2741 4008 2942 4064 infletis
2972 4005 3226 4062 elatione.
3279 4002 3348 4058 Et
3398 4001 3531 4058 illud

1940 4120 2056 4176 prae
2083 4103 2342 4160 omnibus
2361 4111 2418 4158 et
2445 4118 2611 4173 super
2649 4100 2836 4156 omnia
2877 4109 3219 4170 quaesumus,
3255 4104 3313 4150 et
3338 4094 3532 4151 defixis

1941 4198 1996 4253 in
2031 4206 2233 4254 terram
2251 4196 2483 4270 genibus
2503 4195 2883 4261 obsecramus,
2896 4208 2967 4249 ne
2987 4191 3252 4248 vilitatem
3284 4197 3532 4245 nostram

1938 4291 2121 4347 Patris
2164 4289 2388 4345 nomine
2431 4288 2652 4359 dignam
2709 4283 2938 4342 ulterius
2976 4282 3281 4340 aestimetis.
3317 4279 3537 4336 Satiset

1938 4397 2104 4453 super
2130 4380 2266 4436 satis
2288 4388 2392 4446 est,
2415 4378 2463 4434 si
2505 4377 2693 4442 frater,
2724 4376 2773 4433 si
2813 4375 3047 4444 amicus,
3087 4372 3134 4429 si
3157 4372 3303 4428 filius
3334 4370 3527 4441 appel~

1937 4475 2100 4541 letur,
2129 4472 2224 4543 qui
2254 4487 2356 4528 nec
2380 4469 2524 4526 servi
2551 4468 2772 4525 nomine
2806 4467 3006 4537 dignus
3033 4465 3288 4519 habetur.
3318 4459 3528 4516 Valete.

1940 4561 2185 4616 Salutate
2208 4559 2538 4615 reverendos
2565 4555 2757 4613 Patres
2785 4566 2840 4612 et
2866 4555 3120 4612 dominos
3143 4564 3384 4618 nostros,
3409 4549 3533 4620 q-ni-

1938 4652 2042 4707 bus
2064 4658 2351 4720 paternam
2382 4663 2572 4704 curam
2602 4645 2941 4717 impenditis,
2980 4658 3220 4716 quorum
3249 4641 3454 4712 pariter
3477 4647 3534 4694 et

1940 4743 2142 4799 vestris
2163 4741 2417 4812 precibus
2442 4749 2694 4795 nostram
2747 4737 3048 4793 illuminari
3096 4735 3417 4800 cascitatem,
3445 4748 3533 4787 ro-

1940 4831 2122 4886 boz'ari
2159 4830 2527 4885 infirmitatem
2550 4838 2604 4885 et
2640 4827 2849 4884 aboleri
2892 4827 3129 4898 petimus
3160 4823 3530 4895 iniquitatem.

1942 4922 2138 4977 Domni
2171 4922 2389 4977 Arhcrti
2420 4921 2647 4992 majoris
2692 4919 2893 4991 prioris
2941 4917 3374 4984 infirmitatibus,
3413 4924 3537 4970 tan-

1940 5031 2107 5087 quam
2139 5015 2352 5085 antiqui
2411 5030 2479 5069 ac
2505 5012 2796 5069 familiaris
2847 5010 3032 5087 amici,
3096 5016 3288 5064 nostro
3344 5005 3535 5062 dolere

1942 5081 2326 5174 compatimur.
2353 5101 2625 5157 Domnum
2661 5114 2881 5173 quoque
2913 5081 3158 5166 Potitum,
3191 5095 3392 5153 vestris
3435 5096 3530 5150 lit--

1945 5192 2081 5249 teris
2104 5193 2415 5264 specialiter
2438 5191 2695 5259 inditum,
2723 5188 3032 5261 specialiter
3074 5196 3129 5242 et
3174 5186 3279 5258 ipsi
3329 5186 3535 5242 saluta-

1945 5301 2091 5342 mus.
2120 5284 2229 5342 Pro
2254 5282 2569 5341 visitatione
2607 5283 2793 5340 etiam.
2824 5296 2991 5353 quam
3025 5280 3188 5336 nobis
3240 5278 3324 5333 vir
3376 5290 3534 5347 egre-

1947 5380 2069 5451 gius
2094 5379 2245 5451 prior
2270 5377 2630 5433 claustrensis
2673 5383 2728 5430 et
2772 5373 3009 5430 domnus
3035 5371 3193 5443 Hugo
3219 5366 3536 5426 de'Creceio

1947 5487 2121 5542 nuper
2142 5469 2464 5536 exhibuere,
2500 5467 2815 5540 paternitati
2851 5475 3044 5522 vestra:
3063 5462 3269 5535 gratias
3296 5458 3529 5530 agimus.

1950 5563 2289 5619 Incolumem
2334 5577 2434 5619 vos
2479 5560 2703 5618 assiduo
2731 5559 2997 5614 virtutum
3039 5551 3308 5624 profectu,
3343 5549 3412 5606 ad
3433 5562 3538 5605 no-

320 5767 403 5840 (5)
434 5764 729 5826 Carthusia
751 5766 1128 5825 Durbonensis
1150 5766 1207 5822 in
1230 5764 1541 5835 Provincia,
1579 5760 1837 5821 diwcesis
1878 5757 2247 5829 Vapinccnsis.
