3992 6424
466 314 575 374 595

1298 318 1613 378 CUIGONIS
1650 322 1670 374 l
1704 316 2129 378 CARTHUSIIE
2166 286 2461 381 MAJOlllS
2498 325 2784 383 l’R‘lORlS
2823 328 2863 383 V

3616 298 3741 394 ως.

466 440 643 487 stram
669 440 723 487 et
754 433 922 489 totius
957 429 1217 490 Ecclesia:
1239 435 1521 508 gaudium,
1546 437 1839 491 clementia
1872 437 2054 492 divina
2089 443 2133 500 Α
2164 441 2421 511 repulus,
2444 451 2499 496 et
2531 443 3196 503 nullus'eorunrindutus
3222 458 3309 504 est
3327 464 3397 504 ex
3433 451 3581 507 culto
3621 469 3739 511 suo.

465 532 775 578 conservet.
808 524 965 595 Apud
991 524 1188 584 fratres
1210 538 1430 584 nostros
1464 538 1652 584 nostra
1697 531 2053 585 commcnda-

466 602 615 669 tione
638 630 749 670 non
797 617 1073 690 indigetis.
1120 620 1351 691 lpsemet
1387 622 1534 676 enim
1588 623 1788 677 vestris
1838 624 2054 679 meritis

468 705 774 777 vestrisque
804 708 1000 764 litteris
1021 725 1211 765 eorum
1240 710 1547 797 vispcribus
1580 721 1817 768 vestram
1841 728 2053 768 memo-

466 798 612 855 riam
640 802 1004 859 insolabiliter
1028 805 1311 877 alligastis.

1209 896 1294 950 ΙΙΙ.

466 982 553 1037 Ad
603 984 979 1054 Hagmerrcum
1004 990 1334 1044 cardinalem
1359 1000 1408 1044 et
1431 991 1833 1046 cancellnrium.
1851 1023 1922 1032 —
1939 991 2057 1046 Μο-

537 1067 622 1134 net
643 1058 773 1110 duos
794 1075 904 1112 esse
926 1059 1437 1134 hostesquibascuut
1465 1062 1696 1134 maxime
1721 1063 1792 1115 sit
1813 1079 2057 1134 pugnan-

538 1126 687 1190 dum,
743 1138 793 1181 et
836 1137 1020 1182 contra
1066 1126 1321 1188 Ecclesia.-
1369 1132 1704 1186 adversarios
1742 1126 1843 1187 non
1886 1126 2056 1187 armis

533 1197 919 1319 gat-poralicus,
965 1199 1065 1269 (sed
1107 1201 1415 1256 humilitate
1455 1213 1504 1255 et
1552 1204 1861 1273 paenitentia
1909 1213 2059 1258 uten-

576 1283 682 1319 um.

576 1283 607 1318 il
612 1283 661 1319 ηι
668 1306 682 1319 ο

533 1356 692 1428 (Opp.
728 1358 787 1414 S.
822 1359 985 1417 Bern.
1014 1363 1145 1418 edit.
1180 1361 1435 1431 ΜΑΒιιι..
1460 1366 1569 1421 vol.
1598 1365 1664 1433 ll,
1696 1382 1751 1436 p.
1796 1365 1984 1437 1051.)

535 1455 838 1511 l.Domino
854 1459 1100 1514 etamico
1129 1459 1427 1515 inChristo
1460 1461 1936 1525 reverendissimo,
1971 1475 2057 1515 se-

464 1546 552 1602 dis
586 1544 901 1617 apoStolicze
938 1550 1273 1606 cancellario
1308 1547 1644 1617 ILmnaItIco,
1681 1551 1846 1606 amici
1874 1552 1941 1619 (si
1975 1560 2056 1605 ta-

465 1653 592 1695 men
621 1639 846 1710 dignum
883 1640 990 1711 est)
1021 1641 1165 1712 ejus,
1188 1651 1241 1696 et
1267 1641 1352 1701 sui
1386 1640 1807 1698 Cartlmsienses
1837 1641 2054 1703 fratres,

462 1736 680 1786 terrena
711 1730 1016 1802 despicere,
1054 1742 1108 1789 et
1145 1749 1332 1791 amare
1366 1734 1628 1790 coelestia.

535 1820 712 1889 Quam
742 1831 898 1895 grata
929 1823 1096 1881 fuerit
1126 1826 1285 1881 nobis
1322 1835 1507 1881 vestra
1549 1827 1838 1897 praesentia
1866 1842 2048 1882 recor-

465 1913 686 1970 datione
707 1916 977 1974 sentimus
1000 1918 1167 1986 unde,
1190 1935 1531 1989 quaesumus,
1561 1920 1641 1975 sic
1657 1920 1802 1991 agite
1826 1929 1886 1975 ut
1926 1937 2054 1977 eum

464 2006 535 2060 ab
562 2006 649 2062 bis
674 2008 867 2064 diebus
899 2010 996 2079 qui
1023 2011 1328 2066 secundum
1365 2011 1691 2080 Apostolum
1723 2012 1855 2067 mali
1902 2025 2051 2077 sunt,

463 2108 520 2153 et
545 2100 845 2153 secundum
879 2099 1227 2157 Psalmistam
1267 2103 1412 2158 sicut
1441 2103 1632 2158 umbra
1671 2102 1955 2167 deﬁciunt,
1986 2104 2052 2159 ad

463 2192 584 2249 dies
629 2194 805 2248 bonos
846 2204 901 2248 ct
945 2211 1121 2251 annos
1164 2204 1400 2251 aeternos
1450 2196 1802 2263 transieritis,
1840 2212 1948 2251 non
1989 2197 2056 2252 de

464 2293 657 2341 nostra
703 2285 857 2356 (quid
901 2286 1048 2340 enim
1086 2301 1186 2342 nos
1228 2286 1313 2341 vel
1339 2302 1532 2342 sumus
1558 2287 1642 2342 vel
1670 2287 1933 2357 erimus?)
1958 2288 2054 2343 sed

464 2376 535 2433 de
566 2377 714 2432 illius
758 2378 971 2434 visione
1012 2387 1069 2433 et
1094 2378 1357 2434 societate
1393 2395 1519 2433 cum
1558 2380 1764 2436 sanctis
1796 2381 2054 2437 omnibus

461 2468 745 2533 laetemini,
791 2478 1013 2540 propter
1063 2485 1229 2540 quem
1270 2478 1517 2525 nostram
1565 2480 1621 2525 et
1661 2472 2053 2529 obscuritatem

462 2575 648 2627 nosse,
699 2571 761 2618 et-
804 2562 1184 2620 necessitatem
1233 2563 1509 2633 supplere,
1563 2573 1636 2628 et,
1674 2564 1822 2634 quod
1894 2565 2055 2636 longe

460 2653 636 2723 pluris
656 2654 936 2720 ducimus,
981 2662 1062 2709 tot
1103 2662 1157 2709 ct
1185 2655 1353 2710 tantis
1388 2654 1799 2720 ecclesiasticis,
1850 2655 2054 2726 quibus

462 2763 748 2818 nunquam
775 2748 997 2813 caretis,
1026 2747 1366 2817 interpositis
1404 2747 1658 2819 negotiis,
1685 2748 1924 2804 latebras
1954 2763 2054 2804 no-

462 2848 780 2904 st"as,‘non
804 2840 983 2894 solum
1023 2828 1327 2904 humiliter,
1377 2838 1551 2893 sedet
1589 2838 1862 2894 laboriose
1893 2855 2055 2909 pene-

457 2941 627 2995 trare,
651 2947 862 3003 nosque
887 2932 1039 3002 ipsos
1064 2931 1226 2987 oculo
1250 2929 1319 2986 ad
1341 2931 1564 2987 oculum
1598 2931 1855 2996 invisere,
1881 2940 1935 2985 et
1958 2946 2053 2987 ore

461 3024 530 3075 ad
558 3038 622 3077 os
651 3022 823 3093 loqui,
854 3038 963 3077 non
990 3033 1077 3077 est
1105 3021 1397 3093 dedignata
1429 3032 1609 3076 vestra
1644 3019 1988 3085 sublimitas;
2019 3035 2064 3074 a~

2161 530 2317 588 Sicut
2338 542 2393 587 et
2420 531 2786 591 Ninivitarum
2824 552 2939 603 rex,
2972 537 3140 592 homo
3172 540 3416 609 gentilis,
3464 542 3535 597 ad
3579 544 3740 601 unius

2159 623 2400 680 hominis
2425 625 2596 697 ignoti
2617 642 2809 683 vocem
2839 637 2893 683 et
2924 628 3202 702 naufragi,
3231 630 3506 687 descendit
3527 634 3592 689 de
3611 635 3741 692 solio

2158 733 2277 784 suo,
2311 727 2361 772 et
2386 718 2610 788 .abjecit
2666 722 2977 776 vestimenta
3011 739 3113 777 sua
3136 740 3171 778 a
3214 740 3289 789 se,
3326 734 3381 779 et
3416 727 3634 783 indutas
3664 740 3741 786 est

2158 825 2337 876 sacco,
2360 819 2410 862 et
2446 810 2581 863 sedit
2604 811 2660 864 in
2697 810 2930 881 pulvere,
2960 821 3010 867 et
3053 812 3306 868 clamavit
3347 813 3420 867 ad
3460 810 3739 867 Dominum

2160 897 2306 965 (Jan.
2334 915 2416 966 ιιι,
2442 900 2519 970 6);
2543 901 2792 956 eamdem
2821 902 3198 958 austeritatem
3230 919 3342 959 non
3364 903 3545 960 solum
3572 904 3747 959 omnis

2158 990 2334 1045 aetatis
2363 999 2418 1045 et
2467 1006 2633 1046 sexus
2671 993 2945 1059 homines,
2971 994 3067 1049 sed
3094 994 3345 1064 iumenta
3374 995 3565 1051 subire
3596 1010 3743 1051 com-

2156 1081 2383 1150 pellens.
2429 1080 2496 1137 Et
2517 1098 2621 1138 nos
2662 1083 2846 1155 itaque
2873 1086 3144 1141 Dominici
3170 1086 3445 1157 corporis,
3492 1089 3639 1157 quod
3664 1098 3745 1145 est.

2158 1172 2423 1238 Ecclesia,
2459 1183 2744 1231 cruentam
2787 1176 3136 1245 scissioncm,
3176 1195 3344 1249 quam
3388 1180 3612 1235 nonnisi
3650 1196 3745 1235 no-

2159 1266 2291 1320 stris
2323 1266 2575 1323 evenisse
2614 1269 2947 1325 credendum
2983 1283 3069 1326 est
3112 1271 3346 1338 meritis,
3374 1288 3477 1328 nec
3512 1273 3753 1330 immotis

2161 1360 2497 1429 visceribus,
2529 1379 2631 1419 nec
2672 1364 2836 1421 siccis
2873 1365 3229 1436 aspiciamus}
3253 1366 3466 1429 oculis;
3509 1365 3749 1436 alioquin

2161 1455 2419 1525 pretiosis
2446 1455 2624 1511 ornati
2645 1456 2911 1518 vestibus.
2932 1457 3221 1514 herminiis
3244 1467 3301 1513 et
3323 1457 3523 1529 griscis
3546 1455 3745 1512 conloti

2159 1547 2412 1617 pellibus,
2466 1547 2776 1603 numerosis
2832 1557 2888 1603 et
2934 1544 3226 1618 exquisitis
3260 1546 3460 1603 refecti
3498 1546 3741 1617 dapibus,

2158 1631 2362 1710 plumis
2413 1639 2590 1693 instar
2620 1634 2984 1709 Sardanapali
3018 1634 3266 1709 nontam
3302 1637 3549 1708 impositi
3585 1651 3747 1706 quam

2167 1731 2412 1803 immersi
2435 1731 2713 1799 mollibus,
2737 1731 2982 1786 divinam
3014 1730 3450 1802 indignationem
3474 1727 3739 1800 quomodo

2166 1825 2372 1887 nostris
2406 1833 2665 1896 putamus
2694 1822 3020 1894 placandam
3062 1822 3357 1894 precibus?
3392 1832 3456 1881 et;
3487 1837 3594 1877 non
3617 1822 3738 1889 Zma-

2157 1919 2240 1990 gis
2272 1918 2570 1974 metuimus
2598 1932 2667 1973 ne
2698 1926 2816 1972 tum
2834 1916 3158 1987 prophetica
3188 1923 3383 1971 contra
3404 1929 3508 1969 nos
3542 1913 3732 1985 diriga-

2156 2012 2524 2077 turinvcctio,
2571 2011 2943 2081 dicaturque:
2985 2008 3077 2065 Va:
3104 2010 3195 2079 qui
3229 2009 3469 2078 opulenti
3513 2008 3635 2062 estis
3680 2009 3729 2061 in

2159 2104 2310 2171 Sion,
2332 2113 2383 2159 et
2406 2104 2676 2174 conﬁditis
2705 2104 2763 2158 in
2785 2113 2961 2158 monte
2994 2102 3281 2167 Samaria},
3312 2103 3609 2171 optimates,
3645 2118 3720 2154 ca-

2155 2197 2272 2265 pita
2342 2195 2677 2268 populorum,
2735 2195 3089 2265 ingredientes
3159 2194 3463 2263 pompatice
3535 2193 3735 2245 domum

2157 2287 2333 2343 Israel
2349 2288 2369 2340 !
2391 2289 2480 2359 qui
2507 2288 2786 2342 comeditis
2815 2304 3012 2358 agnum
3038 2288 3104 2340 de
3141 2302 3314 2357 grege,
3342 2295 3391 2339 et
3432 2285 3618 2339 vitulos
3668 2284 3723 2337 de

2156 2382 2329 2436 medio
2349 2381 2598 2446 armenti,
2621 2381 2713 2450 qui
2735 2380 2981 2434 dormitis
3019 2380 3076 2432 in
3120 2379 3274 2432 lectis
3294 2377 3554 2444 eburneis,
3583 2385 3629 2431 et
3650 2376 3720 2429 la-

2154 2475 2356 2531 sciritis
2388 2474 2440 2528 in
2467 2474 2657 2527 stratis
2686 2472 2909 2527 vestris!
2956 2471 3142 2543 (Amos
3178 2487 3255 2538 τι,
3295 2470 3413 2542 10.)
3441 2471 3509 2526 de
3549 2468 3731 2540 quibus

2156 2567 2527 2632 concluditur,
2564 2574 2616 2620 et
2663 2563 2801 2619 nihil
2839 2563 3182 2635 patiebantur
3228 2579 3388 2633 super
3435 2561 3732 2615 contritione

2153 2656 2369 2729 Ioseph.
3066 2728 3071 2731 ν

2227 2751 2279 2805 5.
2315 2747 2721 2804 Erubescamus
2753 2746 2821 2803 ad
2846 2747 2974 2813 hoc,
2997 2744 3340 2811 dulcissime,
3365 2759 3493 2799 sero
3511 2740 3729 2814 cognite,

2154 2842 2306 2898 brevi
2350 2851 2663 2911 conspecte,
2708 2839 2822 2895 cito
2862 2847 3037 2909 rapte,
3072 2845 3129 2893 et
3161 2836 3544 2908 corporalibus
3570 2834 3727 2890 oculis

2155 2949 2436 3004 nunquam
2482 2920 2740 3002 deinceps
2777 2929 2915 2986 [orte
2940 2929 3330 2999 conspiciende
3370 2947 3389 2982 :
3430 2928 3500 2982 ab
3541 2926 3727 2982 amoris

2153 3038 2340 3084 tamen
2394 3026 2568 3081 nostri
2619 3023 2999 3095 complexibus
3045 3023 3213 3078 nullis
3267 3022 3513 3086 casibus,
3583 3019 3729 3074 nullis

460 3129 573 3183 quo
599 3115 719 3169 solo
746 3129 963 3169 summo
990 3112 1258 3169 beneﬁcio
1281 3120 1341 3167 et
1358 3114 1520 3176 bono,
1553 3111 1814 3168 societate
1838 3111 2051 3168 scilicet
2078 3132 2120 3187 ο
2153 3115 2429 3172 avellendo
2456 3114 2811 3184 temporibus.
2853 3111 3260 3168 Erubeseamus
3288 3112 3356 3166 ad
3384 3112 3510 3177 hoc,
3542 3125 3732 3180 nosque

461 3203 750 3259 et‘visione
789 3204 907 3270 Dei,
952 3219 1064 3259 non
1097 3204 1290 3274 spatiis
1312 3204 1558 3258 locorum
1596 3211 1693 3257 aut
1736 3213 2049 3272 temporum

464 3295 705 3362 (semper
727 3294 874 3349 enim
895 3303 977 3348 est
999 3304 1055 3349 et
1076 3294 1300 3364 ubique,
1338 3301 1393 3347 ct
1430 3293 1482 3346 in
1511 3293 1630 3363 ipso
1657 3292 1916 3359 vivimus,
1940 3307 2061 3348 mo-

464 3398 662 3438 vemur
681 3393 735 3437 et
767 3385 1003 3455 sumus)
1039 3384 1134 3439 sed
1165 3384 1381 3457 meritis
1406 3384 1764 3453 sejungimur
1795 3393 2050 3454 peccato-

460 3490 612 3539 rum,
644 3474 1080 3544 sicutscriptum
1100 3484 1223 3530 est:
1258 3474 1381 3528 Non
1409 3484 1485 3528 est
1527 3475 1832 3529 abbret'iata
1863 3492 2052 3529 manus

461 3567 707 3634 Domini,
754 3576 811 3620 at
854 3566 1062 3621 salvere
1108 3577 1359 3638 nequeat;
1395 3583 1556 3637 neque
1592 3554 1884 3638 aggravata
1905 3571 2053 3624 auris

460 3660 601 3730 ejus,
636 3669 695 3714 ut
718 3675 822 3713 non
857 3657 1114 3713 exaudiat
1140 3674 1160 3712 :
1191 3645 1281 3713 sed
1307 3666 1524 3729 peccata
1561 3667 1732 3713 vestra
1762 3660 2052 3715 diviserunt

460 3759 605 3811 inter
628 3770 715 3807 vos
737 3762 788 3808 et
801 3746 971 3808 Deum
992 3760 1221 3807 vestrum
1244 3750 1382 3824 (Isa.
1412 3750 1762 3822 LIx,’l).Quae
1789 3753 2052 3824 quoniam

457 3860 600 3916 pene
639 3854 837 3901 cuncta
886 3844 955 3901 de
999 3845 1201 3900 mentis
1241 3845 1477 3900 elatione
1499 3855 1596 3901 aut
1615 3845 1689 3902 de
1728 3845 1916 3902 carnis
1957 3862 2052 3903 ve-

458 3938 622 3994 niunt
645 3940 946 4004 voluntate,
973 3954 1209 4010 quorum
1235 3940 1396 3996 nobis
1423 3941 1656 3996 alterum
1681 3957 1808 3997 cum
1835 3941 2049 4009 belluis,

460 4035 694 4090 alterum
744 4050 870 4090 cum
911 4035 1122 4106 angelis
1164 4043 1250 4091 est
1289 4051 1601 4101 commune,
1648 4036 1742 4091 sed
1784 4036 2050 4105 rcprobis,

457 4123 746 4177 nitendum
767 4138 1116 4193 summopere
1140 4133 1224 4178 est
1249 4133 1309 4177 ut
1336 4133 1391 4178 et
1416 4126 1615 4181 mentis
1645 4125 1898 4194 superbia
1930 4140 2053 4194 pre—

459 4222 648 4268 matur
672 4215 997 4280 humilitate,
1022 4223 1078 4269 et
1109 4215 1292 4270 carnis
1317 4215 1533 4271 luxuria
1569 4218 1883 4275 sobrietate.
1917 4218 2053 4275 Hinc

460 4305 768 4360 Dominus:
808 4304 1011 4369 Videte,
1053 4305 1249 4375 inquit,
1281 4322 1343 4360 ne
1378 4317 1663 4377 graventur
1691 4311 1853 4363 corda
1880 4321 2052 4365 vestra

458 4399 519 4453 in
540 4397 781 4466 crapula,
807 4409 854 4451 et
883 4397 1158 4463 ebrietate,
1180 4406 1231 4452 et
1252 4399 1394 4452 curis
1422 4394 1579 4469 hujus
1602 4401 1724 4455 rita:
1750 4401 1905 4473 (Luc.
1933 4419 2047 4469 XXI,

2156 3209 2330 3278 ipsos,
2362 3208 2407 3262 si
2433 3222 2752 3277 possumus,
2779 3203 3100 3267 deﬂeamus,
3134 3203 3284 3275 quod
3312 3213 3370 3258 et
3389 3203 3666 3259 Judaicam
3685 3211 3734 3257 ct

2156 3301 2412 3373 gentilem
2434 3299 2723 3354 videamur
2746 3310 3041 3367 superasse
3076 3295 3363 3361 duritiam,
3389 3294 3521 3348 dum
3562 3294 3636 3348 Illi
3658 3293 3732 3347 di»

2154 3393 2339 3453 vinam
2376 3391 2721 3447 severitatem
2758 3387 2941 3445 media
2977 3385 3229 3453 ciborum
3265 3395 3321 3442 ct
3348 3385 3561 3440 vilitate
3586 3383 3734 3439 simul

2155 3495 2320 3556 atque
2342 3484 2637 3554 asperitate
2689 3481 2942 3551 mitigant
2980 3478 3240 3545 vestium,
3277 3492 3379 3532 nos
3406 3477 3463 3532 in
3511 3476 3736 3547 peccatis

2156 3576 2344 3633 multis
2376 3584 2537 3645 atque
2576 3571 2855 3644 periculis,
2901 3585 3005 3627 nec
3039 3570 3229 3643 gloria:
3263 3570 3491 3625 modum
3530 3569 3743 3633 damus,

2156 3683 2334 3739 neque
2389 3665 2622 3723 deliciis.
2670 3663 2858 3735 Neque
2896 3662 3045 3720 enim
3075 3678 3276 3732 agnum
3307 3661 3424 3731 jam
3461 3662 3530 3716 tle
3567 3675 3745 3732 greger

2156 3758 2475 3815 autvitulos
2513 3766 2726 3812 tantum
2770 3755 2839 3810 dc
2868 3748 3061 3824 fmcdio
3108 3753 3366 3827 armenti,
3423 3753 3518 3808 sed
3561 3766 3733 3824 greges

2100 3834 2101 3837 η
2157 3852 2401 3923 integros
2431 3860 2484 3905 et
2530 3856 2778 3903 armenta
2809 3855 2926 3901 tota
2960 3842 3364 3902 consumimus.
3414 3841 3476 3897 In
3523 3843 3733 3898 modum

2157 3944 2357 4013 quippe
2397 3940 2679 4006 Amalech,
2712 3953 2837 3994 cum
2903 3938 3195 3992 innumera
3237 3934 3593 3991 multitudine
3641 3935 3735 3988 Ιιοσ

2157 4037 2369 4090 minum
2432 4044 2485 4089 et
2537 4034 2914 4103 iumentorum
2977 4029 3428 4099 supervenientes
3497 4026 3731 4103 ccclesiis

2155 4136 2352 4183 cuncta
2376 4125 2735 4194 complemus,
2764 4121 3027 4195 quidquid
3063 4120 3427 4191 tetigerimus,
3458 4121 3733 4175 devastan-

2156 4231 2271 4285 tcs;
2309 4234 2405 4274 nec
2431 4218 2514 4272 bis
2541 4217 2801 4277 contenti,
2832 4215 3073 4278 tabulas,
3104 4200 3319 4277 cruces,
3350 4212 3733 4276 ca_liccs.ctsa-

2156 4327 2279 4367 cras
2304 4311 2606 4380 spoliamus
2636 4307 2924 4378 imagines,
2960 4305 3023 4360 lit
3060 4315 3121 4360 ut
3156 4304 3288 4375 quid
3329 4304 3470 4359 hoc?
3504 4302 3642 4358 forte
3679 4312 3731 4355 ut

2157 4417 2426 4474 pauperes
2472 4409 2867 4461 sustenleutur,
2927 4398 3264 4452 monasteria
3326 4405 3728 4458 construantur,

460 4491 841 4563 5.1).ltemqne
875 4510 886 4544 :
918 4490 1124 4545 Discite
1144 4508 1178 4545 ιι
1208 4492 1433 4562 mequia
1459 4493 1603 4547 mitis
1634 4511 1752 4548 sum
1790 4505 1841 4549 ct
1869 4496 2048 4550 lmmi-
2078 4484 2129 4546 Β
2153 4495 2351 4566 captivi
2388 4491 2762 4548 redimantur?
2795 4488 2912 4544 Non
2938 4489 3010 4543 ita
3039 4508 3052 4544 :
3084 4488 3181 4543 sed
3214 4486 3398 4558 potius
3446 4498 3509 4541 ut
3548 4486 3615 4541 ad
3658 4486 3729 4538 iu-

459 4586 529 4641 lis
552 4586 708 4640 corde
737 4583 957 4656 (Matth.
984 4600 1059 4646 XI,
1090 4584 1205 4654 29).

534 4677 590 4733 2.
622 4675 741 4733 Non
765 4692 897 4746 ergo
932 4676 988 4731 in
1011 4676 1185 4731 multa
1215 4684 1403 4732 nostra
1426 4676 1764 4732 dilfundatur
1788 4678 2040 4734 intentio.

455 4770 579 4827 Duo
603 4778 734 4828 sunt
763 4762 975 4826 tantum
997 4769 1263 4825 adversus
1286 4785 1408 4839 qua:
1436 4769 1596 4825 nobis
1630 4771 1759 4826 totis
1792 4779 1878 4827 est
1913 4772 2048 4826 viri-
2101 4840 2104 4844 ι

455 4864 562 4918 bus
585 4862 957 4918 dimicandum
988 4880 1001 4915 :
1028 4860 1194 4917 elatio
1224 4861 1278 4916 in
1325 4872 1529 4925 mente,
1558 4862 1813 4931 voluptas
1841 4863 1895 4917 in
1923 4878 2047 4918 cor-

455 4968 611 5024 pore.
666 4952 760 5009 llis
809 4952 1102 5024 superatis,
1141 4951 1216 5007 nil
1248 4952 1559 5007 remanebit
1581 4952 1940 5019 vincendum,
1972 4953 2050 5007 nil

457 5041 737 5111 supererit
767 5041 1146 5121 metuendum.
1176 5039 1462 5110 Cupiditas
1496 5039 1645 5094 enim
1676 5054 1865 5094 rerum
1898 5048 2050 5095 cxte-

458 5132 675 5188 riorum
701 5146 811 5185 non
834 5132 904 5185 ob
938 5131 1085 5187 aliud
1114 5130 1504 5197 inﬂammatur,
1533 5130 1724 5185 nisiut
1764 5130 1849 5186 bis
1870 5130 2050 5186 modis

458 5222 721 5279 omnibus
766 5208 1054 5277 serviatur.
1092 5221 1295 5277 Contra
1346 5239 1469 5293 qua:
1500 5223 1546 5278 si
1586 5231 1836 5277 nostrum
1876 5221 2047 5277 senti-

455 5331 587 5373 mus
616 5329 724 5370 non
767 5312 902 5368 satis
941 5327 1065 5369 esse
1095 5320 1374 5380 conatum,
1403 5313 1651 5370 divinum
1694 5313 2050 5383 imploremus

457 5407 765 5473 auxilium;
813 5403 910 5460 sed
940 5402 1298 5473 imploremus
1349 5405 1653 5471 humiliter,
1691 5405 2048 5476 imploremus

459 5498 677 5563 devote,
720 5494 904 5561 corde,
960 5507 1092 5558 ore,
1128 5501 1274 5559 actu,
1318 5492 1530 5549 habitu.
1580 5495 1792 5551 Dictum
1848 5496 2063 5566 quippei

455 5590 785 5657 Israelitico,
821 5603 948 5646 cum
995 5594 1300 5660 peccasset,
1334 5594 1421 5643 est
1457 5586 1659 5658 populo
1695 5605 1708 5641 :
1741 5587 1869 5642 Jam
1911 5605 2048 5642 nunc

456 5693 853 5753 poneornatum
885 5690 1054 5736 tuum.
1076 5678 1440 5750 Dcposucrant
1475 5695 1597 5752 ergo
1625 5690 1870 5735 ornatum
1892 5696 2048 5735 suum

420 5832 425 5837 ,
459 5770 530 5829 de
551 5784 724 5831 monte
756 5773 889 5829 Oreb
918 5762 1116 5847 (Exod.
1157 5789 1354 5842 XXXIII,
1379 5773 1453 5845 5).
1481 5771 1722 5838 Itemque
1750 5773 1885 5828 alias
1913 5773 2049 5828 luxit

2158 4585 2504 4643 terlicicndos
2547 4582 2896 4639 Christianos
2923 4592 2973 4637 ct
3017 4579 3311 4652 sagittarii,
3347 4587 3405 4634 ct
3435 4576 3730 4641 ballistarii,

2155 4679 2366 4749 equites
2393 4688 2447 4732 ct
2470 4674 2724 4741 Lancearii
2757 4672 3167 4737 conducuntur:
3208 4682 3264 4727 et
3287 4670 3373 4727 his
3398 4669 3636 4740 eripiant
3657 4683 3732 4722 res

2153 4782 2208 4827 et
2232 4771 2467 4832 animas,
2499 4782 2597 4837 pro
2623 4765 2824 4837 quibus
2857 4765 3163 4820 debuerunt
3195 4777 3398 4834 ponere
3422 4776 3575 4817 suas.
3603 4759 3727 4814 Prult

2154 4860 2347 4917 dolor!
2388 4873 2418 4912 a
2447 4856 2680 4913 summis
2726 4852 2884 4909 hodie
2921 4853 3294 4923 pontiﬁcibus,
3341 4863 3397 4908 et
3438 4866 3537 4922 per
3575 4863 3729 4906 totum

2153 4965 2292 5022 pene
2319 4949 2530 5015 orbem,
2561 4944 2810 5015 exemplo
2837 4943 3340 5013 sedisapostolicm,
3364 4942 3537 4999 frater
3558 4944 3611 4998 in
3638 4943 3733 4996 [ττι-

2152 5054 2316 5108 trem,
2354 5042 2404 5096 id
2437 5049 2521 5096 est
2553 5039 2904 5107 Christianus
2934 5037 2989 5090 in
3032 5037 3435 5100 Christianum,
3470 5051 3627 5092 sacra
3654 5052 3733 5104 pr-

2154 5135 2318 5190 cunia
2341 5130 2668 5187 conducitur
2716 5138 3081 5185 ctarmatur:
3113 5138 3164 5182 et
3208 5128 3411 5182 talibus
3451 5126 3733 5195 triumphis

2155 5225 2398 5281 Ecclesia
2428 5234 2602 5279 mater
2629 5220 2954 5291 gratulatur,
2974 5232 3028 5276 ct
3053 5232 3169 5291 post
3198 5221 3312 5275 haec
3334 5218 3464 5276 totis
3494 5219 3734 5274 manibus
3770 5280 3775 5287 ,

2157 5324 2386 5371 cruenta
2435 5311 2772 5369 conscientia
2818 5310 3001 5365 divina
3042 5308 3289 5381 pergilur
3325 5308 3393 5363 ad
3450 5306 3727 5365 Sacriﬁcia.

2162 5407 2219 5461 Si
2254 5407 2359 5460 hoc
2395 5402 2701 5468 ferendum,
2736 5400 2868 5473 quid
2905 5399 3451 5471 reprehemlcmlum?

2226 5500 2281 5554 Δ.
2314 5498 2384 5553 At
2413 5496 2636 5568 regalia,
2661 5496 2835 5559 aiunt,
2880 5497 2994 5550 ba-c
3027 5505 3176 5557 sunt,
3206 5505 3260 5548 et
3292 5494 3358 5548 de
3399 5489 3743 5563 imperatoris

2145 5590 2373 5661 ‘sumpta
2402 5591 2624 5663 palatio.
2656 5588 2772 5645 Non
2797 5602 3083 5661 negamus.
3112 5589 3289 5657 Atque
3329 5587 3541 5641 utinam
3569 5586 3623 5640 in
3645 5599 3728 5654 pa-

2153 5682 2302 5738 latiis
2346 5682 2682 5738 mansissent
2741 5696 2977 5752 semper,
3030 5696 3138 5736 non
3183 5679 3237 5734 iu
3281 5678 3570 5741 sacrariis,
3632 5677 3728 5731 itno

2155 5772 2331 5845 magis
2362 5788 2463 5829 nec
2515 5774 2568 5828 in
2598 5773 2814 5844 palatiis
2849 5790 3090 5845 unquam
3125 5770 3383 5842 fuissem,
3418 5785 3519 5828 nec
3558 5768 3613 5824 iu
3645 5781 3726 5822 ee-
