3992 6400
222 346 341 406 391

1678 353 2061 413 EPISTOLIE.

3400 369 3508 426 598

224 459 455 517 clesiis!
485 458 703 527 Quanto
729 458 879 515 enim
906 459 1103 517 melius
1126 460 1386 518 Ecclesiae
1408 464 1626 533 palatiis
1654 464 1824 536 leges,
1856 472 1903 532 Α
1931 471 2084 525 dicti.
2139 462 2339 525 Valete.
2386 470 2530 527 Deus
2575 471 2756 537 Pater,
2804 474 2897 543 qui
2946 473 3134 530 eduxit
3169 476 3235 531 de
3280 480 3517 536 mortuis

225 568 404 625 quam
423 551 623 622 palatia
633 552 1391 626 darentEcclesiisinunquid
1411 558 1559 613 enim
1571 558 1827 616 Ecclesia:

224 642 543 716 palatiis,et
564 660 672 701 non
693 646 880 716 potius
901 646 1100 716 palatia
1122 647 1365 704 docenda
1385 651 1682 707 commissa
1700 661 1829 707 sunt

223 735 531 795 Ecclesiis?
544 745 639 793 aut
651 738 851 809 palatia
864 737 1428 808 ChristumEcclesiis,
1444 758 1555 798 non
1571 742 1827 799 Ecclesiae
1848 735 1853 741 ’

221 830 435 885 dedere
459 828 722 900 palatiis?
748 828 967 896 Quanto
997 846 1130 903 ergo
1163 833 1368 891 rectius
1406 850 1437 888 a
1465 835 1627 891 nobis
1671 850 1827 906 reges

219 920 437 986 cilicia,
491 936 813 992 quam'nos
869 923 940 977 ab
982 923 1066 980 eis
1112 941 1386 996 purpuras
1439 930 1822 984 sumeremus!

218 1009 454 1078 Quanto
483 1011 674 1068 utilius
703 1012 809 1084 ipsi
836 1021 1084 1069 nostram
1104 1026 1504 1088 paupertatem,
1532 1029 1721 1075 nostra
1738 1020 1824 1090 je-

216 1101 382 1173 juuia
412 1104 779 1174 susciperent,
854 1114 1021 1175 atque
1071 1107 1461 1177 humilitatem,
1516 1125 1685 1181 quam
1725 1125 1825 1166 nos

217 1206 426 1248 eorum
454 1193 737 1261 avaritias,
762 1193 992 1252 delicias
1033 1204 1201 1267 atque
1237 1199 1575 1257 elationem?
1597 1200 1756 1269 Quod
1779 1203 1825 1258 si

219 1283 356 1352 quis
382 1285 440 1339 in
483 1284 746 1343 Ecclesiis
784 1286 877 1342 vel
911 1289 1306 1348 ecclesiasticis
1354 1294 1648 1350 tentaverit
1692 1294 1825 1365 quid

219 1374 433 1432 borum
469 1392 701 1449 arguere
724 1380 1000 1449 personis,
1026 1397 1213 1439 nonne
1246 1385 1432 1441 statim
1461 1386 1824 1457 respondebi-

221 1474 319 1519 tur
346 1466 455 1520 hoc
477 1467 767 1537 agentibus
794 1486 809 1523 :
849 1468 993 1536 Quid
1021 1472 1182 1544 agis?
1204 1471 1352 1541 Quid
1383 1489 1472 1530 me
1502 1476 1659 1542 meis,
1692 1482 1826 1531 con;

220 1567 310 1611 tra
354 1558 728 1629 evangelicum
783 1563 1134 1630 sententiam,
1181 1566 1467 1623 meliorem
1509 1567 1592 1623 vis
1642 1566 1826 1623 facere

214 1649 547 1721 magistris?
586 1649 848 1723 Nunquid
885 1668 998 1708 non
1037 1653 1285 1712 Ecclesia
1338 1656 1588 1714 Romana
1632 1658 1822 1727 variis,

219 1742 450 1814 griseis,
502 1742 809 1814 herminiis,
859 1747 1203 1817 marturinis,
1237 1748 1532 1821 jugulatis,
1593 1759 1648 1807 et
1681 1751 1827 1806 lum-

1929 559 2208 618 Pastorem
2250 579 2509 634 magnum
2551 566 2735 619 ovium
2780 565 2833 619 in
2879 566 3144 636 sanguine
3179 565 3512 625 Testamenti

1927 654 2137 720 aeterni,
2176 652 2469 710 Dominum
2512 664 2762 711 nostrum
2798 654 2984 711 Jesum
3019 654 3323 723 Christum,
3365 666 3516 729 aptet

1928 757 2027 797 vos
2052 744 2106 797 in
2142 745 2293 799 omni
2337 746 2505 813 bono,
2531 754 2592 801 ut
2627 745 2842 801 faciatis
2882 747 3217 802 voluntatem
3261 748 3381 819 ejus
3426 748 3510 804 fa—

1926 833 2078 888 ciens
2112 833 2170 889 in
2216 835 2372 891 vobis
2411 837 2559 907 quod
2601 837 2813 907 placeat
2851 838 3034 893 coram
3077 854 3156 905 se,
3196 854 3293 910 per
3321 837 3510 896 Jesum

1924 923 2230 993 Christum,
2251 928 2341 982 cui
2362 936 2448 983 est
2468 929 2640 1000 gloria
2666 930 2720 983 in
2739 930 2937 985 smcula
2960 931 3309 999 saeculorum,
3327 947 3513 992 amen.

1926 1012 2097 1091 Nobis
2120 1025 2303 1071 autem
2328 1018 2652 1074 misereatur
2671 1019 2814 1074 idem
2840 1020 2955 1090 ipse
2975 1020 3321 1092 omnipotens
3344 1021 3511 1090 Deus,

1924 1120 2024 1174 per
2050 1114 2263 1163 vestras
2287 1116 2341 1163 et
2377 1109 2544 1165 totius
2582 1109 2841 1191 Ecclesiae
2868 1110 3131 1167 Romanae
3160 1113 3512 1169 intercessio-

1926 1213 2025 1254 nes
2042 1208 2097 1254 et
2122 1214 2289 1271 opera
2313 1215 2490 1268 sacra,
2517 1201 2831 1257 exhilaraus
2855 1203 3018 1258 corda
3049 1212 3236 1259 nostra
3262 1203 3515 1277 fragran-

1927 1289 2156 1347 tissimis
2199 1300 2255 1346 et
2302 1291 2676 1348 saluberrimis
2713 1293 2978 1348 odoribus
3011 1292 3171 1349 fama:
3206 1304 3423 1361 vestrae,
3459 1306 3515 1348 et

1926 1384 2202 1441 continuis
2230 1384 2286 1440 in
2311 1384 2541 1440 veritate
2562 1382 2917 1455 profectibus.
2950 1378 3373 1441 lterum'valete.
3408 1384 3512 1439 Sa—

1924 1476 2097 1532 lutate
2140 1476 2300 1532 nobis
2340 1470 2671 1533 reverendos
2694 1475 2887 1531 Patres
2916 1475 3187 1532 Albanum
3225 1477 3433 1533 scilicet
3458 1484 3515 1531 et

1926 1565 2236 1624 Ostiensem
2272 1568 2562 1640 episcopos
2591 1567 2928 1641 [Matthzeum
2967 1575 3023 1624 et
3047 1568 3384 1641 Albericum]
3414 1587 3426 1621 ε
3459 1576 3514 1622 et

1926 1659 1975 1715 si
1999 1674 2141 1730 quos
2170 1660 2309 1715 alios
2336 1668 2532 1715 vestrae
2557 1662 2734 1716 visum
2766 1659 2928 1714 fuerit
2956 1658 3293 1714 discretioni.
3325 1658 3513 1713 Valete
3554 1706 3559 1711 .

1926 1751 2107 1807 tertio.
2137 1749 2420 1817 Habetote,
2451 1766 2789 1821 quaesumus,
2815 1751 3039 1806 domum
3062 1750 3226 1805 istam
3248 1749 3303 1803 in
3334 1756 3515 1803 mente

214 1832 375 1888 batis
406 1832 509 1904 (4)⁴
570 1849 673 1890 nec
699 1849 809 1890 non
842 1843 899 1891 et
927 1837 1120 1897 sericis
1168 1839 1416 1895 abutitur
1452 1839 1826 1898 indumentis?
1850 1814 1900 1876 Β
1924 1851 2129 1910 vestra,
2152 1844 2298 1899 sicut
2328 1844 2448 1914 ipsa
2472 1857 2575 1898 vos
2597 1843 2822 1899 reclusit
2849 1842 2903 1897 in
2934 1857 3055 1898 sua.

220 1924 494 1997 Nunquid
549 1924 793 1982 Ecclesia
816 1926 1069 1986 Romana
1107 1931 1362 1986 convivia
1400 1932 1635 2003 respuit,
1665 1946 1824 1988 exer-

217 2017 401 2072 citum
432 2032 539 2073 non
574 2018 854 2086 conducit,
886 2018 1025 2075 bella
1053 2034 1161 2075 non
1185 2020 1444 2079 conﬁcit?
1462 2021 1585 2077 Non
1606 2032 1694 2078 est
1717 2038 1823 2077 au-

214 2118 338 2170 tem
382 2110 689 2182 discipulus
729 2127 896 2183 supra
946 2114 1295 2186 magistrum,
1327 2130 1508 2187 neque
1534 2116 1824 2186 apostolus

217 2202 410 2274 major
436 2217 505 2260 eo
525 2203 623 2275 qui
647 2204 803 2260 misit
839 2205 1029 2273 illum;
1058 2206 1157 2262 sed
1186 2207 1373 2277 potius
1394 2196 1669 2278 perfectus
1692 2222 1823 2264 ωηι-

217 2295 315 2351 nis
336 2296 466 2363 erit,
491 2297 538 2351 si
561 2296 635 2352 sit
664 2296 809 2353 sicut
836 2297 1100 2369 magister
1137 2298 1279 2369 ejus.
1304 2298 1448 2366 Quid
1471 2298 1542 2355 ad
1585 2299 1704 2355 hac
1734 2298 1823 2354 di-

216 2388 430 2444 cetur?
460 2386 670 2445 Videtis
697 2388 755 2444 in
782 2406 951 2461 quam
973 2401 1126 2447 arcto
1142 2392 1439 2451 constituti
1474 2407 1689 2450 sumus.
1714 2391 1827 2447 Aut

216 2481 376 2536 enim
400 2481 550 2552 quod
582 2482 791 2539 malum
817 2491 926 2550 est,
960 2482 1169 2544 bonum
1202 2483 1408 2551 dicere,
1440 2495 1546 2539 aut
1580 2482 1696 2539 Deo
1734 2498 1835 2539 η·-

216 2582 640 2645 genteprorsus
678 2589 791 2630 non
826 2573 1124 2643 faciemus;
1169 2585 1266 2632 aut
1316 2575 1678 2647 apostolicam
1728 2590 1821 2631 se-

216 2667 351 2723 dem
377 2667 545 2737 (quod
570 2666 696 2738 quis
716 2664 996 2738 audeat?)
1040 2666 1465 2738 reprehendere;
1510 2673 1627 2734 aut,
1674 2667 1824 2736 quod

218 2753 372 2814 forte
394 2758 568 2814 tutius
608 2767 715 2826 est,
758 2759 985 2837 omnino
1037 2768 1218 2815 tacere
1255 2758 1659 2830 compellimur.
1695 2756 1765 2812 Et
1790 2769 1827 2812 ο

217 2850 609 2919 apostolorum
654 2859 901 2920 tempora
950 2848 1353 2917 infelicissima,
1389 2852 1447 2906 in
1490 2849 1695 2920 quibus
1752 2848 1823 2903 ad

218 2940 326 2996 Dei
352 2956 611 3012 regnum,
646 2941 756 2997 nisi
786 2956 887 3012 per
908 2940 1125 3015 «famem
1162 2951 1219 2997 et
1239 2942 1410 3007 sitim,
1427 2940 1604 3012 frigus
1643 2950 1700 2996 et
1722 2955 1828 2995 nu-

217 3032 460 3088 ditatem
495 3030 680 3087 aditus
697 3046 807 3087 non
836 3031 1087 3102 patebat!
1119 3030 1164 3086 0
1185 3031 1336 3089 viros
1356 3032 1481 3086 illos
1503 3030 1827 3103 ignorantiae

216 3122 472 3180 tenebris
503 3122 797 3190 involutos,
814 3129 870 3178 et
890 3122 1042 3178 omni
1055 3122 1411 3178 miseratione
1437 3120 1819 3192 dignissimos!

215 3217 318 3287 qui
346 3224 414 3271 ut
438 3215 511 3272 ad
549 3216 719 3271 vitam
749 3188 973 3297 quoque
1014 3216 1407 3287 pertingereut,
1436 3188 1661 3285 propter
1700 3227 1824 3268 ver-
1851 3188 1894 3248 θ

221 3307 290 3363 ba
322 3306 604 3361 labiorum
648 3306 768 3374 Dei,
804 3315 918 3383 tam
970 3307 1140 3363 duras
1169 3307 1287 3363 vias
1320 3306 1722 3373 custodiebant,
1770 3313 1825 3361 et

219 3399 343 3454 h.cc
374 3407 567 3453 nostra
597 3397 919 3467 compendia
948 3397 1287 3453 nesciebant.

291 3491 354 3547 5.
395 3489 523 3547 Haec
561 3504 672 3545 non
700 3489 942 3546 doctoris
985 3498 1082 3544 aut
1117 3486 1531 3559 reprehensoris
1576 3487 1839 3563 auctoris

209 3592 357 3648 tate,
392 3581 491 3637 sed
519 3580 755 3638 dolentis
797 3589 853 3638 et
872 3581 1231 3637 lamentantis
1259 3578 1455 3634 all‘ectu
1492 3577 1820 3642 fuderimus,

215 3674 346 3732 zelo
370 3672 574 3729 domus
620 3672 739 3741 Dei,
767 3672 927 3743 cujus
961 3672 1243 3744 diligimus
1288 3671 1563 3737 decorem,
1596 3670 1824 3725 rodenle

218 3764 443 3821 viscera
475 3772 683 3830 nostra,
733 3771 991 3835 rogantes
1017 3769 1071 3819 et
1111 3761 1484 3828 obsecrantes,
1526 3760 1572 3817 si
1619 3775 1728 3814 non
1766 3760 1822 3813 in

218 3855 466 3922 trieteris,
492 3855 548 3910 in
575 3854 732 3912 vobis
762 3854 958 3911 saltem
992 3852 1251 3911 nonnihil
1280 3851 1561 3923 proferant
1585 3849 1818 3907 fructus.

222 3949 304 4015 Si,
331 3949 585 4018 inquam,
612 3948 673 4003 hi
692 3962 819 4004 cum
843 3946 1046 4017 quibus
1072 3944 1497 4010 couversamini,
1522 3943 1684 3999 saluti
1709 3959 1824 3999 sua!

219 4050 319 4099 aut
350 4038 585 4106 nullam,
616 4047 724 4096 aut
738 4054 993 4109 parvam,
1023 4045 1121 4093 aut
1141 4051 1253 4092 non
1278 4035 1634 4091 sullicientem
1661 4034 1820 4089 adhi-

222 4134 356 4192 hout
391 4147 622 4197 curam,
672 4145 772 4186 vos
828 4138 1034 4197 tamen,
1083 4128 1253 4184 vestri
1292 4143 1402 4186 non
1447 4126 1819 4191 immemores,

221 4225 472 4285 animam
524 4231 763 4279 vestram
815 4222 980 4277 nolite
1022 4221 1314 4292 negligere.
1408 4219 1684 4289 Scriptum
1738 4226 1824 4274 est

221 4317 372 4372 enim
401 4336 415 4371 :
446 4313 669 4370 Custodi
706 4314 1041 4383 temetipsum
1061 4320 1112 4366 et
1141 4312 1375 4365 animam
1410 4319 1556 4364 tuam
1593 4309 1822 4366 sollicite

222 4407 411 4478 (Deut.
445 4422 521 4473 IV,
544 4405 631 4476 9);
663 4413 719 4460 et
753 4405 953 4459 iterum
982 4423 996 4459 :
1035 4402 1283 4458 Miserere
1333 4404 1528 4458 animo:
1567 4410 1672 4457 tua:
1704 4403 1824 4474 pla-

223 4516 344 4554 cens
370 4498 484 4552 Deo
507 4495 700 4567 (Eccli.
730 4511 863 4563 xxx,
888 4496 1014 4565 24);
1041 4496 1281 4566 itemque
1318 4513 1343 4553 ,ε
1388 4492 1546 4550 Omni
1575 4495 1819 4553 custodia

222 4606 481 4646 conserua
498 4605 592 4642 cor
613 4597 762 4645 tuum
791 4587 975 4659 (Prov.
1010 4604 1084 4656 Iv,
1105 4587 1229 4658 25);
1257 4596 1313 4641 et
1342 4585 1643 4643 Dominus:
1673 4587 1815 4653 Quid

222 4685 464 4751 prodest,
489 4681 590 4750 ait,
619 4681 843 4747 homini,
870 4681 916 4734 si
946 4680 1203 4734 mundum
1228 4681 1528 4739 universum
1558 4681 1813 4746 lucretur,

223 4772 425 4827 animt:
464 4785 582 4827 vero
631 4770 1161 4831 mwﬂrztriurentum
1200 4770 1480 4839 patiatur?
1528 4780 1620 4824 aut
1656 4787 1818 4841 quam

223 4862 700 4917 commutationem
739 4862 888 4916 dabit
913 4862 1070 4916 homo
1091 4878 1187 4932 pro
1211 4862 1392 4919 animo
1418 4862 1555 4915 sua?
1582 4860 1714 4933 (Luc
1739 4878 1815 4929 Ix,

222 4955 343 5026 25.)
373 4953 497 5010 Non
536 4953 702 5025 igitur
732 4954 854 5024 ejus
882 4954 1040 5009 vobis
1078 4969 1268 5008 curam
1303 4953 1502 5023 eripiat
1541 4962 1636 5008 aut
1663 4952 1819 5008 favor

227 5048 567 5119 principum,
591 5056 687 5103 aut
718 5047 865 5102 nitor
891 5056 1364 5111 ornamentorum,
1395 5056 1489 5101 aut
1514 5044 1819 5118 frequentia

226 5140 603 5211 negotiorum,
633 5147 726 5193 aut
755 5138 925 5210 gloria
953 5153 1304 5209 pomparum,
1328 5146 1424 5192 aut
1448 5138 1657 5194 delicia:
1682 5153 1818 5193 con-

223 5232 527 5297 viviorum,
562 5239 658 5289 aut
699 5231 1009 5287 oblatarum
1050 5230 1332 5300 quantitas
1369 5231 1479 5285 ulla
1523 5230 1816 5286 donorum.

226 5321 465 5395 Smper
505 5332 559 5379 et
602 5324 802 5395 ubique
844 5334 1027 5379 vestro
1071 5332 1319 5378 versetur
1343 5322 1399 5377 in
1437 5323 1644 5391 animo,
1690 5323 1821 5393 quia

228 5417 460 5475 nescitis
488 5417 542 5472 in
553 5418 851 5479 tremendo
874 5417 1090 5473 Christi
1108 5416 1320 5488 judicio
1353 5432 1479 5478 cum
1494 5416 1711 5487 .quibus
1734 5416 1822 5471 fu-

215 5510 341 5568 Aturi
377 5509 522 5576 sitis,
546 5518 732 5567 utrum
763 5525 888 5571 cum
906 5509 1260 5579 illisquibus
1287 5509 1488 5567 dicitur
1516 5528 1528 5563 :
1564 5508 1668 5576 Ite,
1698 5526 1814 5563 ma-

212 5600 437 5668 ledicti,
491 5609 587 5655 aut
634 5616 759 5659 cum
810 5600 919 5656 illis
964 5601 1059 5671 qui
1094 5601 1355 5656 audient:
1420 5600 1630 5668 Venite,
1669 5600 1821 5656 benc-

294 5776 392 5846 .(l)
435 5775 715 5832 Lumbata:
742 5787 870 5833 sunt
888 5776 1101 5834 braccse
1128 5776 1355 5834 modica:
1379 5786 1435 5832 ct
1460 5778 1671 5835 breves.

1851 4539 1899 4598 D

2676 1952 2765 2009 I‘V.

1924 2048 2010 2103 Ad
2048 2047 2323 2119 Hugonem
2354 2046 2422 2119 ,S.
2440 2118 2444 2119 ί
2473 2047 2963 2119 πηίιίιίωγρνὶρνεηι.
2989 2078 3049 2088 -
3082 2044 3246 2119 Docet
3290 2061 3396 2114 qua
3427 2030 3515 2096 ra;

2170 2118 2315 2173 tione
2344 2118 2540 2173 bellum
2574 2115 2856 2188 spirituale
2882 2116 2951 2170 sit
2980 2115 3263 2188 agendum.

1996 2210 2245 2267 Dominis
2271 2219 2328 2267 et
2349 2209 2544 2266 amicis
2568 2208 2625 2264 in
2652 2207 2875 2265 Christo
2901 2207 3248 2265 charissimis
3276 2222 3341 2261 ac
3363 2221 3517 2261 reve-

1926 2303 2294 2371 rendissimis,
2321 2301 2551 2369 Hucom,
2579 2307 2784 2357 sanctae
2806 2298 3016 2354 militiae
3038 2298 3230 2369 priori,
3254 2305 3309 2353 et
3337 2296 3519 2353 omni-2

1927 2397 2031 2452 bus
2064 2395 2161 2466 qui
2196 2394 2475 2466 reguntur
2497 2393 2619 2463 ejus
2652 2392 2908 2458 consilio,
2939 2391 3082 2446 servi
3109 2399 3163 2445 et
3188 2389 3358 2446 amici
3380 2388 3521 2445 Car-

1929 2488 2126 2544 thusite
2166 2486 2399 2554 fratres,
2452 2484 2818 2556 spiritualium
2860 2484 3024 2541 simul
3057 2494 3110 2539 et
3144 2483 3520 2554 corporalium

1926 2580 2253 2636 Christiana:
2280 2578 2563 2650 religionis
2602 2577 2849 2633 hostium
2878 2576 3161 2633 victoriam
3192 2576 3519 2651 plenariam,

1926 2680 1981 2728 et
2003 2685 2196 2743 pacem
2227 2685 2328 2741 per
2355 2669 2638 2725 Christum
2666 2667 2961 2723 Dominum
2994 2674 3269 2722 nostrum.

2000 2765 2052 2819 l.
2093 2762 2367 2830 Quoniam
2413 2761 2471 2816 in
2517 2761 2870 2828 revertendo,
2919 2758 3063 2815 sicut
3096 2758 3153 2813 in
3204 2756 3513 2823 veniendo,

1925 2855 2233 2928 praesentiae
2257 2860 2452 2909 vestra:
2485 2851 2797 2926 gratissima
2821 2850 3154 2906 allocutione
3181 2847 3290 2902 frui
3324 2847 3517 2916 nequi-

1925 2948 2130 3016 vimus,
2157 2947 2340 3003 visum
2361 2954 2449 3003 est
2476 2945 2636 3001 nobis
2658 2952 2720 3000 ut
2740 2959 2838 3015 per
2860 2943 3076 2997 litteras
3101 2940 3385 2995 vobiscum
3410 2938 3520 2993 salo

1925 3048 2037 3093 tem
2053 3031 2235 3108 pauca
2256 3035 2715 3106 eolloqueremur.
2739 3031 2824 3088 Ad
2843 3044 3108 3100 corporea
3132 3028 3353 3098 quidem
3376 3025 3518 3081 bella

1927 3141 2250 3201 pugnasque
2283 3126 2528 3183 visibiles
2566 3123 2916 3181 dilectionem
2952 3118 3195 3175 vestram
3238 3115 3519 3172 exhortari

1925 3235 2277 3292 nequaquam
2303 3218 2588 3286 novimus;
2619 3216 2689 3272 ad
2712 3212 3018 3286 spiritualia
3049 3225 3202 3278 vero,
3230 3209 3287 3264 in
3315 3209 3519 3279 quibus

1922 3322 1978 3370 et
2020 3312 2266 3384 quotidie
2294 3325 2602 3376 versamur,
2649 3307 2753 3363 etsi
2795 3303 3036 3361 excitare
3062 3300 3243 3358 idonei
3278 3314 3388 3355 non
3418 3313 3517 3355 su-a

1923 3421 2070 3473 mus,
2094 3405 2390 3460 admonere
2413 3400 2606 3458 saltem
2637 3398 3036 3456 desideramus.
3064 3393 3293 3448 Frustra
3315 3390 3519 3461 quippe

1922 3499 2221 3556 exteriores
2248 3498 2437 3553 hostes
2481 3488 2819 3565 impetimus,
2861 3490 2908 3546 si
2944 3503 3054 3544 non
3095 3486 3251 3557 prius
3288 3483 3515 3539 intimos

1923 3602 2270 3658 superamus.
2290 3584 2353 3640 Et
2367 3583 2681 3655 pudendum
2695 3581 2861 3637 nimis
2884 3579 2983 3635 est'
2997 3585 3054 3633 et
3076 3577 3357 3647 indignum
3384 3586 3518 3644 qut»

1920 3678 2183 3733 rumlibet
2204 3676 2347 3733 velle
2385 3674 2580 3731 ditioui
2626 3681 2829 3728 nostrae
2874 3669 3146 3739 subjicere
3187 3665 3424 3736 agmina,
3461 3664 3510 3717 si

1923 3784 2032 3827 non
2076 3769 2232 3839 prius
2279 3773 2469 3821 nostra
2518 3763 2677 3819 nobis
2714 3760 2957 3831 subjecta
3008 3756 3216 3811 fuerint
3255 3767 3527 3823 corpora.

1923 3861 2061 3929 Quis
2085 3860 2233 3917 enim
2263 3858 2405 3914 ferat
2431 3856 2674 3913 exterius
2704 3854 2761 3908 in
2789 3850 3000 3921 amplas
3012 3857 3197 3905 terras
3221 3844 3513 3902 extendere

1923 3953 2061 4009 velle
2105 3965 2210 4007 nos
2245 3948 2701 4013 dominationem,
2748 3954 2803 4000 et
2839 3940 3055 4014 exiguis
3086 3938 3418 4009 cespitibus,
3456 3937 3527 3991 id-

1923 4050 2008 4098 est
2033 4040 2295 4098 carnibus
2321 4037 2547 4104 nostris,
2572 4034 2999 4107 ignominiosam
3024 4029 3229 4101 perpeti
3256 4028 3513 4082 vitiorum

1925 4132 2281 4191 servitutem?
2310 4130 2678 4202 Aoquiramus
2713 4127 2919 4197 itaque,
2957 4120 3319 4188 dilectissimi,
3356 4121 3514 4191 prius

1924 4224 2312 4293 nosmetipsos,
2341 4230 2400 4276 ut
2442 4233 2634 4277 secure
2666 4217 2925 4286 deinceps
2958 4214 3027 4270 ad
3066 4219 3284 4269 exteros
3310 4226 3515 4283 puguee

1924 4331 2049 4372 mus
2078 4314 2360 4379 inimicos;
2393 4320 2606 4367 mentes
2630 4317 2851 4365 nostras
2876 4306 3032 4378 prius
3058 4320 3087 4359 a
3119 4303 3289 4370 vitiis,
3313 4302 3513 4359 dehinc

1923 4418 2101 4464 terras
2134 4418 2432 4478 purgemus
2460 4419 2490 4457 a
2521 4402 2793 4457 barbaris.

1991 4502 2046 4555 2.
2087 4496 2209 4555 Νοιι
2238 4498 2401 4569 igitur
2432 4502 2620 4565 regnet
2648 4499 2932 4563 peccatum
2974 4489 3028 4542 in
3074 4496 3265 4542 nostro
3290 4486 3511 4541 mortali

1924 4606 2156 4663 corpore
2201 4591 2269 4645 ad
2301 4587 2662 4645 obediendum
2704 4582 2993 4640 desideriis
3038 4581 3180 4651 ejus,
3213 4593 3312 4632 nec
3356 4577 3514 4630 exhi-

1923 4684 2154 4738 beamus
2194 4679 2439 4734 membra
2488 4683 2677 4729 nostra
2721 4686 2874 4725 arma
2919 4666 3227 4737 iniquitatis
3267 4671 3509 4734 peccato,

1924 4773 2020 4829 sed
2044 4770 2405 4827 exhibeamus
2448 4780 2551 4821 nos
2590 4764 2725 4829 Deo,
2763 4771 3023 4829 tanquam
3066 4773 3134 4813 ex
3170 4755 3403 4810 mortuis
3433 4754 3511 4807 vi-

1924 4870 2136 4929 ventes,
2181 4868 2238 4916 et
2277 4858 2545 4925 membra,
2565 4863 2751 4911 nostra
2779 4867 2932 4908 arma
2957 4850 3187 4921 iustitiae
3211 4847 3344 4913 Deo,
3381 4854 3437 4904 et
3465 4845 3514 4902 si

1924 4969 2054 5009 caro
2084 4950 2426 5021 concupiscit
2468 4948 2733 5007 adversus
2777 4943 3034 5015 spiritum
3079 4939 3505 4997 indomabiliter.

1924 5044 2056 5103 Iltec
2079 5045 2241 5111 enim,
2279 5042 2458 5115 inquit
2485 5039 2803 5111 Apostolus,
2838 5036 2941 5092 sibi
2976 5034 3514 5091 invicemadversan-

1923 5147 2029 5203 tur,
2046 5148 2104 5193 ut
2132 5154 2237 5191 non
2256 5149 2580 5207 qutecunque
2600 5130 2760 5188 uultis
2783 5131 3023 5202 faciatis.
3056 5127 3333 5183 Vellemus
3355 5142 3514 5182 nam.

1921 5246 2030 5301 que
2063 5230 2242 5295 omni,
2292 5228 2340 5284 si
2391 5227 2511 5282 ﬁeri
2552 5234 2760 5296 posset,
2807 5237 2997 5278 carere
3040 5218 3513 5290 concupiscentia.

1898 5324 2034 5380 ‘Sed
2052 5324 2105 5379 si
2140 5322 2194 5378 in
2223 5322 2329 5377 hac
2358 5320 2492 5386 vita,
2533 5333 2657 5388 quae
2689 5324 2803 5373 tota
2846 5315 3075 5370 tentatio
3109 5321 3214 5379 est,
3248 5308 3511 5378 concupi-

1924 5418 2133 5475 scentia
2172 5416 2240 5472 ad
2262 5415 2482 5485 plenum
2517 5425 2706 5470 carere
2746 5422 2859 5464 nou
2884 5421 3205 5479 possumus,
3248 5399 3529 5469 concupir.

1923 5510 2148 5570 scentiis
2172 5509 2362 5567 saltem
2386 5523 2496 5564 non
2520 5505 2849 5562 serviamus.
2875 5501 2957 5557 Ad
2976 5500 3121 5571 quod
3144 5495 3274 5567 quia
3299 5492 3511 5551 viribus

1925 5605 2082 5660 nobis
2109 5617 2305 5674 parum
2332 5598 2661 5657 sufﬁcientes
2688 5609 2900 5663 sumus,
2928 5590 3296 5649 confortemur
3327 5586 3379 5641 in
3403 5583 3513 5643 ΠΨ

2086 5687 2115 5716 ι
