3992 6400
545 327 655 383 699

1362 327 1687 385 GUlGONiS
1727 329 1746 383 ι
1784 328 2125 386 CARTIIUSI

2253 331 2540 389 MAJORIS
2575 333 2852 389 PillOillS
2891 334 2935 386 ν
3718 336 3807 394 δυο

543 436 696 499 mino
725 442 780 491 et
804 434 866 526 in
903 437 1394 506 potentia-virtutis
1424 440 1566 510 ejus,
1612 440 2015 512 induamusque
2042 458 2135 499 ar~
2162 443 2212 498 .A
2238 443 2405 515 (quod
2451 446 2617 519 absit)
2647 463 2758 504 non
2788 447 3011 519 quirent
3035 447 3342 520 pervenies,
3380 462 3528 523 quas
3569 452 3805 526 petimus,

542 539 818 584 maturam
842 524 961 597 Dei,
994 538 1056 586 ut
1087 533 1367 602 possimus
1412 542 1560 590 stare
1597 534 1860 595 adversus
1900 536 2131 595 insidias

542 620 766 677 diaboli.
794 620 921 677 Non
938 625 1101 691 enim,
1130 624 1275 681 sicut
1302 627 1511 693 ibidem,
1528 627 1798 697 sequitur,
1820 629 2130 689 colluctatio

542 712 800 780 nobiscst
822 714 1072 772 adversus
1097 733 1307 771 carnem
1333 727 1387 771 et
1408 720 1737 788 sanguinem,
1763 721 1855 775 sed
1882 721 2130 777 adversus

541 806 808 875 principes
835 816 888 860 et
910 816 1216 877 potestates,
1246 810 1496 864 adversus
1526 811 1712 865 ninndi
1738 821 1962 870 rectores
1992 820 2132 868 tene—

544 894 784 967 brarum,
807 905 996 951 contra
1025 899 1335 968 spiritualia
1363 902 1611 972 nequitia:
1650 905 1705 956 in
1735 903 2051 970 ccelestibus,
2077 904 2131 959 id

540 995 637 1057 est
666 995 859 1042 contra
903 989 1033 1043 vitia
1059 998 1116 1044 et
1155 1007 1348 1047 eorum
1406 992 1714 1050 ineentores
1761 995 2164 1065 nequissimos.

474 1086 478 1091 ‘
541 1077 790 1147 spiritus.
830 1079 936 1146 Qui
985 1081 1030 1135 si
1063 1082 1232 1152 (quod
1272 1093 1327 1140 et
1347 1084 1515 1140 David
1545 1086 1723 1157 rogat)
1754 1088 1925 1143 nostri
1950 1087 2131 1143 domi-

540 1170 733 1227 minati
774 1188 886 1229 non
917 1174 1173 1244 fuerint,
1228 1186 1358 1235 tunc
1409 1180 1745 1237 immaculati
1788 1180 2026 1248 erimus,
2079 1191 2133 1236 et

538 1261 966 1324 emnndabimur
990 1282 1022 1321 a
1043 1266 1257 1325 delictis
1289 1270 1567 1325 maximis.

613 1351 668 1406 3.
712 1351 933 1413 Stemus
963 1372 1096 1429 ergo
1121 1360 1387 1417 succincti
1417 1362 1634 1420 lumbos
1654 1373 1876 1420 nostros
1907 1365 1961 1420 in
1989 1365 2132 1421 veri-

539 1451 671 1509 tate,
701 1454 756 1500 et
780 1446 997 1504 calciati
1033 1451 1199 1520 pedes
1230 1452 1283 1506 in
1314 1456 1709 1525 praeparatione
1736 1456 2009 1528 Evangelii
2037 1474 2133 1528 pa-

538 1530 641 1598 cis,
676 1532 731 1589 in
770 1537 1029 1594 omnibus
1054 1550 1334 1597 sumentes
1363 1552 1579 1599 scutum
1609 1546 1752 1612 ﬁdei,
1783 1547 1836 1600 in
1867 1563 1977 1617 quo
2000 1563 2124 1617 pos—

537 1622 720 1682 simus
749 1629 937 1693 omnia
963 1631 1068 1687 tela
1089 1633 1416 1703 nequissimi
1446 1636 1603 1707 ignea
1635 1638 2010 1709 exstinguere;
2039 1655 2131 1694 ea-

540 1723 644 1784 put
671 1718 824 1788 galea
860 1721 1055 1779 salutis
1089 1723 1385 1793 obtectum,
1417 1727 1693 1787 dexteram
1725 1731 1907 1800 gladio
1937 1732 2131 1787 salutis

540 1808 812 1865 munitam
841 1812 1122 1875 habentes.
1158 1815 1482 1884 Curramus,
1510 1834 1621 1873 non
1661 1820 1821 1890 quasi
1858 1820 1914 1874 in
1946 1821 2130 1876 incer-

538 1914 678 1967 tum;
712 1918 1039 1976 pugnemus,
1075 1922 1185 1962 non
1214 1909 1374 1977 quasi
1398 1925 1583 1966 aerem
1602 1911 1956 1967 verberantes
1984 1932 1996 1966 :
2034 1914 2130 1968 sed

538 1993 875 2065 castigemus
922 2009 1124 2065 corpus
1155 2005 1425 2064 nostrum,
1469 2008 1522 2053 et
1557 2000 1920 2079 subjiciamus
1967 2003 2129 2056 servi-

540 2085 664 2150 tuti,
692 2085 827 2155 quia
862 2085 957 2143 hic
989 2095 1075 2143 est
1117 2088 1381 2157 hominis,
1413 2090 1465 2145 id
1507 2100 1591 2151 est
1628 2092 1882 2149 animalis
1931 2093 1999 2147 ad
2034 2093 2127 2147 Dci

534 2178 836 2247 imaginem
876 2178 1107 2246 conditi,
1151 2189 1329 2236 status
1374 2183 1854 2251 ordinatissimus,
1901 2202 2028 2241 cum
2076 2194 2131 2241 et

539 2285 673 2324 caro
703 2269 873 2323 servit
897 2270 1136 2340 spiritui,
1178 2282 1235 2328 et
1275 2274 1502 2343 spiritus
1526 2276 1780 2332 subditur
1821 2277 2125 2334 Conditori.

537 2359 595 2413 lu
624 2359 729 2414 hoc
753 2359 902 2415 bello
928 2370 1081 2416 tanto
1110 2363 1215 2417 erit
1237 2363 1471 2435 quisque
1513 2367 1813 2434 robustior,
1848 2377 2127 2440 tantoque,

538 2458 762 2519 regente
787 2459 844 2505 et
863 2459 1182 2523 protegente
1211 2453 1348 2521 Deo,
1375 2459 1686 2515 numerosis
1708 2463 1997 2530 prostratis
2028 2464 2130 2519 ho-

538 2538 716 2595 stibus
756 2540 1035 2613 triumpho
1071 2543 1397 2613 gloriosiore
1443 2549 1752 2619 sublimior,
1783 2562 1990 2622 quanto
2032 2571 2131 2626 per

538 2632 726 2686 oinnia
751 2632 1011 2704 sategerit
1031 2650 1153 2690 esse
1180 2635 1472 2707 humilior;
1499 2649 1761 2713 tantoque
1812 2653 2035 2702 econtra
2060 2648 2129 2705 ad

540 2721 726 2776 omnia
757 2721 903 2777 bona
943 2722 1215 2779 inﬁrmior
1253 2734 1309 2781 et
1346 2726 1766 2801 inconstantior,
1797 2744 2004 2805 quanto
2026 2751 2129 2791 vo-

537 2812 701 2871 luerit
729 2827 852 2868 esse
888 2814 1193 2884 superbirr.
1237 2814 1381 2874 Deus
1424 2821 1571 2876 enim
1604 2823 1816 2880 resistit
1853 2827 2131 2897 superbis.

537 2902 658 2960 Non
697 2920 830 2978 ergo
864 2920 1003 2977 opus
1039 2916 1124 2963 est
1156 2917 1218 2963 ut
1262 2910 1330 2966 ad
1374 2912 1727 2973 debellandos
1777 2932 1873 2973 eos
1910 2918 2129 2975 aliunde

536 3007 819 3068 quaratur
843 3008 1141 3071 pugnator,
1160 3001 1362 3072 quibus
1386 3006 1731 3077 omnipotens
1758 3010 1967 3075 resistit
1987 3027 2128 3082 pra:-

2230 548 2296 595 ut
2315 540 2532 599 cunctis
2558 541 2824 603 fratribus
2845 541 3047 612 exponi
3069 540 3310 599 faciatis.

2995 653 3060 710 ν.

2232 743 2316 797 Ad
2354 742 2725 800 Innocentium
2758 763 2952 817 papam
2997 747 3085 803 11.
3108 778 3181 788 -
3207 748 3538 805 Consolatur
3568 768 3807 808 summa:

2408 818 2711 887 pontiﬁcem
2741 819 2993 874 adversus
3022 819 3328 877 schismatis
3351 822 3653 878 molestias.

2304 905 2538 967 Domino
2581 919 2635 963 et
2675 908 2827 965 Patri
2876 911 3210 968 charissimo
3256 928 3323 968 ac
3364 914 3809 977 reverendissimo

2231 996 2548 1066 apostolicae
2581 999 2727 1055 sedis
2756 1015 2976 1056 summo
3013 1002 3261 1072 pontiﬁci
3301 1002 3651 1072 innocente,
3686 1008 3807 1061 servi

2232 1097 2288 1143 et
2332 1089 2428 1144 lilii
2464 1089 2774 1151 Carthasim
2817 1107 3121 1163 pauperes,
3176 1094 3326 1150 illam
3373 1110 3549 1166 quam
3595 1097 3808 1154 mundus

2231 1179 2365 1235 dare
2384 1194 2496 1239 non
2518 1188 2698 1251 potest
2717 1198 2939 1252 pacem,
2954 1198 3179 1255 suaeque
3198 1186 3557 1255 paternitatis
3580 1185 3806 1241 devotam

2234 1272 2574 1339 servitutem,
2604 1282 2659 1329 et
2683 1289 2794 1330 non
2817 1276 3196 1331 necessarium
3217 1277 3346 1332 licet
3372 1276 3719 1347 obsequium.

2303 1364 2502 1421 Multas
2537 1366 2607 1422 ad
2641 1368 2809 1423 vestri
2846 1369 3190 1437 apostolatus
3229 1376 3485 1425 sacratas
3510 1384 3691 1435 aures,
3714 1377 3803 1423 etc.

2246 1455 2374 1510 Vide
2408 1457 2464 1510 in
2494 1456 2806 1512 Innocentio
2834 1456 2924 1525 II,
2956 1458 3029 1512 ad
3060 1475 3152 1513 an.
3187 1458 3346 1512 ηιδ.

2971 1548 3060 1604 Vl.

2236 1638 2483 1708 Hugonis
2514 1637 3008 1709 Gratianopolitani
3035 1640 3292 1710 episcopi,
3313 1639 3581 1710 Guigonis
3613 1648 3661 1694 et
3692 1639 3805 1710 Car-

2305 1709 2653 1781 tlmsiensium
2673 1711 2902 1778 fratrum
2928 1709 3155 1779 epistOla
3183 1711 3253 1763 ad
3275 1709 3470 1764 Patres
3492 1712 3554 1764 in
3579 1712 3759 1781 synodo
3776 1709 3802 1763 1

2309 1778 2520 1852 Qtrensi
2553 1790 2892 1852 congregatos
2913 1778 3126 1850 propter
3172 1797 3347 1835 necem
3374 1781 3416 1833 Τ
3418 1778 3623 1847 homin,
3644 1780 3802 1852 Sancti

2240 1876 2241 1879 η
2316 1849 2545 1922 Victoris
2587 1849 2920 1905 Paris’iensis
2952 1849 3174 1921 prioris,
3215 1852 3279 1905 ab
3321 1852 3509 1922 impiis
3550 1851 3805 1905 crudeliter

2232 1952 2241 1958 ~
2299 1936 2480 1976 000381.

2573 2013 2795 2086 (ωηιξη,
2826 2014 3055 2083 Concil.,
3082 2014 3154 2083 Χ,
3178 2015 3284 2072 col.
3323 2016 3483 2086 975.)

2301 2104 2550 2160 Dominis
2576 2114 2632 2160 et
2656 2105 2918 2162 Pati-ibus
2942 2107 3000 2161 in
3049 2106 3275 2163 Christo
3326 2109 3800 2172 reverendissimis.

2230 2202 2676 2274 archiepiscopis,
2719 2205 3001 2274 episcopis
3028 2214 3084 2260 et
3117 2206 3335 2261 caeteris
3382 2207 3658 2278 religiosis
3697 2223 3799 2278 per-

2229 2296 2383 2351 sonis
2405 2296 2461 2350 in
2483 2304 2813 2365 praesentem
2841 2296 3029 2352 locum
3065 2297 3425 2354 defendendae
3460 2300 3684 2369 justitize
3700 2316 3800 2371 gra-

2230 2387 2304 2443 tia
2352 2389 2715 2460 congregatis,
2760 2386 2935 2455 lineo,
2991 2388 3524 2461 Gratianopolitana:
3577 2391 3800 2447 Ecclesia

2228 2490 2459 2538 vocatus
2505 2482 2819 2552 episcopus,
2885 2491 2942 2537 et
2997 2481 3095 2536 lilii
3147 2482 3291 2553 eius,
3347 2482 3795 2539 Cartbusiensium

2228 2589 2770 2645 pauperum.servus
2801 2572 3012 2629 inutilis
3037 2572 3233 2640 Ganeo,
3268 2584 3326 2630 et
3349 2575 3448 2644 qui
3482 2591 3664 2633 secum
3689 2584 3797 2629 sunt

2228 2668 2446 2734 fratres,
2476 2667 2687 2738 agenda
2727 2681 3081 2738 cognoscere,
3112 2667 3332 2738 cognita
3381 2667 3621 2723 viriliter
3645 2667 3791 2722 adin-

2227 2761 2377 2831 piere
2404 2775 2504 2830 per
2522 2758 2805 2815 Christum
2843 2758 3137 2814 Dominum
3161 2767 3437 2814 nostrum.

2297 2851 2459 2918 Quod
2509 2851 2763 2925 homines
2810 2865 3027 2915 sumus,
3056 2848 3125 2903 ad
3155 2858 3444 2917 naturam;
3477 2848 3624 2920 quod
3657 2846 3789 2918 justi,

2226 2943 2296 2999 ad
2325 2934 2616 3009 meritum;
2650 2943 2799 3013 quod
2834 2941 3102 3012 episcopi,
3134 2943 3222 2996 vel
3265 2942 3598 3013 presbyteri,
3622 2942 3699 2996 vel
3721 2956 3790 2994 ar-

2226 3032 2666 3099 cl:idiaeoni,vel
2690 3031 2899 3102 aliquid
2928 3031 3267 3102 huiusmodi,
3299 3032 3366 3087 ad
3387 3032 3789 3088 ecclesiasticum

537 3088 725 3196 ξαιοιςο
751 3088 903 3158 0⁸05
926 3092 1315 3196 ουυῑνξιΡίὶνίά
1336 3096 1505 3154 die“:
1541 3098 1852 3156 (Ῐαδιοάίεπδ
1874 3103 2124 3174 Ρανυηίοε
2151 3135 2197 3196 (ζ
2227 3126 2463 3196 pertinet
2486 3088 2746 3181 cilicium.
2779 3088 2851 3178 ln‘
2888 3088 3069 3194 primo
3110 3088 3426 3191 existimas,
3484 3124 3540 3179 in
3587 3122 3795 3179 secunde

535 3181 828 3247 Dominus;
885 3193 1049 3255 atque
1097 3185 1334 3258 idipsum
1381 3201 1638 3262 expertus
1678 3193 1734 3248 in
1770 3194 1953 3266 seipse
1994 3197 2127 3252 sub—

532 3272 760 3344 iunxit:
814 3274 1151 3332 Humiliatus
1205 3298 1325 3336 sum
1366 3292 1419 3336 et
1465 3283 1706 3341 liberavit
1746 3304 1847 3343 me.
1895 3286 2127 3345 Utamur

534 3367 809 3438 exemplo,
842 3367 888 3422 si
934 3369 1097 3424 simili
1129 3372 1384 3442 cupimus
1422 3376 1502 3431 uti
1544 3379 1803 3435 remedio.
1835 3379 2126 3439 Faciamus

2229 3221 2527 3285 salvamur,
2587 3219 2649 3273 in
2671 3217 2834 3274 tertio
2862 3216 3186 3288 providendi
3233 3216 3359 3272 aliis
3387 3231 3518 3288 qum
3545 3214 3789 3272 subtiliozs

2229 3322 2379 3378 sunt,
2399 3319 2727 3382 potestatem
2752 3309 3076 3381 accipimus.
3100 3308 3220 3365 Duo
3245 3324 3378 3380 ergo
3399 3309 3587 3380 priora
3611 3308 3672 3364 ad
3692 3320 3793 3369 nos,

2228 3405 2449 3460 tertium
2494 3403 2732 3459 refertur
2758 3402 2826 3458 ad
2875 3402 3177 3472 proximos.
3205 3400 3365 3468 Quod
3394 3404 3441 3458 si
3475 3401 3786 3458 manifestum

2010 3476 2128 3531 me“
2227 3496 2411 3563 fuerit,
2448 3496 2602 3555 iuxta
2654 3495 2788 3551 illud
2840 3494 3091 3551 ﬁculneae
3142 3494 3475 3564 evangelica:
3528 3492 3786 3563 exemplar,

536 3640 607 3696 de
627 3638 862 3696 Domino
889 3638 1017 3697 Jesu
1051 3644 1274 3701 Christo
1303 3666 1316 3702 :
1343 3647 1685 3719 Humiliavit,
1718 3653 1918 3724 inquit,
1938 3665 2127 3711 semet-

535 3733 733 3802 ipsum,
745 3735 921 3804 factus
936 3739 1178 3796 obediens
1197 3756 1359 3811 usque
1368 3741 1439 3795 ad
1452 3752 1693 3812 mortem,
1713 3754 1935 3803 mortem
1946 3757 2126 3804 auum

536 3827 733 3881 crucis.
756 3826 869 3886 Nec
889 3830 1192 3888 incassum.
1222 3832 1454 3904 Propter
1471 3836 1577 3893 hoc
1597 3837 1769 3907 enim,
1790 3839 1887 3907 ait,
1909 3849 1962 3895 et
1981 3840 2123 3897 Deus

533 3916 791 3974 exultavit
820 3920 1001 3990 illum,
1019 3933 1069 3979 et
1099 3925 1317 3983 donavit
1343 3926 1429 3983 illi
1459 3944 1667 3998 nomen,
1693 3932 1835 4003 quod
1863 3941 1943 3989 est
1968 3950 2126 4004 super

537 4023 692 4065 omne
715 4027 924 4089 nomen,
947 4024 1005 4068 ut
1033 4016 1088 4069 in
1118 4020 1328 4073 nomine
1350 4018 1480 4075 Iesu
1509 4037 1660 4078 omne
1688 4040 1821 4095 genu
1850 4026 2125 4094 ﬂectatur,

535 4101 848 4171 cmlestium,
880 4109 1229 4174 terrestrium,
1252 4119 1302 4164 et
1340 4112 1700 4181 infernarum;
1725 4124 1781 4170 et
1813 4119 1986 4174 omnis
2016 4119 2123 4173 lin-

535 4210 643 4264 gua
674 4196 994 4265 conﬁteatur
1029 4200 1168 4269 quod
1213 4200 1469 4257 Dominus
1497 4203 1655 4260 Iesus
1679 4205 1923 4264 Christus
1954 4219 2032 4265 est
2065 4212 2123 4265 in

538 4284 712 4355 gloria
742 4286 843 4342 Dei
877 4287 1083 4344 Patris.
1128 4290 1203 4351 Et
1241 4292 1372 4349 hinc
1398 4310 1617 4366 quoque
1642 4298 1728 4352 vel
1761 4301 2000 4357 maxime
2024 4318 2121 4357 su-

536 4392 757 4435 mamus
778 4381 1125 4450 exemplum,
1148 4385 1195 4438 si
1216 4385 1472 4443 ardemus
1500 4389 1893 4460 adpraamium.
1928 4393 2123 4451 Facias

530 4472 660 4525 mus
687 4471 835 4541 quod
862 4470 1011 4540 fecit,
1046 4482 1108 4529 ut
1135 4491 1433 4546 sequamur
1463 4496 1576 4550 quo
1597 4484 1894 4552 praecessit.
1930 4484 2117 4543 Secte-
2152 4475 2196 4531 Ι)

533 4577 663 4618 mur
701 4563 848 4619 viam
901 4573 1065 4621 tanta)
1120 4567 1475 4637 humilitatis,
1521 4581 1582 4627 nt
1620 4576 2006 4643 perveniamus
2049 4581 2119 4636 ad

533 4654 775 4724 gloriam.
789 4655 886 4712 Dei
908 4656 1108 4714 Patris.
1137 4657 1324 4714 Omnis
1344 4663 1483 4716 enim
1507 4666 1597 4734 qui
1622 4682 1677 4720 se
1702 4667 1951 4723 humiliat
1971 4672 2121 4726 exal-

533 4746 759 4814 tabitur,
784 4759 836 4803 et
864 4751 956 4820 qui
995 4766 1051 4805 se
1075 4750 1301 4819 exultat,
1337 4752 1729 4826 humiliabitur,
1764 4768 1995 4818 testante
2024 4778 2119 4819 e0-

532 4839 659 4895 dem
696 4839 931 4898 Domino
960 4851 1151 4900 nostro
1176 4842 1306 4901 Jesu
1334 4845 1577 4915 Christo,
1603 4851 1699 4921 qui
1728 4868 1852 4909 eum
1879 4854 2041 4911 Patre
2065 4866 2120 4912 et

534 4929 745 5001 Spiritu
784 4943 975 4990 saneto
1004 4936 1141 4992 vivit
1163 4946 1218 4993 et
1250 4948 1442 5011 regnat
1469 4939 1634 5009 Deus,
1664 4959 1764 5012 per
1788 4947 1971 5001 omnia
2009 4964 2117 5004 sae-

533 5023 660 5079 cula
695 5026 1044 5083 saeculorum.
1075 5031 1269 5085 Amen.
1314 5029 1856 5104 Omnipotentissima
1894 5039 2114 5096 miseri-

532 5113 743 5179 cordia,
773 5123 828 5169 et
859 5117 1375 5179 misericordissima
1416 5126 1812 5197 omnipotentia
1851 5129 1967 5198 Dei,
2000 5141 2115 5188 tam

532 5204 591 5258 in
635 5204 1035 5274 spiritualibus,
1073 5226 1241 5280 quam
1281 5215 1447 5270 etiam
1498 5220 1876 5288 corporalibus
1912 5226 2118 5293 praeliis

533 5293 704 5350 faciat
743 5310 842 5352 vos
868 5312 1084 5368 semper
1105 5312 1161 5356 et
1195 5302 1511 5364 felicissime
1547 5326 1790 5383 pugnare
1825 5324 1880 5370 et
1912 5317 2116 5388 glorio-

535 5386 758 5445 sissime
786 5387 1140 5459 triumphare.
1167 5391 1432 5473 Optamus
1450 5415 1549 5457 vos
1574 5402 1713 5459 bene
1740 5386 1940 5475 valere,
1972 5417 2029 5464 et
2054 5410 2111 5465 in

532 5479 709 5536 sacris
734 5494 859 5550 quae
904 5483 1134 5537 tuemini
1168 5484 1327 5553 locis,
1375 5492 1572 5560 nostri,
1616 5511 1740 5552 eum
1779 5501 1968 5567 oratis,
1998 5518 2113 5558 me-

535 5572 773 5627 moriam
819 5568 1043 5642 habere,
1096 5575 1413 5635 charissimi
1455 5592 1511 5638 et
1549 5594 2013 5663 praestantissimi,
2058 5606 2114 5651 et

533 5660 745 5752 meritis
788 5661 1152 5735 insignissimi
1194 5665 1413 5726 fratres.
1455 5672 1564 5731 Has
1606 5678 1814 5737 litteras
1849 5694 1949 5752 per
1970 5660 2110 5743 duos

530 5745 781 5806 diversos
808 5755 1027 5812 nuntios
1047 5757 1477 5834 transmisimus,
1501 5782 1569 5823 ne
1593 5783 1700 5838 quo
1723 5745 2109 5840 impedimento

2227 3604 2351 3659 quae
2384 3588 2571 3644 tandiu
2608 3596 2922 3658 exspectata
2946 3587 3189 3643 fructum
3221 3601 3332 3642 non
3356 3588 3564 3653 attulit,
3586 3585 3787 3642 cﬁcium

2227 3697 2329 3737 nos
2350 3678 2616 3736 inutiliter
2643 3680 2847 3735 habere
2871 3688 3215 3750 susceptum,
3245 3679 3396 3734 nulla
3443 3680 3599 3750 justa
3639 3677 3787 3734 curia

2226 3788 2293 3829 eo
2320 3773 2696 3842 relinquamur
2719 3766 3026 3827 remanebit
3050 3765 3293 3826 occasio.
3322 3770 3471 3838 Quid
3494 3788 3623 3843 ergo
3637 3770 3678 3826 si
3698 3784 3784 3823 non

2226 3864 2404 3921 solum
2453 3864 2674 3919 inutiles
2716 3862 2997 3928 Ecclesiae,
3029 3862 3123 3917 sed
3169 3862 3340 3919 etiam
3382 3862 3687 3933 perniciosi,
3715 3860 3782 3914 vel

2225 3955 2407 4012 verbis
2437 3955 2522 4011 vel
2546 3954 2814 4024 exemplis
2835 3952 3253 4009 exstiterimus?
3280 3951 3479 4010 Nonne
3504 3969 3610 4010 non
3635 3952 3782 4010 solum

2225 4047 2409 4119 dejiei,
2454 4047 2550 4103 sed
2600 4046 2766 4102 etiam
2821 4044 2973 4116 digni
3003 4059 3200 4100 sumus
3246 4044 3470 4115 puniri?
3502 4045 3613 4101 Etsi
3646 4044 3783 4115 igitur

2223 4141 2371 4197 beati
2405 4139 2654 4207 Thomze,
2689 4149 2743 4194 et
2783 4148 3108 4194 ceterorum
3159 4137 3255 4208 qui
3297 4146 3550 4194 recenter
3592 4137 3702 4193 lotis
3736 4134 3779 4187 in

2226 4233 2499 4307 sanguine
2522 4232 2660 4303 Agni
2709 4232 2875 4287 stolis
2902 4224 3018 4286 suis
3042 4230 3111 4286 ad
3140 4231 3386 4287 cmlestia
3419 4232 3781 4304 demigrarunt.

2224 4327 2279 4381 in
2300 4334 2595 4396 conspectu
2622 4323 2836 4379 Domini
2858 4338 3009 4377 mors
3034 4323 3274 4392 pretiosa
3306 4323 3587 4380 mundana
3609 4321 3779 4377 ultione

2225 4432 2334 4472 non
2383 4424 2560 4487 egeat,
2586 4424 2770 4470 tamen
2816 4414 2869 4469 si
2917 4412 3226 4468 Ecclesiam
3276 4412 3402 4480 Dei,
3429 4414 3551 4469 sine
3580 4428 3675 4484 qua
3697 4424 3776 4464 nec

2222 4510 2454 4580 publica;
2486 4524 2574 4563 res
2604 4508 2767 4563 salvm
2796 4515 2927 4562 sunt
2952 4522 3056 4562 nec
3081 4506 3328 4577 privatae,
3352 4507 3588 4562 utilitate
3627 4507 3775 4560 careat

2221 4599 2543 4669 disciplinae,
2574 4606 2836 4667 rogamus
2863 4595 3139 4666 supplices
3167 4604 3224 4651 et
3262 4596 3633 4662 obsecramus,
3661 4606 3773 4663 φωρ

2220 4700 2381 4745 tenus
2427 4697 2709 4744 armatura
2756 4687 2879 4743 fidei
2908 4687 3162 4758 protecti,
3207 4694 3264 4743 et
3300 4687 3643 4743 rectitudinis
3678 4683 3773 4737 zelo

2220 4781 2493 4846 succensi,
2517 4791 2570 4835 et
2605 4769 2923 4835 sanctorum
2972 4776 3162 4843 Mosi‘s,
3188 4778 3445 4844 Phinees,
3477 4774 3767 4834 Mathetbim.

2221 4874 2506 4928 beatorum
2530 4887 2752 4943 quoque
2778 4871 3157 4940 apostolorum
3192 4870 3340 4926 Petri
3361 4880 3417 4926 et
3437 4870 3590 4926 Pauli
3614 4867 3774 4923 adver-

2222 4981 2317 5020 sus
2343 4964 2644 5031 Simonem,
2664 4963 2932 5017 Ananiam
2954 4971 3009 5018 et
3026 4962 3252 5034 Barjesu
3274 4964 3361 5034 pie
3375 4960 3763 5021 desmvicntium.

2221 5057 2568 5128 maximeque
2615 5056 2789 5126 ipsius
2836 5054 3055 5110 Domini
3122 5056 3438 5113 venditores
3482 5057 3551 5112 de
3596 5048 3765 5121 templo

2219 5148 2475 5205 ctedendo
2503 5147 2901 5218 proturbantis,
2926 5147 3194 5216 exemplis
3218 5147 3465 5213 animati,
3492 5148 3550 5203 in
3578 5142 3765 5202 sacrile-

2219 5253 2314 5309 gos
2338 5236 2641 5292 homicidas
2661 5235 3020 5292 ecclesiastici
3042 5236 3242 5307 rigoris
3269 5236 3539 5307 intrepide
3559 5235 3760 5308 gladium

2217 5327 2551 5398 producatis,
2608 5342 2835 5397 eosque,
2885 5327 2935 5382 si
2962 5326 3078 5382 ﬁeri
3108 5335 3308 5396 potest,
3336 5328 3589 5383 omnibus
3605 5336 3760 5382 sach

2220 5432 2342 5471 rum
2373 5416 2566 5472 oﬂiciis
2601 5416 2828 5487 privetis
2877 5425 2932 5472 et
2979 5416 3287 5484 beneficiis,
3319 5427 3593 5487 quatenus
3612 5412 3762 5472 omnis

2216 5505 2380 5562 Israel
2407 5506 2637 5563 audiens
2664 5507 2877 5575 timeat,
2905 5515 2963 5562 et
2982 5523 3329 5577 nequaquam
3363 5509 3505 5564 ultra
3527 5505 3759 5579 quispiam

2216 5597 2383 5654 faciat
2435 5598 2633 5655 simile.
2680 5598 2787 5670 ipsi
2834 5600 2978 5655 enim
3011 5600 3186 5671 magis
3206 5617 3372 5671 quam
3410 5596 3753 5663 homicidam

2216 5703 2452 5758 quorum
2497 5697 2756 5744 cruentas
2779 5689 3176 5773 delicias,vota
3203 5690 3542 5761 complenda,
3570 5698 3618 5744 et
3654 5683 3754 5773 odia

2218 5778 2488 5849 satianda,
2521 5789 2840 5837 sanctorum
2871 5788 2998 5837 sunt
3016 5772 3255 5852 corpora
3300 5780 3523 5835 laniata.
3548 5778 3641 5846 Qui
3666 5772 3754 5830 nisi
