3992 6400
128 374 279 431 .ωι

1563 365 1613 420 Μ
1620 365 1820 420 EDITA
1828 364 2097 422 TlONES.

3362 357 3496 419 ΕΒ·

170 500 361 547 tanta:
387 489 647 561 nequitia:
675 488 789 544 non
819 487 999 550 solum
1049 485 1231 541 fructu
1267 482 1566 550 caruerint,
1588 484 1685 539 sed
1724 492 1781 538 et
1810 491 1856 550 Α
1885 481 2218 554 profundite.
2243 479 2445 535 lterum
2470 477 2663 534 valete.
2687 473 2987 546 Participcs
3013 486 3114 530 nos
3134 470 3305 543 faciat
3326 470 3476 527 Deus

169 598 409 655 pinnam
432 582 726 650 senserint,
755 581 1013 637 omnibus
1047 580 1190 651 apud
1218 592 1322 634 nos
1333 576 1562 649 iustitia:
1589 575 1779 631 defen-

168 677 411 735 soribus
456 675 658 733 similia
707 681 839 732 sunt
891 672 1205 729 metuenda.
1249 670 1460 726 Valete.
1481 667 1647 724 Orate
1676 683 1783 738 pro

171 768 371 834 nobis,
388 775 466 836 et,
484 767 660 823 sacris
683 764 910 822 elevatis
930 763 1141 820 dextris
1167 758 1332 833 super
1355 770 1566 831 partem
1587 756 1779 813 mundi

171 858 232 912 in
265 874 387 930 qua
422 858 516 915 siti
545 872 761 923 sumus,
794 854 1229 912 benedictionem
1260 860 1316 907 et
1339 850 1779 907 obsecrationem

1886 582 2202 630 sanctorum
2233 585 2462 642 operum
2498 579 2825 637 vestrorum,
2874 574 3154 640 gestorum
3184 571 3238 620 et
3279 578 3472 633 geren-

1885 664 2105 718 dorum.
2155 661 2344 717 Valete
2383 660 2548 716 tertio
2597 675 2725 716 cum
2768 655 3084 715 reverendis
3131 651 3481 724 principibus.

1887 754 2135 811 Blesensi
2162 763 2217 810 et
2237 752 2583 809 Nivernensi.

185 1001 1978 1044 ψ

1394 1155 2270 1308 απιαοιπιε

934 1411 1230 1471 MAJORIS
1265 1407 1693 1468 CARTHUSIAQ
1727 1402 2010 1462 PRIORIS
2045 1400 2439 1460 GENERALIS
2476 1396 2717 1469 QUINTI

1095 1606 1100 1611 '
1188 1584 2430 1720 MEDITATIONES.

950 1832 1305 1911 (Bibliotheca
1357 1831 1583 1887 Patrum
1632 1806 1919 1898 Lagum,
1960 1831 2094 1879 tom.
2127 1821 2309 1888 xxn,
2350 1836 2474 1892 pag.
2518 1819 2700 1893 1164.)

604 2118 1010 2179 CAPITULUM
1047 2117 1344 2175 PRIMUM.

172 2221 251 2277 De
270 2220 503 2276 ueritate
529 2224 582 2273 et
609 2232 757 2286 pace,
790 2223 840 2269 et
875 2214 1138 2286 quomodo
1173 2228 1268 2283 per
1292 2210 1464 2266 solam
1500 2210 1777 2269 veritatem
1811 2269 1821 2275 ς

783 2300 894 2355 paa:
922 2285 1159 2339 habetur.

246 2402 472 2459 Veritas
495 2364 749 2472 ponenda
767 2407 853 2455 est
879 2399 938 2454 in
968 2398 1174 2465 medio,
1193 2405 1459 2466 tanquam
1482 2394 1779 2465 pulchrum
1804 2452 1813 2455 _

173 2492 430 2566 aliquod.
471 2488 586 2546 Nec
621 2489 838 2560 iudices
882 2488 934 2549 si
985 2488 1113 2559 quis
1155 2502 1280 2542 eam
1340 2485 1622 2551 abhorret,
1681 2483 1780 2539 sed

173 2593 514 2656 compatere.
547 2580 632 2637 Tu
668 2595 802 2638 vero
847 2594 975 2635 cum
1005 2578 1075 2635 ad
1109 2592 1232 2633 eam
1262 2575 1449 2631 venire
1471 2573 1774 2640 desideres,
1804 2602 1809 2609 ε

176 2693 276 2735 cur
301 2674 532 2746 respuis
553 2688 698 2740 eam,
720 2686 848 2727 cum
873 2670 941 2726 de
970 2668 1083 2725 tuis
1104 2668 1253 2725 vitiis
1279 2665 1622 2736 increparis?
1646 2664 1779 2720 Vide

178 2774 398 2839 quanta
430 2763 675 2835 patiatur
703 2759 925 2818 veritas.
958 2758 1170 2814 Dicitur
1211 2758 1432 2814 ebrioso
1467 2775 1480 2811 :
1513 2757 1780 2813 Ebriosus
1806 2818 1813 2825 ,

174 2875 235 2917 es
257 2878 274 2927 ;
296 2857 615 2925 luxurioso,
653 2853 893 2926 superbo
930 2852 1320 2924 linguosoque,
1362 2850 1634 2906 similiter.
1664 2847 1779 2904 lloc

177 2961 362 3007 autem
389 2965 584 3006 verum
610 2955 715 3005 est.
752 2945 1043 3003 lnsaniunt
1071 2952 1259 2999 tamen
1289 2943 1368 2998 illi
1406 2942 1679 3013 protinus,
1724 2950 1780 2996 et

175 3044 470 3100 veritatem
499 3042 558 3097 in
582 3055 685 3096 suo
709 3038 1071 3110 praedicatum
1106 3044 1515 3107 persequuntur
1539 3043 1595 3090 et
1624 3033 1778 3089 occi-
1808 3082 1811 3085 η

178 3135 335 3191 dunt.
365 3132 506 3189 Vide
528 3140 796 3203 quantum
832 3131 1141 3186 honoratur
1164 3127 1537 3184 mendacium.
1567 3126 1781 3182 Dicitur

176 3226 439 3298 pessimis
459 3234 514 3281 et
539 3224 805 3281 vitiorum
838 3222 1089 3279 omnium
1118 3222 1293 3277 servis
1331 3220 1507 3276 :Boni
1545 3219 1776 3275 domini.

178 3320 500 3387 Placantur,
532 3319 773 3390 gaudent
791 3324 847 3373 et
883 3315 1234 3373 mendacium
1265 3314 1447 3384 ipsum
1491 3313 1548 3368 in
1584 3313 1660 3368 ita
1700 3312 1780 3367 io-

178 3422 391 3484 quente
422 3418 781 3468 venerantur.

1806 2123 1851 2178 B
1875 2111 2080 2183 pateris
2109 2109 2182 2177 ei,
2208 2118 2304 2166 aut
2324 2124 2437 2165 non
2469 2124 2596 2166 eum
2618 2110 2823 2183 diligis,
2869 2118 2966 2167 aut
3003 2113 3056 2169 id
3092 2116 3240 2185 quod
3268 2119 3478 2188 spernit

1883 2202 1991 2258 vile
2023 2201 2202 2269 ducis,
2230 2210 2494 2272 tanquam
2525 2201 2572 2256 si
2596 2210 2821 2272 respuat
2842 2218 2985 2274 aeger
3012 2205 3286 2262 salubrem
3301 2209 3477 2264 medri-

1880 2296 2085 2352 cinam.

1953 2388 2250 2445 Veritatem
2280 2388 2399 2442 sine
2438 2387 2546 2443 fine
2573 2404 2679 2457 pax
2726 2390 2976 2459 sequitur
3012 2393 3321 2449 communis
3350 2410 3478 2451 cum

1879 2481 2125 2553 angelis;
2162 2480 2527 2545 mendacium,
2554 2479 2709 2534 labor
2737 2488 2793 2535 et
2812 2479 2990 2546 dolor,
3014 2483 3328 2539 communis
3350 2500 3478 2539 cum

1879 2575 2117 2631 diabolo.
2163 2571 2284 2629 Non
2341 2570 2657 2635 defenditur
2706 2573 2934 2641 veritas,
2964 2574 3061 2631 sed
3102 2583 3161 2631 tu
3202 2576 3295 2632 illa
3335 2577 3481 2632 indi-

1880 2683 1993 2739 ges.

1949 2760 2153 2814 Amata
2188 2767 2244 2814 et
2277 2758 2526 2814 insuavis
2569 2766 2656 2813 est
2696 2757 2901 2814 veritas
2943 2759 3130 2830 generi
3167 2745 3265 2816 tuo
3312 2761 3510 2817 nimis.

1878 2850 2055 2916 valde,
2081 2866 2191 2906 non
2222 2865 2345 2918 suo,
2371 2851 2467 2907 sed
2492 2865 2687 2906 eorum
2730 2851 2894 2918 vitio;
2919 2851 3065 2908 sicut
3109 2854 3204 2909 lux
3241 2853 3481 2925 fulgens,

1880 2942 2116 2997 infirmis
2144 2941 2340 2999 oculis.
2372 2941 2506 2998 Vide
2528 2958 2661 3013 ergo
2695 2959 2762 2998 ne
2787 2952 2844 2998 tu
2868 2959 2989 2998 eam
3024 2944 3356 3015 amariorem
3389 2944 3475 3000 fa-

1880 3034 2016 3101 cias,
2049 3022 2180 3090 dum
2217 3050 2329 3090 non
2361 3050 2484 3090 eam
2515 3036 2661 3091 sicut
2696 3035 2863 3092 debes
2891 3035 3053 3104 dicis,
3084 3038 3138 3092 id
3172 3046 3258 3092 est
3293 3038 3479 3093 chari-

1883 3134 2024 3207 tate;
2072 3127 2215 3182 sicut
2247 3127 2395 3182 enim
2445 3128 2571 3198 pius
2627 3127 2895 3196 medicus,
2946 3129 3042 3199 qui
3089 3131 3368 3186 salubrem
3422 3143 3480 3187 et

1881 3236 2128 3274 amaram
2151 3236 2297 3292 aegro
2323 3221 2416 3276 dat
2443 3220 2744 3291 potionem,
2776 3222 2899 3276 linit
2924 3238 3078 3278 oram
3105 3224 3255 3301 vasis
3292 3225 3472 3291 melle,

1884 3319 1944 3364 ut
1978 3310 2128 3381 quod
2177 3310 2329 3380 (dum
2371 3319 2456 3366 est
2500 3310 2683 3383 dulce)
2724 3312 2958 3369 libenter
3004 3314 3266 3381 sumitur,
3308 3314 3476 3370 etiam

1882 3401 2032 3472 quod
2059 3401 2280 3457 salubre
2309 3410 2413 3467 cst,
2440 3401 2594 3457 hiatu
2616 3399 2777 3458 facile
2798 3403 3067 3474 capiatur.
3091 3403 3362 3461 Prodesse
3384 3421 3479 3459 au-
3508 3471 3512 3476 Δ

251 3503 393 3560 Sine
425 3509 653 3574 aspectu
681 3508 737 3557 et
758 3500 977 3568 decore,
1004 3497 1269 3569 erucique
1305 3494 1464 3551 allisa
1500 3491 1780 3550 adoranda
1808 3514 1851 3570 ο
1882 3504 1992 3549 tem
2026 3492 2343 3551 hominibus
2375 3502 2532 3549 tuum
2566 3494 2806 3577 ollicium
2832 3504 3029 3550 totum.

181 3603 267 3652 est
289 3594 524 3651 veritas.
1634 3648 1637 3651 λ

246 3687 472 3755 Quanto
489 3699 724 3757 quaeque
737 3690 991 3739 creatura
1019 3680 1259 3738 nobilior
1286 3688 1369 3737 est
1389 3688 1446 3735 et
1473 3678 1774 3749 potentior,
1799 3740 1805 3746 ,

182 3787 329 3836 tanto
360 3778 631 3837 libentius
658 3776 912 3834 subditur
940 3774 1188 3842 veritati;
1219 3773 1331 3830 imo
1351 3773 1483 3829 hinc
1504 3782 1702 3844 potens
1724 3781 1780 3828 et

182 3872 405 3937 nobilis,
428 3871 559 3941 quia
588 3868 845 3925 subditur
865 3867 939 3923 ei.

248 3962 513 4034 Pungunt
534 3960 880 4031 temporalia,
911 3975 1014 4017 cur
1038 3974 1150 4015 non
1172 3957 1319 4030 fugis
1347 3957 1416 4014 ad
1446 3957 1577 4026 alia,
1606 3956 1663 4012 id
1691 3964 1779 4014 est

185 4055 251 4110 ad
278 4053 607 4111 veritatem?

253 4144 385 4202 ldco
407 4145 554 4200 ultra
578 4144 765 4200 omnia
787 4144 1020 4200 adversa
1049 4158 1238 4199 amara
1256 4150 1344 4199 est
1369 4142 1530 4197 nobis
1551 4141 1777 4209 veritas,

185 4238 308 4308 quia
331 4237 569 4309 singula:
595 4235 983 4303 adversitates,
1033 4235 1280 4307 singulas
1314 4244 1411 4290 aut
1452 4235 1639 4305 plures
1679 4250 1780 4305 op—

184 4336 429 4401 pugnant
455 4328 786 4400 voluptates.
820 4326 1036 4383 Veritas
1064 4335 1248 4382 autem
1274 4328 1442 4382 simul
1464 4343 1658 4383 onines
1681 4342 1775 4383 ca--

184 4420 502 4476 lumniatur.
1236 4490 1239 4495 η

248 4511 305 4567 Si
347 4512 566 4568 colores
595 4527 813 4579 omnes,
834 4520 889 4567 et
915 4520 1112 4568 caetera
1135 4528 1262 4584 qua!
1306 4529 1405 4584 per
1439 4514 1633 4570 oculos
1680 4530 1777 4568 ex-

183 4602 346 4671 periri
367 4613 604 4673 possunt
641 4619 795 4660 esses
821 4612 1103 4675 expertus,
1135 4613 1230 4660 aut
1250 4605 1321 4659 ab
1352 4605 1477 4661 aliis
1521 4606 1777 4661 sensibus

183 4694 431 4765 corporis
461 4695 541 4750 sis
563 4707 844 4765 expertus,
870 4696 919 4753 si
955 4708 1209 4753 rumores
1234 4714 1427 4754 omnes
1457 4709 1551 4753 aut
1579 4700 1777 4754 recita-

184 4800 288 4853 res,
314 4796 413 4843 aut
441 4787 685 4855 audires,
707 4804 834 4859 qua:
858 4789 1106 4845 utilitas?
1132 4789 1225 4846 Sic
1246 4806 1348 4845 nec
1368 4790 1423 4844 in
1454 4792 1624 4848 tantis
1654 4808 1777 4863 quae

188 4887 452 4946 expertus
473 4892 536 4934 es
561 4877 648 4932 vel
667 4877 895 4951 audisti.

248 4965 537 5024 Neminem
565 4969 751 5026 odisse
778 4978 959 5041 potes,
986 4971 1096 5027 nisi
1147 4979 1239 5027 tua
1288 4971 1597 5043 iniquitate.
1631 4974 1771 5031 Nam

184 5059 341 5115 etiam
366 5061 575 5130 iniquis
597 5069 789 5131 optare
813 5062 1044 5131 bonum,
1066 5072 1387 5120 sanctorum
1416 5074 1521 5121 est.
1564 5065 1776 5123 Verita-

184 5156 287 5204 tem
310 5158 528 5206 tantum
552 5159 608 5206 et
632 5166 847 5223 pacem,
882 5164 1009 5223 quas
1063 5169 1133 5210 ex
1178 5171 1245 5211 ea
1288 5157 1552 5227 procedit,
1587 5173 1775 5214 amare

188 5249 419 5310 oportet.

251 5331 500 5388 Minister
530 5335 780 5393 veritatis
806 5348 952 5394 amet
973 5339 1120 5410 quod
1147 5340 1444 5409 ministrat,
1466 5350 1520 5397 et
1544 5344 1633 5398 cui
1663 5344 1783 5398 mi-'

187 5423 469 5480 nistratur.
499 5423 589 5492 Et,
616 5442 744 5482 cum
783 5428 1022 5499 idipsum
1048 5430 1118 5485 ab
1145 5431 1254 5487 alio
1276 5433 1622 5489 ministratur
1644 5434 1771 5500 sibi,

186 5530 307 5571 cum
337 5516 645 5588 gratiarum
671 5520 888 5576 actione
909 5522 1194 5593 suscipiat,
1233 5532 1495 5596 tauquam
1530 5526 1584 5580 id
1625 5527 1771 5597 quod

185 5617 346 5665 amat.

251 5696 510 5758 Charitas
529 5701 603 5757 sit
622 5702 722 5758 tibi
750 5718 918 5761 causa
940 5704 1157 5761 dicendi
1178 5707 1485 5777 veritatem,
1506 5720 1767 5782 tanquam

189 5788 457 5850 medendi.
487 5790 647 5863 Quod
673 5793 873 5868 siquis
897 5796 1066 5855 etiam
1096 5812 1210 5855 non
1239 5800 1449 5871 recipit,
1492 5810 1584 5857 aut
1619 5818 1769 5860 com-

1953 3584 2013 3640 Si
2035 3586 2175 3643 dicis
2196 3587 2484 3643 veritatem
2515 3602 2627 3642 non
2659 3574 2849 3644 amore
2895 3588 3160 3656 veritatis,
3190 3568 3293 3646 sed.
3326 3590 3479 3646 desi-

1879 3678 2033 3734 derio
2054 3679 2300 3747 lazdendi,
2319 3681 2510 3748 alium,
2540 3697 2652 3737 non
2685 3682 2972 3752 praemium
3013 3683 3250 3739 dicentis
3272 3684 3475 3738 verita-

1881 3780 2011 3838 tem,
2038 3772 2130 3828 sed
2152 3787 2369 3842 poenam
2400 3774 2785 3829 conviciatoris
2816 3775 3148 3844 assequeris.
3508 3766 3511 3769 ’

1953 3866 2087 3923 Vide
2105 3877 2374 3939 quantum
2397 3867 2648 3937 supplicii
2669 3883 2940 3938 passurus
2960 3883 3041 3935 es,
3065 3883 3191 3923 cum
3221 3868 3317 3922 lux
3346 3882 3475 3923 vera

1880 3957 2119 4031 perfecte
2139 3958 2442 4014 ostenderit
2471 3968 2522 4014 te
2551 3959 2649 4014 tibi
2673 3977 2689 4027 ;
2723 3960 2771 4015 si
2796 3963 3013 4015 tantum
3056 3960 3358 4027 cruciatur,
3385 3961 3475 4014 cui

1881 4066 1994 4106 uno
2022 4051 2190 4106 verbo
2212 4051 2419 4122 aliquid
2455 4050 2729 4106 malorum
2760 4066 2990 4107 suorum
3013 4051 3281 4108 ostendis.
3319 4050 3477 4108 Tunc

1879 4144 2027 4199 enim
2059 4144 2324 4214 patebunt
2346 4143 2577 4199 consilia
2608 4144 2881 4200 eordium.

1950 4236 2259 4309 quualiter
2282 4252 2479 4309 peccas
2506 4250 2634 4293 cum
2655 4237 2743 4293 vel
2765 4238 2938 4294 alium
2972 4238 3270 4310 vituperas,
3293 4238 3381 4294 vel
3406 4239 3476 4295 ab

1880 4328 1988 4383 alio
2014 4328 2347 4400 vituperaris
2369 4345 2385 4396 ;
2411 4328 2468 4382 in
2489 4336 2728 4399 utroque
2758 4328 2909 4385 enim
2940 4329 3228 4386 veritatem
3251 4336 3348 4385 aut
3375 4344 3485 4400 pro-

1878 4421 2026 4487 male
2058 4421 2279 4492 recipis,
2306 4429 2403 4476 aut
2430 4436 2531 4491 pro
2556 4422 2702 4485 malo
2723 4422 2959 4493 irrogas.
2983 4420 3091 4490 Qui
3125 4434 3259 4494 ergo
3288 4430 3345 4477 te
3373 4422 3485 4478 lla-

1872 4513 2080 4583 gellare
2102 4512 2355 4579 voluerit,
2387 4512 2559 4568 vitam
2593 4524 2768 4579 tuam,
2800 4512 2854 4568 id
2885 4520 2972 4568 est
2999 4512 3291 4568 veritatem
3332 4512 3477 4567 arri-

1877 4604 1993 4677 piat
2016 4624 2031 4672 ;
2054 4621 2151 4676 per
2181 4605 2330 4660 illam
2359 4613 2411 4660 te
2441 4605 2615 4663 caedat
2640 4612 2695 4661 et
2719 4605 2948 4661 cruciet.

1951 4697 2168 4753 Veritas
2201 4706 2289 4754 est
2313 4698 2424 4752 vita
2447 4706 2502 4752 et
2528 4697 2681 4753 salus
2706 4704 2932 4752 interna.
2961 4694 3137 4752 Debes
3163 4708 3296 4765 ergo
3319 4709 3476 4750 σοπη-

1878 4788 1991 4858 pati
2028 4789 2079 4844 ei
2109 4789 2199 4846 cui
2222 4789 2493 4861 displicet.
2519 4787 2577 4843 ln
2613 4796 2828 4844 tantum
2855 4787 3001 4843 enim
3027 4795 3111 4843 est
3132 4793 3387 4843 mortuus
3420 4795 3483 4842 et

1813 4883 1856 4937 D
1884 4880 2143 4950 perditus.
2173 4879 2255 4934 Tu
2283 4889 2467 4936 autem
2489 4896 2784 4951 pervorsus
2806 4893 2918 4933 non
2943 4878 2993 4933 ei
3037 4877 3251 4943 diceres
3273 4876 3480 4932 verita-

1879 4981 2011 5039 tem,
2036 4972 2143 5027 nisi
2166 4980 2392 5043 putares
2416 4988 2661 5028 amaram
2691 4971 2770 5025 illi
2795 4985 2919 5026 esse
2953 4978 3120 5040 atque
3155 4967 3483 5024 intolerabi-

1880 5066 2007 5120 lcm.
2038 5062 2119 5118 Ex
2147 5072 2198 5120 te
2227 5054 2376 5119 enim
2411 5064 2622 5119 metiris
2652 5062 2806 5118 alios.
2858 5059 2968 5117 Sed
3013 5061 3120 5118 hoc
3170 5062 3477 5134 pessimum

1879 5164 1964 5212 est
1990 5157 2212 5227 quando
2242 5164 2305 5212 ut
2344 5158 2563 5228 placeas
2604 5155 2945 5223 hominibus,
2984 5156 3124 5213 dicis
3158 5156 3481 5221 veritatem,

1880 5264 2048 5320 quam
2082 5249 2318 5319 diligunt
2361 5258 2417 5305 et
2456 5250 2729 5305 mirantur
2762 5249 2907 5305 sicut
2938 5250 3152 5306 diceres
3187 5248 3475 5304 mendacia

1881 5350 1975 5396 aut
1999 5342 2360 5398 adulationes.
2399 5340 2520 5398 Non
2545 5358 2677 5415 ergo
2702 5343 2786 5399 vel
2812 5342 2949 5413 quia.
2962 5341 3218 5413 displicet
3240 5342 3324 5396 vel
3344 5340 3477 5411 quia

1878 5435 2074 5505 placet,
2103 5433 2334 5490 dicenda
2362 5442 2448 5490 est
2494 5435 2720 5503 veritas,
2770 5435 2869 5491 sed
2905 5443 2968 5490 ut
3002 5434 3195 5506 prosit.
3251 5429 3473 5488 Silsnda

1877 5538 1962 5583 est
2010 5537 2196 5582 autem
2245 5536 2460 5583 tantum
2510 5545 2578 5586 ne
2613 5537 2848 5609 noceat,
2891 5526 3037 5585 sicut
3089 5527 3184 5581 lux
3238 5522 3477 5580 infirmis

1875 5620 2072 5678 oculis.
3138 5636 3141 5639 λ

1945 5712 2131 5781 Panis,
2159 5714 2212 5773 id
2255 5723 2340 5774 est
2374 5714 2603 5783 veritas,
2629 5713 2922 5771 conﬁrmat
2968 5726 3067 5769 cor
3110 5706 3355 5767 hominis
3401 5721 3475 5763 ne

1873 5809 2196 5865 succumbat
2222 5826 2510 5881 corporum
2540 5807 2753 5865 formis.
3112 5826 3124 5834 ί
