3992 6404
535 357 642 414 603

607 472 838 538 Beatus,
891 471 1054 543 cuius
1101 486 1260 534 mens
1307 469 1652 527 solummodo
1713 469 2028 541 cognitione
2068 478 2124 525 et
2153 473 2199 534 Α

533 577 722 618 amore
755 561 1004 618 veritatis
1027 571 1277 618 movetur
1307 561 1423 616 sive
1457 559 1711 624 allicitur,
1749 574 1952 630 corpus
1988 573 2122 614 vero

529 655 605 711 ab
635 654 756 725 ipsa
791 653 1175 710 tantummodo
1206 661 1405 707 mente.
1437 651 1513 706 Ita
1555 652 1706 706 enim
1745 659 1801 706 et
1847 664 2052 721 corpus
2088 665 2122 706 a

531 747 651 803 sola
675 745 906 802 veritate
930 755 1198 802 movetur.
1227 743 1286 798 Si
1307 745 1456 798 enim
1495 743 1683 799 nullus
1704 743 1760 798 in
1794 752 1978 799 mente
1999 757 2121 798 mo-

533 847 626 893 tus
667 837 779 894 nisi
819 835 1318 902 veritatis,~nullus
1369 835 1426 890 in
1475 849 1705 904 corpore
1745 833 1854 890 nisi
1889 832 2120 899 mentis,

531 931 719 987 nullus
745 943 964 1002 quoque
991 927 1048 982 in
1073 940 1305 996 corpore
1335 933 1485 982 esset
1508 925 1618 981 nisi
1644 925 1918 992 veritatis,
1950 924 2006 981 id
2035 930 2122 981 est

533 1019 654 1076 Dei.

601 1132 831 1203 Propter
859 1145 1048 1202 pacem
1079 1127 1218 1186 facis
1251 1130 1459 1198 omnia,
1489 1129 1558 1185 ad
1593 1145 1762 1200 quam
1783 1128 1887 1185 iter
1913 1136 1996 1184 est
2027 1142 2126 1198 per

529 1225 706 1280 solam
734 1223 1048 1289 veritatem;
1087 1238 1212 1292 qua!
1253 1231 1338 1278 est
1379 1223 1728 1278 adversarius
1768 1230 1897 1278 tuus
1937 1221 1996 1275 in
2021 1220 2126 1276 hac

529 1315 660 1370 vita.
684 1314 826 1386 Ergo
845 1323 941 1370 aut
963 1313 1113 1369 illam
1138 1313 1260 1382 tibi,
1284 1322 1381 1370 aut
1399 1322 1451 1369 te
1471 1313 1548 1368 illi
1575 1313 1804 1384 subiice.
1833 1310 1954 1368 Non
1977 1311 2125 1368 enim

521 1405 679 1461 aliud
705 1405 806 1462 tibi
835 1414 1028 1463 restat.
1393 1391 1399 1397 ’

595 1517 914 1576 Adversitas
965 1528 1154 1576 monet
1197 1535 1387 1590 pacem
1433 1517 1766 1574 desiderare.
1816 1518 1900 1573 Tu
1943 1527 2126 1573 autem

524 1619 765 1666 emeatus
785 1611 841 1667 id
866 1611 1149 1667 desideras
1177 1611 1350 1682 quod,
1378 1611 1511 1666 dum
1543 1625 1698 1666 amas
1727 1618 1892 1680 atque
1919 1608 2126 1665 diside-

526 1719 640 1771 ras,
672 1703 1009 1774 impossibile
1038 1703 1264 1759 omnino
1285 1712 1371 1760 est
1395 1711 1448 1759 te
1468 1718 1668 1774 pacem-
1688 1703 1908 1758 habere.

599 1817 712 1874 Cur
742 1820 894 1889 rapis
923 1820 978 1875 in
1015 1829 1069 1874 te
1097 1819 1151 1874 id
1173 1819 1323 1890 quod
1349 1819 1406 1874 in
1437 1819 1546 1875 alio
1568 1819 1642 1874 ita
1662 1819 1932 1890 displicet,
1970 1818 2025 1874 id
2046 1828 2133 1876 est

528 1911 612 1966 ira
637 1910 656 1964 i
682 1908 946 1966 Irasceris
969 1927 1120 1982 ergo,
1157 1911 1288 1982 quia
1315 1911 1406 1966 ille
1434 1911 1709 1967 irascitur.
1750 1911 1866 1967 lmo
1887 1911 2004 1982 iam
2027 1911 2126 1968 tibi

529 2001 789 2068 irascere,
814 2001 944 2072 quia
971 2002 1248 2059 irasceris.
1283 2001 1342 2058 Si
1363 2003 1437 2057 ita
1459 2003 1576 2074 ipsa
1605 2002 1701 2058 tibi
1726 2017 1852 2058 vere
1873 2002 2128 2072 displice-

531 2101 636 2160 ret,
661 2109 768 2149 non
803 2093 1124 2150 admitteres
1139 2103 1284 2161 eam,
1327 2095 1424 2150 sed
1461 2093 1700 2166 fugeres.
1729 2091 1974 2161 Quod‘ﬁt
2000 2101 2127 2148 tan-

531 2186 812 2242 tummodo
837 2188 1074 2242 tenendo
1097 2202 1308 2257 pacem.

601 2296 722 2353 Non
752 2299 1018 2370 gloriatur
1045 2255 1200 2355 lacus
1239 2301 1388 2370 quod
1411 2255 1652 2357 abundet
1681 2315 1858 2371 aqua;
1891 2299 1958 2354 de
1979 2297 2128 2354 fonte

532 2388 679 2443 enim
699 2399 802 2446 est.
831 2389 928 2446 Sic
948 2391 1014 2445 de
1035 2400 1129 2446 tua
1150 2405 1304 2460 pace.
1331 2390 1558 2462 Semper
1585 2391 1731 2446 enim
1755 2390 1901 2446 aliud
1921 2389 2128 2460 aliquid

533 2487 803 2534 estcausa
833 2481 1005 2550 pacis.
1046 2479 1224 2536 Tanto
1245 2496 1374 2552 ergo
1398 2481 1670 2536 infirmior
1693 2490 1748 2537 et
1771 2481 2016 2537 fallacior
2043 2490 2145 2538 est'

534 2586 638 2641 pax
663 2579 756 2626 tua
789 2580 998 2642 quanto
1023 2573 1346 2629 mutabilius
1371 2573 1532 2630 estid
1558 2573 1704 2628 unde
1725 2573 1922 2629 oritur.
1949 2573 2128 2640 Quam

533 2661 656 2718 vilis
707 2673 793 2720 est
843 2679 976 2736 ergo
1025 2681 1150 2720 curn
1180 2663 1357 2720 oritur
1395 2680 1463 2722 ex
1486 2665 1830 2738 iucunditate
1872 2665 2130 2722 humana!

533 2751 734 2810 faciei!
1405 2758 1410 2764 ·
1761 2747 1764 2752 ’

602 2867 780 2925 Tutus
846 2869 1051 2940 appetit
1101 2885 1224 2927 esse
1277 2870 1458 2927 omnis
1505 2868 1692 2926 homo.
1757 2869 1916 2940 Quod
1975 2879 2129 2928 tanto

532 2961 717 3018 minus
759 2971 843 3018 est
877 2970 1086 3034 quanto
1139 2962 1316 3034 magis
1358 2970 1540 3034 potest
1582 2963 1898 3034 inquietari.
1951 2961 2128 3020 Tanto

527 3054 678 3110 enim
704 3054 880 3126 magis
910 3062 1091 3124 potest
1137 3055 1432 3126 inquietari
1461 3065 1669 3127 quanto
1703 3064 1832 3112 sunt
1853 3057 2128 3128 paratiora

531 3147 735 3204 habere
765 3163 844 3213 se,
875 3147 1034 3203 aliter
1082 3164 1249 3220 quam
1273 3149 1408 3216 vult,
1453 3165 1518 3205 ea
1561 3165 1684 3220 quae
1729 3149 1924 3222 diligit.
1973 3129 2202 3236 Dicatc

525 3255 664 3314 ergo
695 3239 894 3310 aliquis
921 3241 1207 3296 hominum
1233 3242 1330 3296 tibi
1357 3260 1370 3296 :
1403 3241 1516 3313 Ego
1537 3243 1636 3298 tibi
1666 3243 1871 3299 malum
1893 3242 2127 3316 faciam;

521 3345 636 3404 ego
658 3331 753 3386 tibi
775 3347 960 3402 pacem
985 3332 1248 3388 auferam.
1269 3332 1532 3406 Cogitabo
1553 3335 1753 3408 quippe
1771 3337 1838 3392 de
1855 3345 1907 3392 te
1927 3339 2131 3394 malum

526 3429 634 3478 aut
661 3422 865 3478 dicam.
917 3421 1056 3479 Ecce
1107 3440 1272 3495 quam
1313 3438 1540 3505 paratus
1593 3443 1654 3484 es
1703 3429 2024 3484 mortificari
2079 3437 2134 3486 et

529 3512 768 3568 turbari.

589 3625 728 3714 _Non
762 3627 878 3684 sint
923 3629 1244 3701 temporalia
1281 3646 1447 3688 causa
1482 3634 1634 3706 pacis
1670 3645 1817 3702 tua;
1853 3644 1962 3691 tam
2008 3635 2134 3694 vilis

529 3727 682 3783 enim
703 3735 758 3783 et
779 3734 888 3782 tam
911 3725 1121 3797 fragilis
1141 3727 1246 3782 crit
1265 3741 1434 3798 quam
1453 3725 1564 3784 illa.
1587 3723 1714 3784 Haec
1859 3725 1956 3784 tibi
1977 3741 2132 3782 com-

529 3819 724 3876 munis
741 3819 848 3875 erit
882 3835 1010 3876 cum
1049 3818 1255 3886 brutis;
1300 3828 1394 3873 tua
1433 3819 1503 3875 sit
1531 3835 1656 3875 cum
1685 3819 1914 3891 angelis,
1946 3817 1999 3874 id
2027 3826 2132 3886 est,

524 3928 660 3984 quae
681 3915 749 3970 de
778 3913 1008 3968 veritate
1041 3910 1304 3982 procedit.

609 4024 890 4098 Quidquid
931 4029 1004 4085 ob
1041 4046 1232 4100 pacem
1263 4039 1322 4087 et
1358 4029 1748 4088 beatitudinem
1790 4037 2048 4086 tenueras
2082 4035 2137 4084 et

529 4131 842 4185 amaveras,
891 4130 1211 4189 contemne,
1254 4122 1364 4178 nisi
1409 4138 1600 4193 pacem
1641 4131 1697 4179 et
1745 4123 2136 4179 beatitudinem

537 4206 766 4265 omnino
787 4211 873 4267 vis
899 4214 1143 4282 perdere.

581 4320 721 4377 «Pax
739 4331 824 4380 est
843 4324 1046 4381 bonum
1067 4327 1216 4384 illius
1235 4328 1406 4383 animi
1429 4328 1484 4383 in
1515 4345 1626 4400 quo
1648 4331 1761 4400 ipsa
1784 4339 1886 4385 est.
1911 4329 2141 4401 Propter

529 4411 782 4484 seipsam
801 4415 983 4488 igitur
1009 4419 1314 4489 appetenda
1337 4427 1442 4486 est,
1467 4428 1726 4491 tanquam
1752 4422 1930 4477 bonus
1951 4437 2134 4494 sapor.

457 4555 470 4568 ,
530 4503 716 4562 Tanta
739 4507 812 4564 sit
836 4508 895 4564 in
921 4517 992 4578 te,
1027 4521 1164 4570 utet
1192 4513 1370 4568 malos
1398 4527 1508 4568 non
1535 4513 1814 4570 excludas.

609 4619 737 4676 Non
765 4621 1006 4678 turbetur
1047 4643 1141 4680 cor
1188 4635 1440 4694 vestrum,
1472 4643 1634 4698 neque
1663 4627 1911 4698 formidet
1949 4625 2133 4698 (Joau.

536 4730 650 4784 xxv,
667 4715 784 4788 27),
815 4715 1118 4776 Sabbatum
1145 4731 1232 4778 est
1255 4737 1467 4776 verum.
1495 4719 1612 4778 Hoc
1631 4721 1890 4788 celebrat,
1913 4720 2010 4792 qui
2035 4737 2136 4776 nec

522 4804 762 4861 illicitur
790 4823 892 4864 nec
933 4810 1169 4882 cogitur,
1201 4811 1292 4867 hic
1329 4812 1495 4867 habet
1539 4827 1600 4868 se
1639 4813 1695 4872 in
1729 4821 2018 4884 potestate,
2047 4813 2137 4868 hic

523 4905 719 4966 grotest
767 4898 837 4954 de
881 4914 942 4957 se
988 4902 1394 4976 eleem'osynam
1439 4895 1658 4972 facere;
1709 4913 1770 4960 ut
1814 4904 1956 4960 sicut
1993 4904 2137 4960 alius

522 4987 732 5044 \viderit
751 4992 1026 5060 expedire,
1058 4995 1233 5052 iratus
1263 4995 1334 5052 sit
1363 5005 1458 5052 aut
1491 4996 1758 5066 placatus.

585 5097 780 5156 "Amor
799 5107 1117 5174 temporalis
1141 5107 1295 5178 pacis
1343 5109 1660 5165 necessario
1683 5110 1829 5180 parit
1858 5095 2136 5180 inquietu-

519 5188 724 5246 dinem
753 5195 972 5252 mentis.
1024 5195 1128 5264 Qui
1150 5216 1281 5267 ergo
1301 5201 1468 5258 habet
1493 5201 1635 5257 hanc
1658 5217 1854 5273 pacem
1881 5211 1938 5258 et
1964 5209 2134 5269 amat,

523 5284 856 5339 necessario
875 5295 1026 5342 caret
1041 5303 1201 5358 .pace.

593 5395 673 5454 Si
701 5397 1174 5502 malefacientibus
1201 5403 1298 5458 tibi
1338 5421 1446 5460 non
1476 5407 1742 5474 invideas,
1770 5408 1876 5464 erit
1905 5408 2002 5463 tibi
2029 5422 2135 5478 pax

520 5502 672 5545 seum.
683 5504 788 5548 eis.

612 5601 770 5660 Sicut
821 5621 920 5678 per
973 5606 1387 5665 similitudinem
1443 5619 1498 5666 et
1558 5627 1745 5681 pacem
1803 5614 2134 5683 consistunt,

525 5693 748 5767 imper
781 5699 1287 5761 dissimilitudinem
1323 5713 1376 5760 et
1422 5704 1752 5762 discordiam
1800 5715 1999 5764 cuncta
2046 5708 2136 5764 in-

524 5791 772 5844 Iercuut.
1313 5796 1321 5800 '

1355 353 1682 412 GUIGONIS
1718 353 1740 408 Ι
1777 352 2204 413 (ΣΑΒΤΗυὸιᾹΞ
2245 352 2540 410 MAJOBIS
2577 352 2857 410 Ριιιῡιιιδ
2897 353 2938 406 ν

3693 361 3770 419 (illi

2776 467 3178 524 CAPITULUM
3217 469 3281 525 ll.

2229 560 2304 617 De
2334 561 2456 616 utili
2479 560 2820 632 displicentia
2847 562 2932 638 sui
2961 562 3150 632 ipsius,
3181 571 3242 638 _et
3286 561 3351 617 de
3392 561 3578 619 humili
3608 569 3774 638 οοιιία.

2819 633 2968 686 sione
2988 634 3214 704 peccati.

2293 740 2516 797 Initium
2545 740 2808 797 redeundi
2834 742 2910 796 ad
2929 741 3238 810 veritatem,
3267 751 3354 799 est
3393 743 3668 814 displicere
3691 748 3772 804 sibi

2224 833 2280 887 in
2330 833 2588 888 falsitate.
2652 831 3104 890 Emendationem
3147 833 3405 906 praecedit
3471 835 3758 908 vituperatio

2222 922 2340 977 Non
2391 923 2540 978 enim
2584 923 2716 978 libet
2756 932 2972 979 mutare
3020 923 3128 979 nisi
3175 923 3325 994 quod
3358 924 3623 994 displicet.
3666 925 3775 995 Quia

2221 1029 2354 1086 ergo
2398 1029 2616 1085 semper
2663 1013 2876 1088 indiges
2927 1015 3152 1083 mutari,
3203 1031 3423 1086 semper
3469 1017 3664 1088 indiges
3702 1019 3774 1074 tibi

2223 1105 2532 1176 displicere.

2295 1197 2354 1252 In
2399 1197 2550 1254 omni
2582 1212 2715 1253 cura
2750 1213 2919 1269 quam
2965 1213 3068 1270 pro
3124 1199 3301 1254 salute
3348 1207 3446 1254 tua
3493 1200 3647 1271 geris,
3692 1217 3774 1256 non

2223 1299 2312 1346 est
2351 1289 2524 1354 ullum
2568 1288 2808 1347 ofﬁcium
2857 1291 2944 1347 vel
2985 1291 3450 1348 medicamentum
3503 1292 3674 1349 utilius
3701 1294 3774 1348 tibi

2225 1396 2392 1451 quam
2444 1367 2681 1452 téipsum
2725 1379 3035 1452 vituperare
3077 1389 3244 1452 atque
3281 1390 3646 1437 contemnere.
3675 1381 3776 1449 Qui-

2225 1486 2444 1543 cunque
2485 1487 2620 1544 ergo
2654 1473 2762 1532 hoc
2789 1471 2941 1540 facit,
2969 1473 3190 1544 adiutor
3220 1483 3305 1529 est
3353 1481 3502 1530 tuus.
3539 1473 3642 1530 Hoc
3665 1475 3775 1529 enim

2227 1564 2340 1636 agit
2359 1563 2506 1635 quod
2548 1573 2610 1620 tu
2641 1565 2866 1637 agebas,
2901 1573 2996 1621 aut
3033 1580 3197 1637 agere
3225 1564 3490 1634 debuisti,
3540 1574 3596 1621 ut
3633 1567 3776 1621 salvs

2226 1653 2408 1710 ﬁeres.
2638 1674 2649 1683 -

2298 1744 2426 1803 Ideo
2462 1745 2564 1802 tibi
2586 1747 2770 1817 places
2797 1746 2926 1819 quia
2956 1747 3094 1802 nihil
3115 1756 3170 1803 te
3196 1747 3325 1803 boni
3352 1764 3385 1804 a
3411 1756 3465 1804 te
3491 1748 3676 1804 habere
3695 1765 3775 1804 non

2164 1827 2206 1886 Β
2233 1839 2510 1912 intelligis.
2545 1839 2594 1894 Α
2616 1847 2672 1895 te
2695 1839 2795 1896 tibi
2836 1839 2915 1895 nil
2961 1840 3071 1896 nisi
3092 1840 3320 1895 malum.
3354 1838 3546 1894 Nullas
3567 1855 3684 1911 ergo
3705 1840 3776 1895 tibi

2227 1939 2409 2003 grates
2427 1931 2614 1987 debes.
2639 1930 2842 1988 Malum
2863 1947 3026 1988 omne
3047 1948 3076 1987 a
3100 1939 3154 1986 te
3173 1931 3271 2000 tibi
3291 1939 3398 1987 est.
3430 1930 3620 1987 Ptenas
3636 1933 3777 2002 itaque

2227 2037 2456 2095 magnas
2492 2039 2592 2094 pro
2622 2023 2858 2080 vindicta
2893 2023 3082 2080 debes.

2299 2113 2482 2170 Facile
2521 2124 2608 2171 est
2652 2116 2757 2171 iter
2795 2115 2865 2171 ad
2909 2114 3106 2183 Deum,
3168 2113 3444 2185 quoniam
3481 2115 3777 2170 exonerando

2227 2208 2378 2276 itur;
2408 2216 2556 2264 esset
2574 2216 2756 2263 autem
2789 2223 2974 2280 grave,
3005 2207 3052 2262 si
3072 2207 3359 2262 onerando
3388 2207 3576 2262 iretur.
3611 2205 3660 2261 In
3684 2215 3777 2260 tan-

2229 2308 2347 2354 tum
2373 2315 2503 2372 ergo
2533 2308 2584 2356 te
2611 2315 2851 2357 exonera
2882 2309 2960 2368 ut,
2996 2299 3244 2356 dimissis
3267 2300 3548 2367 omnibus,
3587 2299 3773 2370 teipsum

2229 2392 2487 2462 abnegcs.

2299 2483 2407 2550 Qui
2461 2499 2522 2540 se
2587 2485 2752 2540 vilem
2801 2499 2930 2540 esse
2975 2483 3157 2550 nevit,
3215 2482 3637 2554 vituperationes
3677 2496 3776 2538 sus

2231 2585 2493 2647 tanquam
2543 2592 2674 2632 suas
2721 2576 3022 2633 sententias
3067 2575 3290 2646 quietus
3338 2575 3568 2646 suscipit
3607 2582 3657 2629 et
3695 2573 3774 2627 huc

2230 2667 2398 2724 milis.
2460 2666 2676 2724 Laudes
2732 2681 2866 2724 vero
2919 2666 3150 2738 respuit,
3209 2673 3477 2737 tanquam
3535 2678 3632 2721 non
3677 2677 3776 2718 suas

2165 2765 2175 2770 '
2231 2760 2548 2816 sententias.

2301 2850 2440 2907 Cum
2489 2852 2689 2922 aliquis
2737 2853 2806 2908 de
2845 2860 2900 2908 te
2945 2851 3153 2907 malum
3183 2850 3335 2918 dicit,
3385 2850 3435 2907 si
3469 2865 3574 2905 non
3597 2855 3669 2904 est
3701 2846 3773 2911 ita,

2230 2945 2406 3001 eidem
2428 2954 2608 3012 nocet,
2639 2961 2749 3000 non
2777 2945 2878 3001 tibi
2903 2962 2918 3012 ;
2949 2945 3094 2999 sicut
3113 2945 3160 3000 si
3184 2952 3342 3000 vocet
3371 2959 3562 2998 aurum
3588 2951 3774 3004 stercus,

2231 3038 2365 3108 quid
2416 3053 2554 3092 auro
2603 3036 2810 3092 nocuit.
2867 3033 2928 3091 Si
2971 3051 3162 3090 verum
3213 3045 3300 3092 est
3347 3035 3498 3106 quod
3535 3031 3775 3090 diciturde

2233 3137 2288 3184 te
2320 3129 2548 3196 malum,
2583 3127 2800 3184 deceris
2847 3127 2980 3199 quid
3026 3143 3242 3185 caveas.
3293 3127 3405 3196 Qui
3458 3136 3626 3183 autem
3665 3121 3776 3195 quod

2231 3221 2438 3276 bonum
2479 3231 2566 3277 est
2613 3220 2749 3277 dicit
2773 3263 2789 3289 ,
2820 3236 2930 3276 non
2951 3221 3002 3277 ei
3030 3235 3194 3292 quem
3223 3220 3436 3288 laudat,
3477 3220 3566 3275 sed
3587 3217 3676 3274 sibi
3698 3214 3774 3286 ipsi

2230 3313 2472 3384 prodest.
2509 3313 2649 3369 Cum
2675 3328 2806 3370 vero
2835 3313 3043 3369 bonum
3063 3312 3248 3368 tibide
3273 3320 3328 3368 te
3361 3311 3578 3376 dicitur,
3608 3319 3658 3364 ut
3673 3305 3774 3378 quid

2231 3418 2486 3459 rumores
2524 3418 2666 3474 quos
2700 3413 2760 3458 tu
2813 3403 3012 3459 melius
3055 3401 3224 3470 nosti,
3271 3401 3608 3458 narrantur?
3635 3397 3700 3454 Tu
3737 3404 3776 3451 Is

2231 3496 2410 3550 solum
2433 3495 2702 3567 vitupera.

2308 3586 2418 3644 Sua
2461 3587 2585 3643 vitia
2609 3587 2845 3659 quisque
2873 3585 3087 3660 fugiat;
3120 3601 3250 3643 nam
3288 3587 3474 3644 aliena
3518 3601 3619 3643 non
3645 3596 3774 3639 noceo

2235 3681 2394 3738 bunt.

2305 3779 2641 3836 Continuum
2693 3778 3042 3836 mendacium
3085 3785 3172 3834 est
3203 3777 3432 3834 habitus
3458 3787 3594 3843 tuus,
3635 3781 3772 3830 etm-

2235 3888 2374 3929 rona
2403 3880 2519 3940 tua,
2549 3873 2811 3943 quoniam
2843 3871 2991 3942 quod
3021 3871 3174 3926 deest
3195 3869 3522 3938 signiﬁcant.

2304 3963 2448 4019 Cum
2479 3963 2680 4034 aliquis
2709 3962 2858 4019 dolet
2883 3978 2943 4018 se
2985 3963 3332 4020 commisisse
3360 3961 3583 4026 furtum,
3612 3959 3672 4013 ob
3698 3969 3772 4009 na-

2240 4066 2355 4112 tum
2392 4056 2496 4111 sibi
2522 4055 2648 4111 inde
2673 4055 3030 4127 opprobrium
3059 4098 3073 4122 ,
3118 4070 3228 4110 non
3265 4069 3396 4111 eum
3425 4055 3632 4126 pmnltet
3657 4047 3772 4108 furti.

2239 4148 2332 4205 sed
2361 4147 2509 4203 dolet
2537 4147 2890 4219 opprobrium
2913 4147 3235 4204 incurrisse.
3250 4145 3362 4202 Nec
3386 4149 3565 4202 horret
3585 4152 3665 4198 aut
3686 4154 3774 4194 ma-

2239 4238 2354 4292 lum
2389 4236 2542 4292 ducit
2597 4252 2846 4308 peccare,
2896 4237 2991 4293 sed
3044 4237 3246 4307 puniri.
3293 4234 3468 4292 Iustis
3504 4243 3666 4290 autem
3691 4243 3771 4282 non

2239 4327 2388 4383 aliud
2433 4336 2522 4384 est
2562 4343 2790 4399 peccare
2819 4337 2873 4383 et
2902 4329 3050 4384 aliud
3080 4327 3284 4399 puniri.
3333 4327 3515 4398 Ipsum
3562 4322 3770 4380 nimirum

2241 4436 2524 4498 peccatum
2555 4427 2976 4484 atrocissimam
3030 4443 3249 4500 pmnam
3311 4427 3545 4492 ducunt,
3593 4430 3639 4478 et
3679 4419 3773 4474 ideo

2167 4536 2213 4591 ι)
2241 4518 2448 4576 nullam
2475 4513 2821 4591 iniquitatem
2853 4521 3182 4592 impunitam
3227 4536 3392 4592 posse
3416 4536 3553 4585 esse,
3579 4533 3636 4573 eo
3660 4510 3771 4585 quod

2237 4613 2502 4684 iniquitas
2521 4613 2739 4682 peccati
2769 4627 2969 4682 magna
2999 4627 3162 4683 poena
3191 4612 3283 4678 sit,
3310 4611 3550 4682 nihilque
3574 4608 3704 4680 peius
3723 4617 3769 4656 ea

2237 4703 2437 4774 cuique
2460 4703 2640 4758 valeat
2663 4702 2918 4774 irrogari.
2953 4703 3022 4758 Et
3050 4691 3262 4760 idcirco
3298 4704 3474 4774 ipsam
3505 4717 3607 4774 prae
3630 4695 3770 4754 omni-

2160 4795 2166 4800 “
2238 4792 2344 4847 bus
2370 4791 2532 4848 malis
2558 4791 2856 4847 cavendam
2885 4809 2951 4848 ac
2979 4791 3293 4864 fugiendam
3324 4788 3714 4857 censent,etiam
3735 4781 3769 4836 si

2239 4885 2376 4940 nihil
2405 4885 2552 4940 aliud
2582 4885 2712 4940 mali
2741 4901 2860 4941 eam
2893 4895 3176 4956 sequatur.

2309 4975 2373 5031 Si
2402 4992 2567 5046 quem
2595 4977 2780 5034 odisse
2805 4977 2994 5044 debes,
3027 4979 3302 5034 neminem
3351 4978 3428 5034 ita
3461 4987 3517 5034 ut
3545 4987 3606 5032 te.
3637 4969 3770 5027 Nemo

2233 5069 2382 5124 enim
2419 5077 2634 5124 tantum
2656 5069 2846 5125 nocuit
2871 5070 2990 5124 tibi.

2293 5181 2362 5237 ‘Si
2400 5181 2536 5237 nihil
2577 5182 2916 5250 melioratur,
2945 5183 3053 5239 nisi
3091 5183 3247 5255 prius
3274 5184 3642 5254 vituperatum,
3671 5184 3769 5229 tunc

2235 5275 2330 5344 qui
2357 5290 2469 5329 non
2500 5275 2617 5330 vult
2653 5274 2976 5346 vituperari,
3015 5290 3125 5330 non
3155 5274 3271 5330 vult
3303 5275 3490 5344 utique
3523 5261 3766 5325 meliorari.

2239 5363 2512 5435 Scriptum
2537 5375 2620 5422 cst
2643 5365 2790 5420 enim
2823 5385 2836 5420 :
2873 5364 2976 5430 Qui
3007 5366 3116 5419 odit
3144 5366 3544 5436 increpationes.
3564 5355 3766 5427 imipiw

2237 5468 2312 5512 est
2353 5457 2534 5529 (Prov.
2572 5475 2670 5524 xu,
2708 5457 2792 5526 l);
2825 5457 2930 5523 Qui
2969 5468 3147 5511 autem
3183 5459 3466 5530 acquiescit
3504 5445 3768 5510 increpatio-

2237 5549 2412 5618 nibus,
2436 5566 2706 5621 possessor
2725 5558 2804 5604 est
2825 5549 3000 5604 cordis
3027 5548 3212 5621 (Prov.
3244 5566 3335 5618 xv,
3359 5549 3466 5620 δί).

2808 5680 2890 5738 De
2909 5681 3258 5752 confessione.

2319 5794 2511 5852 Nullus
2537 5797 2826 5866 publicano
2851 5813 2974 5855 esse
2991 5804 3215 5870 poterat
3241 5796 3308 5854 ad
3343 5795 3559 5854 Salutem
3582 5784 3766 5844 reditu!)
