  <div class='ocr_page' id='page_1' title='image "/cluster/home/n/w/nwhite01/storage/ocr_20150623/153/hvd.32044015473812/308.png"; bbox 0 0 3992 6430; ppageno 0'>
   <div class='ocr_carea' id='block_1_1' title="bbox 131 389 241 447">
    <p class='ocr_par' dir='ltr' id='par_1_1' title="bbox 131 389 241 447">
     <span class='ocr_line' id='line_1_1' title="bbox 131 389 241 447; baseline 0 0"><span class='ocrx_word' id='word_1_1' title='bbox 131 389 241 447; x_wconf 69' lang='lat'><strong>605</strong></span> 
     </span>
    </p>
   </div>
   <div class='ocr_carea' id='block_1_2' title="bbox 1526 385 2059 448">
    <p class='ocr_par' dir='ltr' id='par_1_2' title="bbox 1526 385 2059 448">
     <span class='ocr_line' id='line_1_2' title="bbox 1526 385 2059 448; baseline 0.006 -8"><span class='ocrx_word' id='word_1_2' title='bbox 1526 385 2059 448; x_wconf 60' lang='grc' dir='ltr'><strong>ΜΙΞΙΜΤΑἹἹΟΜἨ⁸</strong></span> 
     </span>
    </p>
   </div>
   <div class='ocr_carea' id='block_1_3' title="bbox 3319 355 3432 451">
    <p class='ocr_par' dir='ltr' id='par_1_3' title="bbox 3319 355 3432 451">
     <span class='ocr_line' id='line_1_3' title="bbox 3319 355 3432 451; baseline -0.018 0"><span class='ocrx_word' id='word_1_3' title='bbox 3319 355 3432 451; x_wconf 75' lang='lat' dir='ltr'><strong>oet;</strong></span> 
     </span>
    </p>
   </div>
   <div class='ocr_carea' id='block_1_4' title="bbox 131 499 3428 580">
    <p class='ocr_par' dir='ltr' id='par_1_4' title="bbox 131 499 3428 580">
     <span class='ocr_line' id='line_1_4' title="bbox 131 499 3428 580; baseline 0.003 -24"><span class='ocrx_word' id='word_1_4' title='bbox 131 504 238 558; x_wconf 87' lang='lat' dir='ltr'><strong>nisi</strong></span> <span class='ocrx_word' id='word_1_5' title='bbox 267 503 547 558; x_wconf 70' lang='lat' dir='ltr'><strong>humiliter</strong></span> <span class='ocrx_word' id='word_1_6' title='bbox 568 500 858 559; x_wconf 83' lang='lat' dir='ltr'><strong>confessus</strong></span> <span class='ocrx_word' id='word_1_7' title='bbox 893 500 1105 570; x_wconf 85' lang='lat' dir='ltr'><strong>fuisset,</strong></span> <span class='ocrx_word' id='word_1_8' title='bbox 1138 500 1284 571; x_wconf 87' lang='lat' dir='ltr'><strong>quod</strong></span> <span class='ocrx_word' id='word_1_9' title='bbox 1317 501 1369 555; x_wconf 91' lang='lat' dir='ltr'><strong>ci</strong></span> <span class='ocrx_word' id='word_1_10' title='bbox 1411 499 1725 556; x_wconf 70' lang='lat' dir='ltr'><strong>Phariszcus</strong></span> <span class='ocrx_word' id='word_1_11' title='bbox 1757 507 1797 563; x_wconf 79' lang='grc' dir='ltr'><strong>Α</strong></span> <span class='ocrx_word' id='word_1_12' title='bbox 1828 504 2179 560; x_wconf 87' lang='lat' dir='ltr'><strong>vestimenta.</strong></span> <span class='ocrx_word' id='word_1_13' title='bbox 2209 502 2467 559; x_wconf 83' lang='lat' dir='ltr'><strong>Vestibus</strong></span> <span class='ocrx_word' id='word_1_14' title='bbox 2496 504 2705 577; x_wconf 64' lang='lat' dir='ltr'><strong>indiges</strong></span> <span class='ocrx_word' id='word_1_15' title='bbox 2736 515 2927 563; x_wconf 82' lang='lat' dir='ltr'><strong>contra</strong></span> <span class='ocrx_word' id='word_1_16' title='bbox 2954 509 3151 580; x_wconf 63' lang='lat' dir='ltr'><strong>frigus,</strong></span> <span class='ocrx_word' id='word_1_17' title='bbox 3187 526 3298 566; x_wconf 91' lang='lat' dir='ltr'><strong>non</strong></span> <span class='ocrx_word' id='word_1_18' title='bbox 3328 527 3428 569; x_wconf 78' lang='lat' dir='ltr'><strong>co-</strong></span> 
     </span>
    </p>
   </div>
   <div class='ocr_carea' id='block_1_5' title="bbox 133 595 822 667">
    <p class='ocr_par' dir='ltr' id='par_1_5' title="bbox 133 595 822 667">
     <span class='ocr_line' id='line_1_5' title="bbox 133 595 822 667; baseline -0.004 -16"><span class='ocrx_word' id='word_1_19' title='bbox 133 595 376 664; x_wconf 79' lang='lat' dir='ltr'><strong>superbe</strong></span> <span class='ocrx_word' id='word_1_20' title='bbox 407 595 822 667; x_wconf 78' lang='lat' dir='ltr'><strong>improperaret.</strong></span> 
     </span>
    </p>
   </div>
   <div class='ocr_carea' id='block_1_6' title="bbox 203 684 1729 757">
    <p class='ocr_par' dir='ltr' id='par_1_6' title="bbox 203 684 1729 757">
     <span class='ocr_line' id='line_1_6' title="bbox 203 684 1729 757; baseline -0.001 -17"><span class='ocrx_word' id='word_1_21' title='bbox 203 685 325 743; x_wconf 81' lang='lat' dir='ltr'><strong>Hoc</strong></span> <span class='ocrx_word' id='word_1_22' title='bbox 350 687 469 742; x_wconf 81' lang='lat' dir='ltr'><strong>solo</strong></span> <span class='ocrx_word' id='word_1_23' title='bbox 493 687 680 757; x_wconf 88' lang='lat' dir='ltr'><strong>justus</strong></span> <span class='ocrx_word' id='word_1_24' title='bbox 704 702 784 752; x_wconf 85' lang='lat' dir='ltr'><strong>es,</strong></span> <span class='ocrx_word' id='word_1_25' title='bbox 816 686 861 741; x_wconf 87' lang='lat' dir='ltr'><strong>si</strong></span> <span class='ocrx_word' id='word_1_26' title='bbox 892 686 963 739; x_wconf 90' lang='lat' dir='ltr'><strong>ob</strong></span> <span class='ocrx_word' id='word_1_27' title='bbox 1003 694 1225 757; x_wconf 87' lang='lat' dir='ltr'><strong>peccata</strong></span> <span class='ocrx_word' id='word_1_28' title='bbox 1253 694 1343 739; x_wconf 91' lang='lat' dir='ltr'><strong>tua</strong></span> <span class='ocrx_word' id='word_1_29' title='bbox 1375 693 1427 739; x_wconf 89' lang='lat' dir='ltr'><strong>te</strong></span> <span class='ocrx_word' id='word_1_30' title='bbox 1460 684 1729 739; x_wconf 90' lang='lat' dir='ltr'><strong>damnan-</strong></span> 
     </span>
    </p>
   </div>
   <div class='ocr_carea' id='block_1_7' title="bbox 132 773 1726 847">
    <p class='ocr_par' dir='ltr' id='par_1_7' title="bbox 132 773 1726 847">
     <span class='ocr_line' id='line_1_7' title="bbox 132 773 1726 847; baseline -0.004 -15"><span class='ocrx_word' id='word_1_31' title='bbox 132 778 263 832; x_wconf 76' lang='lat' dir='ltr'><strong>dum</strong></span> <span class='ocrx_word' id='word_1_32' title='bbox 289 792 558 847; x_wconf 77' lang='lat' dir='ltr'><strong>agnoscas</strong></span> <span class='ocrx_word' id='word_1_33' title='bbox 586 785 641 831; x_wconf 80' lang='lat' dir='ltr'><strong>et</strong></span> <span class='ocrx_word' id='word_1_34' title='bbox 669 776 844 831; x_wconf 90' lang='lat' dir='ltr'><strong>dicas.</strong></span> <span class='ocrx_word' id='word_1_35' title='bbox 876 774 933 830; x_wconf 89' lang='lat' dir='ltr'><strong>Si</strong></span> <span class='ocrx_word' id='word_1_36' title='bbox 965 776 1177 846; x_wconf 86' lang='lat' dir='ltr'><strong>justum</strong></span> <span class='ocrx_word' id='word_1_37' title='bbox 1223 783 1275 829; x_wconf 91' lang='lat' dir='ltr'><strong>te</strong></span> <span class='ocrx_word' id='word_1_38' title='bbox 1304 773 1463 842; x_wconf 89' lang='lat' dir='ltr'><strong>dicis,</strong></span> <span class='ocrx_word' id='word_1_39' title='bbox 1493 773 1726 829; x_wconf 81' lang='lat' dir='ltr'><strong>mendax</strong></span> 
     </span>
    </p>
   </div>
   <div class='ocr_carea' id='block_1_8' title="bbox 132 864 1724 933">
    <p class='ocr_par' dir='ltr' id='par_1_8' title="bbox 132 864 1724 933">
     <span class='ocr_line' id='line_1_8' title="bbox 132 864 1724 933; baseline -0.003 -12"><span class='ocrx_word' id='word_1_40' title='bbox 132 885 211 933; x_wconf 84' lang='lat' dir='ltr'><strong>es,</strong></span> <span class='ocrx_word' id='word_1_41' title='bbox 237 876 293 923; x_wconf 90' lang='lat' dir='ltr'><strong>et</strong></span> <span class='ocrx_word' id='word_1_42' title='bbox 323 885 357 923; x_wconf 81' lang='lat' dir='ltr'><strong>a</strong></span> <span class='ocrx_word' id='word_1_43' title='bbox 385 867 620 923; x_wconf 88' lang='lat' dir='ltr'><strong>Domino</strong></span> <span class='ocrx_word' id='word_1_44' title='bbox 645 867 873 922; x_wconf 89' lang='lat' dir='ltr'><strong>veritate</strong></span> <span class='ocrx_word' id='word_1_45' title='bbox 897 866 1197 931; x_wconf 89' lang='lat' dir='ltr'><strong>damnaris,</strong></span> <span class='ocrx_word' id='word_1_46' title='bbox 1232 875 1290 920; x_wconf 91' lang='lat' dir='ltr'><strong>ut</strong></span> <span class='ocrx_word' id='word_1_47' title='bbox 1315 865 1626 921; x_wconf 87' lang='lat' dir='ltr'><strong>contrarius</strong></span> <span class='ocrx_word' id='word_1_48' title='bbox 1653 864 1724 919; x_wconf 90' lang='lat' dir='ltr'><strong>ei.</strong></span> 
     </span>
    </p>
   </div>
   <div class='ocr_carea' id='block_1_9' title="bbox 135 956 1732 1029">
    <p class='ocr_par' dir='ltr' id='par_1_9' title="bbox 135 956 1732 1029">
     <span class='ocr_line' id='line_1_9' title="bbox 135 956 1732 1029; baseline -0.001 -17"><span class='ocrx_word' id='word_1_49' title='bbox 135 959 230 1014; x_wconf 90' lang='lat' dir='ltr'><strong>Dic</strong></span> <span class='ocrx_word' id='word_1_50' title='bbox 261 968 318 1014; x_wconf 85' lang='lat' dir='ltr'><strong>te</strong></span> <span class='ocrx_word' id='word_1_51' title='bbox 343 968 711 1029; x_wconf 87' lang='lat' dir='ltr'><strong>peccatorem,</strong></span> <span class='ocrx_word' id='word_1_52' title='bbox 742 969 803 1014; x_wconf 87' lang='lat' dir='ltr'><strong>ut</strong></span> <span class='ocrx_word' id='word_1_53' title='bbox 828 973 993 1013; x_wconf 82' lang='lat' dir='ltr'><strong>verax</strong></span> <span class='ocrx_word' id='word_1_54' title='bbox 1020 956 1255 1013; x_wconf 86' lang='lat' dir='ltr'><strong>Domino</strong></span> <span class='ocrx_word' id='word_1_55' title='bbox 1283 956 1511 1012; x_wconf 88' lang='lat' dir='ltr'><strong>veritate</strong></span> <span class='ocrx_word' id='word_1_56' title='bbox 1539 970 1732 1012; x_wconf 90' lang='lat' dir='ltr'><strong>conve-</strong></span> 
     </span>
    </p>
   </div>
   <div class='ocr_carea' id='block_1_10' title="bbox 133 1047 913 1129">
    <p class='ocr_par' dir='ltr' id='par_1_10' title="bbox 133 1047 913 1129">
     <span class='ocr_line' id='line_1_10' title="bbox 133 1047 913 1129; baseline 0 -23"><span class='ocrx_word' id='word_1_57' title='bbox 133 1052 256 1107; x_wconf 87' lang='lat' dir='ltr'><strong>nias</strong></span> <span class='ocrx_word' id='word_1_58' title='bbox 279 1051 618 1129; x_wconf 79' lang='lat' dir='ltr'><strong>liberandus.</strong></span> <span class='ocrx_word' id='word_1_59' title='bbox 906 1047 913 1057; x_wconf 86' lang='grc'><em>’</em></span> 
     </span>
    </p>
   </div>
   <div class='ocr_carea' id='block_1_11' title="bbox 202 1141 1732 1216">
    <p class='ocr_par' dir='ltr' id='par_1_11' title="bbox 202 1141 1732 1216">
     <span class='ocr_line' id='line_1_11' title="bbox 202 1141 1732 1216; baseline -0.002 -18"><span class='ocrx_word' id='word_1_60' title='bbox 202 1143 527 1216; x_wconf 77' lang='lat' dir='ltr'><strong>Magnorum</strong></span> <span class='ocrx_word' id='word_1_61' title='bbox 577 1154 663 1200; x_wconf 90' lang='lat' dir='ltr'><strong>est</strong></span> <span class='ocrx_word' id='word_1_62' title='bbox 693 1159 793 1215; x_wconf 91' lang='lat' dir='ltr'><strong>pro</strong></span> <span class='ocrx_word' id='word_1_63' title='bbox 840 1142 1229 1199; x_wconf 86' lang='lat' dir='ltr'><strong>confitentibus</strong></span> <span class='ocrx_word' id='word_1_64' title='bbox 1262 1141 1622 1208; x_wconf 81' lang='lat' dir='ltr'><strong>intercedere,</strong></span> <span class='ocrx_word' id='word_1_65' title='bbox 1669 1148 1732 1195; x_wconf 92' lang='lat' dir='ltr'><strong>ut</strong></span> 
     </span>
    </p>
   </div>
   <div class='ocr_carea' id='block_1_12' title="bbox 134 1232 1731 1309">
    <p class='ocr_par' dir='ltr' id='par_1_12' title="bbox 134 1232 1731 1309">
     <span class='ocr_line' id='line_1_12' title="bbox 134 1232 1731 1309; baseline -0.004 -20"><span class='ocrx_word' id='word_1_66' title='bbox 134 1235 213 1290; x_wconf 84' lang='lat' dir='ltr'><strong>eis</strong></span> <span class='ocrx_word' id='word_1_67' title='bbox 238 1236 560 1309; x_wconf 76' lang='lat' dir='ltr'><strong>ignoscatur</strong></span> <span class='ocrx_word' id='word_1_68' title='bbox 585 1254 599 1304; x_wconf 89' lang='lat'><strong>;</strong></span> <span class='ocrx_word' id='word_1_69' title='bbox 632 1235 904 1305; x_wconf 87' lang='lat' dir='ltr'><strong>majorum</strong></span> <span class='ocrx_word' id='word_1_70' title='bbox 936 1241 1143 1301; x_wconf 88' lang='lat' dir='ltr'><strong>autem,</strong></span> <span class='ocrx_word' id='word_1_71' title='bbox 1172 1247 1274 1303; x_wconf 91' lang='lat' dir='ltr'><strong>pro</strong></span> <span class='ocrx_word' id='word_1_72' title='bbox 1298 1232 1387 1287; x_wconf 88' lang='lat' dir='ltr'><strong>his</strong></span> <span class='ocrx_word' id='word_1_73' title='bbox 1410 1232 1576 1286; x_wconf 89' lang='lat' dir='ltr'><strong>etiam</strong></span> <span class='ocrx_word' id='word_1_74' title='bbox 1600 1246 1731 1300; x_wconf 83' lang='lat' dir='ltr'><strong>sup-</strong></span> 
     </span>
    </p>
   </div>
   <div class='ocr_carea' id='block_1_13' title="bbox 135 1325 1725 1399">
    <p class='ocr_par' dir='ltr' id='par_1_13' title="bbox 135 1325 1725 1399">
     <span class='ocr_line' id='line_1_13' title="bbox 135 1325 1725 1399; baseline -0.002 -18"><span class='ocrx_word' id='word_1_75' title='bbox 135 1327 339 1397; x_wconf 86' lang='lat' dir='ltr'><strong>plicare</strong></span> <span class='ocrx_word' id='word_1_76' title='bbox 386 1328 622 1399; x_wconf 79' lang='lat' dir='ltr'><strong>benigne</strong></span> <span class='ocrx_word' id='word_1_77' title='bbox 677 1326 774 1397; x_wconf 88' lang='lat' dir='ltr'><strong>qui</strong></span> <span class='ocrx_word' id='word_1_78' title='bbox 832 1325 1077 1381; x_wconf 86' lang='lat' dir='ltr'><strong>nondum</strong></span> <span class='ocrx_word' id='word_1_79' title='bbox 1120 1339 1285 1381; x_wconf 89' lang='lat' dir='ltr'><strong>suum</strong></span> <span class='ocrx_word' id='word_1_80' title='bbox 1327 1331 1725 1394; x_wconf 88' lang='lat' dir='ltr'><strong>recognoscunt</strong></span> 
     </span>
    </p>
   </div>
   <div class='ocr_carea' id='block_1_14' title="bbox 134 1419 1730 1492">
    <p class='ocr_par' dir='ltr' id='par_1_14' title="bbox 134 1419 1730 1492">
     <span class='ocr_line' id='line_1_14' title="bbox 134 1419 1730 1492; baseline -0.003 -15"><span class='ocrx_word' id='word_1_81' title='bbox 134 1430 370 1489; x_wconf 80' lang='lat' dir='ltr'><strong>reatum,</strong></span> <span class='ocrx_word' id='word_1_82' title='bbox 404 1428 466 1476; x_wconf 89' lang='lat' dir='ltr'><strong>ut</strong></span> <span class='ocrx_word' id='word_1_83' title='bbox 488 1428 845 1492; x_wconf 82' lang='lat' dir='ltr'><strong>cognoscant,</strong></span> <span class='ocrx_word' id='word_1_84' title='bbox 874 1428 929 1476; x_wconf 88' lang='lat' dir='ltr'><strong>et</strong></span> <span class='ocrx_word' id='word_1_85' title='bbox 952 1435 1054 1491; x_wconf 87' lang='lat' dir='ltr'><strong>pro</strong></span> <span class='ocrx_word' id='word_1_86' title='bbox 1081 1420 1168 1477; x_wconf 88' lang='lat' dir='ltr'><strong>his</strong></span> <span class='ocrx_word' id='word_1_87' title='bbox 1189 1419 1307 1491; x_wconf 89' lang='lat' dir='ltr'><strong>qui,</strong></span> <span class='ocrx_word' id='word_1_88' title='bbox 1334 1426 1430 1473; x_wconf 87' lang='lat' dir='ltr'><strong>aut</strong></span> <span class='ocrx_word' id='word_1_89' title='bbox 1448 1419 1575 1489; x_wconf 88' lang='lat' dir='ltr'><strong>quia</strong></span> <span class='ocrx_word' id='word_1_90' title='bbox 1602 1435 1730 1474; x_wconf 90' lang='lat' dir='ltr'><strong>eru-</strong></span> 
     </span>
    </p>
   </div>
   <div class='ocr_carea' id='block_1_15' title="bbox 134 1511 1733 1585">
    <p class='ocr_par' dir='ltr' id='par_1_15' title="bbox 134 1511 1733 1585">
     <span class='ocr_line' id='line_1_15' title="bbox 134 1511 1733 1585; baseline -0.001 -17"><span class='ocrx_word' id='word_1_91' title='bbox 134 1513 388 1581; x_wconf 81' lang='lat' dir='ltr'><strong>bescunt,</strong></span> <span class='ocrx_word' id='word_1_92' title='bbox 417 1523 512 1569; x_wconf 89' lang='lat' dir='ltr'><strong>aut</strong></span> <span class='ocrx_word' id='word_1_93' title='bbox 538 1513 669 1585; x_wconf 88' lang='lat' dir='ltr'><strong>quia</strong></span> <span class='ocrx_word' id='word_1_94' title='bbox 711 1520 899 1568; x_wconf 87' lang='lat' dir='ltr'><strong>amant</strong></span> <span class='ocrx_word' id='word_1_95' title='bbox 927 1521 1139 1568; x_wconf 88' lang='lat' dir='ltr'><strong>reatum</strong></span> <span class='ocrx_word' id='word_1_96' title='bbox 1183 1527 1366 1581; x_wconf 83' lang='lat' dir='ltr'><strong>suum,</strong></span> <span class='ocrx_word' id='word_1_97' title='bbox 1397 1527 1509 1567; x_wconf 91' lang='lat' dir='ltr'><strong>non</strong></span> <span class='ocrx_word' id='word_1_98' title='bbox 1558 1511 1733 1568; x_wconf 83' lang='lat' dir='ltr'><strong>conﬁ-</strong></span> 
     </span>
    </p>
   </div>
   <div class='ocr_carea' id='block_1_16' title="bbox 134 1605 841 1672">
    <p class='ocr_par' dir='ltr' id='par_1_16' title="bbox 134 1605 841 1672">
     <span class='ocr_line' id='line_1_16' title="bbox 134 1605 841 1672; baseline 0.001 -13"><span class='ocrx_word' id='word_1_99' title='bbox 134 1613 339 1672; x_wconf 82' lang='lat' dir='ltr'><strong>tentur,</strong></span> <span class='ocrx_word' id='word_1_100' title='bbox 364 1614 428 1660; x_wconf 90' lang='lat' dir='ltr'><strong>ut</strong></span> <span class='ocrx_word' id='word_1_101' title='bbox 453 1605 841 1660; x_wconf 83' lang='lat' dir='ltr'><strong>confiteantur.</strong></span> 
     </span>
    </p>
   </div>
   <div class='ocr_carea' id='block_1_17' title="bbox 200 1693 1726 1762">
    <p class='ocr_par' dir='ltr' id='par_1_17' title="bbox 200 1693 1726 1762">
     <span class='ocr_line' id='line_1_17' title="bbox 200 1693 1726 1762; baseline -0.001 -11"><span class='ocrx_word' id='word_1_102' title='bbox 200 1693 402 1751; x_wconf 86' lang='lat' dir='ltr'><strong>Omnis</strong></span> <span class='ocrx_word' id='word_1_103' title='bbox 431 1696 619 1751; x_wconf 88' lang='lat' dir='ltr'><strong>anima</strong></span> <span class='ocrx_word' id='word_1_104' title='bbox 645 1695 931 1752; x_wconf 83' lang='lat' dir='ltr'><strong>rationalis</strong></span> <span class='ocrx_word' id='word_1_105' title='bbox 956 1696 1147 1751; x_wconf 82' lang='lat' dir='ltr'><strong>volens</strong></span> <span class='ocrx_word' id='word_1_106' title='bbox 1171 1694 1365 1752; x_wconf 86' lang='lat' dir='ltr'><strong>ulcisci</strong></span> <span class='ocrx_word' id='word_1_107' title='bbox 1401 1710 1480 1762; x_wconf 88' lang='lat' dir='ltr'><strong>se,</strong></span> <span class='ocrx_word' id='word_1_108' title='bbox 1511 1696 1617 1750; x_wconf 87' lang='lat' dir='ltr'><strong>hoc</strong></span> <span class='ocrx_word' id='word_1_109' title='bbox 1645 1695 1726 1749; x_wconf 88' lang='lat' dir='ltr'><strong>ir—</strong></span> 
     </span>
    </p>
   </div>
   <div class='ocr_carea' id='block_1_18' title="bbox 137 1788 1730 1859">
    <p class='ocr_par' dir='ltr' id='par_1_18' title="bbox 137 1788 1730 1859">
     <span class='ocr_line' id='line_1_18' title="bbox 137 1788 1730 1859; baseline -0.001 -16"><span class='ocrx_word' id='word_1_110' title='bbox 137 1796 291 1858; x_wconf 77' lang='lat' dir='ltr'><strong>rogat</strong></span> <span class='ocrx_word' id='word_1_111' title='bbox 345 1789 505 1843; x_wconf 87' lang='lat' dir='ltr'><strong>alteri</strong></span> <span class='ocrx_word' id='word_1_112' title='bbox 554 1788 701 1859; x_wconf 89' lang='lat' dir='ltr'><strong>quod</strong></span> <span class='ocrx_word' id='word_1_113' title='bbox 749 1788 857 1845; x_wconf 84' lang='lat' dir='ltr'><strong>sibi</strong></span> <span class='ocrx_word' id='word_1_114' title='bbox 898 1788 1007 1858; x_wconf 85' lang='lat' dir='ltr'><strong>ipsi</strong></span> <span class='ocrx_word' id='word_1_115' title='bbox 1051 1789 1265 1855; x_wconf 87' lang='lat' dir='ltr'><strong>metuit,</strong></span> <span class='ocrx_word' id='word_1_116' title='bbox 1309 1796 1364 1843; x_wconf 91' lang='lat' dir='ltr'><strong>et</strong></span> <span class='ocrx_word' id='word_1_117' title='bbox 1386 1788 1641 1843; x_wconf 87' lang='lat' dir='ltr'><strong>abhorret</strong></span> <span class='ocrx_word' id='word_1_118' title='bbox 1675 1794 1730 1843; x_wconf 91' lang='lat' dir='ltr'><strong>et</strong></span> 
     </span>
    </p>
   </div>
   <div class='ocr_carea' id='block_1_19' title="bbox 1832 596 3431 672">
    <p class='ocr_par' dir='ltr' id='par_1_19' title="bbox 1832 596 3431 672">
     <span class='ocr_line' id='line_1_19' title="bbox 1832 596 3431 672; baseline 0.005 -21"><span class='ocrx_word' id='word_1_119' title='bbox 1832 597 1947 652; x_wconf 87' lang='lat' dir='ltr'><strong>lore</strong></span> <span class='ocrx_word' id='word_1_120' title='bbox 1978 596 2070 651; x_wconf 89' lang='lat' dir='ltr'><strong>illo</strong></span> <span class='ocrx_word' id='word_1_121' title='bbox 2104 597 2187 652; x_wconf 86' lang='lat' dir='ltr'><strong>vel</strong></span> <span class='ocrx_word' id='word_1_122' title='bbox 2217 597 2329 664; x_wconf 84' lang='lat' dir='ltr'><strong>illo,</strong></span> <span class='ocrx_word' id='word_1_123' title='bbox 2366 597 2446 652; x_wconf 91' lang='lat' dir='ltr'><strong>sic</strong></span> <span class='ocrx_word' id='word_1_124' title='bbox 2473 597 2596 652; x_wconf 84' lang='lat' dir='ltr'><strong>cibo</strong></span> <span class='ocrx_word' id='word_1_125' title='bbox 2622 607 2811 654; x_wconf 87' lang='lat' dir='ltr'><strong>contra</strong></span> <span class='ocrx_word' id='word_1_126' title='bbox 2839 598 3062 668; x_wconf 89' lang='lat' dir='ltr'><strong>famem,</strong></span> <span class='ocrx_word' id='word_1_127' title='bbox 3090 617 3201 657; x_wconf 89' lang='lat' dir='ltr'><strong>non</strong></span> <span class='ocrx_word' id='word_1_128' title='bbox 3230 617 3431 672; x_wconf 79' lang='lat' dir='ltr'><strong>sapore</strong></span> 
     </span>
    </p>
   </div>
   <div class='ocr_carea' id='block_1_20' title="bbox 1832 690 2185 746">
    <p class='ocr_par' dir='ltr' id='par_1_20' title="bbox 1832 690 2185 746">
     <span class='ocr_line' id='line_1_20' title="bbox 1832 690 2185 746; baseline 0.006 -2"><span class='ocrx_word' id='word_1_129' title='bbox 1832 691 1925 745; x_wconf 89' lang='lat' dir='ltr'><strong>illo</strong></span> <span class='ocrx_word' id='word_1_130' title='bbox 1949 700 2045 745; x_wconf 88' lang='lat' dir='ltr'><strong>aut</strong></span> <span class='ocrx_word' id='word_1_131' title='bbox 2074 690 2185 746; x_wconf 91' lang='lat' dir='ltr'><strong>illo.</strong></span> 
     </span>
    </p>
   </div>
   <div class='ocr_carea' id='block_1_21' title="bbox 1902 779 3428 852">
    <p class='ocr_par' dir='ltr' id='par_1_21' title="bbox 1902 779 3428 852">
     <span class='ocr_line' id='line_1_21' title="bbox 1902 779 3428 852; baseline 0.005 -19"><span class='ocrx_word' id='word_1_132' title='bbox 1902 779 2167 851; x_wconf 88' lang='lat' dir='ltr'><strong>Voluptas</strong></span> <span class='ocrx_word' id='word_1_133' title='bbox 2198 782 2463 851; x_wconf 88' lang='lat' dir='ltr'><strong>bestialis,</strong></span> <span class='ocrx_word' id='word_1_134' title='bbox 2495 799 2561 839; x_wconf 82' lang='lat' dir='ltr'><strong>ex</strong></span> <span class='ocrx_word' id='word_1_135' title='bbox 2597 784 2854 840; x_wconf 89' lang='lat' dir='ltr'><strong>sensibus</strong></span> <span class='ocrx_word' id='word_1_136' title='bbox 2888 784 3105 852; x_wconf 87' lang='lat' dir='ltr'><strong>carnis;</strong></span> <span class='ocrx_word' id='word_1_137' title='bbox 3156 784 3428 842; x_wconf 85' lang='lat' dir='ltr'><strong>diabolica</strong></span> 
     </span>
    </p>
   </div>
   <div class='ocr_carea' id='block_1_22' title="bbox 1831 873 3426 946">
    <p class='ocr_par' dir='ltr' id='par_1_22' title="bbox 1831 873 3426 946">
     <span class='ocr_line' id='line_1_22' title="bbox 1831 873 3426 946; baseline 0.004 -20"><span class='ocrx_word' id='word_1_138' title='bbox 1831 878 1982 938; x_wconf 86' lang='lat' dir='ltr'><strong>vero,</strong></span> <span class='ocrx_word' id='word_1_139' title='bbox 2010 874 2191 929; x_wconf 91' lang='lat' dir='ltr'><strong>omnis</strong></span> <span class='ocrx_word' id='word_1_140' title='bbox 2220 873 2397 930; x_wconf 88' lang='lat' dir='ltr'><strong>fastus</strong></span> <span class='ocrx_word' id='word_1_141' title='bbox 2438 882 2494 930; x_wconf 88' lang='lat' dir='ltr'><strong>et</strong></span> <span class='ocrx_word' id='word_1_142' title='bbox 2522 875 2742 931; x_wconf 69' lang='lat' dir='ltr'><strong>invidia:</strong></span> <span class='ocrx_word' id='word_1_143' title='bbox 2782 884 2837 931; x_wconf 89' lang='lat' dir='ltr'><strong>et</strong></span> <span class='ocrx_word' id='word_1_144' title='bbox 2883 874 3150 943; x_wconf 69' lang='lat' dir='ltr'><strong>fallaciae;</strong></span> <span class='ocrx_word' id='word_1_145' title='bbox 3183 876 3426 946; x_wconf 87' lang='lat' dir='ltr'><strong>philoso—</strong></span> 
     </span>
    </p>
   </div>
   <div class='ocr_carea' id='block_1_23' title="bbox 1830 964 3426 1038">
    <p class='ocr_par' dir='ltr' id='par_1_23' title="bbox 1830 964 3426 1038">
     <span class='ocr_line' id='line_1_23' title="bbox 1830 964 3426 1038; baseline 0.003 -20"><span class='ocrx_word' id='word_1_146' title='bbox 1830 964 1993 1034; x_wconf 85' lang='lat' dir='ltr'><strong>phica</strong></span> <span class='ocrx_word' id='word_1_147' title='bbox 2034 980 2187 1029; x_wconf 87' lang='lat' dir='ltr'><strong>vero,</strong></span> <span class='ocrx_word' id='word_1_148' title='bbox 2241 979 2409 1022; x_wconf 88' lang='lat' dir='ltr'><strong>nosse</strong></span> <span class='ocrx_word' id='word_1_149' title='bbox 2465 974 2809 1034; x_wconf 86' lang='lat' dir='ltr'><strong>creaturam;</strong></span> <span class='ocrx_word' id='word_1_150' title='bbox 2857 967 3122 1038; x_wconf 85' lang='lat' dir='ltr'><strong>angelica,</strong></span> <span class='ocrx_word' id='word_1_151' title='bbox 3164 975 3426 1023; x_wconf 83' lang='lat' dir='ltr'><strong>nosseet</strong></span> 
     </span>
    </p>
   </div>
   <div class='ocr_carea' id='block_1_24' title="bbox 1832 1054 2239 1111">
    <p class='ocr_par' dir='ltr' id='par_1_24' title="bbox 1832 1054 2239 1111">
     <span class='ocr_line' id='line_1_24' title="bbox 1832 1054 2239 1111; baseline 0 -2"><span class='ocrx_word' id='word_1_152' title='bbox 1832 1070 2018 1110; x_wconf 88' lang='lat' dir='ltr'><strong>amare</strong></span> <span class='ocrx_word' id='word_1_153' title='bbox 2047 1054 2239 1111; x_wconf 88' lang='lat' dir='ltr'><strong>Deum.</strong></span> 
     </span>
    </p>
   </div>
   <div class='ocr_carea' id='block_1_25' title="bbox 1902 1146 3429 1224">
    <p class='ocr_par' dir='ltr' id='par_1_25' title="bbox 1902 1146 3429 1224">
     <span class='ocr_line' id='line_1_25' title="bbox 1902 1146 3429 1224; baseline 0.007 -24"><span class='ocrx_word' id='word_1_154' title='bbox 1902 1146 2037 1214; x_wconf 82' lang='lat' dir='ltr'><strong>Quae</strong></span> <span class='ocrx_word' id='word_1_155' title='bbox 2084 1148 2141 1203; x_wconf 89' lang='lat' dir='ltr'><strong>in</strong></span> <span class='ocrx_word' id='word_1_156' title='bbox 2192 1147 2525 1206; x_wconf 86' lang='lat' dir='ltr'><strong>transitoriis</strong></span> <span class='ocrx_word' id='word_1_157' title='bbox 2571 1151 2696 1221; x_wconf 83' lang='lat' dir='ltr'><strong>plus</strong></span> <span class='ocrx_word' id='word_1_158' title='bbox 2739 1151 3028 1220; x_wconf 87' lang='lat' dir='ltr'><strong>delectant,</strong></span> <span class='ocrx_word' id='word_1_159' title='bbox 3085 1152 3204 1209; x_wconf 63' lang='lat' dir='ltr'><strong>haec</strong></span> <span class='ocrx_word' id='word_1_160' title='bbox 3249 1152 3429 1224; x_wconf 8' lang='lat' dir='ltr'><strong>magis;</strong></span> 
     </span>
    </p>
   </div>
   <div class='ocr_carea' id='block_1_26' title="bbox 1832 1239 2294 1296">
    <p class='ocr_par' dir='ltr' id='par_1_26' title="bbox 1832 1239 2294 1296">
     <span class='ocr_line' id='line_1_26' title="bbox 1832 1239 2294 1296; baseline 0.002 -1"><span class='ocrx_word' id='word_1_161' title='bbox 1832 1239 2116 1296; x_wconf 77' lang='lat' dir='ltr'><strong>mortifera</strong></span> <span class='ocrx_word' id='word_1_162' title='bbox 2146 1248 2294 1296; x_wconf 86' lang='lat' dir='ltr'><strong>sunt.</strong></span> 
     </span>
    </p>
   </div>
   <div class='ocr_carea' id='block_1_27' title="bbox 1903 1329 3426 1407">
    <p class='ocr_par' dir='ltr' id='par_1_27' title="bbox 1903 1329 3426 1407">
     <span class='ocr_line' id='line_1_27' title="bbox 1903 1329 3426 1407; baseline 0.001 -19"><span class='ocrx_word' id='word_1_163' title='bbox 1903 1329 2104 1388; x_wconf 87' lang='lat' dir='ltr'><strong>Eadem</strong></span> <span class='ocrx_word' id='word_1_164' title='bbox 2159 1341 2255 1388; x_wconf 89' lang='lat' dir='ltr'><strong>aut</strong></span> <span class='ocrx_word' id='word_1_165' title='bbox 2302 1332 2460 1405; x_wconf 82' lang='lat' dir='ltr'><strong>pejor</strong></span> <span class='ocrx_word' id='word_1_166' title='bbox 2509 1342 2594 1390; x_wconf 89' lang='lat' dir='ltr'><strong>est</strong></span> <span class='ocrx_word' id='word_1_167' title='bbox 2637 1334 2898 1402; x_wconf 89' lang='lat' dir='ltr'><strong>stultitia,</strong></span> <span class='ocrx_word' id='word_1_168' title='bbox 2930 1335 3292 1407; x_wconf 82' lang='lat' dir='ltr'><strong>genuﬂectere</strong></span> <span class='ocrx_word' id='word_1_169' title='bbox 3337 1334 3426 1390; x_wconf 87' lang='lat' dir='ltr'><strong>bis</strong></span> 
     </span>
    </p>
   </div>
   <div class='ocr_carea' id='block_1_28' title="bbox 1831 1409 3428 1499">
    <p class='ocr_par' dir='ltr' id='par_1_28' title="bbox 1831 1409 3428 1499">
     <span class='ocr_line' id='line_1_28' title="bbox 1831 1409 3428 1499; baseline 0.003 -21"><span class='ocrx_word' id='word_1_170' title='bbox 1831 1439 1954 1494; x_wconf 66' lang='lat' dir='ltr'><strong>quae</strong></span> <span class='ocrx_word' id='word_1_171' title='bbox 1993 1432 2051 1481; x_wconf 89' lang='lat' dir='ltr'><strong>tu</strong></span> <span class='ocrx_word' id='word_1_172' title='bbox 2099 1409 2314 1493; x_wconf 75' lang='lat' dir='ltr'><strong>feceris,</strong></span> <span class='ocrx_word' id='word_1_173' title='bbox 2359 1434 2414 1480; x_wconf 90' lang='lat' dir='ltr'><strong>et</strong></span> <span class='ocrx_word' id='word_1_174' title='bbox 2462 1426 2705 1481; x_wconf 90' lang='lat' dir='ltr'><strong>animum</strong></span> <span class='ocrx_word' id='word_1_175' title='bbox 2751 1427 3015 1482; x_wconf 88' lang='lat' dir='ltr'><strong>inclinare</strong></span> <span class='ocrx_word' id='word_1_176' title='bbox 3045 1429 3133 1483; x_wconf 88' lang='lat' dir='ltr'><strong>his</strong></span> <span class='ocrx_word' id='word_1_177' title='bbox 3179 1443 3303 1499; x_wconf 64' lang='lat' dir='ltr'><strong>quae</strong></span> <span class='ocrx_word' id='word_1_178' title='bbox 3332 1427 3428 1482; x_wconf 88' lang='lat' dir='ltr'><strong>de-</strong></span> 
     </span>
    </p>
   </div>
   <div class='ocr_carea' id='block_1_29' title="bbox 1832 1517 3190 1587">
    <p class='ocr_par' dir='ltr' id='par_1_29' title="bbox 1832 1517 3190 1587">
     <span class='ocr_line' id='line_1_29' title="bbox 1832 1517 3190 1587; baseline 0.003 -14"><span class='ocrx_word' id='word_1_179' title='bbox 1832 1518 2024 1584; x_wconf 88' lang='lat' dir='ltr'><strong>struis,</strong></span> <span class='ocrx_word' id='word_1_180' title='bbox 2053 1517 2109 1573; x_wconf 91' lang='lat' dir='ltr'><strong>id</strong></span> <span class='ocrx_word' id='word_1_181' title='bbox 2133 1525 2218 1573; x_wconf 89' lang='lat' dir='ltr'><strong>est</strong></span> <span class='ocrx_word' id='word_1_182' title='bbox 2243 1518 2537 1587; x_wconf 86' lang='lat' dir='ltr'><strong>saporibus</strong></span> <span class='ocrx_word' id='word_1_183' title='bbox 2558 1519 2643 1573; x_wconf 87' lang='lat' dir='ltr'><strong>vel</strong></span> <span class='ocrx_word' id='word_1_184' title='bbox 2668 1519 2792 1575; x_wconf 90' lang='lat' dir='ltr'><strong>aliis</strong></span> <span class='ocrx_word' id='word_1_185' title='bbox 2820 1522 3190 1585; x_wconf 86' lang='lat' dir='ltr'><strong>sensibilibus.</strong></span> 
     </span>
    </p>
   </div>
   <div class='ocr_carea' id='block_1_30' title="bbox 1904 1608 3428 1681">
    <p class='ocr_par' dir='ltr' id='par_1_30' title="bbox 1904 1608 3428 1681">
     <span class='ocr_line' id='line_1_30' title="bbox 1904 1608 3428 1681; baseline 0.004 -19"><span class='ocrx_word' id='word_1_186' title='bbox 1904 1608 1982 1665; x_wconf 92' lang='lat' dir='ltr'><strong>De</strong></span> <span class='ocrx_word' id='word_1_187' title='bbox 2008 1608 2329 1680; x_wconf 81' lang='lat' dir='ltr'><strong>regionibus</strong></span> <span class='ocrx_word' id='word_1_188' title='bbox 2360 1610 2715 1681; x_wconf 81' lang='lat' dir='ltr'><strong>congregavit</strong></span> <span class='ocrx_word' id='word_1_189' title='bbox 2740 1625 2857 1677; x_wconf 90' lang='lat' dir='ltr'><strong>eos,</strong></span> <span class='ocrx_word' id='word_1_190' title='bbox 2893 1627 2925 1665; x_wconf 90' lang='lat' dir='ltr'><strong>a</strong></span> <span class='ocrx_word' id='word_1_191' title='bbox 2960 1612 3251 1681; x_wconf 87' lang='lat' dir='ltr'><strong>saporibus</strong></span> <span class='ocrx_word' id='word_1_192' title='bbox 3279 1615 3428 1670; x_wconf 88' lang='lat' dir='ltr'><strong>scili-</strong></span> 
     </span>
    </p>
   </div>
   <div class='ocr_carea' id='block_1_31' title="bbox 1832 1701 3463 1773">
    <p class='ocr_par' dir='ltr' id='par_1_31' title="bbox 1832 1701 3463 1773">
     <span class='ocr_line' id='line_1_31' title="bbox 1832 1701 3463 1773; baseline 0.002 -15"><span class='ocrx_word' id='word_1_193' title='bbox 1832 1710 1920 1758; x_wconf 86' lang='lat' dir='ltr'><strong>cet</strong></span> <span class='ocrx_word' id='word_1_194' title='bbox 1945 1710 2001 1756; x_wconf 91' lang='lat' dir='ltr'><strong>et</strong></span> <span class='ocrx_word' id='word_1_195' title='bbox 2027 1701 2312 1768; x_wconf 86' lang='lat' dir='ltr'><strong>odoribus,</strong></span> <span class='ocrx_word' id='word_1_196' title='bbox 2343 1710 2400 1757; x_wconf 91' lang='lat' dir='ltr'><strong>et</strong></span> <span class='ocrx_word' id='word_1_197' title='bbox 2427 1703 2643 1759; x_wconf 89' lang='lat' dir='ltr'><strong>carneis</strong></span> <span class='ocrx_word' id='word_1_198' title='bbox 2688 1702 2927 1759; x_wconf 87' lang='lat' dir='ltr'><strong>tactibus</strong></span> <span class='ocrx_word' id='word_1_199' title='bbox 2974 1718 3177 1760; x_wconf 90' lang='lat' dir='ltr'><strong>eruens</strong></span> <span class='ocrx_word' id='word_1_200' title='bbox 3213 1705 3428 1761; x_wconf 88' lang='lat' dir='ltr'><strong>animos</strong></span> <span class='ocrx_word' id='word_1_201' title='bbox 3454 1757 3463 1773; x_wconf 83' lang='grc'>,</span> 
     </span>
    </p>
   </div>
   <div class='ocr_carea' id='block_1_32' title="bbox 1841 1794 2510 1867">
    <p class='ocr_par' dir='ltr' id='par_1_32' title="bbox 1841 1794 2510 1867">
     <span class='ocr_line' id='line_1_32' title="bbox 1841 1794 2510 1867; baseline 0 -17"><span class='ocrx_word' id='word_1_202' title='bbox 1841 1802 2083 1861; x_wconf 90' lang='lat' dir='ltr'><strong>sanctos,</strong></span> <span class='ocrx_word' id='word_1_203' title='bbox 2117 1794 2173 1849; x_wconf 87' lang='lat' dir='ltr'><strong>in</strong></span> <span class='ocrx_word' id='word_1_204' title='bbox 2200 1809 2260 1849; x_wconf 91' lang='lat' dir='ltr'><strong>se</strong></span> <span class='ocrx_word' id='word_1_205' title='bbox 2288 1795 2510 1867; x_wconf 81' lang='lat' dir='ltr'><strong>colligit.</strong></span> 
     </span>
    </p>
   </div>
   <div class='ocr_carea' id='block_1_33' title="bbox 137 1860 3489 1971">
    <p class='ocr_par' dir='ltr' id='par_1_33' title="bbox 137 1860 3489 1971">
     <span class='ocr_line' id='line_1_33' title="bbox 137 1860 3489 1971; baseline 0.002 -40"><span class='ocrx_word' id='word_1_206' title='bbox 137 1878 338 1933; x_wconf 83' lang='lat' dir='ltr'><strong>malum</strong></span> <span class='ocrx_word' id='word_1_207' title='bbox 364 1879 538 1936; x_wconf 85' lang='lat' dir='ltr'><strong>ducit.</strong></span> <span class='ocrx_word' id='word_1_208' title='bbox 578 1879 724 1936; x_wconf 80' lang='lat' dir='ltr'><strong>Nihil</strong></span> <span class='ocrx_word' id='word_1_209' title='bbox 756 1889 941 1936; x_wconf 89' lang='lat' dir='ltr'><strong>autem</strong></span> <span class='ocrx_word' id='word_1_210' title='bbox 968 1880 1227 1937; x_wconf 88' lang='lat' dir='ltr'><strong>libentius</strong></span> <span class='ocrx_word' id='word_1_211' title='bbox 1255 1881 1326 1937; x_wconf 86' lang='lat' dir='ltr'><strong>ad</strong></span> <span class='ocrx_word' id='word_1_212' title='bbox 1354 1881 1728 1936; x_wconf 89' lang='lat' dir='ltr'><strong>ulciscendum</strong></span> <span class='ocrx_word' id='word_1_213' title='bbox 1760 1860 1805 1919; x_wconf 68' lang='grc' dir='ltr'><strong><em>Β</em></strong></span> <span class='ocrx_word' id='word_1_214' title='bbox 1903 1886 1978 1942; x_wconf 88' lang='lat' dir='ltr'><strong>Ita</strong></span> <span class='ocrx_word' id='word_1_215' title='bbox 2009 1860 2280 1941; x_wconf 89' lang='lat' dir='ltr'><strong>conantur</strong></span> <span class='ocrx_word' id='word_1_216' title='bbox 2328 1860 2580 1942; x_wconf 74' lang='lat' dir='ltr'><strong>homines</strong></span> <span class='ocrx_word' id='word_1_217' title='bbox 2628 1886 2811 1971; x_wconf 79' lang='lat' dir='ltr'><strong>facere</strong></span> <span class='ocrx_word' id='word_1_218' title='bbox 2857 1903 3043 1942; x_wconf 88' lang='lat' dir='ltr'><strong>veram</strong></span> <span class='ocrx_word' id='word_1_219' title='bbox 3093 1889 3427 1958; x_wconf 84' lang='lat' dir='ltr'><strong>voluptatem</strong></span> <span class='ocrx_word' id='word_1_220' title='bbox 3486 1938 3489 1939; x_wconf 30' lang='grc' dir='ltr'><em>ν</em></span> 
     </span>
    </p>
   </div>
   <div class='ocr_carea' id='block_1_34' title="bbox 139 1972 1733 2043">
    <p class='ocr_par' dir='ltr' id='par_1_34' title="bbox 139 1972 1733 2043">
     <span class='ocr_line' id='line_1_34' title="bbox 139 1972 1733 2043; baseline 0.001 -18"><span class='ocrx_word' id='word_1_221' title='bbox 139 1986 194 2026; x_wconf 84' lang='lat' dir='ltr'><strong>se</strong></span> <span class='ocrx_word' id='word_1_222' title='bbox 217 1986 388 2041; x_wconf 87' lang='lat' dir='ltr'><strong>quam</strong></span> <span class='ocrx_word' id='word_1_223' title='bbox 414 1973 699 2029; x_wconf 86' lang='lat' dir='ltr'><strong>veritatem</strong></span> <span class='ocrx_word' id='word_1_224' title='bbox 748 1972 960 2043; x_wconf 86' lang='lat' dir='ltr'><strong>arripit,</strong></span> <span class='ocrx_word' id='word_1_225' title='bbox 992 1989 1093 2029; x_wconf 90' lang='lat' dir='ltr'><strong>nec</strong></span> <span class='ocrx_word' id='word_1_226' title='bbox 1133 1974 1305 2029; x_wconf 89' lang='lat' dir='ltr'><strong>ullum</strong></span> <span class='ocrx_word' id='word_1_227' title='bbox 1336 1974 1540 2028; x_wconf 89' lang='lat' dir='ltr'><strong>malum</strong></span> <span class='ocrx_word' id='word_1_228' title='bbox 1568 1988 1733 2028; x_wconf 85' lang='lat' dir='ltr'><strong>vene-</strong></span> 
     </span>
    </p>
   </div>
   <div class='ocr_carea' id='block_1_35' title="bbox 138 2064 1733 2137">
    <p class='ocr_par' dir='ltr' id='par_1_35' title="bbox 138 2064 1733 2137">
     <span class='ocr_line' id='line_1_35' title="bbox 138 2064 1733 2137; baseline 0.003 -21"><span class='ocrx_word' id='word_1_229' title='bbox 138 2064 347 2119; x_wconf 82' lang='lat' dir='ltr'><strong>natiore</strong></span> <span class='ocrx_word' id='word_1_230' title='bbox 376 2074 563 2119; x_wconf 94' lang='lat' dir='ltr'><strong>mente</strong></span> <span class='ocrx_word' id='word_1_231' title='bbox 600 2064 812 2137; x_wconf 79' lang='lat' dir='ltr'><strong>infligit.</strong></span> <span class='ocrx_word' id='word_1_232' title='bbox 846 2065 990 2136; x_wconf 87' lang='lat' dir='ltr'><strong>Ergo</strong></span> <span class='ocrx_word' id='word_1_233' title='bbox 1028 2065 1103 2120; x_wconf 92' lang='lat' dir='ltr'><strong>nil</strong></span> <span class='ocrx_word' id='word_1_234' title='bbox 1129 2066 1235 2122; x_wconf 90' lang='lat' dir='ltr'><strong>sibi</strong></span> <span class='ocrx_word' id='word_1_235' title='bbox 1271 2065 1448 2136; x_wconf 84' lang='lat' dir='ltr'><strong>magis</strong></span> <span class='ocrx_word' id='word_1_236' title='bbox 1473 2065 1733 2120; x_wconf 86' lang='lat' dir='ltr'><strong>abhorret</strong></span> 
     </span>
    </p>
   </div>
   <div class='ocr_carea' id='block_1_36' title="bbox 137 2148 1731 2228">
    <p class='ocr_par' dir='ltr' id='par_1_36' title="bbox 137 2148 1731 2228">
     <span class='ocr_line' id='line_1_36' title="bbox 137 2148 1731 2228; baseline 0.003 -21"><span class='ocrx_word' id='word_1_237' title='bbox 137 2148 249 2208; x_wconf 79' lang='lat' dir='ltr'><strong>fieri</strong></span> <span class='ocrx_word' id='word_1_238' title='bbox 278 2170 450 2224; x_wconf 89' lang='lat' dir='ltr'><strong>quam</strong></span> <span class='ocrx_word' id='word_1_239' title='bbox 482 2156 763 2211; x_wconf 89' lang='lat' dir='ltr'><strong>veritatem</strong></span> <span class='ocrx_word' id='word_1_240' title='bbox 803 2157 935 2212; x_wconf 90' lang='lat' dir='ltr'><strong>dici.</strong></span> <span class='ocrx_word' id='word_1_241' title='bbox 981 2156 1098 2213; x_wconf 82' lang='lat' dir='ltr'><strong>Hoc</strong></span> <span class='ocrx_word' id='word_1_242' title='bbox 1138 2158 1340 2228; x_wconf 88' lang='lat' dir='ltr'><strong>quippe</strong></span> <span class='ocrx_word' id='word_1_243' title='bbox 1384 2157 1731 2212; x_wconf 86' lang='lat' dir='ltr'><strong>adversarius</strong></span> 
     </span>
    </p>
   </div>
   <div class='ocr_carea' id='block_1_37' title="bbox 137 2245 1723 2325">
    <p class='ocr_par' dir='ltr' id='par_1_37' title="bbox 137 2245 1723 2325">
     <span class='ocr_line' id='line_1_37' title="bbox 137 2245 1723 2325; baseline 0.003 -27"><span class='ocrx_word' id='word_1_244' title='bbox 137 2245 201 2299; x_wconf 88' lang='lat' dir='ltr'><strong>de</strong></span> <span class='ocrx_word' id='word_1_245' title='bbox 226 2246 337 2302; x_wconf 88' lang='lat' dir='ltr'><strong>alio</strong></span> <span class='ocrx_word' id='word_1_246' title='bbox 362 2247 499 2303; x_wconf 89' lang='lat' dir='ltr'><strong>dicit</strong></span> <span class='ocrx_word' id='word_1_247' title='bbox 527 2247 698 2318; x_wconf 87' lang='lat' dir='ltr'><strong>quod,</strong></span> <span class='ocrx_word' id='word_1_248' title='bbox 732 2248 778 2304; x_wconf 91' lang='lat' dir='ltr'><strong>si</strong></span> <span class='ocrx_word' id='word_1_249' title='bbox 808 2249 855 2304; x_wconf 93' lang='lat' dir='ltr'><strong>is</strong></span> <span class='ocrx_word' id='word_1_250' title='bbox 884 2249 972 2303; x_wconf 92' lang='lat' dir='ltr'><strong>cui</strong></span> <span class='ocrx_word' id='word_1_251' title='bbox 1012 2249 1221 2325; x_wconf 90' lang='lat' dir='ltr'><strong>dicitur</strong></span> <span class='ocrx_word' id='word_1_252' title='bbox 1247 2249 1532 2303; x_wconf 86' lang='lat' dir='ltr'><strong>humiliter</strong></span> <span class='ocrx_word' id='word_1_253' title='bbox 1570 2264 1723 2303; x_wconf 84' lang='lat' dir='ltr'><strong>reco-</strong></span> 
     </span>
    </p>
   </div>
   <div class='ocr_carea' id='block_1_38' title="bbox 137 2338 1733 2408">
    <p class='ocr_par' dir='ltr' id='par_1_38' title="bbox 137 2338 1733 2408">
     <span class='ocr_line' id='line_1_38' title="bbox 137 2338 1733 2408; baseline 0.004 -20"><span class='ocrx_word' id='word_1_254' title='bbox 137 2338 372 2404; x_wconf 80' lang='lat' dir='ltr'><strong>gnoscit,</strong></span> <span class='ocrx_word' id='word_1_255' title='bbox 401 2338 637 2394; x_wconf 89' lang='lat' dir='ltr'><strong>salutem</strong></span> <span class='ocrx_word' id='word_1_256' title='bbox 663 2350 940 2395; x_wconf 86' lang='lat' dir='ltr'><strong>mereatur</strong></span> <span class='ocrx_word' id='word_1_257' title='bbox 967 2350 1249 2397; x_wconf 82' lang='lat' dir='ltr'><strong>aeternam.</strong></span> <span class='ocrx_word' id='word_1_258' title='bbox 1274 2341 1379 2408; x_wconf 89' lang='lat' dir='ltr'><strong>Qui</strong></span> <span class='ocrx_word' id='word_1_259' title='bbox 1402 2342 1548 2396; x_wconf 90' lang='lat' dir='ltr'><strong>enim</strong></span> <span class='ocrx_word' id='word_1_260' title='bbox 1577 2342 1733 2397; x_wconf 89' lang='lat' dir='ltr'><strong>adul-</strong></span> 
     </span>
    </p>
   </div>
   <div class='ocr_carea' id='block_1_39' title="bbox 142 2431 1730 2505">
    <p class='ocr_par' dir='ltr' id='par_1_39' title="bbox 142 2431 1730 2505">
     <span class='ocr_line' id='line_1_39' title="bbox 142 2431 1730 2505; baseline 0.004 -23"><span class='ocrx_word' id='word_1_261' title='bbox 142 2435 346 2497; x_wconf 87' lang='lat' dir='ltr'><strong>terum,</strong></span> <span class='ocrx_word' id='word_1_262' title='bbox 374 2431 683 2487; x_wconf 88' lang='lat' dir='ltr'><strong>adulterum</strong></span> <span class='ocrx_word' id='word_1_263' title='bbox 709 2441 893 2500; x_wconf 91' lang='lat' dir='ltr'><strong>vocat,</strong></span> <span class='ocrx_word' id='word_1_264' title='bbox 919 2434 1025 2489; x_wconf 91' lang='lat' dir='ltr'><strong>hoc</strong></span> <span class='ocrx_word' id='word_1_265' title='bbox 1053 2435 1102 2489; x_wconf 89' lang='lat' dir='ltr'><strong>ei</strong></span> <span class='ocrx_word' id='word_1_266' title='bbox 1131 2434 1264 2489; x_wconf 90' lang='lat' dir='ltr'><strong>dicit</strong></span> <span class='ocrx_word' id='word_1_267' title='bbox 1289 2450 1388 2505; x_wconf 91' lang='lat' dir='ltr'><strong>pro</strong></span> <span class='ocrx_word' id='word_1_268' title='bbox 1416 2435 1562 2488; x_wconf 88' lang='lat' dir='ltr'><strong>malo</strong></span> <span class='ocrx_word' id='word_1_269' title='bbox 1583 2435 1730 2504; x_wconf 90' lang='lat' dir='ltr'><strong>quod</strong></span> 
     </span>
    </p>
   </div>
   <div class='ocr_carea' id='block_1_40' title="bbox 135 2522 1733 2599">
    <p class='ocr_par' dir='ltr' id='par_1_40' title="bbox 135 2522 1733 2599">
     <span class='ocr_line' id='line_1_40' title="bbox 135 2522 1733 2599; baseline 0.003 -22"><span class='ocrx_word' id='word_1_270' title='bbox 135 2522 248 2594; x_wconf 86' lang='lat' dir='ltr'><strong>ipse</strong></span> <span class='ocrx_word' id='word_1_271' title='bbox 302 2540 403 2595; x_wconf 91' lang='lat' dir='ltr'><strong>pro</strong></span> <span class='ocrx_word' id='word_1_272' title='bbox 435 2524 616 2581; x_wconf 87' lang='lat' dir='ltr'><strong>salute</strong></span> <span class='ocrx_word' id='word_1_273' title='bbox 665 2541 767 2581; x_wconf 92' lang='lat' dir='ltr'><strong>sua</strong></span> <span class='ocrx_word' id='word_1_274' title='bbox 810 2525 973 2582; x_wconf 87' lang='lat' dir='ltr'><strong>fateri</strong></span> <span class='ocrx_word' id='word_1_275' title='bbox 1015 2526 1177 2582; x_wconf 91' lang='lat' dir='ltr'><strong>debet</strong></span> <span class='ocrx_word' id='word_1_276' title='bbox 1225 2527 1416 2599; x_wconf 85' lang='lat' dir='ltr'><strong>gratis.</strong></span> <span class='ocrx_word' id='word_1_277' title='bbox 1476 2525 1733 2581; x_wconf 89' lang='lat' dir='ltr'><strong>Libenter</strong></span> 
     </span>
    </p>
   </div>
   <div class='ocr_carea' id='block_1_41' title="bbox 134 2617 1730 2690">
    <p class='ocr_par' dir='ltr' id='par_1_41' title="bbox 134 2617 1730 2690">
     <span class='ocr_line' id='line_1_41' title="bbox 134 2617 1730 2690; baseline 0.003 -21"><span class='ocrx_word' id='word_1_278' title='bbox 134 2626 259 2685; x_wconf 81' lang='lat' dir='ltr'><strong>ergo</strong></span> <span class='ocrx_word' id='word_1_279' title='bbox 300 2617 403 2673; x_wconf 90' lang='lat' dir='ltr'><strong>hoc</strong></span> <span class='ocrx_word' id='word_1_280' title='bbox 424 2617 672 2689; x_wconf 86' lang='lat' dir='ltr'><strong>recipiat,</strong></span> <span class='ocrx_word' id='word_1_281' title='bbox 705 2634 808 2674; x_wconf 90' lang='lat' dir='ltr'><strong>nec</strong></span> <span class='ocrx_word' id='word_1_282' title='bbox 843 2635 954 2689; x_wconf 93' lang='lat' dir='ltr'><strong>qua</strong></span> <span class='ocrx_word' id='word_1_283' title='bbox 987 2618 1310 2687; x_wconf 87' lang='lat' dir='ltr'><strong>intentione,</strong></span> <span class='ocrx_word' id='word_1_284' title='bbox 1336 2620 1433 2675; x_wconf 89' lang='lat' dir='ltr'><strong>sed</strong></span> <span class='ocrx_word' id='word_1_285' title='bbox 1463 2618 1596 2690; x_wconf 88' lang='lat' dir='ltr'><strong>quid</strong></span> <span class='ocrx_word' id='word_1_286' title='bbox 1626 2618 1730 2674; x_wconf 89' lang='lat' dir='ltr'><strong>sibi</strong></span> 
     </span>
    </p>
   </div>
   <div class='ocr_carea' id='block_1_42' title="bbox 135 2705 1523 2781">
    <p class='ocr_par' dir='ltr' id='par_1_42' title="bbox 135 2705 1523 2781">
     <span class='ocr_line' id='line_1_42' title="bbox 135 2705 1523 2781; baseline 0.009 -19"><span class='ocrx_word' id='word_1_287' title='bbox 135 2705 369 2764; x_wconf 72' lang='lat' dir='ltr'><strong>di&#39;catur‘</strong></span> <span class='ocrx_word' id='word_1_288' title='bbox 382 2713 645 2767; x_wconf 83' lang='lat' dir='ltr'><strong>attendat.</strong></span> <span class='ocrx_word' id='word_1_289' title='bbox 1198 2772 1203 2777; x_wconf 68' lang='grc'>,</span> <span class='ocrx_word' id='word_1_290' title='bbox 1518 2776 1523 2781; x_wconf 62' lang='grc'><em>,</em></span> 
     </span>
    </p>
   </div>
   <div class='ocr_carea' id='block_1_43' title="bbox 199 2799 1727 2876">
    <p class='ocr_par' dir='ltr' id='par_1_43' title="bbox 199 2799 1727 2876">
     <span class='ocr_line' id='line_1_43' title="bbox 199 2799 1727 2876; baseline 0.004 -22"><span class='ocrx_word' id='word_1_291' title='bbox 199 2799 313 2867; x_wconf 85' lang='lat' dir='ltr'><strong>Qui</strong></span> <span class='ocrx_word' id='word_1_292' title='bbox 344 2816 455 2856; x_wconf 89' lang='lat' dir='ltr'><strong>non</strong></span> <span class='ocrx_word' id='word_1_293' title='bbox 481 2802 676 2869; x_wconf 82' lang='lat' dir='ltr'><strong>videri,</strong></span> <span class='ocrx_word' id='word_1_294' title='bbox 708 2802 826 2875; x_wconf 65' lang='lat' dir='ltr'><strong>sed;</strong></span> <span class='ocrx_word' id='word_1_295' title='bbox 850 2819 972 2859; x_wconf 91' lang='lat' dir='ltr'><strong>esse</strong></span> <span class='ocrx_word' id='word_1_296' title='bbox 998 2819 1163 2859; x_wconf 81' lang='lat' dir='ltr'><strong>verax</strong></span> <span class='ocrx_word' id='word_1_297' title='bbox 1209 2804 1475 2860; x_wconf 83' lang='lat' dir='ltr'><strong>veraciter</strong></span> <span class='ocrx_word' id='word_1_298' title='bbox 1514 2805 1727 2876; x_wconf 84' lang='lat' dir='ltr'><strong>diligit;</strong></span> 
     </span>
    </p>
   </div>
   <div class='ocr_carea' id='block_1_44' title="bbox 134 2893 1729 2963">
    <p class='ocr_par' dir='ltr' id='par_1_44' title="bbox 134 2893 1729 2963">
     <span class='ocr_line' id='line_1_44' title="bbox 134 2893 1729 2963; baseline 0.004 -17"><span class='ocrx_word' id='word_1_299' title='bbox 134 2906 231 2947; x_wconf 84' lang='lat' dir='ltr'><strong>nec</strong></span> <span class='ocrx_word' id='word_1_300' title='bbox 256 2893 458 2959; x_wconf 86' lang='lat' dir='ltr'><strong>videri,</strong></span> <span class='ocrx_word' id='word_1_301' title='bbox 489 2894 584 2949; x_wconf 86' lang='lat' dir='ltr'><strong>sed</strong></span> <span class='ocrx_word' id='word_1_302' title='bbox 606 2910 727 2950; x_wconf 88' lang='lat' dir='ltr'><strong>esse</strong></span> <span class='ocrx_word' id='word_1_303' title='bbox 752 2896 987 2951; x_wconf 78' lang='lat' dir='ltr'><strong>mendax</strong></span> <span class='ocrx_word' id='word_1_304' title='bbox 1012 2896 1281 2952; x_wconf 90' lang='lat' dir='ltr'><strong>veraciter</strong></span> <span class='ocrx_word' id='word_1_305' title='bbox 1301 2896 1513 2963; x_wconf 90' lang='lat' dir='ltr'><strong>metuit,</strong></span> <span class='ocrx_word' id='word_1_306' title='bbox 1544 2897 1729 2952; x_wconf 88' lang='lat' dir='ltr'><strong>statim</strong></span> 
     </span>
    </p>
   </div>
   <div class='ocr_carea' id='block_1_45' title="bbox 135 2986 1732 3055">
    <p class='ocr_par' dir='ltr' id='par_1_45' title="bbox 135 2986 1732 3055">
     <span class='ocr_line' id='line_1_45' title="bbox 135 2986 1732 3055; baseline 0.004 -18"><span class='ocrx_word' id='word_1_307' title='bbox 135 2992 192 3037; x_wconf 81' lang='lat' dir='ltr'><strong>ut</strong></span> <span class='ocrx_word' id='word_1_308' title='bbox 218 3000 281 3039; x_wconf 90' lang='lat' dir='ltr'><strong>se</strong></span> <span class='ocrx_word' id='word_1_309' title='bbox 313 2986 600 3041; x_wconf 87' lang='lat' dir='ltr'><strong>mentitum</strong></span> <span class='ocrx_word' id='word_1_310' title='bbox 624 2987 877 3055; x_wconf 84' lang='lat' dir='ltr'><strong>advertit,</strong></span> <span class='ocrx_word' id='word_1_311' title='bbox 911 2987 1015 3043; x_wconf 88' lang='lat' dir='ltr'><strong>sibi</strong></span> <span class='ocrx_word' id='word_1_312' title='bbox 1039 2988 1385 3054; x_wconf 86' lang='lat' dir='ltr'><strong>contradicit,</strong></span> <span class='ocrx_word' id='word_1_313' title='bbox 1414 3004 1511 3043; x_wconf 86' lang='lat' dir='ltr'><strong>nec</strong></span> <span class='ocrx_word' id='word_1_314' title='bbox 1534 2989 1604 3043; x_wconf 86' lang='lat' dir='ltr'><strong>ab</strong></span> <span class='ocrx_word' id='word_1_315' title='bbox 1626 2989 1732 3044; x_wconf 89' lang='lat' dir='ltr'><strong>hoc</strong></span> 
     </span>
    </p>
   </div>
   <div class='ocr_carea' id='block_1_46' title="bbox 135 3076 1730 3150">
    <p class='ocr_par' dir='ltr' id='par_1_46' title="bbox 135 3076 1730 3150">
     <span class='ocr_line' id='line_1_46' title="bbox 135 3076 1730 3150; baseline 0.003 -21"><span class='ocrx_word' id='word_1_316' title='bbox 135 3076 240 3131; x_wconf 88' lang='lat' dir='ltr'><strong>ulla</strong></span> <span class='ocrx_word' id='word_1_317' title='bbox 269 3092 404 3131; x_wconf 80' lang='lat' dir='ltr'><strong>eum</strong></span> <span class='ocrx_word' id='word_1_318' title='bbox 430 3079 516 3133; x_wconf 86' lang='lat' dir='ltr'><strong>vel</strong></span> <span class='ocrx_word' id='word_1_319' title='bbox 560 3078 889 3150; x_wconf 87' lang='lat' dir='ltr'><strong>improperia</strong></span> <span class='ocrx_word' id='word_1_320' title='bbox 936 3080 1023 3134; x_wconf 87' lang='lat' dir='ltr'><strong>vel</strong></span> <span class='ocrx_word' id='word_1_321' title='bbox 1062 3079 1263 3134; x_wconf 88' lang='lat' dir='ltr'><strong>damna</strong></span> <span class='ocrx_word' id='word_1_322' title='bbox 1300 3088 1577 3139; x_wconf 79' lang='lat' dir='ltr'><strong>revocant.</strong></span> <span class='ocrx_word' id='word_1_323' title='bbox 1612 3077 1730 3134; x_wconf 83' lang='lat' dir='ltr'><strong>Ma-</strong></span> 
     </span>
    </p>
   </div>
   <div class='ocr_carea' id='block_1_47' title="bbox 1832 1975 3430 2046">
    <p class='ocr_par' dir='ltr' id='par_1_47' title="bbox 1832 1975 3430 2046">
     <span class='ocr_line' id='line_1_47' title="bbox 1832 1975 3430 2046; baseline 0.001 -14"><span class='ocrx_word' id='word_1_324' title='bbox 1832 1977 1948 2032; x_wconf 88' lang='lat' dir='ltr'><strong>sive</strong></span> <span class='ocrx_word' id='word_1_325' title='bbox 2000 1975 2418 2043; x_wconf 87' lang='lat' dir='ltr'><strong>beatitudinem,</strong></span> <span class='ocrx_word' id='word_1_326' title='bbox 2465 1976 2624 2046; x_wconf 84' lang='lat' dir='ltr'><strong>quasi</strong></span> <span class='ocrx_word' id='word_1_327' title='bbox 2669 1987 2767 2032; x_wconf 91' lang='lat' dir='ltr'><strong>aut</strong></span> <span class='ocrx_word' id='word_1_328' title='bbox 2818 1979 2967 2031; x_wconf 90' lang='lat' dir='ltr'><strong>nulla</strong></span> <span class='ocrx_word' id='word_1_329' title='bbox 3019 1978 3110 2043; x_wconf 93' lang='lat' dir='ltr'><strong>sit,</strong></span> <span class='ocrx_word' id='word_1_330' title='bbox 3169 1990 3262 2033; x_wconf 90' lang='lat' dir='ltr'><strong>aut</strong></span> <span class='ocrx_word' id='word_1_331' title='bbox 3312 1978 3430 2033; x_wconf 81' lang='lat' dir='ltr'><strong>fieri</strong></span> 
     </span>
    </p>
   </div>
   <div class='ocr_carea' id='block_1_48' title="bbox 1830 2069 3439 2140">
    <p class='ocr_par' dir='ltr' id='par_1_48' title="bbox 1830 2069 3439 2140">
     <span class='ocr_line' id='line_1_48' title="bbox 1830 2069 3439 2140; baseline 0.001 -17"><span class='ocrx_word' id='word_1_332' title='bbox 1830 2070 2024 2140; x_wconf 88' lang='lat' dir='ltr'><strong>possit,</strong></span> <span class='ocrx_word' id='word_1_333' title='bbox 2078 2085 2203 2125; x_wconf 87' lang='lat' dir='ltr'><strong>cum</strong></span> <span class='ocrx_word' id='word_1_334' title='bbox 2254 2069 2371 2140; x_wconf 89' lang='lat' dir='ltr'><strong>ipsa</strong></span> <span class='ocrx_word' id='word_1_335' title='bbox 2425 2070 2541 2124; x_wconf 89' lang='lat' dir='ltr'><strong>sola</strong></span> <span class='ocrx_word' id='word_1_336' title='bbox 2598 2069 2849 2136; x_wconf 78' lang='lat' dir='ltr'><strong>sit,&#39;fieri</strong></span> <span class='ocrx_word' id='word_1_337' title='bbox 2895 2084 3027 2125; x_wconf 90' lang='lat' dir='ltr'><strong>vero</strong></span> <span class='ocrx_word' id='word_1_338' title='bbox 3073 2070 3225 2124; x_wconf 90' lang='lat' dir='ltr'><strong>nullo</strong></span> <span class='ocrx_word' id='word_1_339' title='bbox 3263 2070 3439 2125; x_wconf 80' lang='lat' dir='ltr'><strong>modo-</strong></span> 
     </span>
    </p>
   </div>
   <div class='ocr_carea' id='block_1_49' title="bbox 1830 2160 3430 2232">
    <p class='ocr_par' dir='ltr' id='par_1_49' title="bbox 1830 2160 3430 2232">
     <span class='ocr_line' id='line_1_49' title="bbox 1830 2160 3430 2232; baseline 0 -17"><span class='ocrx_word' id='word_1_340' title='bbox 1830 2163 2021 2232; x_wconf 91' lang='lat' dir='ltr'><strong>possit.</strong></span> <span class='ocrx_word' id='word_1_341' title='bbox 2077 2160 2135 2216; x_wconf 85' lang='lat' dir='ltr'><strong>Id</strong></span> <span class='ocrx_word' id='word_1_342' title='bbox 2192 2169 2377 2217; x_wconf 90' lang='lat' dir='ltr'><strong>autem</strong></span> <span class='ocrx_word' id='word_1_343' title='bbox 2432 2169 2517 2217; x_wconf 89' lang='lat' dir='ltr'><strong>est</strong></span> <span class='ocrx_word' id='word_1_344' title='bbox 2561 2162 2742 2216; x_wconf 85' lang='lat' dir='ltr'><strong>facere</strong></span> <span class='ocrx_word' id='word_1_345' title='bbox 2789 2161 2893 2216; x_wconf 90' lang='lat' dir='ltr'><strong>sibi</strong></span> <span class='ocrx_word' id='word_1_346' title='bbox 2941 2161 3335 2216; x_wconf 85' lang='lat' dir='ltr'><strong>beatitudinem</strong></span> <span class='ocrx_word' id='word_1_347' title='bbox 3374 2169 3430 2215; x_wconf 89' lang='lat' dir='ltr'><strong>et</strong></span> 
     </span>
    </p>
   </div>
   <div class='ocr_carea' id='block_1_50' title="bbox 1832 2251 3431 2323">
    <p class='ocr_par' dir='ltr' id='par_1_50' title="bbox 1832 2251 3431 2323">
     <span class='ocr_line' id='line_1_50' title="bbox 1832 2251 3431 2323; baseline 0.001 -18"><span class='ocrx_word' id='word_1_348' title='bbox 1832 2252 2002 2307; x_wconf 86' lang='lat' dir='ltr'><strong>Deum</strong></span> <span class='ocrx_word' id='word_1_349' title='bbox 2029 2270 2045 2319; x_wconf 91' lang='lat'><strong>;</strong></span> <span class='ocrx_word' id='word_1_350' title='bbox 2074 2260 2129 2308; x_wconf 90' lang='lat' dir='ltr'><strong>et</strong></span> <span class='ocrx_word' id='word_1_351' title='bbox 2153 2258 2346 2323; x_wconf 89' lang='lat' dir='ltr'><strong>putare</strong></span> <span class='ocrx_word' id='word_1_352' title='bbox 2361 2267 2474 2307; x_wconf 92' lang='lat' dir='ltr'><strong>non</strong></span> <span class='ocrx_word' id='word_1_353' title='bbox 2503 2266 2627 2308; x_wconf 91' lang='lat' dir='ltr'><strong>esse</strong></span> <span class='ocrx_word' id='word_1_354' title='bbox 2647 2251 3064 2317; x_wconf 85' lang='lat' dir='ltr'><strong>beatitudinem,</strong></span> <span class='ocrx_word' id='word_1_355' title='bbox 3088 2260 3143 2306; x_wconf 87' lang='lat' dir='ltr'><strong>et</strong></span> <span class='ocrx_word' id='word_1_356' title='bbox 3167 2266 3274 2306; x_wconf 89' lang='lat' dir='ltr'><strong>non</strong></span> <span class='ocrx_word' id='word_1_357' title='bbox 3305 2266 3431 2309; x_wconf 86' lang='lat' dir='ltr'><strong>esse</strong></span> 
     </span>
    </p>
   </div>
   <div class='ocr_carea' id='block_1_51' title="bbox 1832 2334 2875 2398">
    <p class='ocr_par' dir='ltr' id='par_1_51' title="bbox 1832 2334 2875 2398">
     <span class='ocr_line' id='line_1_51' title="bbox 1832 2334 2875 2398; baseline 0.002 -2"><span class='ocrx_word' id='word_1_358' title='bbox 1832 2342 2026 2398; x_wconf 89' lang='lat' dir='ltr'><strong>Deum.</strong></span> <span class='ocrx_word' id='word_1_359' title='bbox 2232 2340 2233 2343; x_wconf 49' lang='grc'><em>“</em></span> <span class='ocrx_word' id='word_1_360' title='bbox 2867 2334 2875 2343; x_wconf 77' lang='grc'><strong>’</strong></span> 
     </span>
    </p>
   </div>
   <div class='ocr_carea' id='block_1_52' title="bbox 1902 2432 3428 2505">
    <p class='ocr_par' dir='ltr' id='par_1_52' title="bbox 1902 2432 3428 2505">
     <span class='ocr_line' id='line_1_52' title="bbox 1902 2432 3428 2505; baseline 0.001 -15"><span class='ocrx_word' id='word_1_361' title='bbox 1902 2435 2041 2493; x_wconf 88' lang='lat' dir='ltr'><strong>Vide</strong></span> <span class='ocrx_word' id='word_1_362' title='bbox 2088 2438 2137 2492; x_wconf 89' lang='lat' dir='ltr'><strong>si</strong></span> <span class='ocrx_word' id='word_1_363' title='bbox 2181 2453 2374 2493; x_wconf 90' lang='lat' dir='ltr'><strong>omnes</strong></span> <span class='ocrx_word' id='word_1_364' title='bbox 2403 2438 2681 2505; x_wconf 89' lang='lat' dir='ltr'><strong>homines,</strong></span> <span class='ocrx_word' id='word_1_365' title='bbox 2729 2438 2977 2494; x_wconf 90' lang='lat' dir='ltr'><strong>dimissis</strong></span> <span class='ocrx_word' id='word_1_366' title='bbox 3005 2436 3264 2492; x_wconf 89' lang='lat' dir='ltr'><strong>omnibus</strong></span> <span class='ocrx_word' id='word_1_367' title='bbox 3300 2432 3428 2492; x_wconf 86' lang='lat' dir='ltr'><strong>aliis</strong></span> 
     </span>
    </p>
   </div>
   <div class='ocr_carea' id='block_1_53' title="bbox 1831 2525 3429 2595">
    <p class='ocr_par' dir='ltr' id='par_1_53' title="bbox 1831 2525 3429 2595">
     <span class='ocr_line' id='line_1_53' title="bbox 1831 2525 3429 2595; baseline 0.002 -15"><span class='ocrx_word' id='word_1_368' title='bbox 1831 2525 1998 2580; x_wconf 73' lang='lat' dir='ltr'><strong>rebus</strong></span> <span class='ocrx_word' id='word_1_369' title='bbox 2023 2526 2227 2595; x_wconf 86' lang='lat' dir='ltr'><strong>quibus</strong></span> <span class='ocrx_word' id='word_1_370' title='bbox 2252 2526 2563 2592; x_wconf 89' lang='lat' dir='ltr'><strong>intendunt,</strong></span> <span class='ocrx_word' id='word_1_371' title='bbox 2610 2526 2705 2581; x_wconf 91' lang='lat' dir='ltr'><strong>uni</strong></span> <span class='ocrx_word' id='word_1_372' title='bbox 2748 2535 2960 2581; x_wconf 89' lang='lat' dir='ltr'><strong>tantum</strong></span> <span class='ocrx_word' id='word_1_373' title='bbox 3002 2525 3172 2581; x_wconf 87' lang='lat' dir='ltr'><strong>colori</strong></span> <span class='ocrx_word' id='word_1_374' title='bbox 3210 2533 3305 2581; x_wconf 90' lang='lat' dir='ltr'><strong>aut</strong></span> <span class='ocrx_word' id='word_1_375' title='bbox 3335 2541 3429 2583; x_wconf 83' lang='lat' dir='ltr'><strong>sa-</strong></span> 
     </span>
    </p>
   </div>
   <div class='ocr_carea' id='block_1_54' title="bbox 1832 2616 3431 2689">
    <p class='ocr_par' dir='ltr' id='par_1_54' title="bbox 1832 2616 3431 2689">
     <span class='ocr_line' id='line_1_54' title="bbox 1832 2616 3431 2689; baseline 0.002 -19"><span class='ocrx_word' id='word_1_376' title='bbox 1832 2618 1949 2688; x_wconf 87' lang='lat' dir='ltr'><strong>pori</strong></span> <span class='ocrx_word' id='word_1_377' title='bbox 1985 2634 2052 2674; x_wconf 85' lang='lat' dir='ltr'><strong>ex</strong></span> <span class='ocrx_word' id='word_1_378' title='bbox 2112 2627 2226 2673; x_wconf 89' lang='lat' dir='ltr'><strong>toto</strong></span> <span class='ocrx_word' id='word_1_379' title='bbox 2275 2618 2580 2684; x_wconf 87' lang='lat' dir='ltr'><strong>intendant,</strong></span> <span class='ocrx_word' id='word_1_380' title='bbox 2633 2634 2799 2689; x_wconf 90' lang='lat' dir='ltr'><strong>quam</strong></span> <span class='ocrx_word' id='word_1_381' title='bbox 2858 2617 3049 2674; x_wconf 88' lang='lat' dir='ltr'><strong>miseri</strong></span> <span class='ocrx_word' id='word_1_382' title='bbox 3095 2616 3225 2673; x_wconf 86' lang='lat' dir='ltr'><strong>foedi</strong></span> <span class='ocrx_word' id='word_1_383' title='bbox 3276 2617 3431 2674; x_wconf 85' lang='lat' dir='ltr'><strong>stulti</strong></span> 
     </span>
    </p>
   </div>
   <div class='ocr_carea' id='block_1_55' title="bbox 1831 2709 3434 2778">
    <p class='ocr_par' dir='ltr' id='par_1_55' title="bbox 1831 2709 3434 2778">
     <span class='ocr_line' id='line_1_55' title="bbox 1831 2709 3434 2778; baseline 0.001 -15"><span class='ocrx_word' id='word_1_384' title='bbox 1831 2718 2015 2765; x_wconf 88' lang='lat' dir='ltr'><strong>erunt.</strong></span> <span class='ocrx_word' id='word_1_385' title='bbox 2054 2709 2146 2765; x_wconf 88' lang='lat' dir='ltr'><strong>Sic</strong></span> <span class='ocrx_word' id='word_1_386' title='bbox 2175 2718 2306 2766; x_wconf 91' lang='lat' dir='ltr'><strong>sunt</strong></span> <span class='ocrx_word' id='word_1_387' title='bbox 2334 2718 2389 2765; x_wconf 93' lang='lat' dir='ltr'><strong>et</strong></span> <span class='ocrx_word' id='word_1_388' title='bbox 2416 2710 2604 2778; x_wconf 90' lang='lat' dir='ltr'><strong>modo,</strong></span> <span class='ocrx_word' id='word_1_389' title='bbox 2639 2726 2766 2766; x_wconf 92' lang='lat' dir='ltr'><strong>cum</strong></span> <span class='ocrx_word' id='word_1_390' title='bbox 2796 2718 2909 2765; x_wconf 90' lang='lat' dir='ltr'><strong>tam</strong></span> <span class='ocrx_word' id='word_1_391' title='bbox 2936 2709 3127 2765; x_wconf 90' lang='lat' dir='ltr'><strong>multis</strong></span> <span class='ocrx_word' id='word_1_392' title='bbox 3153 2709 3220 2765; x_wconf 78' lang='lat' dir='ltr'><strong>ad</strong></span> <span class='ocrx_word' id='word_1_393' title='bbox 3250 2710 3434 2766; x_wconf 78' lang='lat' dir='ltr'><strong>diver:</strong></span> 
     </span>
    </p>
   </div>
   <div class='ocr_carea' id='block_1_56' title="bbox 1833 2799 3431 2874">
    <p class='ocr_par' dir='ltr' id='par_1_56' title="bbox 1833 2799 3431 2874">
     <span class='ocr_line' id='line_1_56' title="bbox 1833 2799 3431 2874; baseline 0.002 -19"><span class='ocrx_word' id='word_1_394' title='bbox 1833 2799 1911 2855; x_wconf 91' lang='lat' dir='ltr'><strong>sis</strong></span> <span class='ocrx_word' id='word_1_395' title='bbox 1937 2814 2119 2854; x_wconf 90' lang='lat' dir='ltr'><strong>rerum</strong></span> <span class='ocrx_word' id='word_1_396' title='bbox 2166 2799 2523 2869; x_wconf 86' lang='lat' dir='ltr'><strong>qualitatibus</strong></span> <span class='ocrx_word' id='word_1_397' title='bbox 2552 2799 2861 2855; x_wconf 89' lang='lat' dir='ltr'><strong>intendunt.</strong></span> <span class='ocrx_word' id='word_1_398' title='bbox 2899 2799 3017 2857; x_wconf 85' lang='lat' dir='ltr'><strong>Non</strong></span> <span class='ocrx_word' id='word_1_399' title='bbox 3061 2802 3210 2857; x_wconf 89' lang='lat' dir='ltr'><strong>enim</strong></span> <span class='ocrx_word' id='word_1_400' title='bbox 3254 2803 3431 2874; x_wconf 88' lang='lat' dir='ltr'><strong>magis</strong></span> 
     </span>
    </p>
   </div>
   <div class='ocr_carea' id='block_1_57' title="bbox 1829 2890 3436 2963">
    <p class='ocr_par' dir='ltr' id='par_1_57' title="bbox 1829 2890 3436 2963">
     <span class='ocr_line' id='line_1_57' title="bbox 1829 2890 3436 2963; baseline 0.001 -18"><span class='ocrx_word' id='word_1_401' title='bbox 1829 2892 2015 2963; x_wconf 86' lang='lat' dir='ltr'><strong>plures</strong></span> <span class='ocrx_word' id='word_1_402' title='bbox 2072 2900 2169 2946; x_wconf 90' lang='lat' dir='ltr'><strong>aut</strong></span> <span class='ocrx_word' id='word_1_403' title='bbox 2221 2891 2494 2946; x_wconf 78' lang='lat' dir='ltr'><strong>universae</strong></span> <span class='ocrx_word' id='word_1_404' title='bbox 2541 2900 2808 2946; x_wconf 70' lang='lat' dir='ltr'><strong>creatura:</strong></span> <span class='ocrx_word' id='word_1_405' title='bbox 2833 2932 2847 2957; x_wconf 95' lang='lat'><strong>,</strong></span> <span class='ocrx_word' id='word_1_406' title='bbox 2899 2890 3046 2947; x_wconf 89' lang='lat' dir='ltr'><strong>Deus</strong></span> <span class='ocrx_word' id='word_1_407' title='bbox 3097 2900 3288 2947; x_wconf 87' lang='lat' dir='ltr'><strong>noster</strong></span> <span class='ocrx_word' id='word_1_408' title='bbox 3335 2901 3436 2948; x_wconf 86' lang='lat' dir='ltr'><strong>aut</strong></span> 
     </span>
    </p>
   </div>
   <div class='ocr_carea' id='block_1_58' title="bbox 1831 2980 3207 3052">
    <p class='ocr_par' dir='ltr' id='par_1_58' title="bbox 1831 2980 3207 3052">
     <span class='ocr_line' id='line_1_58' title="bbox 1831 2980 3207 3052; baseline -0.001 -15"><span class='ocrx_word' id='word_1_409' title='bbox 1831 2990 2021 3039; x_wconf 90' lang='lat' dir='ltr'><strong>nostra</strong></span> <span class='ocrx_word' id='word_1_410' title='bbox 2050 2983 2201 3039; x_wconf 91' lang='lat' dir='ltr'><strong>salus</strong></span> <span class='ocrx_word' id='word_1_411' title='bbox 2229 2990 2357 3037; x_wconf 91' lang='lat' dir='ltr'><strong>sunt</strong></span> <span class='ocrx_word' id='word_1_412' title='bbox 2380 2997 2545 3052; x_wconf 90' lang='lat' dir='ltr'><strong>quam</strong></span> <span class='ocrx_word' id='word_1_413' title='bbox 2575 2996 2685 3035; x_wconf 85' lang='lat' dir='ltr'><strong>una</strong></span> <span class='ocrx_word' id='word_1_414' title='bbox 2715 2980 2972 3051; x_wconf 62' lang='lat' dir='ltr'><strong>quaelibet</strong></span> <span class='ocrx_word' id='word_1_415' title='bbox 2994 2996 3207 3035; x_wconf 87' lang='lat' dir='ltr'><strong>earum.</strong></span> 
     </span>
    </p>
   </div>
   <div class='ocr_carea' id='block_1_59' title="bbox 1905 3074 3463 3148">
    <p class='ocr_par' dir='ltr' id='par_1_59' title="bbox 1905 3074 3463 3148">
     <span class='ocr_line' id='line_1_59' title="bbox 1905 3074 3463 3148; baseline -0.001 -17"><span class='ocrx_word' id='word_1_416' title='bbox 1905 3075 2043 3131; x_wconf 87' lang='lat' dir='ltr'><strong>Cum</strong></span> <span class='ocrx_word' id='word_1_417' title='bbox 2080 3076 2383 3148; x_wconf 78' lang='lat' dir='ltr'><strong>gaudemus</strong></span> <span class='ocrx_word' id='word_1_418' title='bbox 2414 3074 2559 3130; x_wconf 89' lang='lat' dir='ltr'><strong>unde</strong></span> <span class='ocrx_word' id='word_1_419' title='bbox 2585 3083 2641 3130; x_wconf 91' lang='lat' dir='ltr'><strong>et</strong></span> <span class='ocrx_word' id='word_1_420' title='bbox 2664 3074 2847 3142; x_wconf 87' lang='lat' dir='ltr'><strong>bruta,</strong></span> <span class='ocrx_word' id='word_1_421' title='bbox 2876 3074 2930 3130; x_wconf 92' lang='lat' dir='ltr'><strong>id</strong></span> <span class='ocrx_word' id='word_1_422' title='bbox 2956 3082 3040 3131; x_wconf 89' lang='lat' dir='ltr'><strong>est</strong></span> <span class='ocrx_word' id='word_1_423' title='bbox 3079 3074 3148 3130; x_wconf 88' lang='lat' dir='ltr'><strong>de</strong></span> <span class='ocrx_word' id='word_1_424' title='bbox 3189 3074 3427 3141; x_wconf 78' lang='lat' dir='ltr'><strong>luxuria,</strong></span> <span class='ocrx_word' id='word_1_425' title='bbox 3462 3142 3463 3145; x_wconf 21' lang='grc' dir='ltr'><strong>η</strong></span> 
     </span>
    </p>
   </div>
   <div class='ocr_carea' id='block_1_60' title="bbox 136 3164 3438 3261">
    <p class='ocr_par' dir='ltr' id='par_1_60' title="bbox 136 3164 3438 3261">
     <span class='ocr_line' id='line_1_60' title="bbox 136 3164 3438 3261; baseline -0.003 -32"><span class='ocrx_word' id='word_1_426' title='bbox 136 3169 246 3223; x_wconf 68' lang='lat' dir='ltr'><strong>vult</strong></span> <span class='ocrx_word' id='word_1_427' title='bbox 276 3171 427 3224; x_wconf 87' lang='lat' dir='ltr'><strong>enim</strong></span> <span class='ocrx_word' id='word_1_428' title='bbox 461 3186 628 3226; x_wconf 72' lang='lat' dir='ltr'><strong>verax</strong></span> <span class='ocrx_word' id='word_1_429' title='bbox 658 3174 821 3240; x_wconf 85' lang='lat' dir='ltr'><strong>mori,</strong></span> <span class='ocrx_word' id='word_1_430' title='bbox 858 3189 1022 3244; x_wconf 88' lang='lat' dir='ltr'><strong>quam</strong></span> <span class='ocrx_word' id='word_1_431' title='bbox 1059 3174 1291 3228; x_wconf 86' lang='lat' dir='ltr'><strong>mendax</strong></span> <span class='ocrx_word' id='word_1_432' title='bbox 1332 3174 1549 3239; x_wconf 75' lang='lat' dir='ltr'><strong>vivere,</strong></span> <span class='ocrx_word' id='word_1_433' title='bbox 1569 3174 1615 3228; x_wconf 89' lang='lat' dir='ltr'><strong>si</strong></span> <span class='ocrx_word' id='word_1_434' title='bbox 1642 3182 1729 3227; x_wconf 90' lang='lat' dir='ltr'><strong>ta-</strong></span> <span class='ocrx_word' id='word_1_435' title='bbox 1757 3203 1801 3261; x_wconf 66' lang='grc' dir='ltr'>ο</span> <span class='ocrx_word' id='word_1_436' title='bbox 1833 3175 1893 3221; x_wconf 91' lang='lat' dir='ltr'><strong>ut</strong></span> <span class='ocrx_word' id='word_1_437' title='bbox 1922 3181 2125 3233; x_wconf 88' lang='lat' dir='ltr'><strong>canes;</strong></span> <span class='ocrx_word' id='word_1_438' title='bbox 2164 3166 2233 3221; x_wconf 89' lang='lat' dir='ltr'><strong>de</strong></span> <span class='ocrx_word' id='word_1_439' title='bbox 2258 3166 2578 3231; x_wconf 88' lang='lat' dir='ltr'><strong>voracitate,</strong></span> <span class='ocrx_word' id='word_1_440' title='bbox 2607 3173 2670 3219; x_wconf 91' lang='lat' dir='ltr'><strong>ut</strong></span> <span class='ocrx_word' id='word_1_441' title='bbox 2688 3165 2864 3235; x_wconf 90' lang='lat' dir='ltr'><strong>porci,</strong></span> <span class='ocrx_word' id='word_1_442' title='bbox 2907 3173 2962 3220; x_wconf 88' lang='lat' dir='ltr'><strong>et</strong></span> <span class='ocrx_word' id='word_1_443' title='bbox 2989 3173 3213 3232; x_wconf 81' lang='lat' dir='ltr'><strong>caetera,</strong></span> <span class='ocrx_word' id='word_1_444' title='bbox 3245 3164 3438 3219; x_wconf 35' lang='lat' dir='ltr'><strong>anima;</strong></span> 
     </span>
    </p>
   </div>
   <div class='ocr_carea' id='block_1_61' title="bbox 138 3250 1730 3339">
    <p class='ocr_par' dir='ltr' id='par_1_61' title="bbox 138 3250 1730 3339">
     <span class='ocr_line' id='line_1_61' title="bbox 138 3250 1730 3339; baseline 0.001 -21"><span class='ocrx_word' id='word_1_445' title='bbox 138 3280 254 3319; x_wconf 91' lang='lat' dir='ltr'><strong>men</strong></span> <span class='ocrx_word' id='word_1_446' title='bbox 288 3267 426 3322; x_wconf 87' lang='lat' dir='ltr'><strong>vivit</strong></span> <span class='ocrx_word' id='word_1_447' title='bbox 455 3250 710 3336; x_wconf 64' lang='lat' dir='ltr'><strong>mendai,</strong></span> <span class='ocrx_word' id='word_1_448' title='bbox 732 3284 856 3323; x_wconf 92' lang='lat' dir='ltr'><strong>cum</strong></span> <span class='ocrx_word' id='word_1_449' title='bbox 882 3269 1146 3339; x_wconf 90' lang='lat' dir='ltr'><strong>scriptum</strong></span> <span class='ocrx_word' id='word_1_450' title='bbox 1178 3268 1285 3323; x_wconf 90' lang='lat' dir='ltr'><strong>sit:</strong></span> <span class='ocrx_word' id='word_1_451' title='bbox 1325 3267 1396 3322; x_wconf 86' lang='lat' dir='ltr'><strong>Os</strong></span> <span class='ocrx_word' id='word_1_452' title='bbox 1422 3268 1562 3338; x_wconf 84' lang='lat' dir='ltr'><strong>quod</strong></span> <span class='ocrx_word' id='word_1_453' title='bbox 1585 3283 1730 3320; x_wconf 87' lang='lat' dir='ltr'><strong>men-</strong></span> 
     </span>
    </p>
   </div>
   <div class='ocr_carea' id='block_1_62' title="bbox 139 3358 1189 3433">
    <p class='ocr_par' dir='ltr' id='par_1_62' title="bbox 139 3358 1189 3433">
     <span class='ocr_line' id='line_1_62' title="bbox 139 3358 1189 3433; baseline 0.006 -24"><span class='ocrx_word' id='word_1_454' title='bbox 139 3358 266 3411; x_wconf 78' lang='lat' dir='ltr'><strong>titur</strong></span> <span class='ocrx_word' id='word_1_455' title='bbox 319 3360 518 3413; x_wconf 84' lang='lat' dir='ltr'><strong>occidit</strong></span> <span class='ocrx_word' id='word_1_456' title='bbox 549 3362 786 3414; x_wconf 88' lang='lat' dir='ltr'><strong>animam</strong></span> <span class='ocrx_word' id='word_1_457' title='bbox 817 3359 966 3433; x_wconf 83' lang='lat' dir='ltr'><strong>(Sap.</strong></span> <span class='ocrx_word' id='word_1_458' title='bbox 1002 3378 1040 3428; x_wconf 89' lang='grc' dir='ltr'><strong>ι,</strong></span> <span class='ocrx_word' id='word_1_459' title='bbox 1079 3360 1189 3431; x_wconf 76' lang='lat' dir='ltr'><strong>ii).</strong></span> 
     </span>
    </p>
   </div>
   <div class='ocr_carea' id='block_1_63' title="bbox 202 3448 1726 3523">
    <p class='ocr_par' dir='ltr' id='par_1_63' title="bbox 202 3448 1726 3523">
     <span class='ocr_line' id='line_1_63' title="bbox 202 3448 1726 3523; baseline 0.002 -21"><span class='ocrx_word' id='word_1_460' title='bbox 202 3448 318 3506; x_wconf 82' lang='lat' dir='ltr'><strong>Hoc</strong></span> <span class='ocrx_word' id='word_1_461' title='bbox 347 3451 498 3521; x_wconf 90' lang='lat' dir='ltr'><strong>quod</strong></span> <span class='ocrx_word' id='word_1_462' title='bbox 522 3451 606 3506; x_wconf 87' lang='lat' dir='ltr'><strong>vis</strong></span> <span class='ocrx_word' id='word_1_463' title='bbox 635 3452 994 3520; x_wconf 86' lang='lat' dir='ltr'><strong>abscondere,</strong></span> <span class='ocrx_word' id='word_1_464' title='bbox 1030 3452 1082 3506; x_wconf 91' lang='lat' dir='ltr'><strong>id</strong></span> <span class='ocrx_word' id='word_1_465' title='bbox 1124 3462 1209 3507; x_wconf 86' lang='lat' dir='ltr'><strong>est</strong></span> <span class='ocrx_word' id='word_1_466' title='bbox 1239 3459 1521 3523; x_wconf 90' lang='lat' dir='ltr'><strong>peccatum</strong></span> <span class='ocrx_word' id='word_1_467' title='bbox 1549 3459 1726 3517; x_wconf 90' lang='lat' dir='ltr'><strong>tuum,</strong></span> 
     </span>
    </p>
   </div>
   <div class='ocr_carea' id='block_1_64' title="bbox 139 3541 1725 3615">
    <p class='ocr_par' dir='ltr' id='par_1_64' title="bbox 139 3541 1725 3615">
     <span class='ocr_line' id='line_1_64' title="bbox 139 3541 1725 3615; baseline 0.001 -21"><span class='ocrx_word' id='word_1_468' title='bbox 139 3541 386 3612; x_wconf 88' lang='lat' dir='ltr'><strong>improba</strong></span> <span class='ocrx_word' id='word_1_469' title='bbox 416 3552 472 3598; x_wconf 90' lang='lat' dir='ltr'><strong>et</strong></span> <span class='ocrx_word' id='word_1_470' title='bbox 496 3543 611 3615; x_wconf 81' lang='lat' dir='ltr'><strong>jam</strong></span> <span class='ocrx_word' id='word_1_471' title='bbox 658 3559 765 3598; x_wconf 91' lang='lat' dir='ltr'><strong>non</strong></span> <span class='ocrx_word' id='word_1_472' title='bbox 812 3545 917 3599; x_wconf 90' lang='lat' dir='ltr'><strong>erit</strong></span> <span class='ocrx_word' id='word_1_473' title='bbox 946 3544 1091 3614; x_wconf 89' lang='lat' dir='ltr'><strong>quod</strong></span> <span class='ocrx_word' id='word_1_474' title='bbox 1140 3542 1478 3599; x_wconf 86' lang='lat' dir='ltr'><strong>abscondere</strong></span> <span class='ocrx_word' id='word_1_475' title='bbox 1506 3542 1725 3597; x_wconf 90' lang='lat' dir='ltr'><strong>debeas.</strong></span> 
     </span>
    </p>
   </div>
   <div class='ocr_carea' id='block_1_65' title="bbox 138 3629 1724 3703">
    <p class='ocr_par' dir='ltr' id='par_1_65' title="bbox 138 3629 1724 3703">
     <span class='ocr_line' id='line_1_65' title="bbox 138 3629 1724 3703; baseline 0 -17"><span class='ocrx_word' id='word_1_476' title='bbox 138 3629 326 3688; x_wconf 79' lang='lat' dir='ltr'><strong>Delere</strong></span> <span class='ocrx_word' id='word_1_477' title='bbox 378 3633 525 3688; x_wconf 89' lang='lat' dir='ltr'><strong>enim</strong></span> <span class='ocrx_word' id='word_1_478' title='bbox 573 3632 709 3688; x_wconf 90' lang='lat' dir='ltr'><strong>illud</strong></span> <span class='ocrx_word' id='word_1_479' title='bbox 764 3641 940 3703; x_wconf 89' lang='lat' dir='ltr'><strong>potes,</strong></span> <span class='ocrx_word' id='word_1_480' title='bbox 994 3633 1335 3689; x_wconf 90' lang='lat' dir='ltr'><strong>abscondere</strong></span> <span class='ocrx_word' id='word_1_481' title='bbox 1389 3647 1500 3686; x_wconf 91' lang='lat' dir='ltr'><strong>non</strong></span> <span class='ocrx_word' id='word_1_482' title='bbox 1549 3639 1724 3702; x_wconf 89' lang='lat' dir='ltr'><strong>potes.</strong></span> 
     </span>
    </p>
   </div>
   <div class='ocr_carea' id='block_1_66' title="bbox 138 3721 1729 3795">
    <p class='ocr_par' dir='ltr' id='par_1_66' title="bbox 138 3721 1729 3795">
     <span class='ocr_line' id='line_1_66' title="bbox 138 3721 1729 3795; baseline 0.001 -18"><span class='ocrx_word' id='word_1_483' title='bbox 138 3721 440 3795; x_wconf 62' lang='lat' dir='ltr'><strong>NihiLenim</strong></span> <span class='ocrx_word' id='word_1_484' title='bbox 460 3733 710 3794; x_wconf 83' lang='lat' dir='ltr'><strong>opertum</strong></span> <span class='ocrx_word' id='word_1_485' title='bbox 732 3725 878 3794; x_wconf 91' lang='lat' dir='ltr'><strong>quod</strong></span> <span class='ocrx_word' id='word_1_486' title='bbox 895 3740 1001 3779; x_wconf 89' lang='lat' dir='ltr'><strong>non</strong></span> <span class='ocrx_word' id='word_1_487' title='bbox 1022 3725 1313 3791; x_wconf 86' lang='lat' dir='ltr'><strong>reveletur,</strong></span> <span class='ocrx_word' id='word_1_488' title='bbox 1334 3740 1435 3779; x_wconf 89' lang='lat' dir='ltr'><strong>nec</strong></span> <span class='ocrx_word' id='word_1_489' title='bbox 1452 3724 1729 3779; x_wconf 82' lang='lat' dir='ltr'><strong>occultum</strong></span> 
     </span>
    </p>
   </div>
   <div class='ocr_carea' id='block_1_67' title="bbox 139 3814 1730 3886">
    <p class='ocr_par' dir='ltr' id='par_1_67' title="bbox 139 3814 1730 3886">
     <span class='ocr_line' id='line_1_67' title="bbox 139 3814 1730 3886; baseline 0.002 -17"><span class='ocrx_word' id='word_1_490' title='bbox 139 3817 275 3886; x_wconf 84' lang='lat' dir='ltr'><strong>quod</strong></span> <span class='ocrx_word' id='word_1_491' title='bbox 306 3831 422 3871; x_wconf 89' lang='lat' dir='ltr'><strong>non</strong></span> <span class='ocrx_word' id='word_1_492' title='bbox 451 3815 674 3873; x_wconf 88' lang='lat' dir='ltr'><strong>sciatur.</strong></span> <span class='ocrx_word' id='word_1_493' title='bbox 700 3815 881 3885; x_wconf 81' lang='lat' dir='ltr'><strong>Quare</strong></span> <span class='ocrx_word' id='word_1_494' title='bbox 907 3831 1038 3886; x_wconf 80' lang='lat' dir='ltr'><strong>ergo</strong></span> <span class='ocrx_word' id='word_1_495' title='bbox 1066 3816 1318 3872; x_wconf 89' lang='lat' dir='ltr'><strong>morbum</strong></span> <span class='ocrx_word' id='word_1_496' title='bbox 1348 3814 1524 3872; x_wconf 86' lang='lat' dir='ltr'><strong>mavis</strong></span> <span class='ocrx_word' id='word_1_497' title='bbox 1551 3817 1730 3872; x_wconf 88' lang='lat' dir='ltr'><strong>celare</strong></span> 
     </span>
    </p>
   </div>
   <div class='ocr_carea' id='block_1_68' title="bbox 138 3907 1729 3978">
    <p class='ocr_par' dir='ltr' id='par_1_68' title="bbox 138 3907 1729 3978">
     <span class='ocr_line' id='line_1_68' title="bbox 138 3907 1729 3978; baseline 0 -17"><span class='ocrx_word' id='word_1_498' title='bbox 138 3923 299 3977; x_wconf 82' lang='lat' dir='ltr'><strong>quam</strong></span> <span class='ocrx_word' id='word_1_499' title='bbox 325 3909 570 3964; x_wconf 84' lang='lat' dir='ltr'><strong>sanare?</strong></span> <span class='ocrx_word' id='word_1_500' title='bbox 596 3907 882 3974; x_wconf 84' lang='lat' dir='ltr'><strong>Quomodo</strong></span> <span class='ocrx_word' id='word_1_501' title='bbox 911 3908 1136 3963; x_wconf 83' lang='lat' dir='ltr'><strong>morbos</strong></span> <span class='ocrx_word' id='word_1_502' title='bbox 1161 3908 1240 3963; x_wconf 87' lang='lat' dir='ltr'><strong>tui</strong></span> <span class='ocrx_word' id='word_1_503' title='bbox 1277 3909 1522 3978; x_wconf 87' lang='lat' dir='ltr'><strong>corporis</strong></span> <span class='ocrx_word' id='word_1_504' title='bbox 1551 3907 1729 3962; x_wconf 67' lang='lat' dir='ltr'><strong>libem-</strong></span> 
     </span>
    </p>
   </div>
   <div class='ocr_carea' id='block_1_69' title="bbox 139 3996 1730 4069">
    <p class='ocr_par' dir='ltr' id='par_1_69' title="bbox 139 3996 1730 4069">
     <span class='ocr_line' id='line_1_69' title="bbox 139 3996 1730 4069; baseline -0.002 -17"><span class='ocrx_word' id='word_1_505' title='bbox 139 4006 219 4052; x_wconf 82' lang='lat' dir='ltr'><strong>ter</strong></span> <span class='ocrx_word' id='word_1_506' title='bbox 273 3998 424 4066; x_wconf 87' lang='lat' dir='ltr'><strong>aliis,</strong></span> <span class='ocrx_word' id='word_1_507' title='bbox 461 4008 524 4053; x_wconf 90' lang='lat' dir='ltr'><strong>ut</strong></span> <span class='ocrx_word' id='word_1_508' title='bbox 577 3996 1007 4069; x_wconf 75' lang='lat' dir='ltr'><strong>Compatiantur,</strong></span> <span class='ocrx_word' id='word_1_509' title='bbox 1053 3998 1318 4063; x_wconf 85' lang='lat' dir='ltr'><strong>ostendis,</strong></span> <span class='ocrx_word' id='word_1_510' title='bbox 1351 4008 1405 4052; x_wconf 90' lang='lat' dir='ltr'><strong>et</strong></span> <span class='ocrx_word' id='word_1_511' title='bbox 1447 3998 1492 4053; x_wconf 87' lang='lat' dir='ltr'><strong>si</strong></span> <span class='ocrx_word' id='word_1_512' title='bbox 1538 3998 1730 4050; x_wconf 86' lang='lat' dir='ltr'><strong>nolunt</strong></span> 
     </span>
    </p>
   </div>
   <div class='ocr_carea' id='block_1_70' title="bbox 139 4087 1729 4161">
    <p class='ocr_par' dir='ltr' id='par_1_70' title="bbox 139 4087 1729 4161">
     <span class='ocr_line' id='line_1_70' title="bbox 139 4087 1729 4161; baseline -0.001 -16"><span class='ocrx_word' id='word_1_513' title='bbox 139 4091 384 4157; x_wconf 88' lang='lat' dir='ltr'><strong>credere,</strong></span> <span class='ocrx_word' id='word_1_514' title='bbox 430 4091 697 4148; x_wconf 86' lang='lat' dir='ltr'><strong>miserum</strong></span> <span class='ocrx_word' id='word_1_515' title='bbox 743 4101 796 4146; x_wconf 89' lang='lat' dir='ltr'><strong>te</strong></span> <span class='ocrx_word' id='word_1_516' title='bbox 826 4090 1016 4155; x_wconf 88' lang='lat' dir='ltr'><strong>habes,</strong></span> <span class='ocrx_word' id='word_1_517' title='bbox 1062 4099 1399 4161; x_wconf 84' lang='lat' dir='ltr'><strong>augeturque</strong></span> <span class='ocrx_word' id='word_1_518' title='bbox 1424 4089 1602 4155; x_wconf 80' lang='lat' dir='ltr'><strong>dolor,</strong></span> <span class='ocrx_word' id='word_1_519' title='bbox 1634 4087 1729 4143; x_wconf 87' lang='lat' dir='ltr'><strong>sed</strong></span> 
     </span>
    </p>
   </div>
   <div class='ocr_carea' id='block_1_71' title="bbox 140 4179 1732 4252">
    <p class='ocr_par' dir='ltr' id='par_1_71' title="bbox 140 4179 1732 4252">
     <span class='ocr_line' id='line_1_71' title="bbox 140 4179 1732 4252; baseline 0 -18"><span class='ocrx_word' id='word_1_520' title='bbox 140 4189 189 4234; x_wconf 84' lang='lat' dir='ltr'><strong>et</strong></span> <span class='ocrx_word' id='word_1_521' title='bbox 220 4182 504 4251; x_wconf 86' lang='lat' dir='ltr'><strong>irasceris,</strong></span> <span class='ocrx_word' id='word_1_522' title='bbox 534 4193 588 4238; x_wconf 86' lang='lat' dir='ltr'><strong>et</strong></span> <span class='ocrx_word' id='word_1_523' title='bbox 617 4183 690 4237; x_wconf 88' lang='lat' dir='ltr'><strong>ita</strong></span> <span class='ocrx_word' id='word_1_524' title='bbox 714 4183 780 4238; x_wconf 90' lang='lat' dir='ltr'><strong>de</strong></span> <span class='ocrx_word' id='word_1_525' title='bbox 811 4181 1449 4252; x_wconf 66' lang='lat' dir='ltr'><strong>animiezegritudinibus</strong></span> <span class='ocrx_word' id='word_1_526' title='bbox 1478 4180 1613 4252; x_wconf 88' lang='lat' dir='ltr'><strong>ipsis</strong></span> <span class='ocrx_word' id='word_1_527' title='bbox 1651 4179 1732 4234; x_wconf 87' lang='lat' dir='ltr'><strong>fa-</strong></span> 
     </span>
    </p>
   </div>
   <div class='ocr_carea' id='block_1_72' title="bbox 143 4260 635 4329">
    <p class='ocr_par' dir='ltr' id='par_1_72' title="bbox 143 4260 635 4329">
     <span class='ocr_line' id='line_1_72' title="bbox 143 4260 635 4329; baseline 0.004 -2"><span class='ocrx_word' id='word_1_528' title='bbox 143 4272 267 4329; x_wconf 93' lang='lat' dir='ltr'><strong>cito.</strong></span> <span class='ocrx_word' id='word_1_529' title='bbox 634 4260 635 4263; x_wconf 0' lang='lat' dir='ltr'><strong>V</strong></span> 
     </span>
    </p>
   </div>
   <div class='ocr_carea' id='block_1_73' title="bbox 665 4362 1186 4421">
    <p class='ocr_par' dir='ltr' id='par_1_73' title="bbox 665 4362 1186 4421">
     <span class='ocr_line' id='line_1_73' title="bbox 665 4362 1186 4421; baseline -0.004 0"><span class='ocrx_word' id='word_1_530' title='bbox 665 4362 1066 4421; x_wconf 64' lang='lat' dir='ltr'><strong>CAPITULUBI</strong></span> <span class='ocrx_word' id='word_1_531' title='bbox 1103 4363 1186 4419; x_wconf 73' lang='grc' dir='ltr'><strong>ΠΙ.</strong></span> 
     </span>
    </p>
   </div>
   <div class='ocr_carea' id='block_1_74' title="bbox 143 4454 1734 4528">
    <p class='ocr_par' dir='ltr' id='par_1_74' title="bbox 143 4454 1734 4528">
     <span class='ocr_line' id='line_1_74' title="bbox 143 4454 1734 4528; baseline 0.001 -19"><span class='ocrx_word' id='word_1_532' title='bbox 143 4454 217 4511; x_wconf 84' lang='lat' dir='ltr'><strong>De</strong></span> <span class='ocrx_word' id='word_1_533' title='bbox 263 4456 625 4525; x_wconf 75' lang='lat' dir='ltr'><strong>voluptatibus</strong></span> <span class='ocrx_word' id='word_1_534' title='bbox 672 4473 736 4509; x_wconf 85' lang='lat' dir='ltr'><strong>ac</strong></span> <span class='ocrx_word' id='word_1_535' title='bbox 788 4456 979 4510; x_wconf 77' lang='lat' dir='ltr'><strong>vilibus</strong></span> <span class='ocrx_word' id='word_1_536' title='bbox 1015 4454 1453 4509; x_wconf 62' lang='lat' dir='ltr'><strong>delectationibus</strong></span> <span class='ocrx_word' id='word_1_537' title='bbox 1499 4457 1734 4528; x_wconf 78' lang='lat' dir='ltr'><strong>quinque</strong></span> 
     </span>
    </p>
   </div>
   <div class='ocr_carea' id='block_1_75' title="bbox 802 4543 1075 4580">
    <p class='ocr_par' dir='ltr' id='par_1_75' title="bbox 802 4543 1075 4580">
     <span class='ocr_line' id='line_1_75' title="bbox 802 4543 1075 4580; baseline 0 0"><span class='ocrx_word' id='word_1_538' title='bbox 802 4543 1047 4580; x_wconf 81' lang='lat' dir='ltr'><strong>sensuum</strong></span> <span class='ocrx_word' id='word_1_539' title='bbox 1056 4567 1075 4580; x_wconf 60' lang='grc' dir='ltr'><strong>οη</strong></span> 
     </span>
    </p>
   </div>
   <div class='ocr_carea' id='block_1_76' title="bbox 208 4622 1727 4707">
    <p class='ocr_par' dir='ltr' id='par_1_76' title="bbox 208 4622 1727 4707">
     <span class='ocr_line' id='line_1_76' title="bbox 208 4622 1727 4707; baseline 0.002 -18"><span class='ocrx_word' id='word_1_540' title='bbox 208 4631 347 4690; x_wconf 72' lang='lat' dir='ltr'><strong>Vide</strong></span> <span class='ocrx_word' id='word_1_541' title='bbox 374 4635 516 4690; x_wconf 85' lang='lat' dir='ltr'><strong>duas</strong></span> <span class='ocrx_word' id='word_1_542' title='bbox 552 4633 917 4705; x_wconf 83' lang='lat' dir='ltr'><strong>experientias</strong></span> <span class='ocrx_word' id='word_1_543' title='bbox 964 4634 1284 4705; x_wconf 83' lang='lat' dir='ltr'><strong>ingestionis</strong></span> <span class='ocrx_word' id='word_1_544' title='bbox 1326 4622 1385 4690; x_wconf 83' lang='lat' dir='ltr'><strong>et</strong></span> <span class='ocrx_word' id='word_1_545' title='bbox 1412 4635 1727 4707; x_wconf 88' lang='lat' dir='ltr'><strong>egestionis,</strong></span> 
     </span>
    </p>
   </div>
   <div class='ocr_carea' id='block_1_77' title="bbox 142 4726 1734 4798">
    <p class='ocr_par' dir='ltr' id='par_1_77' title="bbox 142 4726 1734 4798">
     <span class='ocr_line' id='line_1_77' title="bbox 142 4726 1734 4798; baseline 0.003 -20"><span class='ocrx_word' id='word_1_546' title='bbox 142 4727 267 4794; x_wconf 87' lang='lat' dir='ltr'><strong>quid</strong></span> <span class='ocrx_word' id='word_1_547' title='bbox 296 4735 351 4782; x_wconf 90' lang='lat' dir='ltr'><strong>te</strong></span> <span class='ocrx_word' id='word_1_548' title='bbox 381 4726 558 4797; x_wconf 84' lang='lat' dir='ltr'><strong>magis</strong></span> <span class='ocrx_word' id='word_1_549' title='bbox 592 4726 864 4782; x_wconf 88' lang='lat' dir='ltr'><strong>beatilicet</strong></span> <span class='ocrx_word' id='word_1_550' title='bbox 886 4728 1031 4798; x_wconf 89' lang='lat' dir='ltr'><strong>quod</strong></span> <span class='ocrx_word' id='word_1_551' title='bbox 1058 4743 1154 4798; x_wconf 87' lang='lat' dir='ltr'><strong>per</strong></span> <span class='ocrx_word' id='word_1_552' title='bbox 1178 4728 1340 4792; x_wconf 87' lang='lat' dir='ltr'><strong>hanc,</strong></span> <span class='ocrx_word' id='word_1_553' title='bbox 1369 4743 1437 4781; x_wconf 91' lang='lat' dir='ltr'><strong>an</strong></span> <span class='ocrx_word' id='word_1_554' title='bbox 1467 4727 1612 4797; x_wconf 88' lang='lat' dir='ltr'><strong>quod</strong></span> <span class='ocrx_word' id='word_1_555' title='bbox 1634 4744 1734 4798; x_wconf 92' lang='lat' dir='ltr'><strong>per</strong></span> 
     </span>
    </p>
   </div>
   <div class='ocr_carea' id='block_1_78' title="bbox 143 4819 1735 4901">
    <p class='ocr_par' dir='ltr' id='par_1_78' title="bbox 143 4819 1735 4901">
     <span class='ocr_line' id='line_1_78' title="bbox 143 4819 1735 4901; baseline 0.001 -28"><span class='ocrx_word' id='word_1_556' title='bbox 143 4820 284 4875; x_wconf 82' lang='lat' dir='ltr'><strong>illam</strong></span> <span class='ocrx_word' id='word_1_557' title='bbox 310 4821 598 4892; x_wconf 80' lang='lat' dir='ltr'><strong>experiris.</strong></span> <span class='ocrx_word' id='word_1_558' title='bbox 646 4819 742 4901; x_wconf 85' lang='lat' dir='ltr'><strong>Illa</strong></span> <span class='ocrx_word' id='word_1_559' title='bbox 776 4829 965 4876; x_wconf 85' lang='lat' dir='ltr'><strong>onerat</strong></span> <span class='ocrx_word' id='word_1_560' title='bbox 1014 4820 1323 4886; x_wconf 83' lang='lat' dir='ltr'><strong>inutilibus,</strong></span> <span class='ocrx_word' id='word_1_561' title='bbox 1372 4820 1487 4875; x_wconf 62' lang='lat' dir='ltr'><strong>hate</strong></span> <span class='ocrx_word' id='word_1_562' title='bbox 1532 4834 1735 4875; x_wconf 84' lang='lat' dir='ltr'><strong>exone-</strong></span> 
     </span>
    </p>
   </div>
   <div class='ocr_carea' id='block_1_79' title="bbox 143 4899 1737 4985">
    <p class='ocr_par' dir='ltr' id='par_1_79' title="bbox 143 4899 1737 4985">
     <span class='ocr_line' id='line_1_79' title="bbox 143 4899 1737 4985; baseline -0.001 -19"><span class='ocrx_word' id='word_1_563' title='bbox 143 4923 242 4967; x_wconf 81' lang='lat' dir='ltr'><strong>rat.</strong></span> <span class='ocrx_word' id='word_1_564' title='bbox 272 4913 418 4980; x_wconf 85' lang='lat' dir='ltr'><strong>Quid</strong></span> <span class='ocrx_word' id='word_1_565' title='bbox 447 4913 621 4985; x_wconf 85' lang='lat' dir='ltr'><strong>prosit</strong></span> <span class='ocrx_word' id='word_1_566' title='bbox 648 4899 965 4984; x_wconf 87' lang='lat' dir='ltr'><strong>utrumque,</strong></span> <span class='ocrx_word' id='word_1_567' title='bbox 996 4913 1375 4983; x_wconf 87' lang='lat' dir='ltr'><strong>circumspice.</strong></span> <span class='ocrx_word' id='word_1_568' title='bbox 1411 4911 1523 4967; x_wconf 82' lang='lat' dir='ltr'><strong>Hoc</strong></span> <span class='ocrx_word' id='word_1_569' title='bbox 1542 4922 1628 4967; x_wconf 91' lang='lat' dir='ltr'><strong>est</strong></span> <span class='ocrx_word' id='word_1_570' title='bbox 1651 4899 1737 4968; x_wconf 52' lang='lat' dir='ltr'><strong>to:</strong></span> 
     </span>
    </p>
   </div>
   <div class='ocr_carea' id='block_1_80' title="bbox 144 5003 1734 5076">
    <p class='ocr_par' dir='ltr' id='par_1_80' title="bbox 144 5003 1734 5076">
     <span class='ocr_line' id='line_1_80' title="bbox 144 5003 1734 5076; baseline 0.001 -19"><span class='ocrx_word' id='word_1_571' title='bbox 144 5011 255 5058; x_wconf 87' lang='lat' dir='ltr'><strong>tum</strong></span> <span class='ocrx_word' id='word_1_572' title='bbox 283 5005 583 5061; x_wconf 87' lang='lat' dir='ltr'><strong>devorasse</strong></span> <span class='ocrx_word' id='word_1_573' title='bbox 608 5012 891 5076; x_wconf 80' lang='lat' dir='ltr'><strong>expertum</strong></span> <span class='ocrx_word' id='word_1_574' title='bbox 921 5021 1063 5060; x_wconf 88' lang='lat' dir='ltr'><strong>esse.</strong></span> <span class='ocrx_word' id='word_1_575' title='bbox 1109 5003 1195 5058; x_wconf 85' lang='lat' dir='ltr'><strong>Nil</strong></span> <span class='ocrx_word' id='word_1_576' title='bbox 1224 5006 1363 5059; x_wconf 90' lang='lat' dir='ltr'><strong>ultra</strong></span> <span class='ocrx_word' id='word_1_577' title='bbox 1411 5005 1525 5075; x_wconf 91' lang='lat' dir='ltr'><strong>spei</strong></span> <span class='ocrx_word' id='word_1_578' title='bbox 1552 5019 1734 5059; x_wconf 90' lang='lat' dir='ltr'><strong>rema-</strong></span> 
     </span>
    </p>
   </div>
   <div class='ocr_carea' id='block_1_81' title="bbox 147 5093 1732 5167">
    <p class='ocr_par' dir='ltr' id='par_1_81' title="bbox 147 5093 1732 5167">
     <span class='ocr_line' id='line_1_81' title="bbox 147 5093 1732 5167; baseline -0.001 -17"><span class='ocrx_word' id='word_1_579' title='bbox 147 5105 252 5151; x_wconf 78' lang='lat' dir='ltr'><strong>net.</strong></span> <span class='ocrx_word' id='word_1_580' title='bbox 306 5096 402 5152; x_wconf 91' lang='lat' dir='ltr'><strong>Sic</strong></span> <span class='ocrx_word' id='word_1_581' title='bbox 450 5098 506 5152; x_wconf 91' lang='lat' dir='ltr'><strong>in</strong></span> <span class='ocrx_word' id='word_1_582' title='bbox 536 5097 793 5152; x_wconf 88' lang='lat' dir='ltr'><strong>omnibus</strong></span> <span class='ocrx_word' id='word_1_583' title='bbox 832 5097 1200 5152; x_wconf 83' lang='lat' dir='ltr'><strong>sensualihus.</strong></span> <span class='ocrx_word' id='word_1_584' title='bbox 1236 5095 1370 5151; x_wconf 75' lang='lat' dir='ltr'><strong>Vide</strong></span> <span class='ocrx_word' id='word_1_585' title='bbox 1422 5110 1555 5167; x_wconf 88' lang='lat' dir='ltr'><strong>ergo</strong></span> <span class='ocrx_word' id='word_1_586' title='bbox 1597 5093 1732 5165; x_wconf 87' lang='lat' dir='ltr'><strong>quid</strong></span> 
     </span>
    </p>
   </div>
   <div class='ocr_carea' id='block_1_82' title="bbox 146 5191 1730 5264">
    <p class='ocr_par' dir='ltr' id='par_1_82' title="bbox 146 5191 1730 5264">
     <span class='ocr_line' id='line_1_82' title="bbox 146 5191 1730 5264; baseline 0 -17"><span class='ocrx_word' id='word_1_587' title='bbox 146 5191 499 5248; x_wconf 83' lang='lat' dir='ltr'><strong>beatitudinis</strong></span> <span class='ocrx_word' id='word_1_588' title='bbox 523 5193 719 5247; x_wconf 77' lang='lat' dir='ltr'><strong>omnia</strong></span> <span class='ocrx_word' id='word_1_589' title='bbox 739 5192 1078 5263; x_wconf 74' lang='lat' dir='ltr'><strong>huiusmodi,</strong></span> <span class='ocrx_word' id='word_1_590' title='bbox 1111 5194 1225 5249; x_wconf 89' lang='lat' dir='ltr'><strong>sive</strong></span> <span class='ocrx_word' id='word_1_591' title='bbox 1254 5193 1307 5247; x_wconf 91' lang='lat' dir='ltr'><strong>in</strong></span> <span class='ocrx_word' id='word_1_592' title='bbox 1336 5208 1454 5264; x_wconf 89' lang='lat' dir='ltr'><strong>spe,</strong></span> <span class='ocrx_word' id='word_1_593' title='bbox 1512 5193 1629 5248; x_wconf 89' lang='lat' dir='ltr'><strong>sive</strong></span> <span class='ocrx_word' id='word_1_594' title='bbox 1674 5192 1730 5247; x_wconf 84' lang='lat' dir='ltr'><strong>in</strong></span> 
     </span>
    </p>
   </div>
   <div class='ocr_carea' id='block_1_83' title="bbox 145 5284 1732 5359">
    <p class='ocr_par' dir='ltr' id='par_1_83' title="bbox 145 5284 1732 5359">
     <span class='ocr_line' id='line_1_83' title="bbox 145 5284 1732 5359; baseline 0 -19"><span class='ocrx_word' id='word_1_595' title='bbox 145 5298 221 5350; x_wconf 85' lang='lat' dir='ltr'><strong>re,</strong></span> <span class='ocrx_word' id='word_1_596' title='bbox 250 5286 306 5341; x_wconf 91' lang='lat' dir='ltr'><strong>in</strong></span> <span class='ocrx_word' id='word_1_597' title='bbox 348 5293 404 5341; x_wconf 89' lang='lat' dir='ltr'><strong>te</strong></span> <span class='ocrx_word' id='word_1_598' title='bbox 432 5284 730 5353; x_wconf 82' lang='lat' dir='ltr'><strong>effe&#39;cerint,</strong></span> <span class='ocrx_word' id='word_1_599' title='bbox 760 5295 817 5341; x_wconf 83' lang='lat' dir='ltr'><strong>ct</strong></span> <span class='ocrx_word' id='word_1_600' title='bbox 841 5287 922 5341; x_wconf 90' lang='lat' dir='ltr'><strong>sic</strong></span> <span class='ocrx_word' id='word_1_601' title='bbox 951 5287 1128 5359; x_wconf 80' lang='lat' dir='ltr'><strong>cogita</strong></span> <span class='ocrx_word' id='word_1_602' title='bbox 1157 5286 1224 5341; x_wconf 88' lang='lat' dir='ltr'><strong>de</strong></span> <span class='ocrx_word' id='word_1_603' title='bbox 1249 5285 1469 5342; x_wconf 87' lang='lat' dir='ltr'><strong>futuris.</strong></span> <span class='ocrx_word' id='word_1_604' title='bbox 1519 5284 1732 5357; x_wconf 85' lang='lat' dir='ltr'><strong>Cogita,</strong></span> 
     </span>
    </p>
   </div>
   <div class='ocr_carea' id='block_1_84' title="bbox 146 5374 1730 5448">
    <p class='ocr_par' dir='ltr' id='par_1_84' title="bbox 146 5374 1730 5448">
     <span class='ocr_line' id='line_1_84' title="bbox 146 5374 1730 5448; baseline 0.001 -19"><span class='ocrx_word' id='word_1_605' title='bbox 146 5374 388 5448; x_wconf 88' lang='lat' dir='ltr'><strong>inquam,</strong></span> <span class='ocrx_word' id='word_1_606' title='bbox 420 5393 681 5448; x_wconf 81' lang='lat' dir='ltr'><strong>prospera.</strong></span> <span class='ocrx_word' id='word_1_607' title='bbox 734 5377 1029 5447; x_wconf 68' lang='lat' dir='ltr'><strong>prmterita,</strong></span> <span class='ocrx_word' id='word_1_608' title='bbox 1064 5387 1117 5432; x_wconf 91' lang='lat' dir='ltr'><strong>ct</strong></span> <span class='ocrx_word' id='word_1_609' title='bbox 1172 5376 1253 5432; x_wconf 82' lang='lat' dir='ltr'><strong>sic</strong></span> <span class='ocrx_word' id='word_1_610' title='bbox 1299 5376 1479 5433; x_wconf 86' lang='lat' dir='ltr'><strong>futura</strong></span> <span class='ocrx_word' id='word_1_611' title='bbox 1522 5377 1730 5447; x_wconf 80' lang='lat' dir='ltr'><strong>judica.</strong></span> 
     </span>
    </p>
   </div>
   <div class='ocr_carea' id='block_1_85' title="bbox 146 5468 1721 5542">
    <p class='ocr_par' dir='ltr' id='par_1_85' title="bbox 146 5468 1721 5542">
     <span class='ocr_line' id='line_1_85' title="bbox 146 5468 1721 5542; baseline 0.001 -16"><span class='ocrx_word' id='word_1_612' title='bbox 146 5469 275 5536; x_wconf 60' lang='lat' dir='ltr'><strong>Quae</strong></span> <span class='ocrx_word' id='word_1_613' title='bbox 305 5487 518 5542; x_wconf 86' lang='lat' dir='ltr'><strong>speras,</strong></span> <span class='ocrx_word' id='word_1_614' title='bbox 548 5472 790 5541; x_wconf 86' lang='lat' dir='ltr'><strong>peritura</strong></span> <span class='ocrx_word' id='word_1_615' title='bbox 839 5481 968 5527; x_wconf 90' lang='lat' dir='ltr'><strong>sunt</strong></span> <span class='ocrx_word' id='word_1_616' title='bbox 997 5471 1203 5527; x_wconf 90' lang='lat' dir='ltr'><strong>omnia.</strong></span> <span class='ocrx_word' id='word_1_617' title='bbox 1239 5468 1306 5525; x_wconf 83' lang='lat' dir='ltr'><strong>Et</strong></span> <span class='ocrx_word' id='word_1_618' title='bbox 1352 5480 1409 5525; x_wconf 90' lang='lat' dir='ltr'><strong>tu</strong></span> <span class='ocrx_word' id='word_1_619' title='bbox 1449 5471 1582 5542; x_wconf 87' lang='lat' dir='ltr'><strong>quid</strong></span> <span class='ocrx_word' id='word_1_620' title='bbox 1609 5481 1721 5541; x_wconf 85' lang='lat' dir='ltr'><strong>post</strong></span> 
     </span>
    </p>
   </div>
   <div class='ocr_carea' id='block_1_86' title="bbox 147 5556 1728 5637">
    <p class='ocr_par' dir='ltr' id='par_1_86' title="bbox 147 5556 1728 5637">
     <span class='ocr_line' id='line_1_86' title="bbox 147 5556 1728 5637; baseline 0.002 -19"><span class='ocrx_word' id='word_1_621' title='bbox 147 5556 322 5619; x_wconf 55' lang='lat' dir='ltr'><strong>hic?</strong></span> <span class='ocrx_word' id='word_1_622' title='bbox 378 5565 601 5636; x_wconf 86' lang='lat' dir='ltr'><strong>Aliquid</strong></span> <span class='ocrx_word' id='word_1_623' title='bbox 661 5581 783 5620; x_wconf 88' lang='lat' dir='ltr'><strong>ama</strong></span> <span class='ocrx_word' id='word_1_624' title='bbox 834 5573 890 5621; x_wconf 93' lang='lat' dir='ltr'><strong>et</strong></span> <span class='ocrx_word' id='word_1_625' title='bbox 958 5580 1118 5637; x_wconf 89' lang='lat' dir='ltr'><strong>spera</strong></span> <span class='ocrx_word' id='word_1_626' title='bbox 1174 5566 1322 5637; x_wconf 89' lang='lat' dir='ltr'><strong>quod</strong></span> <span class='ocrx_word' id='word_1_627' title='bbox 1360 5581 1475 5622; x_wconf 88' lang='lat' dir='ltr'><strong>non</strong></span> <span class='ocrx_word' id='word_1_628' title='bbox 1533 5575 1728 5622; x_wconf 88' lang='lat' dir='ltr'><strong>trans-</strong></span> 
     </span>
    </p>
   </div>
   <div class='ocr_carea' id='block_1_87' title="bbox 147 5662 251 5709">
    <p class='ocr_par' dir='ltr' id='par_1_87' title="bbox 147 5662 251 5709">
     <span class='ocr_line' id='line_1_87' title="bbox 147 5662 251 5709; baseline 0.019 -2"><span class='ocrx_word' id='word_1_629' title='bbox 147 5662 251 5709; x_wconf 75' lang='lat' dir='ltr'><strong>eat;</strong></span> 
     </span>
    </p>
   </div>
   <div class='ocr_carea' id='block_1_88' title="bbox 212 5746 1730 5823">
    <p class='ocr_par' dir='ltr' id='par_1_88' title="bbox 212 5746 1730 5823">
     <span class='ocr_line' id='line_1_88' title="bbox 212 5746 1730 5823; baseline 0.002 -21"><span class='ocrx_word' id='word_1_630' title='bbox 212 5746 369 5820; x_wconf 87' lang='lat' dir='ltr'><strong>Pingi</strong></span> <span class='ocrx_word' id='word_1_631' title='bbox 408 5748 494 5804; x_wconf 88' lang='lat' dir='ltr'><strong>vis</strong></span> <span class='ocrx_word' id='word_1_632' title='bbox 524 5748 670 5822; x_wconf 85' lang='lat' dir='ltr'><strong>ligna</strong></span> <span class='ocrx_word' id='word_1_633' title='bbox 697 5748 995 5817; x_wconf 83' lang='lat' dir='ltr'><strong>coloribus,</strong></span> <span class='ocrx_word' id='word_1_634' title='bbox 1023 5750 1148 5823; x_wconf 85' lang='lat' dir='ltr'><strong>igne</strong></span> <span class='ocrx_word' id='word_1_635' title='bbox 1184 5749 1575 5815; x_wconf 84' lang='lat' dir='ltr'><strong>consumenda,</strong></span> <span class='ocrx_word' id='word_1_636' title='bbox 1608 5767 1730 5807; x_wconf 89' lang='lat' dir='ltr'><strong>cum</strong></span> 
     </span>
    </p>
   </div>
   <div class='ocr_carea' id='block_1_89' title="bbox 149 5845 1733 5915">
    <p class='ocr_par' dir='ltr' id='par_1_89' title="bbox 149 5845 1733 5915">
     <span class='ocr_line' id='line_1_89' title="bbox 149 5845 1733 5915; baseline 0.002 -18"><span class='ocrx_word' id='word_1_637' title='bbox 149 5854 219 5895; x_wconf 75' lang='lat' dir='ltr'><strong>ea</strong></span> <span class='ocrx_word' id='word_1_638' title='bbox 256 5858 381 5913; x_wconf 63' lang='lat' dir='ltr'><strong>quae</strong></span> <span class='ocrx_word' id='word_1_639' title='bbox 418 5845 719 5913; x_wconf 83' lang='lat' dir='ltr'><strong>consumis,</strong></span> <span class='ocrx_word' id='word_1_640' title='bbox 778 5847 860 5902; x_wconf 88' lang='lat' dir='ltr'><strong>vis</strong></span> <span class='ocrx_word' id='word_1_641' title='bbox 891 5862 1012 5903; x_wconf 83' lang='lat' dir='ltr'><strong>esse</strong></span> <span class='ocrx_word' id='word_1_642' title='bbox 1038 5848 1257 5915; x_wconf 85' lang='lat' dir='ltr'><strong>decora,</strong></span> <span class='ocrx_word' id='word_1_643' title='bbox 1291 5862 1385 5902; x_wconf 85' lang='lat' dir='ltr'><strong>seu</strong></span> <span class='ocrx_word' id='word_1_644' title='bbox 1416 5848 1586 5913; x_wconf 66' lang='lat' dir='ltr'><strong>cibos,</strong></span> <span class='ocrx_word' id='word_1_645' title='bbox 1638 5863 1733 5901; x_wconf 90' lang='lat' dir='ltr'><strong>seu</strong></span> 
     </span>
    </p>
   </div>
   <div class='ocr_carea' id='block_1_90' title="bbox 1832 3256 3433 3335">
    <p class='ocr_par' dir='ltr' id='par_1_90' title="bbox 1832 3256 3433 3335">
     <span class='ocr_line' id='line_1_90' title="bbox 1832 3256 3433 3335; baseline -0.002 -21"><span class='ocrx_word' id='word_1_646' title='bbox 1832 3267 2022 3315; x_wconf 90' lang='lat' dir='ltr'><strong>nostra</strong></span> <span class='ocrx_word' id='word_1_647' title='bbox 2077 3258 2140 3313; x_wconf 79' lang='lat' dir='ltr'><strong>fit</strong></span> <span class='ocrx_word' id='word_1_648' title='bbox 2168 3258 2366 3315; x_wconf 90' lang='lat' dir='ltr'><strong>similis</strong></span> <span class='ocrx_word' id='word_1_649' title='bbox 2412 3258 2703 3335; x_wconf 88' lang='lat' dir='ltr'><strong>animabus</strong></span> <span class='ocrx_word' id='word_1_650' title='bbox 2732 3258 2974 3326; x_wconf 87' lang='lat' dir='ltr'><strong>illorum,</strong></span> <span class='ocrx_word' id='word_1_651' title='bbox 3002 3264 3058 3313; x_wconf 90' lang='lat' dir='ltr'><strong>et</strong></span> <span class='ocrx_word' id='word_1_652' title='bbox 3093 3271 3204 3313; x_wconf 91' lang='lat' dir='ltr'><strong>non</strong></span> <span class='ocrx_word' id='word_1_653' title='bbox 3236 3256 3433 3311; x_wconf 88' lang='lat' dir='ltr'><strong>horre-</strong></span> 
     </span>
    </p>
   </div>
   <div class='ocr_carea' id='block_1_91' title="bbox 1831 3335 3431 3423">
    <p class='ocr_par' dir='ltr' id='par_1_91' title="bbox 1831 3335 3431 3423">
     <span class='ocr_line' id='line_1_91' title="bbox 1831 3335 3431 3423; baseline -0.001 -16"><span class='ocrx_word' id='word_1_654' title='bbox 1831 3369 1975 3409; x_wconf 90' lang='lat' dir='ltr'><strong>mus.</strong></span> <span class='ocrx_word' id='word_1_655' title='bbox 2147 3335 2330 3407; x_wconf 85' lang='lat' dir='ltr'><strong>autem</strong></span> <span class='ocrx_word' id='word_1_656' title='bbox 2359 3340 2577 3406; x_wconf 85' lang='lat' dir='ltr'><strong>mallem</strong></span> <span class='ocrx_word' id='word_1_657' title='bbox 2608 3366 2811 3423; x_wconf 90' lang='lat' dir='ltr'><strong>corpus</strong></span> <span class='ocrx_word' id='word_1_658' title='bbox 2840 3350 3044 3407; x_wconf 86' lang='lat' dir='ltr'><strong>habere</strong></span> <span class='ocrx_word' id='word_1_659' title='bbox 3073 3350 3230 3407; x_wconf 89' lang='lat' dir='ltr'><strong>canis</strong></span> <span class='ocrx_word' id='word_1_660' title='bbox 3261 3365 3431 3420; x_wconf 88' lang='lat' dir='ltr'><strong>quam</strong></span> 
     </span>
    </p>
   </div>
   <div class='ocr_carea' id='block_1_92' title="bbox 1830 3440 3433 3513">
    <p class='ocr_par' dir='ltr' id='par_1_92' title="bbox 1830 3440 3433 3513">
     <span class='ocr_line' id='line_1_92' title="bbox 1830 3440 3433 3513; baseline -0.002 -13"><span class='ocrx_word' id='word_1_661' title='bbox 1830 3444 2095 3500; x_wconf 81' lang='lat' dir='ltr'><strong>animam.</strong></span> <span class='ocrx_word' id='word_1_662' title='bbox 2138 3440 2207 3498; x_wconf 87' lang='lat' dir='ltr'><strong>Et</strong></span> <span class='ocrx_word' id='word_1_663' title='bbox 2246 3454 2432 3499; x_wconf 88' lang='lat' dir='ltr'><strong>tamen</strong></span> <span class='ocrx_word' id='word_1_664' title='bbox 2482 3443 2531 3498; x_wconf 93' lang='lat' dir='ltr'><strong>si</strong></span> <span class='ocrx_word' id='word_1_665' title='bbox 2579 3459 2780 3513; x_wconf 84' lang='lat' dir='ltr'><strong>corpus</strong></span> <span class='ocrx_word' id='word_1_666' title='bbox 2825 3452 3076 3499; x_wconf 90' lang='lat' dir='ltr'><strong>nostrum</strong></span> <span class='ocrx_word' id='word_1_667' title='bbox 3118 3442 3174 3497; x_wconf 91' lang='lat' dir='ltr'><strong>in</strong></span> <span class='ocrx_word' id='word_1_668' title='bbox 3216 3449 3433 3496; x_wconf 86' lang='lat' dir='ltr'><strong>tantam</strong></span> 
     </span>
    </p>
   </div>
   <div class='ocr_carea' id='block_1_93' title="bbox 1831 3520 3430 3608">
    <p class='ocr_par' dir='ltr' id='par_1_93' title="bbox 1831 3520 3430 3608">
     <span class='ocr_line' id='line_1_93' title="bbox 1831 3520 3430 3608; baseline -0.004 -13"><span class='ocrx_word' id='word_1_669' title='bbox 1831 3539 2014 3595; x_wconf 88' lang='lat' dir='ltr'><strong>canini</strong></span> <span class='ocrx_word' id='word_1_670' title='bbox 2048 3537 2299 3608; x_wconf 87' lang='lat' dir='ltr'><strong>corporis</strong></span> <span class='ocrx_word' id='word_1_671' title='bbox 2327 3520 2589 3591; x_wconf 88' lang='lat' dir='ltr'><strong>transiret</strong></span> <span class='ocrx_word' id='word_1_672' title='bbox 2613 3535 3052 3602; x_wconf 85' lang='lat' dir='ltr'><strong>similitudinem,</strong></span> <span class='ocrx_word' id='word_1_673' title='bbox 3082 3535 3136 3589; x_wconf 92' lang='lat' dir='ltr'><strong>in</strong></span> <span class='ocrx_word' id='word_1_674' title='bbox 3163 3542 3430 3604; x_wconf 86' lang='lat' dir='ltr'><strong>quantam</strong></span> 
     </span>
    </p>
   </div>
   <div class='ocr_carea' id='block_1_94' title="bbox 1831 3627 3433 3696">
    <p class='ocr_par' dir='ltr' id='par_1_94' title="bbox 1831 3627 3433 3696">
     <span class='ocr_line' id='line_1_94' title="bbox 1831 3627 3433 3696; baseline -0.004 -9"><span class='ocrx_word' id='word_1_675' title='bbox 1831 3631 2030 3688; x_wconf 65' lang='lat' dir='ltr'><strong>animae</strong></span> <span class='ocrx_word' id='word_1_676' title='bbox 2053 3631 2265 3686; x_wconf 61' lang='lat' dir='ltr'><strong>caninae</strong></span> <span class='ocrx_word' id='word_1_677' title='bbox 2293 3628 2705 3685; x_wconf 88' lang='lat' dir='ltr'><strong>similitudinem</strong></span> <span class='ocrx_word' id='word_1_678' title='bbox 2728 3628 2911 3683; x_wconf 89' lang='lat' dir='ltr'><strong>anima</strong></span> <span class='ocrx_word' id='word_1_679' title='bbox 2939 3635 3126 3685; x_wconf 86' lang='lat' dir='ltr'><strong>nostra</strong></span> <span class='ocrx_word' id='word_1_680' title='bbox 3149 3642 3247 3696; x_wconf 90' lang='lat' dir='ltr'><strong>per</strong></span> <span class='ocrx_word' id='word_1_681' title='bbox 3268 3627 3433 3682; x_wconf 74' lang='lat' dir='ltr'><strong>luxu-</strong></span> 
     </span>
    </p>
   </div>
   <div class='ocr_carea' id='block_1_95' title="bbox 1827 3715 3463 3791">
    <p class='ocr_par' dir='ltr' id='par_1_95' title="bbox 1827 3715 3463 3791">
     <span class='ocr_line' id='line_1_95' title="bbox 1827 3715 3463 3791; baseline -0.006 -14"><span class='ocrx_word' id='word_1_682' title='bbox 1827 3723 1969 3777; x_wconf 85' lang='lat' dir='ltr'><strong>riam</strong></span> <span class='ocrx_word' id='word_1_683' title='bbox 2019 3722 2235 3786; x_wconf 90' lang='lat' dir='ltr'><strong>transit,</strong></span> <span class='ocrx_word' id='word_1_684' title='bbox 2278 3722 2405 3791; x_wconf 88' lang='lat' dir='ltr'><strong>quis</strong></span> <span class='ocrx_word' id='word_1_685' title='bbox 2428 3736 2528 3776; x_wconf 89' lang='lat' dir='ltr'><strong>nos</strong></span> <span class='ocrx_word' id='word_1_686' title='bbox 2564 3719 2767 3775; x_wconf 85' lang='lat' dir='ltr'><strong>ferret?</strong></span> <span class='ocrx_word' id='word_1_687' title='bbox 2813 3717 2940 3789; x_wconf 86' lang='lat' dir='ltr'><strong>quis</strong></span> <span class='ocrx_word' id='word_1_688' title='bbox 2984 3733 3093 3773; x_wconf 89' lang='lat' dir='ltr'><strong>non</strong></span> <span class='ocrx_word' id='word_1_689' title='bbox 3140 3717 3387 3773; x_wconf 85' lang='lat' dir='ltr'><strong>horreret</strong></span> <span class='ocrx_word' id='word_1_690' title='bbox 3405 3715 3463 3779; x_wconf 52' lang='grc' dir='ltr'><em>Τ</em></span> 
     </span>
    </p>
   </div>
   <div class='ocr_carea' id='block_1_96' title="bbox 1831 3810 3426 3878">
    <p class='ocr_par' dir='ltr' id='par_1_96' title="bbox 1831 3810 3426 3878">
     <span class='ocr_line' id='line_1_96' title="bbox 1831 3810 3426 3878; baseline -0.004 -10"><span class='ocrx_word' id='word_1_691' title='bbox 1831 3814 2026 3870; x_wconf 84' lang='lat' dir='ltr'><strong>Melius</strong></span> <span class='ocrx_word' id='word_1_692' title='bbox 2050 3822 2231 3869; x_wconf 87' lang='lat' dir='ltr'><strong>autem</strong></span> <span class='ocrx_word' id='word_1_693' title='bbox 2272 3827 2338 3868; x_wconf 90' lang='lat' dir='ltr'><strong>ac</strong></span> <span class='ocrx_word' id='word_1_694' title='bbox 2366 3810 2705 3867; x_wconf 83' lang='lat' dir='ltr'><strong>tolerabilius</strong></span> <span class='ocrx_word' id='word_1_695' title='bbox 2734 3817 2899 3873; x_wconf 87' lang='lat' dir='ltr'><strong>esset,</strong></span> <span class='ocrx_word' id='word_1_696' title='bbox 2938 3822 3141 3878; x_wconf 89' lang='lat' dir='ltr'><strong>corpus</strong></span> <span class='ocrx_word' id='word_1_697' title='bbox 3173 3817 3426 3864; x_wconf 88' lang='lat' dir='ltr'><strong>nostrum</strong></span> 
     </span>
    </p>
   </div>
   <div class='ocr_carea' id='block_1_97' title="bbox 1832 3890 3473 3968">
    <p class='ocr_par' dir='ltr' id='par_1_97' title="bbox 1832 3890 3473 3968">
     <span class='ocr_line' id='line_1_97' title="bbox 1832 3890 3473 3968; baseline -0.005 -9"><span class='ocrx_word' id='word_1_698' title='bbox 1832 3905 1886 3959; x_wconf 91' lang='lat' dir='ltr'><strong>in</strong></span> <span class='ocrx_word' id='word_1_699' title='bbox 1915 3904 2145 3959; x_wconf 90' lang='lat' dir='ltr'><strong>bestiam</strong></span> <span class='ocrx_word' id='word_1_700' title='bbox 2178 3900 2527 3967; x_wconf 82' lang='lat' dir='ltr'><strong>commutari,</strong></span> <span class='ocrx_word' id='word_1_701' title='bbox 2574 3899 2759 3954; x_wconf 88' lang='lat' dir='ltr'><strong>anima</strong></span> <span class='ocrx_word' id='word_1_702' title='bbox 2802 3897 2861 3952; x_wconf 88' lang='lat' dir='ltr'><strong>in</strong></span> <span class='ocrx_word' id='word_1_703' title='bbox 2902 3913 3001 3952; x_wconf 90' lang='lat' dir='ltr'><strong>sua</strong></span> <span class='ocrx_word' id='word_1_704' title='bbox 3039 3897 3324 3968; x_wconf 85' lang='lat' dir='ltr'><strong>dignitate,</strong></span> <span class='ocrx_word' id='word_1_705' title='bbox 3371 3897 3427 3952; x_wconf 91' lang='lat' dir='ltr'><strong>id</strong></span> <span class='ocrx_word' id='word_1_706' title='bbox 3470 3890 3473 3897; x_wconf 69' lang='grc'><em>’</em></span> 
     </span>
    </p>
   </div>
   <div class='ocr_carea' id='block_1_98' title="bbox 1831 3994 3428 4064">
    <p class='ocr_par' dir='ltr' id='par_1_98' title="bbox 1831 3994 3428 4064">
     <span class='ocr_line' id='line_1_98' title="bbox 1831 3994 3428 4064; baseline -0.004 -13"><span class='ocrx_word' id='word_1_707' title='bbox 1831 4004 1915 4052; x_wconf 87' lang='lat' dir='ltr'><strong>est</strong></span> <span class='ocrx_word' id='word_1_708' title='bbox 1952 3995 2044 4048; x_wconf 88' lang='lat' dir='ltr'><strong>Dei</strong></span> <span class='ocrx_word' id='word_1_709' title='bbox 2089 3994 2346 4064; x_wconf 84' lang='lat' dir='ltr'><strong>imagine,</strong></span> <span class='ocrx_word' id='word_1_710' title='bbox 2382 3998 2760 4063; x_wconf 90' lang='lat' dir='ltr'><strong>permanente,</strong></span> <span class='ocrx_word' id='word_1_711' title='bbox 2812 4003 3000 4060; x_wconf 90' lang='lat' dir='ltr'><strong>quam,</strong></span> <span class='ocrx_word' id='word_1_712' title='bbox 3037 4003 3269 4059; x_wconf 90' lang='lat' dir='ltr'><strong>corpore</strong></span> <span class='ocrx_word' id='word_1_713' title='bbox 3307 4004 3428 4044; x_wconf 87' lang='lat' dir='ltr'><strong>ma-</strong></span> 
     </span>
    </p>
   </div>
   <div class='ocr_carea' id='block_1_99' title="bbox 1833 4077 3498 4150">
    <p class='ocr_par' dir='ltr' id='par_1_99' title="bbox 1833 4077 3498 4150">
     <span class='ocr_line' id='line_1_99' title="bbox 1833 4077 3498 4150; baseline -0.006 -8"><span class='ocrx_word' id='word_1_714' title='bbox 1833 4097 1996 4143; x_wconf 89' lang='lat' dir='ltr'><strong>nente</strong></span> <span class='ocrx_word' id='word_1_715' title='bbox 2026 4086 2289 4150; x_wconf 89' lang='lat' dir='ltr'><strong>humano,</strong></span> <span class='ocrx_word' id='word_1_716' title='bbox 2320 4082 2561 4137; x_wconf 89' lang='lat' dir='ltr'><strong>animam</strong></span> <span class='ocrx_word' id='word_1_717' title='bbox 2586 4081 2701 4136; x_wconf 79' lang='lat' dir='ltr'><strong>fieri</strong></span> <span class='ocrx_word' id='word_1_718' title='bbox 2728 4080 3035 4135; x_wconf 89' lang='lat' dir='ltr'><strong>bestialem.</strong></span> <span class='ocrx_word' id='word_1_719' title='bbox 3067 4077 3134 4133; x_wconf 90' lang='lat' dir='ltr'><strong>Et</strong></span> <span class='ocrx_word' id='word_1_720' title='bbox 3160 4080 3276 4136; x_wconf 77' lang='lat' dir='ltr'><strong>haec</strong></span> <span class='ocrx_word' id='word_1_721' title='bbox 3305 4094 3435 4133; x_wconf 77' lang='lat' dir='ltr'><strong>mu-</strong></span> <span class='ocrx_word' id='word_1_722' title='bbox 3494 4129 3498 4143; x_wconf 22' lang='grc' dir='ltr'><em>ξ</em></span> 
     </span>
    </p>
   </div>
   <div class='ocr_carea' id='block_1_100' title="bbox 1833 4162 3497 4251">
    <p class='ocr_par' dir='ltr' id='par_1_100' title="bbox 1833 4162 3497 4251">
     <span class='ocr_line' id='line_1_100' title="bbox 1833 4162 3497 4251; baseline -0.004 -17"><span class='ocrx_word' id='word_1_723' title='bbox 1833 4179 1966 4235; x_wconf 91' lang='lat' dir='ltr'><strong>tatio</strong></span> <span class='ocrx_word' id='word_1_724' title='bbox 1992 4186 2146 4233; x_wconf 88' lang='lat' dir='ltr'><strong>tanto</strong></span> <span class='ocrx_word' id='word_1_725' title='bbox 2174 4184 2259 4231; x_wconf 85' lang='lat' dir='ltr'><strong>est</strong></span> <span class='ocrx_word' id='word_1_726' title='bbox 2278 4175 2598 4231; x_wconf 89' lang='lat' dir='ltr'><strong>horribilior</strong></span> <span class='ocrx_word' id='word_1_727' title='bbox 2624 4174 2910 4245; x_wconf 82' lang='lat' dir='ltr'><strong>magisque</strong></span> <span class='ocrx_word' id='word_1_728' title='bbox 2929 4172 3197 4229; x_wconf 79' lang='lat' dir='ltr'><strong>deflenda.</strong></span> <span class='ocrx_word' id='word_1_729' title='bbox 3219 4162 3430 4251; x_wconf 83' lang='lat' dir='ltr'><strong>quanto</strong></span> <span class='ocrx_word' id='word_1_730' title='bbox 3464 4223 3497 4251; x_wconf 42' lang='grc' dir='ltr'><strong>ι.</strong></span> 
     </span>
    </p>
   </div>
   <div class='ocr_carea' id='block_1_101' title="bbox 1833 4252 3449 4342">
    <p class='ocr_par' dir='ltr' id='par_1_101' title="bbox 1833 4252 3449 4342">
     <span class='ocr_line' id='line_1_101' title="bbox 1833 4252 3449 4342; baseline -0.006 -15"><span class='ocrx_word' id='word_1_731' title='bbox 1833 4273 2016 4328; x_wconf 87' lang='lat' dir='ltr'><strong>anima</strong></span> <span class='ocrx_word' id='word_1_732' title='bbox 2046 4267 2365 4342; x_wconf 80' lang='lat' dir='ltr'><strong>praeeminet</strong></span> <span class='ocrx_word' id='word_1_733' title='bbox 2391 4265 2630 4338; x_wconf 87' lang='lat' dir='ltr'><strong>corpori.</strong></span> <span class='ocrx_word' id='word_1_734' title='bbox 2659 4263 2815 4319; x_wconf 86' lang='lat' dir='ltr'><strong>Unde</strong></span> <span class='ocrx_word' id='word_1_735' title='bbox 2845 4262 3014 4319; x_wconf 89' lang='lat' dir='ltr'><strong>David</strong></span> <span class='ocrx_word' id='word_1_736' title='bbox 3049 4283 3062 4318; x_wconf 93' lang='lat'>:</span> <span class='ocrx_word' id='word_1_737' title='bbox 3095 4262 3278 4319; x_wconf 77' lang='lat' dir='ltr'><strong>Nolite</strong></span> <span class='ocrx_word' id='word_1_738' title='bbox 3305 4252 3449 4334; x_wconf 77' lang='lat' dir='ltr'><strong>ﬁeri</strong></span> 
     </span>
    </p>
   </div>
   <div class='ocr_carea' id='block_1_102' title="bbox 1833 4354 3424 4440">
    <p class='ocr_par' dir='ltr' id='par_1_102' title="bbox 1833 4354 3424 4440">
     <span class='ocr_line' id='line_1_102' title="bbox 1833 4354 3424 4440; baseline -0.008 -15"><span class='ocrx_word' id='word_1_739' title='bbox 1833 4370 1971 4424; x_wconf 80' lang='lat' dir='ltr'><strong>sicut</strong></span> <span class='ocrx_word' id='word_1_740' title='bbox 1999 4385 2165 4440; x_wconf 84' lang='lat' dir='ltr'><strong>equus</strong></span> <span class='ocrx_word' id='word_1_741' title='bbox 2187 4376 2236 4421; x_wconf 89' lang='lat' dir='ltr'><strong>et</strong></span> <span class='ocrx_word' id='word_1_742' title='bbox 2259 4363 2456 4432; x_wconf 82' lang='lat' dir='ltr'><strong>mulus,</strong></span> <span class='ocrx_word' id='word_1_743' title='bbox 2478 4363 2667 4435; x_wconf 79' lang='lat' dir='ltr'><strong>quibus</strong></span> <span class='ocrx_word' id='word_1_744' title='bbox 2692 4377 2795 4415; x_wconf 81' lang='lat' dir='ltr'><strong>non</strong></span> <span class='ocrx_word' id='word_1_745' title='bbox 2824 4369 2900 4415; x_wconf 81' lang='lat' dir='ltr'><strong>est</strong></span> <span class='ocrx_word' id='word_1_746' title='bbox 2931 4359 3230 4414; x_wconf 81' lang='lat' dir='ltr'><strong>intellectus</strong></span> <span class='ocrx_word' id='word_1_747' title='bbox 3249 4354 3424 4431; x_wconf 86' lang='lat' dir='ltr'><strong>Psal.</strong></span> 
     </span>
    </p>
   </div>
   <div class='ocr_carea' id='block_1_103' title="bbox 1838 4454 3477 4540">
    <p class='ocr_par' dir='ltr' id='par_1_103' title="bbox 1838 4454 3477 4540">
     <span class='ocr_line' id='line_1_103' title="bbox 1838 4454 3477 4540; baseline -0.007 -22"><span class='ocrx_word' id='word_1_748' title='bbox 1838 4481 1990 4528; x_wconf 72' lang='lat' dir='ltr'><strong>xxxv,</strong></span> <span class='ocrx_word' id='word_1_749' title='bbox 2016 4464 2094 4534; x_wconf 81' lang='lat'><strong>9).</strong></span> <span class='ocrx_word' id='word_1_750' title='bbox 2128 4461 2251 4516; x_wconf 77' lang='lat' dir='ltr'><strong>Non</strong></span> <span class='ocrx_word' id='word_1_751' title='bbox 2278 4458 2423 4515; x_wconf 90' lang='lat' dir='ltr'><strong>enim</strong></span> <span class='ocrx_word' id='word_1_752' title='bbox 2453 4460 2520 4516; x_wconf 89' lang='lat' dir='ltr'><strong>de</strong></span> <span class='ocrx_word' id='word_1_753' title='bbox 2546 4456 2792 4528; x_wconf 85' lang='lat' dir='ltr'><strong>corporis</strong></span> <span class='ocrx_word' id='word_1_754' title='bbox 2822 4455 2929 4511; x_wconf 88' lang='lat' dir='ltr'><strong>hoc</strong></span> <span class='ocrx_word' id='word_1_755' title='bbox 2952 4454 3329 4519; x_wconf 88' lang='lat' dir='ltr'><strong>similitudine,</strong></span> <span class='ocrx_word' id='word_1_756' title='bbox 3358 4470 3428 4537; x_wconf 83' lang='lat' dir='ltr'><strong>ne</strong></span> <span class='ocrx_word' id='word_1_757' title='bbox 3472 4512 3477 4540; x_wconf 31' lang='grc' dir='ltr'><strong>ί</strong></span> 
     </span>
    </p>
   </div>
   <div class='ocr_carea' id='block_1_104' title="bbox 1766 4546 2839 4622">
    <p class='ocr_par' dir='ltr' id='par_1_104' title="bbox 1766 4546 2839 4622">
     <span class='ocr_line' id='line_1_104' title="bbox 1766 4546 2839 4622; baseline -0.01 -8"><span class='ocrx_word' id='word_1_758' title='bbox 1766 4546 1811 4599; x_wconf 77' lang='lat' dir='ltr'><strong>D</strong></span> <span class='ocrx_word' id='word_1_759' title='bbox 1835 4557 1907 4613; x_wconf 88' lang='lat' dir='ltr'><strong>sit</strong></span> <span class='ocrx_word' id='word_1_760' title='bbox 1931 4556 2247 4618; x_wconf 90' lang='lat' dir='ltr'><strong>ridiculum,</strong></span> <span class='ocrx_word' id='word_1_761' title='bbox 2278 4553 2385 4609; x_wconf 89' lang='lat' dir='ltr'><strong>diei</strong></span> <span class='ocrx_word' id='word_1_762' title='bbox 2408 4552 2709 4622; x_wconf 87' lang='lat' dir='ltr'><strong>putandum</strong></span> <span class='ocrx_word' id='word_1_763' title='bbox 2737 4556 2839 4604; x_wconf 89' lang='lat' dir='ltr'><strong>est.</strong></span> 
     </span>
    </p>
   </div>
   <div class='ocr_carea' id='block_1_105' title="bbox 1901 4626 3483 4717">
    <p class='ocr_par' dir='ltr' id='par_1_105' title="bbox 1901 4626 3483 4717">
     <span class='ocr_line' id='line_1_105' title="bbox 1901 4626 3483 4717; baseline -0.01 -13"><span class='ocrx_word' id='word_1_764' title='bbox 1901 4648 2171 4717; x_wconf 85' lang='lat' dir='ltr'><strong>Coaptare</strong></span> <span class='ocrx_word' id='word_1_765' title='bbox 2193 4644 2419 4714; x_wconf 88' lang='lat' dir='ltr'><strong>aliquid,</strong></span> <span class='ocrx_word' id='word_1_766' title='bbox 2448 4643 2589 4698; x_wconf 86' lang='lat' dir='ltr'><strong>sicut</strong></span> <span class='ocrx_word' id='word_1_767' title='bbox 2611 4642 2793 4697; x_wconf 89' lang='lat' dir='ltr'><strong>cibum</strong></span> <span class='ocrx_word' id='word_1_768' title='bbox 2816 4647 2911 4694; x_wconf 88' lang='lat' dir='ltr'><strong>aut</strong></span> <span class='ocrx_word' id='word_1_769' title='bbox 2939 4646 3151 4709; x_wconf 90' lang='lat' dir='ltr'><strong>potum,</strong></span> <span class='ocrx_word' id='word_1_770' title='bbox 3179 4644 3435 4695; x_wconf 75' lang='lat' dir='ltr'><strong>tantum--</strong></span> <span class='ocrx_word' id='word_1_771' title='bbox 3478 4626 3483 4629; x_wconf 59' lang='grc'><em>’</em></span> 
     </span>
    </p>
   </div>
   <div class='ocr_carea' id='block_1_106' title="bbox 1832 4728 3521 4808">
    <p class='ocr_par' dir='ltr' id='par_1_106' title="bbox 1832 4728 3521 4808">
     <span class='ocr_line' id='line_1_106' title="bbox 1832 4728 3521 4808; baseline -0.009 -13"><span class='ocrx_word' id='word_1_772' title='bbox 1832 4728 1998 4795; x_wconf 89' lang='lat' dir='ltr'><strong>modo</strong></span> <span class='ocrx_word' id='word_1_773' title='bbox 2028 4746 2088 4792; x_wconf 89' lang='lat' dir='ltr'><strong>ut</strong></span> <span class='ocrx_word' id='word_1_774' title='bbox 2120 4737 2242 4808; x_wconf 80' lang='lat' dir='ltr'><strong>plus</strong></span> <span class='ocrx_word' id='word_1_775' title='bbox 2269 4736 2518 4799; x_wconf 83' lang='lat' dir='ltr'><strong>delectet,</strong></span> <span class='ocrx_word' id='word_1_776' title='bbox 2547 4733 2764 4787; x_wconf 88' lang='lat' dir='ltr'><strong>diabolo</strong></span> <span class='ocrx_word' id='word_1_777' title='bbox 2789 4730 3075 4800; x_wconf 83' lang='lat' dir='ltr'><strong>coeperari</strong></span> <span class='ocrx_word' id='word_1_778' title='bbox 3103 4736 3188 4784; x_wconf 90' lang='lat' dir='ltr'><strong>est</strong></span> <span class='ocrx_word' id='word_1_779' title='bbox 3216 4728 3271 4781; x_wconf 92' lang='lat' dir='ltr'><strong>in</strong></span> <span class='ocrx_word' id='word_1_780' title='bbox 3301 4743 3431 4798; x_wconf 77' lang='lat' dir='ltr'><strong>per-</strong></span> <span class='ocrx_word' id='word_1_781' title='bbox 3514 4758 3521 4763; x_wconf 93' lang='lat'><strong><em>-</em></strong></span> 
     </span>
    </p>
   </div>
   <div class='ocr_carea' id='block_1_107' title="bbox 1834 4818 3439 4895">
    <p class='ocr_par' dir='ltr' id='par_1_107' title="bbox 1834 4818 3439 4895">
     <span class='ocr_line' id='line_1_107' title="bbox 1834 4818 3439 4895; baseline -0.008 -8"><span class='ocrx_word' id='word_1_782' title='bbox 1834 4831 2032 4887; x_wconf 90' lang='lat' dir='ltr'><strong>niciem</strong></span> <span class='ocrx_word' id='word_1_783' title='bbox 2063 4838 2336 4893; x_wconf 88' lang='lat' dir='ltr'><strong>nostram,</strong></span> <span class='ocrx_word' id='word_1_784' title='bbox 2365 4834 2419 4880; x_wconf 90' lang='lat' dir='ltr'><strong>et</strong></span> <span class='ocrx_word' id='word_1_785' title='bbox 2446 4840 2644 4880; x_wconf 85' lang='lat' dir='ltr'><strong>acuere</strong></span> <span class='ocrx_word' id='word_1_786' title='bbox 2666 4823 2928 4895; x_wconf 78' lang='lat' dir='ltr'><strong>gladium,</strong></span> <span class='ocrx_word' id='word_1_787' title='bbox 2955 4819 3101 4891; x_wconf 89' lang='lat' dir='ltr'><strong>quod</strong></span> <span class='ocrx_word' id='word_1_788' title='bbox 3127 4818 3344 4875; x_wconf 81' lang='lat' dir='ltr'><strong>facilius</strong></span> <span class='ocrx_word' id='word_1_789' title='bbox 3373 4826 3439 4875; x_wconf 77' lang='grc' dir='ltr'><strong>ρι’</strong></span> 
     </span>
    </p>
   </div>
   <div class='ocr_carea' id='block_1_108' title="bbox 1836 4911 3424 4995">
    <p class='ocr_par' dir='ltr' id='par_1_108' title="bbox 1836 4911 3424 4995">
     <span class='ocr_line' id='line_1_108' title="bbox 1836 4911 3424 4995; baseline -0.01 -15"><span class='ocrx_word' id='word_1_790' title='bbox 1836 4924 2000 4995; x_wconf 84' lang='lat' dir='ltr'><strong>altius</strong></span> <span class='ocrx_word' id='word_1_791' title='bbox 2020 4929 2209 4977; x_wconf 88' lang='lat' dir='ltr'><strong>nostra</strong></span> <span class='ocrx_word' id='word_1_792' title='bbox 2232 4919 2408 4990; x_wconf 91' lang='lat' dir='ltr'><strong>possit</strong></span> <span class='ocrx_word' id='word_1_793' title='bbox 2429 4918 2641 4973; x_wconf 90' lang='lat' dir='ltr'><strong>viscera</strong></span> <span class='ocrx_word' id='word_1_794' title='bbox 2671 4923 2976 4987; x_wconf 87' lang='lat' dir='ltr'><strong>penetrare.</strong></span> <span class='ocrx_word' id='word_1_795' title='bbox 3025 4911 3244 4979; x_wconf 90' lang='lat' dir='ltr'><strong>Quanto</strong></span> <span class='ocrx_word' id='word_1_796' title='bbox 3279 4912 3424 4995; x_wconf 58' lang='lat' dir='ltr'><strong>enim</strong></span> 
     </span>
    </p>
   </div>
   <div class='ocr_carea' id='block_1_109' title="bbox 1831 4958 3504 5084">
    <p class='ocr_par' dir='ltr' id='par_1_109' title="bbox 1831 4958 3504 5084">
     <span class='ocr_line' id='line_1_109' title="bbox 1836 4958 3454 4995; baseline -0.011 -15"><span class='ocrx_word' id='word_1_797' title='bbox 1836 4958 2000 4995; x_wconf 68' lang='grc' dir='ltr'><strong>«ιιιιμο</strong></span> <span class='ocrx_word' id='word_1_798' title='bbox 2022 4958 2209 4977; x_wconf 53' lang='lat' dir='ltr'><strong>nos...“</strong></span> <span class='ocrx_word' id='word_1_799' title='bbox 2235 4958 2408 4990; x_wconf 67' lang='grc' dir='ltr'><strong>μυσα..</strong></span> <span class='ocrx_word' id='word_1_800' title='bbox 2440 4958 2641 4973; x_wconf 53' lang='grc' dir='ltr'><strong>παπ...</strong></span> <span class='ocrx_word' id='word_1_801' title='bbox 2671 4958 2976 4987; x_wconf 43' lang='lat' dir='ltr'><strong>Paw...&quot;</strong></span> <span class='ocrx_word' id='word_1_802' title='bbox 3031 4958 3239 4979; x_wconf 47' lang='lat' dir='ltr'><strong>Vw,&quot;</strong></span> <span class='ocrx_word' id='word_1_803' title='bbox 3282 4958 3454 4991; x_wconf 28' lang='lat' dir='ltr'><strong>una,”</strong></span> 
     </span>
     <span class='ocr_line' id='line_1_110' title="bbox 1831 4971 3504 5084; baseline -0.008 -12"><span class='ocrx_word' id='word_1_804' title='bbox 1831 5017 1919 5072; x_wconf 90' lang='lat' dir='ltr'><strong>his</strong></span> <span class='ocrx_word' id='word_1_805' title='bbox 1950 5013 2185 5084; x_wconf 85' lang='lat' dir='ltr'><strong>amplius</strong></span> <span class='ocrx_word' id='word_1_806' title='bbox 2204 5013 2560 5077; x_wconf 86' lang='lat' dir='ltr'><strong>delectamur,</strong></span> <span class='ocrx_word' id='word_1_807' title='bbox 2586 5017 2739 5064; x_wconf 86' lang='lat' dir='ltr'><strong>tanto</strong></span> <span class='ocrx_word' id='word_1_808' title='bbox 2774 5006 2996 5078; x_wconf 80' lang='lat' dir='ltr'><strong>gravius</strong></span> <span class='ocrx_word' id='word_1_809' title='bbox 3018 5020 3081 5061; x_wconf 91' lang='lat' dir='ltr'><strong>ac</strong></span> <span class='ocrx_word' id='word_1_810' title='bbox 3102 4971 3441 5076; x_wconf 60' lang='lat' dir='ltr'><strong>profunditis</strong></span> <span class='ocrx_word' id='word_1_811' title='bbox 3500 5078 3504 5082; x_wconf 11' lang='grc' dir='ltr'>ἱ</span> 
     </span>
    </p>
   </div>
   <div class='ocr_carea' id='block_1_110' title="bbox 1831 5107 2207 5163">
    <p class='ocr_par' dir='ltr' id='par_1_110' title="bbox 1831 5107 2207 5163">
     <span class='ocr_line' id='line_1_111' title="bbox 1831 5107 2207 5163; baseline -0.008 0"><span class='ocrx_word' id='word_1_812' title='bbox 1831 5107 2207 5163; x_wconf 85' lang='lat' dir='ltr'><strong>vulneramur.</strong></span> 
     </span>
    </p>
   </div>
   <div class='ocr_carea' id='block_1_111' title="bbox 2360 5191 2902 5251">
    <p class='ocr_par' dir='ltr' id='par_1_111' title="bbox 2360 5191 2902 5251">
     <span class='ocr_line' id='line_1_112' title="bbox 2360 5191 2902 5251; baseline -0.004 -1"><span class='ocrx_word' id='word_1_813' title='bbox 2360 5192 2765 5251; x_wconf 78' lang='lat' dir='ltr'><strong>CAPITULUM</strong></span> <span class='ocrx_word' id='word_1_814' title='bbox 2802 5191 2902 5248; x_wconf 74' lang='lat' dir='ltr'><strong>IV.</strong></span> 
     </span>
    </p>
   </div>
   <div class='ocr_carea' id='block_1_112' title="bbox 1834 5305 3441 5375">
    <p class='ocr_par' dir='ltr' id='par_1_112' title="bbox 1834 5305 3441 5375">
     <span class='ocr_line' id='line_1_113' title="bbox 1834 5305 3441 5375; baseline -0.005 -9"><span class='ocrx_word' id='word_1_815' title='bbox 1834 5314 1914 5369; x_wconf 85' lang='lat' dir='ltr'><strong>De</strong></span> <span class='ocrx_word' id='word_1_816' title='bbox 1940 5315 2087 5367; x_wconf 81' lang='lat' dir='ltr'><strong>ranis</strong></span> <span class='ocrx_word' id='word_1_817' title='bbox 2118 5310 2415 5374; x_wconf 80' lang='lat' dir='ltr'><strong>timoribus,</strong></span> <span class='ocrx_word' id='word_1_818' title='bbox 2449 5309 2742 5373; x_wconf 76' lang='lat' dir='ltr'><strong>doloribus,</strong></span> <span class='ocrx_word' id='word_1_819' title='bbox 2769 5316 2817 5362; x_wconf 83' lang='lat' dir='ltr'><strong>et</strong></span> <span class='ocrx_word' id='word_1_820' title='bbox 2844 5306 3166 5361; x_wconf 76' lang='lat' dir='ltr'><strong>cruciatibus</strong></span> <span class='ocrx_word' id='word_1_821' title='bbox 3196 5305 3441 5375; x_wconf 70' lang='lat' dir='ltr'><strong>ﬁliorum:</strong></span> 
     </span>
    </p>
   </div>
   <div class='ocr_carea' id='block_1_113' title="bbox 1907 5378 3435 5454">
    <p class='ocr_par' dir='ltr' id='par_1_113' title="bbox 1907 5378 3435 5454">
     <span class='ocr_line' id='line_1_114' title="bbox 1907 5378 3435 5454; baseline -0.006 -16"><span class='ocrx_word' id='word_1_822' title='bbox 1907 5386 2063 5454; x_wconf 83' lang='lat' dir='ltr'><strong>lmjus</strong></span> <span class='ocrx_word' id='word_1_823' title='bbox 2121 5382 2324 5445; x_wconf 67' lang='grc' dir='ltr'><strong>δωρεαί,</strong></span> <span class='ocrx_word' id='word_1_824' title='bbox 2390 5397 2520 5451; x_wconf 82' lang='lat' dir='ltr'><strong>quos</strong></span> <span class='ocrx_word' id='word_1_825' title='bbox 2582 5380 2897 5434; x_wconf 80' lang='lat' dir='ltr'><strong>contra/mut</strong></span> <span class='ocrx_word' id='word_1_826' title='bbox 2955 5394 3021 5433; x_wconf 76' lang='lat' dir='ltr'><strong>ea:</strong></span> <span class='ocrx_word' id='word_1_827' title='bbox 3076 5378 3435 5434; x_wconf 73' lang='lat' dir='ltr'><strong>periturorum</strong></span> 
     </span>
    </p>
   </div>
   <div class='ocr_carea' id='block_1_114' title="bbox 1909 5455 2495 5526">
    <p class='ocr_par' dir='ltr' id='par_1_114' title="bbox 1909 5455 2495 5526">
     <span class='ocr_line' id='line_1_115' title="bbox 1909 5455 2495 5526; baseline -0.007 -16"><span class='ocrx_word' id='word_1_828' title='bbox 1909 5455 2199 5526; x_wconf 79' lang='lat' dir='ltr'><strong>cupiditate</strong></span> <span class='ocrx_word' id='word_1_829' title='bbox 2220 5461 2269 5506; x_wconf 86' lang='lat' dir='ltr'><strong>ct</strong></span> <span class='ocrx_word' id='word_1_830' title='bbox 2297 5467 2495 5506; x_wconf 86' lang='lat' dir='ltr'><strong>amore.</strong></span> 
     </span>
    </p>
   </div>
   <div class='ocr_carea' id='block_1_115' title="bbox 1911 5555 3443 5640">
    <p class='ocr_par' dir='ltr' id='par_1_115' title="bbox 1911 5555 3443 5640">
     <span class='ocr_line' id='line_1_116' title="bbox 1911 5555 3443 5640; baseline -0.008 -16"><span class='ocrx_word' id='word_1_831' title='bbox 1911 5567 2115 5640; x_wconf 87' lang='lat' dir='ltr'><strong>Sponte</strong></span> <span class='ocrx_word' id='word_1_832' title='bbox 2147 5584 2205 5623; x_wconf 89' lang='lat' dir='ltr'><strong>se</strong></span> <span class='ocrx_word' id='word_1_833' title='bbox 2231 5556 2676 5638; x_wconf 16' lang='lat' dir='ltr'><strong>implicat’homo</strong></span> <span class='ocrx_word' id='word_1_834' title='bbox 2716 5558 3012 5633; x_wconf 83' lang='lat' dir='ltr'><strong>corporum</strong></span> <span class='ocrx_word' id='word_1_835' title='bbox 3061 5573 3125 5614; x_wconf 91' lang='lat' dir='ltr'><strong>ac</strong></span> <span class='ocrx_word' id='word_1_836' title='bbox 3168 5555 3443 5613; x_wconf 87' lang='lat' dir='ltr'><strong>vanitatis-</strong></span> 
     </span>
    </p>
   </div>
   <div class='ocr_carea' id='block_1_116' title="bbox 1839 5649 3443 5739">
    <p class='ocr_par' dir='ltr' id='par_1_116' title="bbox 1839 5649 3443 5739">
     <span class='ocr_line' id='line_1_117' title="bbox 1839 5649 3443 5739; baseline -0.009 -20"><span class='ocrx_word' id='word_1_837' title='bbox 1839 5664 2037 5730; x_wconf 84' lang='lat' dir='ltr'><strong>amori,</strong></span> <span class='ocrx_word' id='word_1_838' title='bbox 2060 5661 2177 5727; x_wconf 89' lang='lat' dir='ltr'><strong>sed,</strong></span> <span class='ocrx_word' id='word_1_839' title='bbox 2214 5660 2365 5726; x_wconf 90' lang='lat' dir='ltr'><strong>velit,</strong></span> <span class='ocrx_word' id='word_1_840' title='bbox 2396 5657 2552 5725; x_wconf 90' lang='lat' dir='ltr'><strong>nolit,</strong></span> <span class='ocrx_word' id='word_1_841' title='bbox 2590 5655 2885 5739; x_wconf 45' lang='lat' dir='ltr'><strong>cruciatur.</strong></span> <span class='ocrx_word' id='word_1_842' title='bbox 2900 5652 3096 5707; x_wconf 90' lang='lat' dir='ltr'><strong>timore</strong></span> <span class='ocrx_word' id='word_1_843' title='bbox 3132 5664 3198 5706; x_wconf 71' lang='lat' dir='ltr'><strong>ac</strong></span> <span class='ocrx_word' id='word_1_844' title='bbox 3242 5649 3443 5705; x_wconf 76' lang='lat' dir='ltr'><strong>dolore</strong></span> 
     </span>
    </p>
   </div>
   <div class='ocr_carea' id='block_1_117' title="bbox 1841 5740 3431 5827">
    <p class='ocr_par' dir='ltr' id='par_1_117' title="bbox 1841 5740 3431 5827">
     <span class='ocr_line' id='line_1_118' title="bbox 1841 5740 3431 5827; baseline -0.011 -16"><span class='ocrx_word' id='word_1_845' title='bbox 1841 5772 1940 5827; x_wconf 90' lang='lat' dir='ltr'><strong>pro</strong></span> <span class='ocrx_word' id='word_1_846' title='bbox 1967 5772 2157 5811; x_wconf 88' lang='lat' dir='ltr'><strong>eorum</strong></span> <span class='ocrx_word' id='word_1_847' title='bbox 2196 5754 2439 5819; x_wconf 88' lang='lat' dir='ltr'><strong>interitu,</strong></span> <span class='ocrx_word' id='word_1_848' title='bbox 2477 5752 2592 5806; x_wconf 87' lang='lat' dir='ltr'><strong>sive</strong></span> <span class='ocrx_word' id='word_1_849' title='bbox 2616 5766 2740 5807; x_wconf 92' lang='lat' dir='ltr'><strong>cum</strong></span> <span class='ocrx_word' id='word_1_850' title='bbox 2773 5745 3098 5803; x_wconf 86' lang='lat' dir='ltr'><strong>auferuntur</strong></span> <span class='ocrx_word' id='word_1_851' title='bbox 3137 5740 3257 5811; x_wconf 85' lang='lat' dir='ltr'><strong>ipsa</strong></span> <span class='ocrx_word' id='word_1_852' title='bbox 3303 5755 3431 5798; x_wconf 88' lang='lat' dir='ltr'><strong>cor-</strong></span> 
     </span>
    </p>
   </div>
   <div class='ocr_carea' id='block_1_118' title="bbox 1842 5833 3435 5918">
    <p class='ocr_par' dir='ltr' id='par_1_118' title="bbox 1842 5833 3435 5918">
     <span class='ocr_line' id='line_1_119' title="bbox 1842 5833 3435 5918; baseline -0.009 -15"><span class='ocrx_word' id='word_1_853' title='bbox 1842 5864 1997 5918; x_wconf 66' lang='lat' dir='ltr'><strong>pom,</strong></span> <span class='ocrx_word' id='word_1_854' title='bbox 2026 5850 2138 5904; x_wconf 82' lang='lat' dir='ltr'><strong>sive</strong></span> <span class='ocrx_word' id='word_1_855' title='bbox 2167 5863 2288 5903; x_wconf 81' lang='lat' dir='ltr'><strong>cum</strong></span> <span class='ocrx_word' id='word_1_856' title='bbox 2320 5848 2433 5917; x_wconf 80' lang='lat' dir='ltr'><strong>ipse</strong></span> <span class='ocrx_word' id='word_1_857' title='bbox 2474 5844 2830 5914; x_wconf 85' lang='lat' dir='ltr'><strong>vituperatur.</strong></span> <span class='ocrx_word' id='word_1_858' title='bbox 2862 5838 3030 5892; x_wconf 79' lang='lat' dir='ltr'><strong>Amor</strong></span> <span class='ocrx_word' id='word_1_859' title='bbox 3052 5834 3193 5905; x_wconf 73' lang='lat' dir='ltr'><strong>enim</strong></span> <span class='ocrx_word' id='word_1_860' title='bbox 3228 5833 3435 5904; x_wconf 70' lang='lat' dir='ltr'><strong>peritu-</strong></span> 
     </span>
    </p>
   </div>
  </div>
