3992 6396
529 329 638 416 αρτ

1399 335 1728 395 GUlGONlS
1765 338 1786 393 l
1819 333 2245 401 CAR-THUSIE
2281 329 2572 388 MAJONS
2605 328 2885 384 PRIORIS
2911 326 2953 383 ν

529 463 720 503 rerum
744 455 828 503 est
855 447 1014 519 quasi
1036 447 1162 506 fons
1187 448 1443 506 timorum
1477 450 1751 506 inutilium
1775 461 1830 506 et
1847 449 2124 516 dolorum,
2156 450 2199 508 Α
2229 447 2497 516 quantum
2520 443 2734 498 laborat
2765 449 2987 511 propter
3013 438 3303 506 mundum,
3353 438 3531 495 natale
3553 439 3662 510 eius
3679 451 3784 498 tan-

535 526 601 594 ac
645 539 1076 596 sollicitudinum
1131 542 1532 596 universarum.
1582 543 1884 615 Pauperem
1932 558 2122 614 ergoa

531 638 754 700 potente
793 631 990 686 liberat
1036 630 1322 697 Dominus,
1359 633 1621 688 solvendo
1651 650 1776 688 eum
1834 651 1865 690 a
1906 634 2128 690 vinculo

534 722 801 777 mundani
830 724 1057 792 amoris.
1110 723 1216 790 Qui
1258 723 1406 781 enim
1449 725 1526 780 nil
1573 725 1878 796 periturum
1929 725 2124 796 diligit,

535 814 630 870 ubi
653 831 684 870 a
705 815 948 886 quolibet
969 823 1187 887 potente
1209 817 1438 874 ladatur
1459 833 1569 872 non
1593 818 1791 885 habet,
1821 827 1877 874 et
1902 818 2130 872 omnino

535 906 868 967 inviolabilis
889 916 1000 978 est,
1027 901 1155 982 quia
1180 910 1294 966 sola
1320 909 1654 966 inviolabilia
1685 913 1828 968 sicut
1857 911 2128 984 diligenda

534 1005 685 1066 Iunt,
715 998 912 1070 diligit.
1763 1073 1768 1079 ο

611 1089 669 1144 Si
705 1107 896 1148 omnes
923 1091 1150 1170 capillos
1188 1092 1384 1164 capitis
1416 1093 1494 1151 tui
1531 1095 1816 1152 abscindat
1843 1096 1988 1168 quis,
2020 1109 2131 1150 non

534 1186 590 1234 te
611 1178 789 1248 ladet,
825 1181 932 1238 nisi
962 1197 1091 1238 cum
1128 1199 1225 1239 eos
1247 1185 1342 1255 qui
1368 1185 1533 1256 capiti
1564 1185 1842 1242 adharent
1872 1185 2129 1258 tetigerit.

537 1265 632 1325 Sic
653 1279 704 1326 te
724 1286 833 1329 non
862 1271 1077 1342 ladent,
1113 1274 1221 1330 nisi
1250 1291 1334 1343 ea,
1359 1291 1482 1346 qua
1515 1293 1613 1346 per
1635 1258 2134 1348 concupiscentiam

537 1360 594 1416 in
645 1364 698 1416 te
733 1361 900 1418 ﬁxere
953 1363 1187 1430 radices,
1224 1365 1350 1436 quis
1383 1373 1590 1437 tangat.
1639 1365 1773 1433 Qua
1819 1381 1932 1438 quo
1977 1366 2136 1436 plura

539 1451 744 1508 fuerint
762 1463 817 1510 et
844 1455 1019 1528 magis
1039 1465 1242 1523 amata,
1275 1473 1340 1512 eo
1362 1458 1546 1528 plures
1572 1459 1674 1514 hac
1703 1457 2138 1514 vehementiores

539 1545 760 1604 dolores
793 1547 1030 1620 parient.

609 1638 720 1695 Aut
747 1639 1034 1714 exstingue
1065 1641 1282 1712 penitus
1311 1643 1833 1714 concupiscentiam,
1883 1651 1980 1701 aut
2007 1659 2139 1716 para

2227 551 2392 608 quam
2415 534 2672 606 martyris
2700 541 2973 604 ageretur.

2301 626 2455 684 Sicut
2487 635 2567 682 ex'
2584 625 2758 698 glacie
2783 623 2957 694 frigus
2977 664 2992 689 ,
3019 621 3095 677 ita
3119 637 3187 676 ex
3210 615 3589 692 temporalium
3631 637 3787 678 amore

2229 723 2396 789 timor
2421 719 2634 778 inutilis
2675 717 2919 774 animam
2959 713 3187 780 invadit,
3227 724 3280 770 et
3319 722 3530 770 catera
3567 713 3786 769 miseria.

2230 813 2470 870 Remove
2503 827 2536 868 a
2571 818 2624 867 te
2661 809 2921 866 universa
2947 823 3073 879 qua
3101 807 3198 862 tibi
3225 805 3454 862 timendi
3479 821 3640 862 causa
3665 817 3788 872 sunt.

2231 905 2378 961 sicut
2403 920 2528 974 qua
2549 903 2793 974 frigoris.
2825 899 3068 956 Remove
3105 899 3232 955 dico
3277 914 3386 954 non
3409 913 3442 953 a
3468 897 3608 965 loco,
3635 897 3720 953 sed
3737 899 3796 952 ab

2233 998 2440 1054 animo.
2475 995 2596 1052 Non
2625 1004 2712 1052 est
2750 995 2898 1050 enim
2929 991 3231 1049 timendum
3260 990 3367 1046 nisi
3391 989 3540 1062 quod
3559 998 3722 1061 potest
3752 1003 3798 1046 α

2233 1089 2378 1160 quod
2399 1087 2616 1159 expedit
2641 1086 2825 1152 vitari,
2847 1085 2902 1141 id
2921 1092 3006 1140 est
3025 1091 3329 1156 peccatum.
3347 1079 3623 1152 Quidquid
3643 1089 3798 1136 autalt

2235 1180 2395 1236 vitari
2423 1179 2660 1250 expedit,
2685 1176 2849 1235 vitari
2881 1187 2933 1234 et
2961 1183 3160 1248 potest,
3189 1172 3486 1246 adiuvante
3515 1171 3643 1240 Deo,
3668 1172 3802 1228 idest

2238 1274 2522 1344 iniquitas.

2310 1365 2446 1430 Vide
2473 1380 2643 1436 quam
2672 1363 2752 1420 sis
2779 1363 2836 1418 in
2864 1368 3134 1434 potestate
3175 1357 3466 1416 hominum
3497 1357 3569 1413 ad
3593 1356 3804 1412 turban-

2238 1459 2371 1515 dum
2399 1467 2455 1515 et
2488 1457 2870 1514 cruciandum.
2904 1454 3082 1522 Quam
3113 1450 3272 1509 facile
3295 1459 3382 1507 est
3414 1450 3498 1516 eis
3525 1449 3806 1519 vituperare

2242 1559 2296 1607 te
2320 1550 2532 1618 verbis,
2561 1561 2659 1605 aut
2685 1547 3036 1621 cogitationis
3060 1545 3354 1616 opinione,
3405 1551 3522 1598 tam
3551 1539 3703 1596 facile
3733 1549 3808 1596 est

2240 1644 2582 1716 perturbare.
2613 1641 2757 1710 Quid
2799 1655 2930 1712 ergo
2947 1640 2974 1694 ἲ
3018 1637 3077 1694 Si
3104 1636 3362 1708 displices
3387 1635 3502 1703 eis,
3551 1632 3808 1705 pertint:-

539 1739 595 1788 te
620 1731 688 1787 ad
721 1733 1182 1802 conturbandum,
1219 1735 1273 1790 id
1313 1742 1398 1792 est
1423 1734 1493 1790 ad
1526 1722 1844 1792 timendum
1873 1743 1927 1790 et
1949 1734 2141 1791 dolen-
2174 1796 2216 1810 n
2242 1739 2340 1794 ris.
2369 1737 2512 1810 Ergo
2553 1735 2610 1791 in
2631 1750 2826 1792 eorum
2871 1748 2934 1789 es
2960 1738 3252 1803 potestate.
3285 1726 3413 1784 Sive
3441 1725 3568 1798 ciuis
3608 1725 3716 1780 hac
3738 1722 3812 1778 fa-

538 1830 672 1886 dum
699 1830 843 1886 unde
873 1846 984 1886 non
1015 1831 1202 1890 debes.

613 1922 810 1978 Anima
846 1923 1087 1978 humana
1137 1924 1328 1981 tandiu
1381 1924 1438 1980 in
1486 1939 1547 1980 se
1591 1923 1871 1980 cruciatur
1897 1923 2142 1994 quandiu

541 2023 722 2086 potest
748 2015 1004 2083 cruciari,
1039 2015 1094 2071 id
1119 2025 1204 2072 est
1241 2015 1488 2087 quandiu
1535 2017 1741 2087 aliquid
1771 2025 1920 2072 amat
1949 2024 2145 2086 prater

544 2107 738 2164 Deum.
769 2107 938 2166 Deum
961 2109 1107 2166 enim
1130 2110 1320 2181 nequit
1339 2109 1590 2166 amittere
1620 2110 1834 2166 nolens.
1860 2108 2144 2165 Dimittere

542 2216 676 2272 ergo
699 2217 824 2257 eum
848 2212 1048 2274 potest,
1093 2219 1204 2260 non
1234 2205 1503 2260 amittere.
1545 2201 1719 2260 Nemo
1745 2204 1892 2260 enim
1931 2204 2148 2260 laditur

550 2290 657 2360 nisi
689 2307 720 2346 a
741 2293 942 2362 seipse.

619 2381 766 2449 Quot
788 2398 974 2438 rerum
999 2385 1302 2452 amoribus,
1325 2401 1448 2456 qua
1467 2385 1586 2452 tibi,
1609 2385 1695 2440 vel
1715 2385 1919 2456 quibus
1943 2393 1998 2440 tu
2023 2400 2147 2456 per-

547 2474 626 2528 itu
637 2490 728 2530 rus
749 2490 894 2542 eras,
915 2483 971 2530 te
1013 2475 1278 2532 Dominus
1291 2476 1586 2532 liberavita
1599 2476 1822 2533 totidem
1836 2485 1892 2534 te
1913 2478 2150 2534 tristitia

547 2565 843 2624 timoribus
875 2577 931 2624 et
959 2568 1244 2626 doloribus
1277 2569 1532 2624 absolvit.

621 2657 761 2714 Dum
783 2674 1078 2730 corporum
1103 2659 1315 2731 species
1343 2661 1428 2716 vel
1454 2659 1667 2729 forma,
1703 2661 1906 2734 quibus
1931 2661 2028 2718 tibi
2049 2663 2148 2719 ad-

549 2751 888 2811 barentibus
916 2751 1162 2820 fadaris,
1189 2761 1421 2824 pereunt
1457 2753 1742 2827 (tauquam
1773 2754 1994 2827 syllaba
2032 2755 2150 2812 suis

548 2844 922 2915 temporibus,
969 2844 1082 2902 Deo
1138 2846 1498 2920 modulante),
1552 2846 1840 2904 cruciaris.
1893 2845 2153 2903 Eraditur

545 2923 696 2993 enim
730 2953 854 3008 qua
879 2938 1174 2994 increverit
1206 2939 1421 3011 rubigo.

618 3027 708 3084 Nil
732 3029 832 3086 tibi
855 3030 1187 3088 laboriosius
1210 3047 1376 3102 quam
1403 3046 1513 3088 non
1537 3031 1812 3098 laborare,
1835 3029 1890 3086 id
1909 3038 1994 3087 est
2013 3045 2151 3087 eon-

549 3109 794 3183 temnere
825 3121 1014 3176 omnia
1034 3121 1180 3178 unde
1199 3121 1417 3180 labores
1443 3121 1720 3190 oriuntur,
1749 3121 2012 3190 universa
2043 3119 2154 3178 sei-

548 3209 680 3269 licet
703 3213 1008 3272 mutabilia.

624 3303 760 3361 Vide
801 3315 1005 3376 quanta
1033 3308 1194 3364 turba
1223 3307 1440 3378 generis
1470 3305 1550 3364 tui
1571 3320 1674 3378 pro
1695 3305 1902 3362 mundo
1931 3305 2153 3362 labora-

555 3382 654 3462 vit,
682 3403 738 3451 et
761 3411 872 3450 non
898 3397 1093 3452 solum
1129 3413 1236 3452 non
1267 3406 1396 3452 sunt
1429 3397 1642 3467 adepti,
1679 3395 1777 3452 sed
1811 3396 2036 3467 insuper
2069 3410 2157 3451 se-

577 3501 712 3558 psos
729 3485 1052 3544 amiserunt.
1069 3487 1151 3542 Tu
1173 3497 1356 3543 autem
1375 3488 1423 3544 si
1445 3487 1744 3556 studueris,
1759 3488 1884 3559 plus
1903 3487 2158 3558 acquires

553 3577 677 3634 sine
719 3578 831 3634 ulla
877 3579 1288 3650 comparatione
1332 3595 1500 3650 quam
1545 3585 1633 3635 est
1659 3577 1716 3634 id
1758 3587 1982 3650 propter
2007 3577 2159 3650 quod

552 3685 751 3726 omnes
780 3669 1030 3726 laborant
1055 3679 1149 3726 aut
1169 3671 1578 3727 laboraverunt.

627 3761 896 3818 Turbatio
932 3763 1102 3819 animi
1132 3763 1322 3831 stulta,
1347 3763 1466 3835 ipsa
1493 3771 1580 3819 est
1606 3762 1843 3831 misera;
1891 3763 2012 3818 hac
2043 3761 2158 3818 fere

552 3869 775 3925 semper
804 3853 951 3914 litin
979 3863 1055 3924 te,
1087 3869 1223 3928 cum
1249 3869 1448 3912 causas
1476 3853 1672 3911 mortis
1706 3862 1834 3920 tua,
1885 3852 1940 3909 id
1983 3861 2067 3909 est
2091 3868 2158 3910 ea

553 3943 760 4016 quibus
782 3944 924 4000 male
951 3944 1292 4020 adharebas,
1323 3943 1630 4016 corrumpit
1667 3943 1813 4020 Deus
1837 3985 1854 4012 ,
1885 3951 1948 4000 ut
1973 3957 2038 4000 ea
2059 3943 2157 3998 de-

553 4048 745 4104 serens
775 4034 948 4092 vivas.

626 4126 898 4182 Ancillam
941 4127 1122 4199 diligis
1150 4127 1415 4198 turpiter,
1465 4127 1520 4181 id
1549 4135 1634 4184 est
1661 4135 2002 4190 creaturam;
2038 4123 2160 4179 ideo

555 4225 774 4274 tantum
815 4213 1114 4287 cruciaris,”
1143 4235 1268 4276 cum
1323 4218 1592 4274 Dominus
1627 4218 1770 4288 ejus,
1815 4217 1869 4271 id
1904 4225 1987 4272 est
2016 4215 2160 4270 Deus

559 4319 713 4376 tuus,
744 4311 859 4383 agit
883 4311 952 4367 de
977 4327 1042 4367 ea
1064 4313 1212 4382 quod
1238 4313 1378 4368 bene
1405 4313 1542 4366 vult.

632 4398 742 4460 Uni
764 4420 830 4460 ex
853 4403 1077 4476 syllabis
1101 4405 1284 4478 magni
1303 4405 1566 4460 carminis
1587 4403 1888 4469 adhasisti,
1910 4403 2032 4458 ideo
2052 4412 2163 4458 tur-

2179 3166 2226 3227 C

2174 1796 2219 1852 Β
2245 1829 2386 1895 ciat,
2418 1796 2534 1884 sive
2554 1842 2698 1894 non;
2730 1835 2792 1882 tu
2811 1796 2996 1881 tamen
3023 1823 3099 1878 ita
3126 1837 3195 1878 ex
3218 1796 3614 1891 praparatione
3635 1815 3814 1870 mentis

2245 1920 2528 1992 expositus
2555 1935 2636 1976 es.
2668 1918 2726 1974 Si
2755 1919 2810 1974 in
2845 1918 2994 1974 bono
3023 1914 3278 1984 displices
3307 1911 3421 1978 eis,
3449 1909 3584 1980 ipsis
3607 1909 3702 1964 hoc
3722 1925 3814 1962 no-

2245 2023 2362 2080 cet,
2392 2028 2504 2068 non
2543 2011 2662 2067 tibi.
2691 2009 2909 2077 Labora
2947 2022 3080 2078 ergo
3113 2015 3244 2061 tunc
3272 2011 3490 2059 mutare
3531 2001 3684 2057 corda
3726 2013 3816 2053 co-

2247 2121 2394 2170 rum,
2425 2119 2538 2160 non
2565 2104 2773 2160 bonum
2795 2109 2974 2156 tuum.
3004 2096 3061 2152 Si
3085 2097 3140 2152 in
3160 2095 3308 2151 malo
3327 2090 3690 2178 displieeseis,
3711 2105 3816 2144 non

2247 2197 2429 2268 ipsum
2455 2197 2745 2268 displicere
2763 2194 2863 2251 tibi
2890 2201 3046 2250 nocet
3063 2232 3078 2258 ,
3114 2190 3227 2245 imo
3256 2186 3505 2260 prodest,
3531 2184 3624 2243 sed
3649 2185 3816 2254 ipsum

2248 2291 2454 2346 malum
2487 2300 2664 2346 tuum.

2321 2381 2522 2438 Dicunt
2543 2389 2812 2452 martyres
2833 2378 2944 2434 Deo
2969 2395 2982 2430 :
3009 2375 3238 2445 Propter
3258 2381 3306 2428 te
3327 2369 3698 2439 mortiﬁcamur
3715 2372 3822 2421 tota

2249 2476 2336 2532 die
2359 2472 2536 2548 (Psal.
2568 2487 2702 2527 mu
2719 2511 2735 2537 ,
2759 2468 2968 2542 22);'tu
2989 2463 3326 2541 quibuslibet
3348 2459 3670 2517 vilitatibus:
3689 2456 3822 2512 Proo

2250 2581 2371 2643 pter
2397 2583 2498 2624 vos
2527 2564 2829 2624 conturbor
2853 2569 2967 2618 tota
2995 2560 3104 2616 die.

2325 2661 2618 2731 Restringe
2645 2668 2700 2714 te
2728 2665 2782 2712 ct
2811 2655 3006 2726 collige
3027 2653 3306 2722 undique;
3340 2664 3410 2705 ne
3431 2645 3569 2703 forte
3585 2643 3823 2701 volubili-

2253 2766 2346 2813 tas
2369 2751 2714 2810 mutabilium
2745 2748 2987 2805 inveniat
3010 2752 3064 2802 te
3083 2745 3139 2800 iu
3166 2743 3336 2814 ipsis,
3367 2750 3425 2798 et
3450 2737 3730 2797 crucieris.

2327 2845 2482 2914 Quod
2514 2844 2700 2914 aliquo
2725 2841 2890 2896 modo
2931 2837 3232 2902 cruciaris,
3263 2835 3380 2890 sive
3419 2830 3692 2894 timendo,
3724 2827 3824 2884 sive

2256 2933 2565 3013 irascendo,
2590 2933 2706 2989 sive
2716 2930 2950 2986 odiendo
2965 2971 2980 2996 ,
3012 2927 3128 2984 sive
3149 2925 3397 2998 quolibet
3410 2922 3572 2978 modo
3586 2917 3822 3013 dolendo.

2257 3026 2359 3084 tibi
2383 3011 2764 3082 tantummodo
2789 3021 3022 3091 imputa,
3051 3019 3106 3074 id
3127 3027 3213 3074 est
3233 3011 3690 3084 concupiscentia
3709 3017 3822 3072 tua,

2257 3114 2612 3187 ignorantia,
2633 3113 2720 3168 vel
2748 3110 2978 3182 torpori.
3011 3107 3166 3176 Quod
3191 3107 3239 3162 si
3261 3105 3390 3176 quis
3415 3104 3530 3160 vult
3546 3111 3600 3157 te
3625 3100 3822 3162 laudere,

2256 3209 2378 3280 ejus
2398 3208 2607 3280 imputa
2625 3203 3104 3276 concupiscentia.
3133 3200 3358 3256 Lasura
3378 3206 3472 3253 tua
3491 3205 3546 3252 et
3562 3195 3732 3257 dolor,
3751 3195 3822 3248 in-

2257 3302 2465 3358 diciu‘m
2493 3307 2580 3356 est
2618 3296 2828 3369 peccati
2867 3295 2949 3350 tui
2973 3313 2988 3358 ;
3015 3307 3233 3348 amasse
3264 3299 3316 3345 te
3366 3288 3576 3344 scilicet
3619 3282 3823 3340 lasibile

2257 3393 2462 3465 aliquid
2479 3434 2494 3459 ,
2531 3391 2646 3446 Deo
2667 3389 2917 3446 dimisso.

2329 3485 2500 3541 Lasis
2547 3480 2874 3554 spectaculis
2920 3479 3092 3535 doles.
3124 3475 3270 3531 Tibi'
3294 3483 3350 3530 et
3401 3472 3578 3528 errori
3605 3478 3700 3526 tuo
3738 3469 3823 3522 hoc

2258 3579 2496 3650 imputa,
2545 3575 2674 3647 quia
2707 3572 3031 3650 lasibilibus
3065 3567 3357 3624 inhasisti.
3391 3563 3529 3620 Nam
3558 3563 3613 3617 in
3636 3568 3825 3618 tantum

2259 3641 2546 3727 consuevit
2572 3669 2738 3724 homo
2759 3665 2965 3720 malum
2987 3641 3150 3719 otnne
3175 3661 3230 3716 in
3251 3659 3401 3716 aliud
3430 3667 3758 3725 retorquere,
3777 3658 3826 3703 ut

2259 3761 2307 3816 si
2334 3768 2432 3816 aut
2465 3759 2520 3814 in
2547 3755 2784 3828 lapidem
2807 3753 3122 3819 oll'enderit,
3153 3758 3249 3807 aut
3271 3751 3396 3821 igne
3415 3747 3644 3804 adustus
3663 3740 3825 3804 fuerit,

2259 3853 2412 3924 ipsas
2429 3851 2525 3906 Dei
2536 3857 2818 3906 creaturas
2828 3847 2983 3916 culpa
2991 3861 3048 3900 re
3059 3860 3124 3900 ac
3136 3842 3465 3898 maledicere
3480 3839 3705 3897 audeat:
3725 3847 3826 3904 qua

2261 3945 2368 4003 nisi
2388 3947 2495 4014 hoc
2511 3943 2786 4007 facerent,
2817 3949 3080 4009 tanquam
3111 3933 3364 3990 invalida
3382 3941 3552 4002 atque
3588 3938 3828 3984 emortua

2262 4036 2460 4094 merito
2493 4035 2876 4106 eulparentur,
2919 4039 2973 4084 et
3011 4042 3120 4082 non
3173 4024 3358 4096 potius
3403 4037 3521 4078 sua
3553 4014 3826 4076 debilitatis

2261 4127 2449 4198 lugere
2471 4121 2772 4194 miseriam.

2335 4218 2470 4274 Vide
2494 4214 2802 4288 quomodo,
2842 4221 3104 4282 tanquam
3141 4223 3295 4263 mare
3325 4215 3436 4262 tam
3458 4201 3826 4274 {innumerabi-

2262 4313 2394 4367 lium
2421 4309 2723 4364 formarum
2752 4317 3140 4374 corporearum
3163 4307 3217 4353 et
3247 4299 3558 4354 animorum
3583 4295 3826 4348 humane-

2263 4419 2386 4459 rum
2424 4415 2704 4471 nunquam
2729 4399 2784 4452 in
2814 4395 3006 4450 eodem
3036 4402 3182 4450 statu
3212 4388 3684 4462 permanentium,
3711 4399 3827 4438 nun-

557 4496 712 4552 ba'is
735 4513 861 4552 cum
891 4496 1140 4552 canendo
1187 4497 1434 4566 procedit
1462 4504 1655 4552 cantor
1693 4495 2155 4564 sapientissimus.
2193 4509 2237 4566 ι)
2263 4513 2428 4568 quam
2455 4493 2658 4550 sinaris
2689 4489 2994 4561 quiescere.

560 4589 919 4646 Subtrahitur
944 4588 1093 4645 enim
1117 4589 1213 4645 tibi
1243 4589 1471 4662 syllaba,
1509 4603 1674 4659 quam
1705 4587 1876 4642 solam
1911 4585 2158 4652 amabas,

555 4692 613 4738 et
652 4681 957 4740 succedunt
999 4681 1119 4738 alia
1146 4681 1338 4738 ordine
1371 4697 1493 4738 suo.
1527 4679 1646 4736 Non
1667 4679 1816 4736 enim
1865 4679 2016 4734 canit
2059 4678 2160 4734 tibi

559 4775 683 4841 soli,
697 4791 800 4831 nec
811 4783 922 4831 tua
936 4774 1224 4841 voluntati,
1239 4774 1336 4831 sed
1357 4789 1490 4830 sua.
1505 4759 1640 4840 Qua
1657 4781 1840 4828 autem
1859 4771 2161 4828 succedunt

559 4867 802 4938 syllaba,
849 4867 921 4922 ob
949 4867 1056 4924 hoc
1082 4867 1180 4922 tibi
1209 4867 1502 4923 contraria
1527 4875 1676 4931 sunt,
1708 4865 1838 4936 quia
1875 4865 2162 4934 impellunt

561 4971 684 5011 eam
714 4974 882 5028 quam
907 4959 1050 5014 male
1077 4960 1322 5016 amabas.
1598 4969 1606 4974 ”

635 5046 791 5112 Quod
827 5049 1034 5119 syllaba
1063 5050 1116 5104 in
1150 5051 1418 5118 carmine,
1463 5051 1568 5107 hoc
1611 5049 1720 5104 loci
1768 5057 1864 5104 aut
1903 5047 2163 5118 temporis

563 5138 778 5193 obtinet
844 5157 1187 5212 unaquaeque
1251 5159 1341 5200 res
1404 5143 1462 5198 in
1523 5143 1804 5200 mundano
1859 5140 2112 5199 discursu
2145 5181 2161 5206 ,

566 5229 692 5284 ideo
737 5243 870 5300 ergo
915 5233 1252 5290 cruciaberis
1299 5236 1429 5306 quia
1473 5235 1840 5292 deterioribus
1875 5233 2164 5300 inhasisti,

564 5326 624 5374 et
656 5333 759 5374 suo
795 5317 988 5376 ordine
1024 5329 1312 5380 transeunt
1348 5333 1610 5396 tanquam
1650 5327 1871 5399 syllaba
1927 5325 1982 5380 in
2041 5341 2166 5381 car-

565 5425 737 5468 mine.

627 5501 768 5566 Hac
803 5504 990 5566 omnia
1052 5522 1176 5578 qua
1238 5508 1499 5565 dicuntur
1550 5509 1799 5578 adversa,
1865 5525 1976 5565 non
2037 5519 2167 5565 sunt

565 5595 802 5666 adversa
830 5597 940 5659 nisi
967 5599 1155 5670 malis,
1193 5598 1248 5658 id
1279 5609 1364 5660 est
1390 5601 1702 5659 amantibus
1728 5610 2034 5658 creaturam
2065 5617 2166 5673 pro

565 5689 846 5750 Creatore.

640 5783 701 5842 Si
748 5786 838 5845 ille
866 5795 960 5846 aut
982 5786 1075 5846 illc
1121 5794 1332 5846 tantum
1384 5787 1654 5846 laboraret
1694 5796 1914 5848 orontcr
1965 5785 2158 5849 Deum,

2333 4585 2597 4654 Quamvis
2639 4583 2779 4639 sciat
2798 4579 3000 4634 -nutrix
3039 4573 3328 4648 parvulum
3379 4578 3608 4641 accepto
3633 4577 3826 4638 passere

2262 4682 2595 4742 lataturum,
2624 4675 2781 4730 timet
2813 4681 2996 4728 tamen
3025 4679 3376 4736 summopere
3405 4679 3477 4718 ne
3507 4660 3750 4730 accipiat,
3775 4668 3826 4709 ac

2263 4779 2418 4827 tanto
2438 4767 2614 4840 magis
2633 4807 2648 4832 ,
2679 4771 2890 4835 quanto
2911 4758 3088 4831 magis
3110 4756 3365 4813 eumdem
3393 4753 3523 4808 inde
3545 4753 3826 4806 lataturum

2262 4862 2562 4925 existimat,
2583 4865 2732 4914 certe
2751 4869 2946 4910 omnes
2963 4849 3213 4906 homines
3228 4855 3283 4902 et
3299 4862 3380 4913 se,
3407 4854 3466 4900 et
3485 4859 3627 4915 quos
3647 4845 3826 4897 amant.

2263 4953 2500 5026 gaudere
2519 4957 2730 5022 optant.
2754 4945 2868 5001 Cur
2895 4959 3026 5014 ergo
3049 4942 3102 4997 id
3127 4939 3312 4996 nutrix
3337 4952 3512 5009 puero
3542 4951 3652 4990 non
3679 4930 3826 5026 solum

2265 5023 2376 5102 non
2411 5052 2602 5115 optat,
2641 5041 2738 5098 sed
2769 5038 2994 5108 insuper
3027 5043 3294 5104 tanquam
3330 5043 3596 5100 magnum
3626 5023 3823 5080 malum.

2266 5157 2336 5197 ne
2361 5139 2558 5194 habeat
2585 5133 2782 5192 cavet?
2809 5130 2969 5187 Certe
2997 5127 3117 5182 vult
3152 5139 3280 5181 cum
3307 5122 3566 5194 gaudere.
3590 5118 3699 5174 Cur
3720 5124 3827 5181 ergo

2267 5242 2322 5288 et
2351 5217 2496 5286 unde
2516 5227 2837 5300 gavisurum
2865 5221 2971 5278 scit
2995 5215 3313 5277 subtrahit?
3339 5213 3454 5270 Cur
3477 5213 3586 5268 nisi
3615 5209 3736 5282 quia
3756 5204 3828 5258 fu-

2267 5333 2450 5380 turam
2478 5319 2760 5376 tristitiam
2797 5313 3057 5378 attendit,
3101 5309 3262 5380 cujus
3295 5320 3422 5362 esse
3439 5318 3667 5361 causam
3695 5301 3827 5354 itam

2269 5415 2423 5470 novit
2447 5429 2576 5470 esse
2610 5409 2898 5466 laetitiam?
2927 5404 3045 5460 Scit
3067 5403 3214 5458 enim
3242 5397 3490 5470 profecto
3509 5439 3525 5463 ,
3557 5403 3705 5450 tanto
3729 5394 3828 5459 post

2269 5507 2387 5563 hac
2415 5505 2722 5578 graviorem
2759 5497 3042 5556 tristitiam
3072 5494 3318 5550 animum
3345 5488 3506 5562 pueri
3531 5485 3825 5543 subituram.

2267 5576 2476 5670 quanto
2505 5594 2884 5652 vehementius
2918 5587 3177 5664 gaudium
3220 5585 3329 5640 tale
3373 5576 3825 5670 praccsscrihfi

2200 5696 2207 5702 '
2268 5660 2572 5764 quantitate
2601 5686 2888 5761 prasentis
2922 5660 3110 5754 utique
3140 5677 3370 5741 latitia,
3403 5672 3602 5728 futura
3627 5660 3826 5724 tristitia

2269 5783 2500 5840 metiens
2529 5779 2985 5847 magnitudinem.
3013 5775 3198 5837 [nouo
3221 5771 3366 5829 facto
3391 5768 3525 5832 quid
3561 5763 3699 5822 aliud
3722 5771 3821 5814 mu-
