3992 6408
184 415 297 473 609

1588 368 2121 458 uemrarxouss.

3370 404 3478 460 6l0

184 531 294 589 liér
331 533 436 587 ista
478 525 721 600 suggerit
763 538 887 579 esse
920 520 1229 577 faciendum
1252 559 1266 584 ,
1316 516 1422 585 nisi
1464 516 1649 571 omnia
1692 516 1783 570 illa
1814 516 1860 574 A
1884 511 2182 570 confractis
2211 513 2355 584 quod
2386 521 2564 583 potest
2604 513 2898 568 multorum
2934 496 3185 578 laterum,
3231 514 3326 570 uni
3367 515 3472 573 sibi

187 623 391 697 gaudia
430 635 555 692 qua:
582 618 991 688 subsequuntur
1016 613 1275 695 lamenta,
1292 617 1551 678 tanquam
1577 615 1784 678 pestem

185 694 579 783 venenumque
607 708 829 791 vitanda
850 708 875 761 ἲ
894 704 1007 760 Nec
1026 694 1422 758 attendendum
1445 698 1574 769 quid
1598 696 1787 751 suavi-

186 806 323 862 tatis
344 803 581 858 habeam
603 789 658 854 in
677 797 931 869 przesenti
954 796 1083 850 dum
1108 795 1344 859 adsunt,
1376 791 1471 845 sed
1495 789 1623 859 quid
1639 803 1785 842 ama-

186 893 455 951 ritudinis
483 899 741 963 generent
769 890 823 943 in
862 886 1020 942 nobis
1045 898 1170 941 cum
1220 883 1443 937 abeunt.
1474 878 1626 934 Talia
1662 886 1793 934 sunt

188 989 382 1045 omnia
406 983 727 1056 temporalia
752 981 970 1054 gaudia.
994 978 1109 1034 Cur
1136 991 1244 1031 non
1268 989 1399 1047 ergo
1420 974 1638 1028 vineam
1664 986 1792 1042 pos-

190 1080 513 1144 sideudam,
550 1084 803 1148 pratum,
826 1074 1052 1128 domum
1083 1069 1414 1139 spatiosum,
1441 1081 1662 1138 agrum;
1694 1079 1794 1117 cur

191 1187 306 1226 non
344 1182 543 1224 aurum
574 1174 999 1237 argentumque,
1031 1175 1129 1214 cur
1168 1173 1279 1213 non
1304 1156 1593 1227 opiniones
1614 1153 1794 1208 homi-

194 1280 334 1318 num
374 1261 708 1329 laudesque,
756 1272 821 1312 ac
858 1267 1052 1311 caetera
1098 1251 1333 1315 similia,
1384 1247 1573 1304 eadem
1623 1260 1790 1299 causa

194 1354 427 1424 provida
443 1350 654 1407 cautela
668 1347 938 1403 devitem?
958 1343 1002 1399 Ο
1022 1343 1150 1414 quis
1160 1342 1310 1397 dabit
1325 1339 1602 1409 decrepito
1623 1351 1795 1408 puero

194 1458 251 1501 et
282 1454 470 1500 tamen
509 1442 676 1499 stulto
697 1483 712 1507 ,
746 1440 799 1494 id
821 1447 905 1493 est
930 1438 1172 1491 humano
1197 1433 1381 1505 generi
1414 1431 1508 1487 toti
1544 1446 1577 1483 o
1610 1430 1661 1483 bi
1686 1427 1791 1481 dif-

196 1536 350 1603 fuso,
381 1533 680 1606 quamdam
710 1545 985 1601 magnam,
1011 1526 1307 1597 quamdam
1329 1520 1791 1593 sapientissimum

194 1630 474 1685 nutricem
489 1669 504 1694 ,
522 1641 644 1697 qua:
666 1625 762 1680 tali
785 1638 916 1678 cura
942 1638 1006 1676 ac
1029 1617 1395 1675 sollicitudine
1416 1614 1703 1671 subtrahat
1722 1608 1791 1679 ei,

193 1723 283 1778 vel
328 1728 704 1777 revocet-eum
737 1732 768 1771 a
812 1714 1048 1788 gaudiis,
1080 1728 1202 1784 quae
1234 1710 1547 1765 futurorum
1578 1707 1791 1763 semina

201 1823 339 1871 sunt
368 1810 666 1868 dolorum?
700 1808 807 1863 Sed
833 1806 977 1861 unde
1013 1813 1197 1859 tantus
1226 1802 1280 1857 in
1319 1810 1433 1856 toto
1459 1800 1591 1854 orbe
1622 1797 1795 1870 gemi-

1889 604 2131 659 vindicat
2154 605 2357 659 locum.

1961 694 2103 760 Quid
2144 694 2241 749 tibi
2287 694 2506 749 videtur
2547 694 2614 747 de
2651 708 2719 747 eo
2764 692 2858 763 qui
2909 699 3077 746 totum
3123 692 3479 749 intentionem

1892 800 2071 851 suam,
2100 793 2154 839 et
2189 793 2403 855 tempus
2446 783 2710 854 impendit
2757 784 2825 838 ad
2857 782 3188 838 fulciendam
3237 784 3479 853 aliquam

1891 878 2139 943 domum,
2170 892 2342 947 quam
2377 878 2556 932 fulciri
2585 886 2669 932 est
2707 876 3046 946 impossibile
3088 891 3153 930 ex
3195 876 3284 933 his
3319 878 3486 934 rebus

1892 980 1957 1021 ex
1991 967 2193 1037 quibus
2241 967 2320 1020 nil
2367 967 2594 1021 omnino
2641 966 2823 1021 fulciri
2850 973 3047 1036 potest,
3088 967 3172 1020 vel
3206 967 3252 1020 si
3286 969 3477 1036 possit,

1895 1060 2025 1130 ipsa:
2049 1059 2268 1113 fulturae
2297 1060 2538 1129 indigent
2560 1060 2782 1113 totidem
2812 1058 3031 1114 fulturis
3058 1059 3181 1114 aliis
3203 1070 3338 1129 quot
3363 1061 3482 1130 ipsa

1894 1152 2091 1206 domus
2120 1166 2244 1221 quae
2266 1167 2333 1205 ex
2364 1151 2450 1205 his
2477 1150 2746 1205 fulcienda
2782 1160 2898 1215 est;
2927 1160 2982 1204 et.
3010 1151 3114 1206 illa:
3146 1151 3367 1208 fultura:
3400 1162 3485 1207 to-

1894 1245 2083 1308 tidem,
2111 1251 2165 1297 et
2188 1242 2264 1297 ita
2294 1243 2346 1296 in
2378 1242 2693 1295 inlinit-um?
2723 1240 2839 1295 Vita
2870 1243 3002 1306 haec,
3033 1245 3261 1310 domus;
3295 1243 3483 1310 fultor,

1896 1343 1982 1399 tu;
2020 1334 2268 1399 fulturae,
2315 1334 2656 1402 temporalia,
2690 1349 2812 1399 qum
2851 1350 3131 1404 nunquam
3187 1335 3238 1387 in
3290 1335 3484 1388 eodem

1897 1437 2042 1482 statu
2074 1437 2418 1498 permanent,
2455 1434 2509 1479 et
2541 1442 2639 1480 nec
2667 1424 2877 1492 fulcire,
2904 1442 3020 1481 ‘uec
3043 1426 3222 1482 fulciri
3259 1427 3485 1483 omnino

1898 1529 2151 1593 possunt.

1972 1613 2214 1685 Longam
2249 1611 2602 1667 tentationem
2634 1612 2788 1681 petit,
2813 1610 2907 1680 qui
2942 1610 3160 1681 longam
3193 1612 3360 1667 vitam
3393 1629 3486 1683 ρεξο-

1900 1705 1982 1761 tit.
2016 1704 2057 1758 Τ
2058 1705 2259 1758 entatio
2288 1713 2364 1757 est
2386 1703 2532 1757 enim
2557 1704 2665 1757 rita
2688 1703 2918 1756 hominis
2949 1719 3103 1771 super
3130 1712 3324 1757 terram.
3344 1703 3488 1773 (Job.

1900 1813 1998 1862 vn,
2024 1798 2099 1868 1).

197 1916 291 1962 tus
318 1905 582 1968 ﬂetuum,
611 1899 717 1954 nisi
741 1898 871 1968 quia
895 1896 1012 1950 haec
1032 1893 1216 1949 nutrix
1242 1891 1488 1962 piissima
1510 1905 1574 1943 ac
1603 1896 1794 1957 poten—
1830 1890 1870 1946 Β
1970 1890 2126 1957 Quod
2159 1889 2215 1944 in
2245 1889 2359 1945 suis
2392 1888 2586 1943 amicis
2627 1887 2712 1942 vel
2763 1886 3087 1957 parentibus
3136 1901 3247 1941 ηοη
3288 1887 3494 1941 amavi:

200 1998 425 2055 tissima
458 2006 739 2063 nunquam
762 1996 976 2054 cessat,
1023 1987 1138 2042 sive
1166 2001 1264 2056 per
1289 1983 1670 2052 semetipsum,
1700 1993 1794 2033 seu

199 2090 364 2144 aliter
382 2130 398 2153 ,
427 2087 672 2141 humano
694 2079 913 2153 generi,
938 2093 1136 2133 causas
1158 2076 1410 2131 dolorum
1430 2115 1447 2140 ,
1476 2074 1530 2128 id
1555 2081 1639 2127 est
1661 2080 1799 2126 tem-

198 2182 449 2253 poralia,
483 2188 742 2248 tanquam
784 2184 1063 2244 passerem
1090 2186 1284 2241 puero,
1322 2166 1541 2223 auferre
1569 2173 1664 2220 aut
1687 2179 1797 2218 non

198 2275 355 2330 dare.

754 2378 1155 2441 CAPlTULUM
1197 2375 1262 2431 V.

200 2481 285 2537 De
324 2478 649 2550 £upiditatc,
699 2493 897 2540 amore,
928 2471 1336 2550 etAgloriatioue
1385 2446 1709 2549 terrenarum
1749 2473 1801 2518 et

277 2538 677 2620 temporalium,
704 2558 753 2602 et
785 2538 1045 2618 quo-modo
1076 2559 1169 2613 per
1195 2558 1258 2596 ca
1296 2556 1417 2594 vera
1454 2538 1670 2592 miseria
1697 2551 1799 2588 non

279 2621 529 2687 tollatur,
552 2619 642 2674 sed
668 2628 949 2690 augeatur.

274 2733 505 2789 Duobus
535 2733 733 2799 modis,
758 2746 883 2787 cum
911 2730 1033 2785 dua:
1062 2743 1151 2784 res
1183 2733 1311 2783 sunt
1331 2723 1589 2795 aequales,
1622 2729 1803 2791 potest

206 2827 327 2882 haec
353 2825 534 2896 major
559 2826 647 2880 illa
674 2823 814 2886 fieri,
844 2830 939 2879 aut
972 2837 1074 2878 suo
1100 2819 1326 2891 proprio
1365 2824 1680 2886 augmento,
1708 2822 1801 2869 aut

207 2918 373 2973 socia:
402 2916 747 2973 detrimento.
778 2914 893 2970 lloc
918 2912 1223 2985 posteriore
1249 2909 1412 2965 modo
1434 2922 1625 2962 omnes
1654 2905 1805 2976 prin-

206 3008 363 3077 cipes
393 3015 449 3062 et
476 3014 769 3076 potestates
805 3005 990 3065 saeculi
1022 3011 1118 3058 aut
1139 3002 1396 3074 gaudent,
1428 3009 1524 3054 aut
1554 3000 1803 3053 nituntur

205 3099 426 3155 czcteris
445 3098 702 3154 omnibus
722 3113 843 3153 esse
874 3097 1129 3167 majores,
1154 3109 1368 3158 eorum,
1392 3092 1668 3158 videlicet,
1703 3090 1803 3145 dc-

202 3191 448 3262 jectione
477 3200 531 3246 et
562 3191 911 3254 detrimento,
942 3205 1051 3243 non
1081 3202 1202 3256 sua,
1232 3186 1285 3240 id
1321 3193 1406 3239 est
1433 3183 1682 3253 corporis
1711 3190 1805 3235 aut

209 3283 383 3338 animi
407 3284 491 3339 sui
519 3283 795 3339 erectione
835 3290 930 3335 aut
957 3285 1270 3351 augmento.
1304 3275 1492 3347 Neque
1530 3274 1675 3330 enim
1710 3285 1806 3327 aut

207 3389 446 3445 corpora
475 3388 686 3439 eorum,
717 3382 815 3427 aut
841 3379 1053 3426 mentes
1086 3368 1198 3424 ullo
1235 3369 1399 3422 modo
1426 3366 1804 3431 meliorantur,

210 3465 313 3522 sed
338 3465 597 3520 videntur
621 3464 722 3524 sibi
753 3462 1050 3533 profecisse
1070 3470 1125 3517 et
1148 3460 1406 3524 crevisse,
1431 3458 1560 3528 quia
1599 3457 1677 3511 Kli
1714 3457 1810 3511 de-

210 3558 535 3628 feccruntjet
558 3557 939 3613 decreverunt.
971 3553 1127 3621 Quod
1160 3553 1205 3608 si
1234 3552 1306 3606 ita
1330 3551 1515 3607 omnia
1539 3548 1809 3604 diminuta

208 3656 424 3715 essent,
453 3655 516 3702 ut
545 3647 600 3701 in
623 3646 856 3701 nihilum
882 3643 1103 3698 redacta
1127 3649 1339 3707 essent,
1372 3640 1428 3694 in
1455 3653 1569 3709 quo
1595 3652 1809 3692 cresce-

210 3751 296 3798 ret
323 3758 394 3797 cx
422 3740 530 3799 hoc
551 3739 733 3794 anima
756 3738 841 3793 vel
875 3750 1078 3806 corpus
1104 3734 1296 3788 tuum?

285 3835 446 3891 Sicut
479 3832 575 3905 qui
608 3832 729 3887 vult
755 3832 955 3886 lateres
1003 3827 1203 3895 facere,
1236 3826 1468 3896 plateam
1517 3830 1806 3894 prmparat,

210 3931 309 3987 ubi
350 3944 439 3986 sas
467 3929 686 3986 interim
710 3934 898 4000 ponat,
932 3942 1042 3982 non
1081 3924 1268 3995 utique
1315 3921 1388 3976 ibi
1431 3935 1807 3984 remansuros,

210 4023 335 4090 sed,
372 4036 499 4079 cum
532 4021 790 4077 exsiccati
836 4017 1062 4083 fuerint,
1102 4015 1232 4071 alibi
1269 4012 1708 4077 transferendos;
1755 4019 1811 4065 et

213 4117 291 4170 ita
322 4114 500 4185 platea
530 4112 621 4168 illa
654 4113 820 4168 nullis
856 4108 1163 4181 specialiter
1195 4102 1456 4161 lateribus
1487 4110 1676 4174 parata
1704 4108 1806 4168 est,

214 4207 311 4263 sed
357 4207 617 4261 omnibus
661 4204 943 4275 aequaliter
982 4201 1078 4271 qui
1119 4196 1350 4254 faciendi
1373 4205 1523 4262 sunt,
1551 4195 1625 4249 ita
1662 4192 1810 4249 hunc

211 4304 405 4357 locum
428 4301 684 4354 humanae
708 4295 1085 4360 habitationis,
1127 4290 1381 4348 creandis
1409 4286 1729 4344 hominibus
1755 4294 1811 4341 et

214 4393 349 4449 alibi
381 4399 605 4462 peracto
633 4405 735 4446 suo
761 4397 1006 4459 tempore
1028 4381 1441 4447 transferendis,
1474 4380 1601 4435 fecit
1642 4378 1805 4434 Deus.

214 4486 306 4553 Et,
332 4485 480 4542 sicut
507 4483 705 4555 figulus
739 4482 877 4536 alios
902 4478 1101 4545 aufert,
1118 4485 1178 4532 ut
1204 4484 1450 4531 recenter
1476 4472 1604 4529 facti
1635 4472 1689 4526 in
1714 4488 1809 4526 co-

1899 1982 2065 2050 Deus,
2094 1983 2148 2038 id
2178 1991 2262 2037 est
2296 1982 2621 2053 potentiam,
2644 1979 3009 2045 nobilitatem,
3048 1977 3288 2045 divitias,
3319 1979 3494 2033 hono—

1901 2092 2013 2142 res,
2045 2091 2157 2131 non
2192 2090 2346 2130 ames
2383 2082 2438 2129 tu
2468 2074 2523 2128 in
2547 2073 2675 2128 tuis.

1972 2166 2226 2238 Laqueos
2271 2165 2536 2232 comedis,
2577 2163 2742 2230 bibis,
2793 2161 2986 2229 vestis,
3031 2159 3276 2228 dormis;
3307 2159 3494 2216 omnia

1899 2260 2151 2330 laqueus.
3154 2280 3157 2283 »
3218 2280 3219 2283 η
3464 2260 3467 2269 ·

1972 2351 2202 2407 Exsules
2226 2364 2436 2415 amore,
2461 2347 2758 2417 voluptate,
2791 2344 3009 2409 affectu,
3039 2358 3149 2398 non
3178 2342 3326 2398 loco.
3383 2340 3491 2395 Ex-

1903 2445 2053 2500 sules
2090 2444 2147 2499 in
2180 2443 2403 2514 regione
2449 2437 2841 2509 corruptionis,
2874 2436 3197 2507 passionum
3240 2434 3495 2490 tenebra-

1902 2551 2048 2602 rum,
2089 2532 2432 2605 ignorantia),
2469 2532 2739 2586 malorum
2784 2543 3037 2584 amorum
3100 2535 3156 2581 et
3188 2526 3461 2581 odiorum.

1974 2625 2251 2693 Quantum
2267 2623 2449 2695 diligis
2472 2630 2545 2690 te,
2572 2622 2625 2677 id
2652 2630 2737 2677 est
2758 2621 2900 2676 hanc
2917 2619 3083 2674 vitam
3111 2619 3463 2689 temporalem
3481 2660 3498 2683 ,

1905 2726 2119 2773 tantum
2145 2717 2349 2787 diligas
2373 2713 2712 2777 transitoria,
2746 2712 2864 2767 sine
2887 2711 3093 2781 quibus
3116 2724 3241 2764 esse
3264 2724 3372 2763 non
3396 2720 3499 2779 po-

1905 2818 2008 2877 tes,
2046 2823 2271 2864 necesse
2312 2814 2417 2863 est.
2462 2805 2529 2860 Et
2557 2813 2825 2876 quantum
2864 2801 3080 2872 spernis
3123 2800 3266 2856 hanc
3303 2800 3500 2857 vitam.

1904 2913 1958 2959 et
1986 2903 2106 2973 ejus
2132 2902 2396 2957 fomenta.
2872 2896 2883 2907 '

1978 2995 2153 3050 Grave
2175 3001 2260 3050 est
2283 2993 2377 3047 tibi
2415 2991 2521 3045 hoc
2562 2989 2647 3043 vel
2690 2987 2823 3041 illud
2865 2982 3138 3040 amfsisse.
3174 2980 3254 3036 Ne
3283 2992 3501 3051 quaeras

1905 3109 2035 3163 ergo
2073 3089 2341 3144 amittere.
2377 3085 2584 3154 Quaerit
2630 3082 2776 3137 enim
2825 3080 3098 3144 amittere,
3146 3073 3399 3146 quisquis
3433 3088 3501 3127 ea

1894 3174 2083 3255 [diligit
2104 3193 2155 3238 et
2183 3180 2439 3250 acquirit,
2470 3192 2593 3247 quae
2621 3173 2843 3229 retineri
2868 3187 2973 3225 non
3007 3170 3205 3224 valent.

1981 3276 2174 3332 Omnis
2204 3271 2425 3328 miseria
2453 3271 2507 3325 in
2532 3270 2639 3324 hoc
2678 3276 2780 3323 est.
2812 3265 3016 3319 Omnes
3062 3264 3247 3315 amant
3290 3255 3501 3328 aliquid

1908 3368 2298 3442 principaliter,
2333 3365 2420 3420 ubi
2450 3377 2666 3432 semper
2697 3359 3056 3414 intentionem
3085 3355 3289 3409 habent
3311 3351 3498 3406 lixam.

1909 3464 1989 3518 Tu
2020 3478 2149 3518 vero
2182 3456 2527 3531 quid?'Ecce
2558 3468 2749 3509 omnes
2790 3449 2949 3523 quasi
2988 3449 3250 3504 thesauro
3279 3446 3502 3500 invento

1909 3554 2142 3624 arreptis
2170 3548 2359 3605 mundi
2390 3546 2637 3618 partibus
2668 3541 2921 3614 singulis,
2963 3537 3164 3610 singuli
3191 3535 3501 3599 intendunt,

1910 3655 2005 3703 aut
2033 3654 2180 3700 certe
2221 3643 2363 3696 inter
2394 3640 2575 3710 plures
2616 3636 2962 3699 scinduntur,
2991 3646 3055 3686 ac
3087 3630 3135 3685 si
3165 3626 3318 3684 canis
3360 3626 3504 3679 inter

1912 3740 2019 3795 duo
2061 3735 2233 3790 frusta
2279 3731 2464 3787 carnis
2490 3728 2727 3798 positus,
2762 3725 2977 3796 ignoret
3017 3720 3106 3774 cui
3148 3715 3501 3788 potissimum

1910 3829 2325 3900 appropinquet,
2359 3823 2591 3877 alterum
2616 3819 2817 3873 timens
2840 3813 3110 3870 amittere.

1984 3944 2040 3998 Si
2071 3943 2189 4011 lucc
2222 3940 2276 3995 in
2330 3935 2532 4010 quibus
2587 3929 2817 3989 confidis
2866 3936 2963 3983 aut
3009 3921 3318 3989 delectaris,
3352 3919 3500 3977 face-

1910 4046 2032 4091 rent
2047 4035 2152 4089 hoc
2176 4033 2230 4086 in
2258 4027 2589 4099 semetipsis,
2607 4023 2864 4079 irrideres
2895 4029 3153 4089 tanquam
3178 4015 3365 4082 stulw,
3393 4014 3510 4068 imo

1910 4127 2127 4199 legeres
2154 4132 2412 4192 tanquam
2440 4116 2671 4189 perdita.
2699 4113 2767 4169 Et
2797 4112 2843 4168 si
2873 4125 3065 4166 omnes
3091 4108 3166 4163 ita
3193 4105 3500 4171 insaniunt,

1910 4231 2196 4289 nunquam
2239 4214 2445 4271 bonum
2474 4216 2560 4265 est
2588 4207 2684 4264 tibi
2715 4202 2992 4260 insanire?
3025 4200 3083 4256 Si
3116 4200 3351 4270 teipsum
3392 4205 3503 4252 tam

1912 4287 2257 4367 immundum
2294 4305 2519 4369 toleras,
2542 4316 2641 4357 cur
2671 4315 2779 4353 non
2804 4294 3102 4369 quemlibet
3131 4289 3339 4346 alium?
3362 4287 3507 4355 Quot

1888 4378 1977 4471 lea
2007 4416 2131 4473 qua:
2151 4396 2335 4469 diligis
2365 4393 2589 4451 casibus
2614 4390 2902 4461 subjacent
2919 4429 2933 4454 ,
2960 4384 3184 4440 totidem
3211 4390 3264 4436 et
3283 4379 3511 4435 animus

1916 4507 2065 4553 tuus.

213 4592 343 4632 mm
375 4574 923 4674 .supcedanilocum’
973 4569 1049 4624 im
1100 4567 1246 4670 De“?
1292 4573 1500 4629 morle’
1546 4573 1807 4674 “‘I’qm’m
1840 4576 1905 4657 θ.
1983 4607 2088 4674 Qui
2112 4607 2219 4661 hoc
2240 4610 2390 4659 amat
2411 4600 2559 4671 quod
2578 4574 2875 4653 amandum
2916 4606 3028 4647 non
3070 4597 3181 4655 est,
3218 4586 3387 4642 miser
3420 4594 3510 4640 est

212 4668 581 4726 translatione
611 4666 880 4737 priorum,
919 4659 1262 4719 succcssuris
1303 4664 1574 4728 prteparat
1601 4656 1803 4710 locum.

215 4760 435 4817 Stultus
455 4774 586 4830 ergo
612 4769 667 4813 et
688 4758 917 4813 insanus
933 4763 1016 4811 est
1037 4753 1130 4824 qui
1154 4754 1209 4806 in
1225 4750 1400 4821 platea
1424 4747 1605 4803 cordis
1620 4761 1808 4802 amore

196 4840 471 4918 inhaeret,
498 4864 565 4904 ac
590 4864 701 4903 non
745 4848 928 4919 potius
974 4860 1085 4916 quo
1121 4843 1193 4899 sit
1224 4838 1637 4897 transferendus
1680 4837 1809 4891 hinc

212 4958 437 5013 semper
474 4941 742 4998 sollicitus
768 4939 1081 4995 meditatur.
1119 4933 1229 4990 Nec
1267 4933 1534 5003 injustum
1574 4937 1669 4984 aut
1705 4945 1805 4983 au-

212 5045 425 5092 sterum
455 5034 627 5090 videri
657 5032 918 5088 lateribus
938 5029 1116 5095 debet,
1148 5042 1275 5084 cum
1309 5025 1438 5080 hinc
1465 5020 1808 5078 transferun-

212 5137 327 5195 tur,
360 5127 625 5182 nimirum
653 5140 779 5180 cum
808 5124 912 5178 bac
940 5120 1241 5177 intentione
1269 5116 1431 5189 positi
1459 5114 1681 5172 fuerint.
1706 5111 1811 5168 Ne-

208 5236 324 5291 que
353 5217 630 5273 videbitur
655 5215 766 5272 nisi
786 5214 875 5271 his
900 5213 995 5285 qui
1022 5228 1082 5268 se
1111 5211 1239 5267 hinc
1279 5208 1592 5265 necessario
1626 5217 1811 5262 trans-

209 5310 476 5379 uandos
502 5324 613 5364 non
643 5309 906 5381 cogitant,
936 5304 1033 5377 qui
1076 5317 1370 5361 commune
1410 5309 1468 5357 et
1508 5293 1647 5356 nulli
1685 5312 1815 5370 pro-

208 5401 402 5472 prium
429 5440 446 5464 ,
496 5398 590 5454 sed
647 5395 1141 5452 innumerabilibus
1194 5391 1397 5448 futuris
1449 5389 1814 5471 communiter

208 5494 564 5565 deputatum,
594 5492 790 5547 insana
818 5488 1113 5560 cupiditate
1136 5494 1397 5559 tanquam
1436 5498 1598 5539 suum
1634 5480 1816 5536 vindi-

210 5594 348 5644 cant
369 5585 674 5656 proprium.
698 5582 832 5638 Vide
854 5582 911 5637 in
941 5582 1047 5636 hac
1068 5579 1257 5635 eadem
1278 5592 1339 5632 re
1358 5576 1522 5632 aliam
1538 5574 1814 5630 insaniam

211 5678 397 5735 nihilo
442 5676 732 5731 minorem.
780 5672 920 5729 Cum
967 5672 1114 5728 enim
1144 5670 1202 5725 bi
1227 5669 1426 5725 lateres
1470 5665 1584 5722 fere
1624 5679 1816 5721 omnes

211 5766 471 5837 ejusdem
524 5764 636 5820 sint
679 5763 1020 5834 quantitatis,
1057 5761 1151 5815 vix
1194 5767 1377 5814 tamen
1416 5771 1608 5812 eorum
1642 5753 1813 5823 ullus,

218 5862 391 5915 unius
421 5865 635 5913 tantum
666 5857 840 5919 spatio
882 5861 1308 5929 contentus_cst,
1338 5849 1450 5907 imo
1488 5848 1692 5921 ejectis
1723 5853 1819 5902 aut

1913 4710 1970 4759 et
1984 4701 2212 4767 stultus,
2229 4696 2445 4753 etiamsi
2471 4706 2752 4761 nunquam
2775 4688 2859 4742 vel
2882 4686 3019 4755 ipse,
3032 4683 3117 4737 vel
3140 4680 3272 4735 illud
3293 4684 3508 4749 pereat.

1913 4792 2173 4864 Nunquid
2200 4791 2346 4846 enim
2374 4786 2662 4844 idololatra
2686 4789 2908 4851 propter
2950 4777 3056 4831 hoc
3085 4781 3295 4829 tantum
3337 4770 3508 4825 miser

1913 4896 2021 4955 est,
2043 4900 2172 4956 quia
2199 4882 2505 4953 periturum
2532 4871 2787 4945 estquod
2816 4867 3045 4925 adorat?
3062 4865 3203 4935 Ergo
3225 4879 3332 4917 non
3359 4867 3515 4917 esset

1916 4950 2108 5041 miser,
2123 4972 2169 5028 si
2191 4950 2322 5026 illud
2343 4984 2451 5023 non
2477 4962 2715 5037 periret?
2735 4960 2894 5015 Certe
2915 4962 3170 5011 manente
3194 4951 3339 5023 idolo
3360 4950 3511 5021 ejus,

1913 5066 2258 5123 miserrimus
2284 5072 2369 5117 est
2394 5060 2673 5121 adorator,
2704 5053 2832 5108 licet
2852 5046 3145 5119 incolumis
3172 5058 3422 5117 corpore,
3449 5048 3512 5098 et

1913 5158 2310 5230 temporalibus
2334 5152 2495 5209 bonis
2520 5150 2741 5221 plenus.

1983 5270 2105 5328 Non
2134 5279 2188 5327 te
2213 5269 2421 5325 faciunt
2460 5266 2698 5322 adversa
2733 5259 3040 5323 miserum;
3069 5253 3167 5311 sed
3208 5250 3515 5309 ostendunt

1916 5365 2088 5422 fuisse
2111 5374 2165 5419 et
2201 5363 2417 5418 docent.
2459 5354 2863 5427 Prosperitates
2907 5364 3038 5404 vero
3067 5353 3346 5403 exemerint
3382 5344 3511 5397 ani—

1916 5474 2091 5524 mum,
2117 5454 2350 5528 tegendo
2370 5459 2426 5508 ct
2445 5447 2694 5523 augendo
2719 5443 3021 5508 miseriam,
3050 5454 3159 5494 non
3183 5433 3506 5491 auferendo.

1990 5570 2126 5635 Vide
2153 5565 2430 5639 quomodo
2451 5562 2702 5633 capiatur
2727 5557 2911 5614 anima
2929 5552 3098 5609 rebus
3127 5544 3432 5639 corporeis,
3452 5546 3511 5601 et

1917 5676 2073 5735 capta
2107 5636 2402 5722 crucietur,
2437 5664 2626 5726 utpote
2647 5653 2703 5707 in
2728 5663 2920 5721 puero.
2963 5641 3192 5713 Capitur
3210 5636 3355 5693 enim
3385 5637 3511 5693 viso

1916 5726 2161 5827 passere,
2185 5766 2370 5822 quem,
2394 5762 2521 5803 cum
2554 5740 2842 5812 acceperit,
2865 5733 3112 5805 subjacet
3134 5737 3218 5786 tot
3259 5726 3507 5794 casibus,

1919 5819 2263 5918 quot'passer
2282 5841 2418 5911 ipse.
2438 5831 2724 5903 Quomodo
2740 5836 2923 5885 autem
2944 5832 3029 5881 est
3055 5819 3513 5892 tutapriusquam
