3992 6402
538 370 648 426 6H

1403 366 1728 427 GUIGONIS
1763 368 1786 424 Ι
1823 367 2254 426 (ΖΑΒΤΗυδΙᾸεὶ
2286 367 2580 426 ΔίΑέοΒΙὸ
2613 369 2894 426 PRIORIS
2928 365 2968 420 ν

3703 379 3802 434 ﬁt!

500 504 525 571 ἢ·
539 487 753 568 antibus
779 485 1062 556 capiatur?
1084 483 1162 540 Ea
1181 499 1330 540 enim
1350 499 1476 556 qum
1497 485 1718 554 placent
1763 492 1949 540 tenent
1968 482 2138 552 illam,
2169 483 2215 540 Δ
2311 481 2481 538 Amor
2497 483 3045 554 uniuscujuscunqne
3065 483 3306 540 hominis
3318 495 3405 540 est
3417 487 3669 543 omnium.
3685 487 3804 554 Sin-

549 564 612 634 ut
641 578 816 650 possit
842 578 1090 637 adversis
1113 577 1356 633 multari.

621 667 756 726 Data
780 668 1184 738 nave,,llatibus
1208 667 1520 724 ferebamur
1545 668 1612 723 ad
1638 667 1985 740 gaudendum
2037 681 2134 722 seu

543 759 846 816 dolendum
867 759 1228 816 alternatione
1265 757 1674 815 occursantium
1701 754 2028 812 formarum.

617 849 906 917 Quomodo
931 865 1040 905 non
1065 849 1324 920 glorietur
1343 857 1442 904 aut
1465 847 1744 919 superbiat
1768 848 1835 904 de
1864 847 2139 904 fortitudi-

544 959 615 999 ne
637 944 721 998 vel
748 941 1170 1014 pulchritudine,
1199 941 1420 1013 quando
1461 941 1528 997 de
1553 941 1871 996 inﬁrmitate
1908 941 1994 996 vel
2021 951 2138 996 tur-

541 1033 790 1103 pitudine
819 1032 1084 1104 gloriatur
1109 1033 1311 1089 homo?
1343 1031 1626 1088 Gloriatur
1646 1033 1794 1089 enim
1825 1033 1873 1088 si
1905 1032 2139 1088 vehatur

541 1137 707 1194 equo,
745 1133 839 1178 aut
871 1123 992 1192 ejus
1033 1122 1314 1193 turpitudo
1345 1138 1657 1192 pannorum
1679 1123 1876 1178 decore
1906 1122 2132 1189 veletur,

541 1229 668 1270 cum
707 1213 888 1284 potius
909 1213 1134 1285 gloriari
1170 1230 1335 1284 posse
1373 1215 1672 1282 videretur,
1716 1215 1764 1270 si
1805 1230 2008 1285 equum
2035 1229 2136 1271 sna

539 1297 658 1374 ipse
687 1305 889 1361 virtute
921 1314 1190 1377 portaret,
1215 1315 1313 1360 aut
1341 1314 1488 1362 certe
1524 1321 1592 1361 eo
1624 1320 1734 1360 non
1765 1305 2051 1376 indigeret,
2082 1314 2138 1360 et

535 1396 751 1468 fulgore
779 1413 884 1454 suo
911 1406 1095 1454 vestes
1123 1399 1240 1469 ipse
1269 1398 1576 1464 decoraret,
1603 1406 1699 1452 aut
1725 1413 1917 1468 earum
1941 1398 2134 1452 saltem

535 1491 733 1546 decore
761 1507 871 1546 non
904 1491 1190 1562 indigeret.
1230 1489 1356 1546 Haec
1383 1491 1531 1546 enim
1554 1501 1606 1546 et
1639 1491 1726 1546 his
1753 1491 1955 1546 similia
1987 1489 2132 1544 indi-

533 1582 778 1651 gentiam
809 1583 932 1652 ejus
962 1597 1028 1638 ac
1056 1582 1452 1652 turpitudinem
1480 1590 1877 1652 protestantur.

523 1745 528 1752 .
608 1671 786 1738 Quam
831 1673 1060 1729 libenter
1098 1683 1396 1730 ostentaret
1421 1675 1586 1729 homo
1631 1690 1789 1730 suam
1819 1675 2128 1745 pulchritu-

537 1763 722 1819 dinem
763 1765 812 1820 si
851 1765 1097 1834 haberet,
1133 1767 1229 1837 qui
1273 1776 1383 1821 tam
1434 1767 1665 1822 libenter
1711 1775 1954 1824 ostentat
1997 1768 2130 1824 alie-

2233 574 2349 645 guli
2371 573 2521 634 enim
2559 589 2756 644 omnes
2786 589 2973 629 amare
3003 573 3225 630 debent.
3254 575 3360 644 Qui
3389 593 3522 648 ergo
3541 579 3675 637 hunc
3701 583 3799 638 sibi

2236 667 2546 737 specialiter
2587 665 2834 722 exhiberi
2865 665 3016 734 vult,
3053 675 3242 738 raptor
3295 676 3412 736 est,
3463 678 3520 724 et
3551 669 3662 726 ideo
3684 689 3802 730 rcus

2236 770 2428 817 contra
2461 776 2656 817 omnes
2683 759 2932 816 ellicitur.
3353 757 3378 778 '

2309 849 2449 908 Ecce
2477 851 2608 906 huic
2653 851 2873 922 corpori
2921 850 3234 920 immistus,
3263 853 3401 910 satis
3448 853 3614 911 miser
3649 871 3800 926 eras;

2238 944 2495 1000 omnibus
2512 943 2659 998 enim
2683 944 2804 1014 ejus
2825 945 3274 1016 corruptionibus
3294 963 3471 1018 usque
3490 949 3558 1005 ad
3580 966 3804 1010 mmora

2239 1033 2470 1106 pulicis,
2512 1033 2596 1088 vel
2625 1034 2910 1092 sorunculi
2936 1035 3282 1106 subjacebas.
3319 1034 3442 1091 Non
3474 1038 3678 1094 sull'ecit
3709 1041 3806 1100 hoc

2233 1127 2356 1183 tibi.
2381 1126 2734 1182 lmmiscuisti
2777 1127 2926 1183 enim
2971 1137 3024 1184 te
3068 1129 3220 1197 aliis,
3267 1128 3432 1200 quai
3472 1132 3801 1202 amoribus,

2237 1219 2483 1290 opinioni
2505 1218 2790 1274 hominum
2811 1261 2826 1284 ,
2857 1220 3242 1288 admirationi,
3269 1222 3480 1290 amori,
3502 1223 3717 1290 honori,
3742 1227 3806 1280 ti-

2235 1311 2412 1376 mori,
2443 1320 2498 1365 et
2518 1309 2642 1365 aliis
2670 1310 2973 1378 similibus,
3005 1320 3061 1366 et
3088 1312 3234 1370 sicut
3255 1327 3324 1367 ex
3344 1315 3594 1384 corporis
3611 1357 3627 1382 ,
3650 1316 3718 1370 ita
3741 1333 3804 1371 ex

2238 1402 2434 1457 horum
2458 1401 2681 1458 laesione
2700 1443 2716 1468 ,
2748 1401 2935 1456 dolore
2957 1400 3206 1456 afﬁceris.
3239 1401 3476 1473 lpsemet
3500 1403 3669 1474 ligna,
3693 1409 3806 1474 qui-

2233 1491 2340 1547 bus
2384 1491 2758 1557 combureris,
2809 1490 2906 1545 tibi
2959 1489 3280 1546 adhibuisti.
3321 1489 3576 1563 _Lze.litur
3621 1509 3801 1563 nempe

2235 1584 2415 1639 honor
2445 1591 2572 1638 tuus
2600 1598 2728 1638 cum
2776 1581 3188 1646 contemneris;
3229 1582 3310 1638 sic
3346 1582 3416 1638 de
3465 1584 3690 1640 caneris.
3729 1584 3804 1640 Ita

2217 1675 2399 1744 etiam
2426 1675 2495 1730 de
2521 1673 2714 1730 formis
2741 1689 3036 1745 corporum
3072 1673 3276 1745 cogita.

2304 1749 2424 1832 Quo
2449 1773 2500 1819 te
2523 1764 2612 1821 ille
2645 1773 2741 1819 aut
2766 1763 2856 1820 ille
2877 1763 3011 1818 vitio
3053 1762 3418 1833 contempsit,
3456 1763 3645 1818 eodem
3677 1773 3728 1817 tu
3757 1772 3809 1820 te

537 1873 689 1926 nam,
717 1859 968 1916 videlicet
997 1859 1054 1915 in
1077 1860 1323 1916 vestibus
1351 1861 1466 1917 sive
1491 1861 1746 1932 pelliciis,
1783 1863 1900 1918 sive
1938 1862 2130 1933 cujus-
2161 1841 2204 1898 Β
2231 1867 2606 1928 contemptum
2639 1861 2901 1928 tanquam
2925 1855 3152 1912 timidus
3179 1855 3442 1921 doluisti,
3489 1854 3686 1911 scilicet
3713 1872 3808 1909 su-

535 1947 668 2005 libct
695 1950 876 2006 modi!

606 2039 728 2096 Non
757 2042 942 2099 minus
969 2043 1264 2100 dolendum
1293 2051 1378 2100 est
1398 2060 1499 2116 pro
1526 2061 1594 2100 eo
1633 2045 1728 2116 qui
1763 2044 1964 2117 gaudet
1987 2053 2128 2100 tem-

533 2131 809 2202 poralium
838 2132 1129 2204 adeptione
1150 2150 1316 2204 quam
1343 2135 1438 2205 qui
1464 2135 1761 2191 amissione
1783 2136 1949 2190 dolet.
1976 2134 2131 2190 Uter-

525 2238 640 2293 que
663 2223 814 2280 enim
839 2223 992 2281 febre
1020 2235 1273 2293 vexatur,
1309 2227 1364 2282 id
1393 2235 1476 2282 est
1502 2244 1690 2283 amore
1715 2227 1926 2283 mundi.

1057 2338 1461 2394 CAPITULUM
1501 2339 1589 2395 Vl.

533 2423 614 2480 De
635 2425 820 2482 inutili
839 2436 893 2482 et
913 2428 1007 2483 vili
1031 2431 1267 2552 appeti?
1291 2430 1514 2512 laudum
1532 2441 1581 2484 et
1603 2430 1810 2502 gloriae,
1827 2431 1905 2485 rel
1929 2431 2126 2500 favoris

1227 2517 1452 2552 cumam.

1227 2517 1452 2554 cumam.

605 2591 665 2647 Si
686 2593 824 2649 bene
847 2595 1019 2650 scires
1033 2603 1284 2649 naturam
1315 2611 1379 2650 ac
1407 2595 1706 2666 potentiam
1733 2595 1986 2650 humanae
2006 2595 2126 2666 opi-

532 2683 739 2752 nionis,
767 2685 850 2740 vel
882 2684 1109 2754 favoris,
1144 2702 1428 2756 nunquam
1460 2687 1545 2741 vel
1577 2688 1773 2758 exigue
1803 2703 1904 2758 pro
1931 2689 2013 2744 eis
2049 2689 2129 2743 la-

532 2777 780 2846 borares,
807 2787 902 2833 aut
929 2778 1215 2850 gauderes,
1255 2788 1351 2834 aut
1380 2780 1806 2836 contristat-eris.
1855 2778 1943 2836 Nil
1979 2781 2126 2836 enim

531 2876 766 2937 prosunt
811 2868 901 2924 cui
929 2869 1355 2939 impenduntur;
1390 2869 1534 2924 sicut
1564 2869 1796 2940 colores,
1833 2878 1887 2924 et
1919 2879 2128 2926 aeterm

527 2957 744 3026 format,
771 2973 1026 3030 corpora,
1056 2960 1141 3014 vel
1187 2976 1275 3015 res
1308 2959 1512 3030 quibus
1547 2959 1758 3021 insunt,
1809 2960 2124 3030 deturpant,

527 3060 586 3106 et
615 3051 752 3122 ipsis
779 3052 859 3107 nil
883 3061 1121 3122 prosunt
1147 3061 1242 3108 aut
1275 3053 1495 3108 obsunt.
1549 3050 1692 3119 Quid
1726 3052 1874 3107 enim
1921 3049 2127 3123 profuit

531 3143 635 3200 soli
665 3156 760 3199 aut
787 3145 933 3200 luna:
951 3143 1100 3215 quod
1126 3159 1222 3200 eos
1247 3145 1443 3217 pagani
1470 3143 1603 3200 deos
1631 3145 1996 3215 putaverunt?
2015 3144 2126 3200 Aut

529 3235 662 3306 quid
700 3235 805 3304 eis,
833 3235 981 3306 quod
1008 3243 1067 3290 tu
1095 3250 1192 3292 eos
1213 3245 1496 3292 creaturas
1525 3251 1648 3292 esse
1677 3236 1988 3308 cognoscis,
2021 3236 2123 3291 ob-

531 3327 656 3382 est?
683 3325 840 3394 Quod
879 3326 928 3384 si
960 3327 1125 3383 etiam
1155 3337 1397 3385 stercora
1424 3342 1522 3384 eos
1559 3341 1682 3384 esse
1712 3338 1954 3398 putares,
1991 3327 2124 3400 quid

529 3417 614 3474 eis
644 3419 906 3475 noceret?
938 3418 1139 3486 Quare,
1164 3420 1310 3476 sicut
1337 3428 1590 3475 naturam
1637 3428 1694 3476 et
1721 3419 2020 3490 potentiam
2053 3422 2124 3476 il-

533 3509 644 3564 lius
685 3517 780 3565 aut
821 3509 967 3565 illius
1015 3509 1199 3566 herba:
1225 3511 1340 3567 sive
1368 3511 1523 3582 ligni,
1569 3511 1646 3567 ita
1693 3513 1888 3568 harum
1937 3527 2123 3568 rerum

532 3605 803 3653 scrutare.
827 3597 1028 3666 Facile,
1055 3598 1347 3669 adjuvante
1370 3597 1503 3666 Deo,
1535 3599 1590 3655 id
1615 3601 1845 3670 poteris,
1878 3615 1945 3657 ex
1967 3601 2124 3673 cujus

531 3689 888 3759 opinionibus
916 3690 1001 3746 vel
1026 3689 1309 3746 favoribus
1329 3700 1526 3747 caetera
1550 3692 1844 3748 metienda.

601 3781 662 3836 ln
691 3782 799 3838 hoc
831 3783 1121 3856 cognoscis
1149 3799 1274 3854 quae
1305 3783 1409 3839 soli
1434 3782 1546 3839 Deo
1563 3783 1850 3852 debentur,
1883 3785 2013 3856 quia
2029 3801 2125 3842 ex-

534 3871 703 3928 hibita
731 3873 1042 3945 cuicunque
1075 3874 1157 3930 rei
1187 3875 1264 3929 nil
1299 3883 1554 3946 prosunt,
1579 3883 1642 3932 ut
1675 3877 1938 3948 cognitio,
1969 3894 2126 3934 amor

533 3963 603 4016 ad
631 3961 946 4031 favendum,
972 3965 1158 4032 timor,
1181 3965 1508 4032 reverentia,
1534 3965 1844 4033 admiratio,
1867 3975 1972 4023 etc.
1997 3965 2125 4022 [huc

532 4055 792 4122 enim,eo
838 4057 960 4126 ipso
1011 4057 1160 4126 quod
1206 4057 1256 4112 ei
1287 4057 1375 4112 cui
1412 4057 1744 4113 exhibentur
1782 4059 1861 4113 nil
1889 4059 2120 4130 prosint,

534 4145 832 4200 ostendunt
859 4163 919 4202 se
942 4147 991 4202 ei
1021 4147 1123 4203 soli
1153 4147 1406 4219 degeneri
1439 4149 1535 4220 qui
1553 4151 1703 4204 nullo
1725 4158 1867 4222 eget.
1894 4150 1952 4206 Si
1973 4151 2123 4207 enim

535 4234 750 4290 laudari
771 4236 859 4292 vel
882 4238 1141 4308 cognosci
1178 4247 1273 4292 aut
1299 4239 1647 4294 admirationi
1669 4256 1793 4296 esse
1816 4241 2120 4311 prodesset,

509 4322 516 4327 ’
534 4325 662 4396 quis
692 4342 801 4382 non
822 4327 1067 4397 quotidie
1090 4329 1339 4384 mercede
1365 4331 1692 4386 conduceret
1711 4341 1973 4402 tanquam
1994 4349 2124 4404 ope-

537 4419 734 4484 rarios,
765 4417 860 4488 qui
889 4417 1007 4473 haec
1035 4417 1140 4474 sibi
1168 4419 1490 4476 exhiberem
1525 4421 1766 4489 assidue,
1805 4430 1866 4476 ut
1891 4422 2010 4478 sine
2043 4423 2126 4478 in-

2229 1949 2438 2020 perbia.
2464 1947 2531 2002 Et
2559 1963 2672 2020 quo
2695 1947 2793 2003 tibi
2826 1947 2958 2002 vitio
2986 1947 3246 2015 abstulit,
3277 1947 3473 2002 eodem
3513 1953 3572 2001 tu
3596 1943 3808 2001 doluisti

2227 2041 2410 2096 ablata
2427 2083 2442 2107 ,
2468 2041 2522 2098 id
2543 2048 2628 2096 est
2654 2055 2842 2097 amore
2870 2041 3265 2111 periturorum.

2297 2131 2416 2188 Nisi
2454 2131 2850 2202 contempseris
2877 2131 3146 2202 quidquid
3177 2133 3410 2202 pessum
3437 2129 3681 2185 homines
3727 2130 3809 2184 vd

2227 2224 2596 2288 adversando,
2619 2224 2702 2279 vel
2728 2222 3038 2292 adiuvando
3057 2265 3073 2289 ,
3103 2239 3212 2278 non
3242 2221 3450 2293 poteris
3470 2230 3811 2276 contemnere

2227 2332 2418 2372 eorum
2441 2315 2698 2382 allectus,
2733 2315 2786 2370 id
2821 2323 2906 2370 est
2933 2313 3059 2370 odia
3083 2315 3166 2370 vel
3195 2328 3447 2381 amores;
3491 2328 3685 2384 quare,
3717 2327 3810 2368 nec

2225 2407 2515 2479 opiniones
2538 2407 2714 2462 bonas
2743 2417 2839 2460 aut
2865 2406 3060 2460 malas.

2303 2499 2436 2555 Vide
2461 2500 2740 2570 quomodo
2773 2498 2966 2554 vendis
2986 2509 3232 2572 amorem
3265 2505 3320 2552 et
3345 2505 3570 2552 exteros
3592 2495 3810 2552 affectus

2227 2591 2397 2647 animi
2427 2591 2506 2645 tui
2533 2590 2599 2645 ad
2622 2589 2869 2644 obolatas
2895 2597 2990 2644 aut
3010 2597 3326 2643 nummatas
3342 2629 3359 2654 ,
3383 2588 3527 2642 sicut
3551 2587 3608 2642 in
3629 2586 3809 2642 taber-

2228 2699 2300 2740 na
2325 2685 2536 2739 vinum.
2563 2682 2803 2738 Rursum
2835 2679 3057 2736 attende
3097 2679 3336 2752 qualiter
3354 2694 3508 2735 emas
3535 2679 3810 2749 opiniones

2224 2787 2282 2834 et
2318 2792 2535 2831 amores
2558 2792 2622 2830 ac
2643 2783 2870 2831 caeteros
2890 2774 3150 2840 allectus,
3179 2773 3296 2830 sive
3335 2775 3520 2832 motus
3546 2774 3807 2827 humano-

2225 2883 2350 2926 rum
2377 2867 2687 2924 animorum
2704 2909 2720 2936 ,
2763 2867 2830 2924 ad
2853 2867 3103 2924 obolatas
3129 2875 3184 2922 et
3205 2875 3549 2934 nummatas,
3579 2866 3721 2922 sicut
3756 2865 3806 2920 in

2226 2959 2453 3015 taberna
2487 2959 2699 3014 vinum.
3749 3013 3758 3024 ,

2299 3054 2402 3111 llic
2421 3057 2586 3111 homo
2607 3055 2756 3111 dedit
2783 3069 2882 3126 pro
2911 3053 3166 3110 laudibus
3195 3051 3384 3109 omnia
3413 3067 3542 3118 sua;
3571 3050 3662 3106 ille
3681 3093 3696 3116 ,
3719 3063 3808 3121 pro

2151 3187 2198 3251 ο
2229 3147 2506 3218 voluptate
2524 3147 2735 3201 ventris
2756 3155 2812 3201 et
2831 3145 3091 3216 gutturis.
3119 3143 3256 3212 Quis
3277 3143 3477 3199 borum
3507 3144 3665 3214 pejus
3689 3159 3807 3215 ope-

2228 3249 2384 3295 ratus
2404 3240 2520 3295 est?
2546 3238 2661 3295 Hoc
2675 3238 2895 3310 quidem
2925 3237 3113 3294 nescio
3131 3279 3148 3303 ,
3183 3237 3280 3293 sed
3303 3237 3423 3294 scio
3441 3236 3675 3293 alterum
3699 3253 3808 3308 por-

2225 3333 2382 3400 cina,
2412 3333 2646 3388 alterum
2669 3331 2940 3386 diabolica
2968 3329 3246 3402 voluptate
3281 3340 3489 3386 actum.

2297 3425 2466 3494 Quari
2487 3425 2570 3482 vis
2591 3425 2767 3480 amari
2797 3425 2866 3479 ab
2893 3424 3213 3480 hominibus
3234 3423 3260 3477 ?
3293 3420 3526 3494 Utique,
3552 3432 3610 3478 ut
3637 3419 3806 3480 adsint

2225 3519 2364 3574 mihi
2382 3561 2398 3587 ,
2427 3519 2484 3576 id
2501 3527 2589 3575 est
2621 3517 2752 3574 huic
2777 3517 2903 3572 vitae
2930 3533 3085 3572 mea.
3119 3515 3262 3588 Ergo
3296 3515 3431 3587 quia
3452 3517 3627 3572 sentis
3653 3525 3708 3572 te
3727 3518 3805 3572 in-

2226 3611 2446 3667 lirmum
2470 3652 2487 3679 ,
2521 3620 2577 3667 et
2600 3625 2792 3666 eorum
2833 3609 3107 3664 violentiae
3147 3608 3511 3664 succumbere
3539 3618 3802 3679 paratum.

2225 3701 2396 3771 Quasi
2417 3702 2572 3758 dicas
2595 3721 2608 3756 :
2635 3701 2694 3756 Si
2726 3700 3000 3756 voluerint
3039 3699 3326 3766 homines,
3369 3699 3604 3765 moriar;
3640 3699 3688 3754 si
3716 3713 3804 3752 vo-

2225 3795 2457 3862 luerint,
2507 3793 2710 3849 vivam.
2749 3791 2908 3860 Quod
2953 3791 3154 3847 falsum
3188 3799 3292 3846 est.
3324 3789 3646 3848 Necessario
3671 3789 3804 3846 enim

2226 3887 2507 3953 morieris,
2533 3886 2650 3942 sive
2669 3885 2745 3940 illi
2767 3884 2964 3948 velint,
2998 3885 3114 3940 sive
3132 3884 3330 3940 nolint.
3354 3884 3498 3952 Quid
3523 3886 3668 3940 enim
3690 3899 3804 3956 ages

2225 3988 2288 4034 ut
2315 3994 2425 4034 non
2460 3977 2751 4033 moriaris?
2784 3975 2929 4047 Ergo
2951 3983 3111 4045 optas
3140 3991 3341 4047 magna
3367 3975 3437 4032 de
3472 3985 3526 4030 te
3551 3977 3634 4031 vel
3673 3977 3802 4030 bona

2225 4069 2440 4142 opinari
2477 4069 2759 4136 homines,
2801 4075 2864 4122 ut
2893 4075 2946 4124 te
2974 4074 3159 4122 ament
3197 4074 3294 4122 aut
3339 4067 3590 4122 timeant.
3619 4067 3804 4120 Amant

2203 4170 2408 4232 autem
2431 4162 2516 4216 vel
2538 4161 2796 4226 timeant,
2830 4169 2890 4214 ut
2910 4159 3152 4230 prosint,
3175 4159 3262 4215 vel
3283 4174 3392 4214 non
3416 4159 3621 4214 obsint.
3639 4155 3804 4213 Eeotr

2225 4262 2310 4310 tra
2337 4251 2537 4307 metuis
2567 4251 2652 4306 vel
2675 4249 2913 4305 abhores
2941 4264 3110 4320 prava
3140 4249 3208 4304 de
3231 4255 3285 4304 te
3315 4249 3400 4304 vel
3428 4249 3576 4304 mala
3598 4247 3800 4320 Opinati

2225 4344 2508 4408 homines,
2555 4359 2626 4398 ne
2653 4341 2871 4398 oderint
2917 4349 3014 4396 aut
3062 4349 3448 4406 contemnant,
3478 4351 3574 4394 aut
3608 4355 3678 4394 ne
3714 4352 3803 4393 no-

2225 4445 2414 4503 ceant,
2439 4445 2534 4492 aut
2567 4443 2716 4491 certe
2746 4441 2807 4489 ut
2837 4449 2945 4489 non
2973 4431 3209 4503 prosint.
3248 4429 3364 4486 lloc
3385 4441 3570 4486 autem
3596 4438 3802 4502 propter

535 4510 884 4567 ῑθιίιιίεδίοηθ
910 4510 1174 4582 “dicere
1205 4513 1434 4584 P0950”
1465 4511 1600 4580 Qum
1638 4522 1812 4570 man
1841 4515 1970 4572 ίίιίίε
2005 4518 2124 4574 Silis
2155 4527 2202 4588 ἰ)
2229 4529 2404 4600 ipsam
2458 4525 2856 4598 experientiam
2911 4522 3248 4580 infirmitatis
3303 4531 3470 4592 atque
3521 4519 3801 4576 debilitatis

533 4603 589 4658 id
619 4617 729 4658 non
770 4603 891 4661 sine
927 4603 1234 4660 cessatione
1288 4604 1662 4675 impenderet?
1698 4605 1834 4674 Quis
1869 4623 1981 4664 non
2021 4623 2119 4664 ve-

513 4702 668 4762 stes,
702 4693 926 4765 prmdia,
949 4693 1329 4767 jumentaque,
1354 4688 1706 4768 seipsumque
1727 4698 1816 4754 die
1843 4708 2122 4771 noctuque

531 4785 678 4842 bona
723 4785 951 4855 diceret,
999 4794 1062 4842 ut
1107 4787 1189 4844 sic
1233 4789 1461 4845 meliora
1506 4789 1780 4846 laudando
1831 4793 2122 4849 redderet?

532 4872 676 4930 Nihil
727 4891 858 4948 ergo
909 4877 1015 4934 ista
1067 4886 1319 4948 prosunt,
1367 4878 1458 4934 cui
1513 4881 1924 4950 impenduntur.
1983 4883 2120 4951 Quis

531 4977 715 5019 autem
761 4967 1002 5036 exhibet,
1049 4969 1356 5026 exhibendo
1405 4971 1645 5028 deterior
1683 4982 1778 5027 aut
1808 4975 2001 5030 melior
2034 4977 2119 5032 ef-

531 5055 737 5112 ficitur.
783 5057 841 5112 Si
889 5069 1074 5116 autem
1117 5071 1287 5130 amat,
1327 5071 1426 5119 aut
1475 5063 1801 5132 admiratur,
1840 5076 1936 5122 aut
1971 5069 2124 5125 timet

535 5146 591 5202 id
623 5147 772 5218 quod
791 5150 970 5218 debet,
997 5153 1214 5222 melior;
1239 5155 1286 5212 si
1312 5163 1495 5212 autem
1518 5173 1628 5213 non
1665 5158 1846 5226 debet,
1886 5159 2126 5216 deterior

534 5238 728 5308 utique
776 5239 856 5294 ﬁt.
909 5240 1186 5312 Similiter,
1225 5246 1283 5300 in
1326 5248 1558 5304 caneris.
1610 5248 1787 5316 Quam
1829 5265 1961 5322 ergo
1999 5253 2124 5322 pius

533 5338 623 5388 est
642 5328 908 5388 Dominus
925 5373 940 5399 ,
961 5333 1056 5404 qui
1087 5335 1226 5390 nihil
1246 5353 1279 5391 a
1307 5338 1470 5396 nobis
1489 5340 1679 5412 exigit,
1705 5350 1767 5396 ut
1795 5342 1898 5398 sibi
1929 5344 2120 5412 prosit,

535 5421 882 5493 multumque
909 5440 940 5478 a
963 5425 1122 5480 nobis
1144 5427 1250 5482 sibi
1279 5429 1472 5484 serviri
1492 5441 1709 5502 reputat
1728 5475 1742 5502 ,
1772 5435 1817 5490 si
1843 5436 1990 5505 quod
2020 5453 2124 5492 no-

533 5513 622 5570 bis
653 5523 740 5570 est
767 5515 898 5571 utile
923 5532 1141 5589 semper
1165 5535 1414 5591 agamus.

607 5603 762 5662 Sicut
783 5607 1030 5663 radicum
1058 5652 1073 5676 ,
1098 5611 1428 5688 herbarum,
1457 5615 1544 5670 vel
1580 5592 1902 5676 exterarum
1925 5615 2118 5678 rerum

536 5705 785 5764 naturas,
811 5699 883 5753 ita
912 5703 1211 5775 Opinionis,
1238 5703 1462 5782 favoris,
1490 5707 1692 5776 laudis,
1726 5713 1811 5768 vel
1842 5714 2121 5784 vitupera-

538 5790 736 5866 tionis,
762 5795 1026 5866 expende.

2227 4633 2391 4688 quam
2421 4615 2741 4672 contraxisti
2759 4657 2775 4682 ,
2804 4629 2836 4669 a
2866 4613 2978 4669 Deo
3009 4612 3315 4669 recedendo
3333 4653 3349 4680 ,
3379 4621 3433 4667 et
3471 4609 3801 4666 instabilibus

2227 4721 2392 4782 atque
2421 4708 2654 4764 inﬁrmis
2684 4706 3000 4762 inhzerendo
3021 4714 3075 4762 et
3097 4703 3400 4760 innitendo.
3444 4702 3502 4758 Si
3525 4704 3670 4758 enim
3703 4716 3800 4755 non

2229 4801 2462 4858 sentires
2483 4813 2673 4854 eorum
2701 4797 2965 4852 vilitatem
2993 4803 3158 4866 atque
3179 4794 3588 4861 inﬁrmitatem,
3619 4807 3723 4848 non
3743 4790 3803 4844 ti-

2231 4907 2408 4949 meres
2444 4906 2543 4960 pro
2569 4890 2682 4956 eis,
2710 4898 2876 4960 atque
2913 4889 3144 4944 doleres.
3181 4885 3286 4942 Sed
3322 4887 3488 4941 times
3521 4901 3620 4956 pro
3647 4887 3722 4941 cis
3745 4899 3800 4937 ac

2228 4985 2382 5040 doles
2401 5025 2416 5049 ,
2446 4998 2572 5037 cum
2616 4981 2870 5036 videlicet
2913 4988 3144 5051 pereunt
3175 4988 3271 5034 aut
3298 4977 3646 5035 auferuntur.
3671 4973 3798 5045 Ergo

2226 5076 2515 5148 cognoscis
2541 5091 2735 5130 eorum
2764 5073 3023 5128 vilitatem
3059 5081 3115 5127 et
3137 5073 3535 5127 inﬁrmitatem.
3566 5072 3798 5140 Quapro-

2227 5179 2345 5239 pter
2364 5168 2571 5222 nullam
2593 5174 2748 5237 potes
2775 5164 3002 5220 omnino
3019 5164 3432 5220 excusationem
3456 5162 3795 5234 praetendere,

2226 5257 2375 5329 quod
2402 5273 2465 5312 ea
2488 5257 2698 5327 diligis,
2731 5265 2826 5311 aut
2855 5255 2937 5310 eis
2966 5253 3236 5310 inniteris.
3266 5252 3465 5308 Mirum
3495 5264 3674 5309 tamen
3699 5249 3798 5304 val-

2224 5352 2293 5408 de
2333 5359 2416 5405 est
2459 5350 2690 5418 alicujus
2737 5349 2816 5403 rei
2861 5347 3236 5403 inﬁrmitatem
3266 5347 3500 5412 sentire,
3539 5355 3594 5402 et
3629 5355 3794 5400 tamen

2227 5442 2385 5498 inniti
2407 5441 2479 5507 ei,
2503 5441 2766 5495 vilitatem
2799 5455 2960 5502 nosse
2979 5483 2993 5506 ,
3017 5451 3071 5495 et
3089 5455 3275 5495 amare
3300 5440 3416 5494 sive
3436 5437 3648 5494 mirari.
3669 5433 3794 5490 Dut-

2226 5549 2358 5606 ergo
2387 5543 2672 5604 propterea
2703 5533 2854 5588 doles
2879 5543 2972 5586 aut
2997 5532 3200 5587 metuis
3218 5573 3232 5598 ,
3256 5531 3367 5586 duo
3398 5530 3454 5584 in
3481 5539 3561 5597 te,
3597 5543 3713 5600 quae
3731 5525 3798 5580 si.

2202 5628 2341 5700 ,ιιιιιι
2387 5641 2550 5696 posse
2583 5641 2708 5680 esse
2756 5641 2863 5679 non
2893 5625 3148 5679 videntur
3186 5640 3309 5679 esse
3339 5625 3714 5685 demonstras,
3746 5618 3794 5672 id

2205 5729 2310 5802 ‘est
2335 5727 2389 5772 ct
2417 5733 2581 5773 nosse
2611 5727 2661 5771 te
2691 5727 2744 5771 ct
2769 5719 2975 5776 sentire
3002 5733 3194 5772 eorum
3230 5717 3602 5771 inﬁrmitatem
3636 5727 3698 5768 ac
3722 5711 3793 5764 vi-

2231 5810 2434 5863 litatem
2453 5852 2466 5875 ,
2515 5819 2569 5864 et
2597 5819 2776 5864 tamen
2801 5825 2987 5865 amare
3015 5819 3066 5864 et
3099 5809 3256 5864 inniti
3282 5809 3386 5865 eis.
3409 5807 3547 5864 Nam
3574 5806 3675 5864 nisi
3699 5805 3790 5859 lto-
