3992 6400
227 367 339 425 615

1583 372 2137 431 ’ΜΕΒΙΤΛΤῘΟΜΞ5.

3406 385 3515 444 σει

223 498 354 537 rum
385 487 617 538 alterum
648 483 854 541 inesset
894 483 1022 551 tibi,
1054 484 1108 540 id
1129 493 1236 551 est,
1269 485 1317 542 si
1345 495 1439 542 aut
1470 502 1578 542 non
1605 476 1822 550 amares
1852 493 1896 551 Α
1925 489 2247 546 reverentiae
2269 498 2432 561 atque
2458 491 2838 549 admirationis
2863 494 3077 550 aﬂeetu.
3121 492 3219 553 llic
3241 498 3389 553 enim
3415 514 3511 556 so—

222 587 323 630 aut
380 590 490 629 non
530 589 727 631 nosses
751 590 941 632 eorum
966 576 1230 633 vilitatem
1253 619 1268 645 ,
1292 578 1443 634 nullo
1468 579 1632 636 modo
1658 580 1813 637 dole-

217 682 314 725 res
329 682 433 740 pro
466 666 550 726 eis
574 668 953 738 pereuntibus.

742 778 1146 836 CAPITULUM
1188 780 1304 837 Vll.

220 871 301 926 De
330 889 453 926 vera
478 871 637 944 laude
653 872 924 944 justorum
943 914 958 940 ,
1004 884 1054 927 et
1084 873 1471 943 vituperatione
1513 875 1777 930 malorum
1796 918 1812 944 ,

461 952 510 997 et
538 943 655 1012 quis
684 944 754 996 sit
782 943 942 997 laude
970 944 1163 1014 dignus
1195 944 1273 998 vel
1306 945 1575 1014 indignus.

292 1033 428 1089 Esto
457 1033 583 1088 talis
606 1034 700 1103 qui
724 1033 997 1100 lauderis;
1039 1046 1150 1088 non
1178 1035 1325 1089 enim
1364 1035 1502 1091 bene
1524 1037 1813 1104 laudatur,

215 1126 327 1180 nisi
357 1126 537 1179 bonus
561 1164 577 1191 ,
626 1125 771 1195 quod
815 1140 925 1180 non
956 1134 1043 1180 est
1070 1127 1165 1196 qui
1219 1127 1397 1184 laudis
1440 1116 1812 1198 cupidus‘est,

214 1233 329 1270 non
358 1231 493 1287 ergo
522 1215 795 1271 laudatur.
833 1216 973 1272 Cum
1003 1233 1137 1289 ergo
1166 1218 1436 1274 laudatori
1463 1220 1698 1277 blandus
1718 1238 1812 1289 es,

207 1308 327 1376 jam
360 1325 472 1363 non
499 1316 595 1363 tuo
626 1308 896 1363 laudatori
916 1309 1152 1365 blandus
1185 1325 1281 1378 es;
1313 1327 1423 1365 non
1452 1312 1599 1366 enim
1614 1313 1729 1383 jam
1755 1322 1813 1368 tu

213 1398 498 1464 laudaris,
529 1399 731 1468 quippe
762 1407 876 1452 tam
905 1414 1104 1454 vanus.

282 1485 430 1542 Cum
461 1488 662 1544 dicitur
707 1504 874 1559 quam
912 1490 1114 1558 bonus,
1141 1506 1311 1562 quam
1341 1491 1547 1563 justus,
1584 1494 1681 1565 qui
1710 1494 1832 1551 hoc

206 1587 298 1636 est
320 1580 597 1647 liudatur,
623 1596 732 1636 non
756 1590 817 1636 tu
843 1582 939 1652 qui
968 1598 1078 1637 non
1103 1598 1184 1650 es,
1211 1584 1322 1640 imo
1344 1585 1509 1640 etiam
1536 1587 1815 1656 vitupera-

204 1671 290 1727 ris
327 1687 439 1726 non
469 1687 683 1743 parum,
713 1674 917 1745 quippe
938 1683 1050 1729 tam
1073 1676 1273 1743 malus,
1298 1685 1519 1748 tamque
1553 1678 1808 1748 injustas.

206 1760 363 1817 Laus
395 1762 543 1818 enim
568 1763 725 1833 justi,
771 1764 963 1833 injusti
993 1774 1078 1819 est
1119 1764 1471 1836 vituperatio.
1510 1766 1653 1839 Ergo
1692 1777 1807 1835 tua,

1915 582 2004 636 lus
2037 581 2217 638 cultus
2237 599 2400 640 verus
2419 592 2475 639 et
2503 583 2797 654 perfectus.
2836 585 3166 658 Quicunque
3184 603 3316 660 ergo
3343 591 3512 648 alicui

1915 672 1999 727 rei
2034 680 2396 743 praeterquam
2428 672 2540 729 Deo
2572 674 2720 731 hunc
2755 676 2996 743 exhibet,
3030 677 3319 734 idololatra
3347 693 3513 735 verus

1913 772 2020 819 est.
2070 763 2174 830 Qui
2227 779 2354 820 vero
2397 765 2514 822 haec
2561 767 2678 822 vult
2728 767 2835 823 sibi
2874 768 3140 835 exhiberi,
3187 770 3366 840 cujus,
3404 770 3514 826 nisi

1914 852 2117 909 diaboli
2156 853 2423 911 veraciter
2470 856 2651 912 locum
2694 866 2858 923 tenet,
2907 859 3005 929 qui
3035 859 3214 916 modis
3254 858 3513 915 omnibus

1915 945 2035 1001 haec
2060 945 2129 1000 ab
2153 945 2468 1003 hominibus
2492 961 2727 1004 conatur
2755 952 3125 1020 extorquere?
3168 950 3355 1022 Itaque
3387 966 3512 1005 om-

1914 1052 2016 1093 nes
2055 1038 2306 1107 quierela:
2342 1038 2627 1095 hominum
2679 1041 2733 1095 in
2778 1041 2884 1096 hoc
2933 1051 3064 1098 sunt
3113 1042 3260 1112 quod
3304 1042 3514 1097 scilicet

1910 1136 2011 1181 aut
2056 1137 2305 1196 pereunt,
2349 1140 2443 1186 aut
2490 1122 2817 1188 a‘uferuntur
2857 1132 2939 1189 eis
2974 1133 3052 1188 dii
3084 1149 3297 1198 eorum,
3339 1134 3392 1189 id
3427 1142 3512 1189 est

1875 1287 1883 1293 ,
1916 1228 2198 1288 creatum,
2222 1221 2424 1291 quibus
2449 1222 2597 1278 hunc
2625 1239 2817 1279 verum
2836 1233 2893 1279 et
2910 1225 3157 1281 divinum
3179 1224 3511 1280 exhibebant

1914 1313 2147 1379 cultum,
2193 1312 2310 1370 sive
2356 1314 2502 1384 quod
2543 1315 2670 1371 talis
2705 1315 2788 1371 eis
2831 1331 2943 1373 non
2971 1317 3260 1373 exhibetur
3303 1317 3505 1373 cultus.

1918 1402 2053 1458 Vide
2081 1418 2215 1474 ergo
2244 1413 2515 1473 quantum
2552 1405 2732 1461 adhuc
2763 1406 2819 1460 in
2849 1416 2925 1473 te,
2964 1416 3019 1463 et
3045 1407 3100 1461 in
3140 1414 3257 1462 toto
3300 1406 3509 1462 mundo

1914 1505 2107 1565 regnet
2141 1494 2473 1552 idololatria.

1984 1586 2143 1643 Nulla
2174 1603 2262 1643 res
2292 1588 2455 1644 debet
2483 1579 2622 1645 velle
2650 1590 2825 1646 amari
2854 1599 3113 1661 tanquam
3138 1592 3366 1659 bonum,
3396 1591 3506 1647 nisi

1914 1694 2038 1749 quae
2070 1693 2138 1733 eo
2166 1678 2285 1749 ipso
2317 1680 2465 1749 quod
2493 1689 2730 1750 amatur,
2783 1698 2946 1737 suum
2990 1682 3264 1737 beatilieat
3296 1690 3508 1738 amato-

1913 1786 2051 1826 rem.
2088 1769 2247 1825 Nulla
2279 1780 2463 1826 autem
2496 1774 2600 1826 hoc
2629 1771 2780 1839 facit,
2822 1772 2929 1829 nisi
2955 1789 3079 1843 qua:
3116 1782 3361 1828 amatore
3394 1787 3506 1827 non

205 1861 271 1907 ut
302 1852 521 1923 injusti.
561 1832 700 1908 Cum
741 1832 872 1925 ergo
912 1854 1181 1910 laudatori
1207 1832 1343 1927 justi
1379 1832 1685 1928 applaudis,
1716 1832 1810 1915 tuo
1842 1832 1887 1887 Β
1910 1871 2053 1934 eget,
2085 1862 2140 1918 id
2167 1871 2253 1919 est
2273 1864 2360 1920 cui
2389 1878 2501 1919 non
2527 1865 2752 1933 prodest
2766 1832 2882 1921 nec
2933 1832 3003 1921 ab
3038 1866 3149 1922 alio
3190 1865 3366 1922 amari
3404 1880 3508 1921 nec

204 1946 510 2000 verissimo
531 1946 888 2016 vituperatori
933 1948 1237 2017 applaudis,
1267 1950 1397 2019 quia
1440 1950 1680 2020 injustus
1726 1966 1804 2006 es.

203 2036 331 2093 Non
360 2048 449 2094 cst
470 2034 846 2109 enim'justus,
872 2040 969 2109 qui
998 2055 1057 2094 se
1081 2040 1292 2110 justum
1317 2051 1492 2112 putat,
1518 2058 1618 2098 nec
1644 2043 1810 2099 unius

202 2129 321 2183 diei
355 2127 560 2183 infans.
1016 2164 1017 2169 η
1630 2154 1637 2163 ι

279 2218 390 2286 Qui
420 2220 621 2290 gaudet
653 2219 929 2288 laudibus,
965 2221 1375 2292 perditlaudes.
1416 2221 1475 2277 Si
1510 2238 1666 2279 amas
1690 2223 1807 2279 lau-

203 2312 332 2379 des,
359 2313 473 2367 noli
498 2314 686 2370 laudes
708 2315 860 2382 sciri,
888 2315 996 2370 hoc
1018 2323 1121 2382 est,
1144 2314 1190 2371 si
1218 2316 1302 2370 vis
1325 2315 1558 2381 laudari,
1583 2332 1652 2372 ne
1670 2317 1807 2373 velis

202 2402 447 2458 laudari.
487 2401 608 2458 Non
635 2406 783 2460 enim
818 2414 997 2476 potest
1026 2421 1154 2462 vere
1180 2406 1392 2462 laudari
1416 2407 1513 2477 qui
1548 2408 1664 2462 vult
1683 2408 1806 2465 lau-

200 2494 355 2550 dari.
388 2493 483 2549 llle
504 2495 777 2564 laudatur,
803 2497 965 2567 cujus
983 2498 1127 2553 bona
1150 2498 1444 2568 jactantur.
1490 2499 1594 2567 Qui
1623 2510 1804 2557 autem

201 2585 330 2640 vult
357 2585 592 2653 laudari,
623 2602 733 2642 non
763 2588 942 2643 solum
965 2603 1175 2644 vacuus
1201 2597 1287 2644 est
1315 2590 1467 2644 omni
1492 2591 1659 2658 bono,
1709 2593 1805 2647 sed

204 2678 443 2748 insuper
467 2677 662 2748 plenus
707 2692 792 2735 est
832 2695 1034 2751 magno
1061 2689 1116 2736 et
1142 2681 1415 2737 diabolico
1445 2683 1610 2751 malo,
1642 2683 1803 2739 nimi-

200 2784 335 2823 rum
372 2784 570 2840 magna
604 2771 938 2842 arrogantia.
973 2769 1096 2827 Non
1129 2787 1260 2842 ergo
1303 2773 1578 2829 laudatur.
1613 2773 1806 2832 Justus

203 2867 396 2914 autem
419 2861 729 2916 econtrario
758 2877 974 2932 semper
1007 2862 1293 2931 laudatur;
1336 2864 1496 2935 cujus
1524 2866 1804 2936 vitupera-

200 2950 286 3005 tio
316 2950 468 3005 nulla
511 2966 635 3007 esse
672 2961 868 3022 potest.
914 2940 1254 3023 Vituperatio
1281 2956 1482 3025 quippe
1514 2965 1601 3012 est
1627 2959 1804 3013 malo-

201 3028 334 3096 rum
360 3042 724 3112 improbatio;
748 3060 871 3115 qua:
901 3054 1084 3101 autem
1109 3045 1295 3116 justus
1328 3061 1440 3101 ιιοη
1476 3047 1659 3116 habet,
1691 3064 1800 3103 non

202 3142 447 3203 possunt
466 3133 517 3189 ei
545 3134 924 3208 improperari,
952 3154 1125 3209 quare
1144 3153 1255 3193 non
1277 3148 1455 3209 potest
1477 3140 1797 3211 vituperari.

205 3223 609 3283 Universaliter
636 3237 818 3283 autem
840 3231 1022 3288 omnis
1042 3231 1320 3301 justorum
1365 3231 1627 3300 liudatio,
1656 3233 1805 3304 inju-

203 3322 424 3369 storum
458 3324 544 3370 est
568 3316 913 3386 vituperatio,
943 3328 998 3373 et
1022 3320 1201 3375 omnis
1232 3320 1562 3391 injustetum
1591 3322 1805 3394 vitupe-

199 3408 350 3463 ratio
388 3417 475 3464 est
507 3408 784 3479 justorum
827 3427 952 3467 vera
997 3413 1259 3469 laudatio.
1311 3412 1449 3469 Cum
1502 3430 1629 3470 \CI‘O
1679 3417 1805 3487 quis

200 3500 276 3557 de
312 3501 461 3557 bono
495 3501 769 3574 laudatur,
809 3520 921 3561 non
954 3505 1198 3574 laudato,
1228 3508 1324 3563 sed
1350 3508 1621 3565 laudatori
1671 3525 1801 3582 pro—

203 3592 355 3649 d‘st.

278 3683 495 3740 Laudat
517 3694 569 3742 te
589 3686 715 3758 quis
734 3696 954 3759 propter
974 3688 1342 3757 sanctitatem,
1365 3706 1587 3747 sursum
1611 3693 1800 3749 tendit.

202 3774 363 3830 Ultra
388 3783 438 3831 te
457 3787 538 3832 est
558 3777 705 3833 enim
727 3778 872 3849 quod
895 3779 943 3835 ei
970 3779 1167 3850 placet,
1200 3780 1255 3836 id
1284 3789 1368 3837 est
1396 3783 1676 3838 sanctitas.
1720 3782 1800 3838 Tu

172 3876 337 3925 ‘vero
360 3870 407 3925 si
430 3887 585 3928 amas
608 3871 762 3926 illum
785 3887 896 3926 non
920 3881 1182 3943 tanquam
1209 3873 1299 3928 cui
1315 3874 1491 3944 placet
1515 3875 1799 3944 sanctitas,

200 3962 303 4018 sed
326 3971 390 4017 tu
411 3963 668 4019 deorsum
694 3964 894 4020 tendis.
1217 3964 1223 3970 ’

276 4053 388 4121 Qui
434 4054 584 4109 dolet
632 4063 728 4110 aut
783 4054 1040 4131 irascitur
1095 4054 1303 4112 amisso
1355 4055 1540 4128 aliquo
1590 4066 1801 4129 tempo-

198 4144 329 4209 rali,
389 4158 458 4200 eo
509 4143 629 4215 ipso
691 4158 751 4199 se
794 4142 1019 4214 dignum
1068 4142 1164 4213 qui
1214 4143 1487 4199 amitteret
1538 4145 1796 4201 ostendit.

201 4236 473 4292 Similiter
511 4236 603 4306 qui
644 4244 866 4306 accepto
900 4235 1152 4291 convicio
1187 4235 1466 4304 irascitur,
1503 4246 1599 4292 aut
1630 4238 1797 4306 dolet,

197 4345 267 4384 eo
304 4344 367 4383 se
401 4327 627 4397 dignum
651 4326 826 4382 fuisse
853 4326 1211 4382 demonstrat.
1254 4316 1487 4382 Tantum
1519 4329 1665 4385 enim
1688 4330 1801 4385 vel-

197 4419 273 4474 let
311 4416 549 4484 laudari,
584 4425 850 4487 quantum
887 4417 1063 4472 noluit
1096 4418 1410 4473 conviciari.

1913 1972 2100 2014 amare
2128 1958 2296 2013 aliud.
2335 1956 2727 2013 Crudelissima
2763 1958 2931 2028 igitur
2969 1973 3059 2014 res
3096 1967 3200 2025 est,
3232 1974 3357 2029 qua
3389 1959 3507 2014 vult

1913 2058 1974 2105 ut
2002 2049 2128 2119 quis
2154 2049 2209 2104 in
2240 2064 2304 2104 ea
2328 2048 2686 2104 intentionem
2722 2063 2878 2103 suam
2904 2056 2959 2103 et
2986 2048 3240 2105 allectum
3269 2056 3327 2103 et
3349 2063 3503 2118 spem

1912 2138 2230 2201 constituat,
2255 2152 2382 2193 cum
2408 2136 2525 2207 ipsa
2547 2136 2599 2192 ei
2621 2136 2880 2206 prodesse
2909 2152 3018 2195 non
3041 2136 3234 2207 possit.
3277 2136 3391 2192 Hoc
3416 2137 3503 2191 la-

1910 2228 2063 2283 ciunt
2099 2228 2396 2295 daemones,
2439 2227 2531 2298 qui
2572 2242 2672 2297 pro
2726 2225 2823 2281 Dei
2871 2227 3114 2296 servitio,
3164 2242 3268 2283 suo
3313 2228 3506 2284 volunt

1912 2318 2163 2374 homines
2193 2317 2471 2388 occupari.
2508 2317 2699 2372 Clama
2727 2316 2891 2389 igitur
2913 2327 2969 2372 tu
2996 2318 3335 2374 amatoribus
3360 2320 3498 2375 tuis:

1909 2408 2130 2466 Cessate
2151 2409 2289 2479 jam,
2320 2409 2527 2477 miseri,
2553 2425 2702 2465 nunc
2725 2425 2811 2464 me
2833 2410 3115 2475 admirari,
3140 2410 3399 2476 revereri,
3416 2427 3506 2467 ve.

1910 2498 2151 2570 quolibet
2192 2500 2466 2562 honorare
2509 2499 2692 2565 modo,
2740 2500 3000 2569 quoniam
3039 2515 3142 2571 ego
3187 2501 3356 2556 miser
3405 2517 3506 2557 nec

1908 2588 2047 2644 mihi
2068 2606 2170 2645 nec
2187 2589 2344 2646 vobis
2365 2589 2630 2645 auxilium
2651 2590 2822 2645 ullum
2840 2585 2983 2646 ferre
3000 2604 3251 2661 possum,
3270 2589 3382 2646 imo
3402 2606 3505 2662 ego

1909 2694 2043 2750 egeo
2068 2688 2270 2735 vestro.

1980 2769 2257 2834 Quantum
2280 2769 2336 2823 in
2370 2779 2423 2824 te
2451 2778 2556 2837 est,
2582 2784 2776 2825 omnes
2795 2767 3049 2826 homines
3077 2769 3381 2839 perdidisti,
3412 2771 3500 2825 in-

1909 2859 2226 2930 terposuisti
2255 2861 2401 2915 enim
2430 2870 2483 2915 te
2512 2860 2653 2915 inter
2674 2859 2844 2916 Deum
2870 2869 2925 2915 et
2953 2861 3123 2931 ipsos,
3153 2870 3233 2928 ut,
3258 2876 3419 2917 verso
3444 2863 3498 2917 iu

1910 2958 1964 3003 te
1989 2950 2212 3017 intuitu,
2249 2960 2323 3019 et,
2354 2952 2585 3007 dimisso
2608 2950 2741 3017 Deo,
2774 2961 2826 3006 te
2854 2952 3030 3007 solum
3075 2952 3501 3022 admirarentur,

1911 3039 2276 3108 intuerentur,
2308 3051 2472 3115 atque
2503 3042 2816 3107 laudarent;
2867 3044 3076 3115 tibique
3098 3053 3151 3099 et
3172 3045 3252 3101 eis
3275 3045 3503 3101 omnino

1910 3130 2014 3185 hoc
2043 3131 2256 3197 inutile,
2294 3147 2392 3186 nec
2415 3130 2592 3187 dicam
2615 3132 2962 3189 damnosum.

1978 3220 2066 3276 Nil
2105 3222 2327 3294 dignius
2352 3223 2405 3278 in
2436 3225 2706 3281 creaturis
2748 3226 3191 3295 rationabilibus,
3225 3227 3503 3287 mentire:

1907 3314 2208 3384 praesertim
2245 3314 2369 3384 piis,
2403 3316 2480 3369 nil
2509 3308 2671 3371 vilius
2706 3318 3155 3387 corruptionibus
3177 3336 3498 3391 corporum.

1907 3405 2045 3461 Cum
2070 3406 2255 3478 itaque
2276 3398 2499 3462 visesse
2520 3408 2871 3464 admirationi
2893 3409 3230 3481 hominibus,
3255 3413 3358 3469 hac
3382 3413 3501 3484 ipsa

1907 3499 2163 3570 superbia
2195 3510 2453 3566 caecatos,
2478 3499 2602 3555 vide
2637 3499 2704 3555 ad
2736 3516 2903 3571 quam
2929 3502 3240 3559 miseranda
3262 3506 3499 3561 devene-

1905 3592 2005 3648 ris.
2035 3590 2170 3647 Vide
2221 3607 2352 3663 ergo
2387 3591 2662 3663 justitiam
2700 3591 2816 3648 Dei.
2855 3590 2937 3648 Tu
2986 3595 3131 3649 enim
3166 3598 3502 3667 proposuisti

1905 3693 1960 3739 te
1989 3681 2182 3750 Deum,
2228 3682 2281 3739 id
2308 3692 2393 3739 est
2415 3684 2801 3739 admirandum
2859 3685 3333 3743 excellentissima:
3357 3689 3499 3759 parti

1905 3784 2305 3842 creaturarum,
2351 3785 2409 3830 et
2454 3775 2545 3830 ille
2592 3775 2832 3846 subjecit
2880 3784 2934 3830 te
2982 3774 3201 3833 inﬁmae.
3241 3776 3323 3833 Tu
3348 3780 3496 3834 enim

1902 3865 2124 3921 voluisti
2156 3876 2210 3921 et
2237 3864 2434 3934 fecisti,
2462 3872 2730 3936 quantum
2754 3865 2809 3919 in
2850 3872 2901 3920 te
2924 3864 3047 3932 fuit,
3072 3876 3122 3921 te
3143 3867 3212 3921 ab
3240 3867 3500 3924 omnibus

1844 3968 1847 3971 ‘
1903 3954 2220 4015 hominibus
2248 3958 2398 4026 sciri,
2434 3958 2637 4025 videri,
2666 3957 2902 4025 laudari,
2932 3957 3282 4015 admirationi
3316 3970 3371 4016 et
3400 3977 3497 4017 ve-

1902 4051 2172 4107 nerationi
2194 4051 2402 4119 haberi,
2427 4050 2623 4118 amari,
2657 4051 2859 4117 timeri,
2903 4052 3194 4121 honorari;
3221 4070 3345 4125 quae
3371 4071 3495 4111 om-

1904 4159 1993 4200 nia
2028 4143 2097 4199 ab
2125 4144 2579 4223 excellentissima
2610 4144 2857 4200 omnium
2903 4154 3285 4202 creaturarum
3319 4157 3497 4217 parte,

1884 4226 1955 4293 id
1981 4246 2067 4294 est
2088 4237 2221 4294 solis
2250 4236 2670 4295 rationabilibus
2702 4238 3000 4306 mentibus,
3034 4238 3137 4295 soli
3160 4237 3272 4296 Deo
3294 4239 3499 4297 deben-

1903 4340 2010 4386 tur.
2058 4329 2212 4387 Juste
2239 4346 2370 4403 ergo
2398 4326 2602 4386 factum
2629 4338 2796 4386 estut
2821 4331 2915 4415 qui
2939 4328 3112 4387 Deum
3154 4332 3497 4403 dignissimis

1901 4432 2169 4480 creatura:
2202 4424 2450 4494 partibus
2481 4432 2532 4479 te
2554 4420 2923 4494 proponebas,
2946 4424 3091 4494 quod
3116 4424 3172 4479 in
3199 4440 3262 4480 ea
3291 4424 3498 4481 vilissi-

267 4509 634 4577 Contemptus
670 4514 766 4561 aut
804 4507 958 4577 parvi
986 4507 1209 4564 habitus
1252 4508 1506 4578 doluisti;
1546 4511 1653 4567 hoc
1682 4511 1800 4583 ipso
1831 4542 1877 4598 Ι)
1902 4532 2052 4571 mum
2082 4524 2187 4582 est,
2220 4528 2273 4570 ut
2307 4515 2479 4569 Deum
2521 4515 2820 4585 acciperes,
2854 4523 2910 4569 et
2933 4515 3029 4585 qui
3058 4515 3128 4570 ab
3148 4516 3495 4573 excellentis-

196 4598 667 4657 contemnendum
703 4614 769 4654 ac
803 4600 954 4669 parvi
994 4599 1307 4656 habendum
1348 4600 1540 4670 fuisse,
1578 4611 1632 4658 et
1676 4603 1800 4660 ideo

189 4694 319 4763 jure
342 4691 398 4747 id
425 4690 632 4745 factum
662 4690 1080 4747 demonstraris.
1120 4690 1237 4747 Nisi
1269 4692 1414 4747 enim
1444 4701 1799 4749 contemnen-

194 4786 303 4841 dus
333 4800 402 4839 ac
432 4784 589 4854 parvi
615 4783 899 4839 habendus
927 4783 1150 4850 fuisses,
1183 4784 1459 4839 contemni
1496 4800 1605 4839 nec
1645 4787 1799 4855 parvi

197 4876 393 4932 haberi
419 4890 768 4946 nequaquam
784 4874 1066 4931 timuiss'es
1086 4884 1181 4930 aut
1199 4875 1487 4931 doluisses.
1513 4874 1629 4932 lloc
1647 4877 1797 4932 enim

197 4969 321 5039 ipso
350 4968 494 5035 solo,
522 4967 608 5022 vel
632 4967 869 5022 maxime
889 4967 1324 5023 contemnendus
1342 4975 1397 5023 et
1420 4969 1572 5038 parvi
1591 4968 1798 5024 haben-

197 5063 304 5118 dus
332 5076 418 5127 es,
442 5060 589 5131 quod
623 5061 678 5115 id
720 5061 880 5118 times
907 5070 1002 5117 aut
1023 5060 1196 5116 doles.
1236 5058 1473 5117 Prorsus
1500 5076 1607 5115 non
1644 5061 1797 5116 timet

196 5154 327 5210 vilis
372 5154 566 5209 haberi
610 5168 712 5209 nec
757 5153 1051 5222 contemni,
1093 5153 1203 5209 nisi
1240 5153 1367 5210 vilis
1417 5162 1473 5209 et
1519 5155 1797 5211 contemni

198 5247 425 5318 dignus.

608 5338 613 5341 ’
708 5357 1111 5415 CAPITULUM
1158 5358 1294 5415 Vlll.

198 5452 280 5507 De
327 5451 412 5505 Itis
450 5452 543 5520 qui
584 5450 764 5505 volunt
800 5452 976 5506 amari
1013 5461 1063 5505 et
1099 5452 1446 5507 admirationi
1498 5450 1698 5517 haberi,
1745 5459 1796 5507 et

268 5521 538 5593 quomodo
565 5537 657 5590 per
687 5520 849 5593 talem
892 5523 1183 5593 appetitum
1216 5521 1368 5575 homo
1410 5520 1624 5576 diabolo
1667 5522 1801 5577 assi-

270 5588 521 5658 inilatur,
552 5588 603 5645 et
625 5592 855 5661 seipmm
881 5588 1014 5661 facit
1038 5591 1240 5645 idolum
1259 5601 1587 5645 cwterorum.

272 5702 418 5759 Vere
441 5704 573 5759 colit
602 5702 774 5759 Deum
799 5705 889 5760 ille
917 5704 1264 5761 solummodo
1298 5705 1394 5775 qui
1424 5704 1478 5759 in
1515 5719 1642 5759 cum
1670 5720 1797 5761 vere

174 5795 458 5871 intendit,
487 5812 613 5850 eum
650 5812 780 5852 vero
817 5797 1057 5866 timoris,
1084 5797 1167 5853 vel
1197 5796 1421 5865 amoris,
1459 5796 1688 5853 honoris
1712 5798 1797 5851 vel

1903 4603 2082 4671 simis,
2107 4601 2375 4674 quidquid
2403 4603 2503 4658 soli
2536 4602 2649 4657 Deo
2670 4602 2993 4667 debebatur,
3019 4611 3344 4672 extorquere
3364 4616 3493 4681 per;

1899 4708 2059 4749 versa
2095 4693 2453 4763 usurpatione
2480 4691 2725 4758 voluisti,
2752 4692 3024 4762 quidquid
3072 4692 3188 4761 ipse
3229 4692 3492 4760 debebas,

1901 4785 2005 4840 soli
2025 4785 2137 4841 Deo
2162 4783 2465 4849 vilissimis,
2498 4783 2551 4838 id
2584 4792 2670 4838 est
2697 4783 2975 4852 corruptis
3003 4786 3296 4852 corporum
3336 4784 3495 4840 cada-

1899 4877 2123 4934 veribus
2156 4874 2517 4946 impenderes.
2554 4873 2691 4929 Nam
2729 4874 2913 4929 smnia
2961 4890 3083 4944 qua:
3117 4875 3372 4945 superius
3397 4892 3495 4946 po-

1902 4969 2083 5038 suisti,
2126 4968 2226 5025 soli
2263 4966 2374 5023 Deo
2421 4966 2601 5023 debita
2647 4980 2888 5021 amorem
2932 4966 3160 5033 scilicet,
3213 4976 3345 5036 etc.,
3372 4967 3494 5024 istis

1902 5061 2130 5118 exhibes
2155 5067 2270 5116 toto
2294 5050 2476 5115 corde.
2512 5055 2651 5113 Dum
2681 5073 2812 5128 ergo
2836 5074 3077 5128 usurpas
3120 5058 3386 5130 quidquid
3408 5070 3495 5117 est

1901 5151 2021 5220 Dei,
2052 5151 2264 5207 laudari
2293 5150 2522 5219 scilicet,
2559 5157 2691 5217 etc.,
2715 5148 2952 5204 amisisti
2984 5150 3249 5220 quidquid
3271 5160 3356 5207 est
3386 5151 3491 5205 bo-

1900 5244 2088 5310 minis,
2137 5243 2361 5299 laudare
2406 5240 2602 5310 Deum,
2626 5239 2693 5296 ad
2717 5239 2865 5310 quod
2910 5248 3130 5296 creatus
3165 5255 3249 5309 es,
3293 5248 3397 5296 etc.
3424 5239 3492 5297 Et

1902 5334 2032 5406 quia
2077 5348 2243 5404 supra
2271 5345 2548 5389 summum
2582 5330 2735 5387 locus
2761 5344 2873 5385 non
2913 5338 3018 5398 est,
3050 5345 3151 5385 nec
3192 5329 3336 5386 infra
3374 5331 3493 5385 inli-

1878 5420 2076 5495 hmum,
2112 5426 2243 5481 dum
2295 5440 2458 5496 supra
2500 5438 2780 5479 summum
2811 5421 3011 5490 tendis,
3044 5421 3186 5477 infra
3237 5421 3486 5478 intimum

1899 5533 2095 5574 rursus
2124 5532 2204 5573 es.
2238 5515 2341 5583 Qui
2388 5515 2536 5572 enim
2583 5516 2771 5587 aliquo
2820 5512 3043 5579 l'mitur,
3070 5512 3119 5567 ei
3159 5520 3492 5569 necesseeet

1898 5627 1997 5682 per
2050 5624 2304 5665 amorum
2348 5604 2632 5663 subdatur.
2669 5605 2750 5661 Tu
2797 5614 2979 5661 autem
3012 5602 3212 5658 frueris
3262 5601 3487 5663 inlimis.

1898 5702 2042 5775 Ergo
2072 5701 2212 5757 infra
2252 5700 2438 5756 intima
2461 5710 2649 5757 trusus
2685 5713 2769 5766 es,
2794 5697 2889 5753 ubi
2917 5697 3070 5751 locus
3102 5695 3283 5752 nullus
3310 5706 3417 5753 est.

1970 5794 2227 5850 Amicitia
2270 5792 2451 5846 mnmli
2497 5791 2676 5861 hujus,
2722 5797 2784 5844 ut
2832 5787 3023 5842 beatus
3053 5783 3291 5842 Iacobus
3336 5786 3487 5857 dicit,
