  <div class='ocr_page' id='page_1' title='image "/cluster/home/n/w/nwhite01/storage/ocr_20150623/153/hvd.32044015473812/313.png"; bbox 0 0 3992 6400; ppageno 0'>
   <div class='ocr_carea' id='block_1_1' title="bbox 415 324 625 412">
    <p class='ocr_par' dir='ltr' id='par_1_1' title="bbox 415 324 625 412">
     <span class='ocr_line' id='line_1_1' title="bbox 415 324 625 412; baseline -0.01 0"><span class='ocrx_word' id='word_1_1' title='bbox 415 324 428 334; x_wconf 74' lang='grc'><em>’</em></span> <span class='ocrx_word' id='word_1_2' title='bbox 509 352 625 412; x_wconf 74' lang='lat' dir='ltr'><strong>eis</strong></span> 
     </span>
    </p>
   </div>
   <div class='ocr_carea' id='block_1_2' title="bbox 1339 321 2965 401">
    <p class='ocr_par' dir='ltr' id='par_1_2' title="bbox 1339 321 2965 401">
     <span class='ocr_line' id='line_1_2' title="bbox 1339 321 2965 401; baseline -0.016 1"><span class='ocrx_word' id='word_1_3' title='bbox 1339 337 1694 401; x_wconf 80' lang='lat' dir='ltr'><strong>-GUIGONIS</strong></span> <span class='ocrx_word' id='word_1_4' title='bbox 1727 335 1751 391; x_wconf 89' lang='lat' dir='ltr'><strong>l</strong></span> <span class='ocrx_word' id='word_1_5' title='bbox 1791 327 2215 392; x_wconf 66' lang='grc' dir='ltr'><strong>(ἈῐίΤΗυὸιίΕ</strong></span> <span class='ocrx_word' id='word_1_6' title='bbox 2255 324 2548 386; x_wconf 66' lang='grc' dir='ltr'><strong>ωυοιιιε</strong></span> <span class='ocrx_word' id='word_1_7' title='bbox 2585 322 2863 382; x_wconf 78' lang='lat' dir='ltr'><strong>PRIORlS</strong></span> <span class='ocrx_word' id='word_1_8' title='bbox 2922 321 2965 376; x_wconf 74' lang='lat' dir='ltr'><strong>V</strong></span> 
     </span>
    </p>
   </div>
   <div class='ocr_carea' id='block_1_3' title="bbox 3687 319 3792 378">
    <p class='ocr_par' dir='ltr' id='par_1_3' title="bbox 3687 319 3792 378">
     <span class='ocr_line' id='line_1_3' title="bbox 3687 319 3792 378; baseline -0.01 0"><span class='ocrx_word' id='word_1_9' title='bbox 3687 319 3792 378; x_wconf 65' lang='grc' dir='ltr'><strong>διε</strong></span> 
     </span>
    </p>
   </div>
   <div class='ocr_carea' id='block_1_4' title="bbox 515 432 3792 526">
    <p class='ocr_par' dir='ltr' id='par_1_4' title="bbox 515 432 3792 526">
     <span class='ocr_line' id='line_1_4' title="bbox 515 432 3792 526; baseline -0.009 -6"><span class='ocrx_word' id='word_1_10' title='bbox 515 464 742 520; x_wconf 72' lang='lat' dir='ltr'><strong>inimica</strong></span> <span class='ocrx_word' id='word_1_11' title='bbox 762 469 842 518; x_wconf 75' lang='lat' dir='ltr'><strong>est</strong></span> <span class='ocrx_word' id='word_1_12' title='bbox 865 458 996 516; x_wconf 79' lang='lat' dir='ltr'><strong>Dea.</strong></span> <span class='ocrx_word' id='word_1_13' title='bbox 1024 456 1130 526; x_wconf 77' lang='lat' dir='ltr'><strong>Qui</strong></span> <span class='ocrx_word' id='word_1_14' title='bbox 1152 457 1293 514; x_wconf 79' lang='lat' dir='ltr'><strong>enim</strong></span> <span class='ocrx_word' id='word_1_15' title='bbox 1313 455 1538 510; x_wconf 76' lang='lat' dir='ltr'><strong>soluerit</strong></span> <span class='ocrx_word' id='word_1_16' title='bbox 1561 467 1672 507; x_wconf 76' lang='lat' dir='ltr'><strong>esse</strong></span> <span class='ocrx_word' id='word_1_17' title='bbox 1691 449 1898 504; x_wconf 80' lang='lat' dir='ltr'><strong>amicus</strong></span> <span class='ocrx_word' id='word_1_18' title='bbox 1928 445 2114 502; x_wconf 63' lang='lat' dir='ltr'><strong>siccati</strong></span> <span class='ocrx_word' id='word_1_19' title='bbox 2145 452 2194 511; x_wconf 80' lang='grc' dir='ltr'><strong>Α</strong></span> <span class='ocrx_word' id='word_1_20' title='bbox 2289 439 2396 526; x_wconf 73' lang='lat' dir='ltr'><strong>Qui</strong></span> <span class='ocrx_word' id='word_1_21' title='bbox 2421 451 2475 496; x_wconf 91' lang='lat' dir='ltr'><strong>te</strong></span> <span class='ocrx_word' id='word_1_22' title='bbox 2497 439 2554 495; x_wconf 90' lang='lat' dir='ltr'><strong>in</strong></span> <span class='ocrx_word' id='word_1_23' title='bbox 2583 449 2636 496; x_wconf 89' lang='lat' dir='ltr'><strong>te</strong></span> <span class='ocrx_word' id='word_1_24' title='bbox 2662 437 2773 494; x_wconf 93' lang='lat' dir='ltr'><strong>frui</strong></span> <span class='ocrx_word' id='word_1_25' title='bbox 2801 437 2936 505; x_wconf 92' lang='lat' dir='ltr'><strong>vult,</strong></span> <span class='ocrx_word' id='word_1_26' title='bbox 2959 451 3054 492; x_wconf 88' lang='lat' dir='ltr'><strong>eas</strong></span> <span class='ocrx_word' id='word_1_27' title='bbox 3080 450 3112 490; x_wconf 70' lang='grc' dir='ltr'><strong>ιι</strong></span> <span class='ocrx_word' id='word_1_28' title='bbox 3139 443 3192 490; x_wconf 88' lang='lat' dir='ltr'><strong>te</strong></span> <span class='ocrx_word' id='word_1_29' title='bbox 3215 433 3421 506; x_wconf 86' lang='lat' dir='ltr'><strong>gratias</strong></span> <span class='ocrx_word' id='word_1_30' title='bbox 3447 432 3641 489; x_wconf 85' lang='lat' dir='ltr'><strong>meruit</strong></span> <span class='ocrx_word' id='word_1_31' title='bbox 3659 449 3792 507; x_wconf 76' lang='lat' dir='ltr'><strong>quas</strong></span> 
     </span>
    </p>
   </div>
   <div class='ocr_carea' id='block_1_5' title="bbox 523 539 2112 626">
    <p class='ocr_par' dir='ltr' id='par_1_5' title="bbox 523 539 2112 626">
     <span class='ocr_line' id='line_1_5' title="bbox 523 539 2112 626; baseline -0.01 -18"><span class='ocrx_word' id='word_1_32' title='bbox 523 556 704 626; x_wconf 71' lang='lat' dir='ltr'><strong>hujus,</strong></span> <span class='ocrx_word' id='word_1_33' title='bbox 729 554 982 612; x_wconf 78' lang='lat' dir='ltr'><strong>inimicus</strong></span> <span class='ocrx_word' id='word_1_34' title='bbox 1009 551 1108 608; x_wconf 83' lang='lat' dir='ltr'><strong>Dei</strong></span> <span class='ocrx_word' id='word_1_35' title='bbox 1133 547 1477 610; x_wconf 71' lang='lat' dir='ltr'><strong>constituitur</strong></span> <span class='ocrx_word' id='word_1_36' title='bbox 1500 543 1642 617; x_wconf 83' lang='lat' dir='ltr'><strong>(Jac.</strong></span> <span class='ocrx_word' id='word_1_37' title='bbox 1669 559 1744 610; x_wconf 81' lang='grc' dir='ltr'><strong>ιν,</strong></span> <span class='ocrx_word' id='word_1_38' title='bbox 1767 541 1844 612; x_wconf 67' lang='grc'><strong>4).</strong></span> <span class='ocrx_word' id='word_1_39' title='bbox 1881 539 1987 608; x_wconf 91' lang='lat' dir='ltr'><strong>Qui</strong></span> <span class='ocrx_word' id='word_1_40' title='bbox 2009 554 2112 594; x_wconf 88' lang='lat' dir='ltr'><strong>au-</strong></span> 
     </span>
    </p>
   </div>
   <div class='ocr_carea' id='block_1_6' title="bbox 519 633 2112 718">
    <p class='ocr_par' dir='ltr' id='par_1_6' title="bbox 519 633 2112 718">
     <span class='ocr_line' id='line_1_6' title="bbox 519 633 2112 718; baseline -0.009 -14"><span class='ocrx_word' id='word_1_41' title='bbox 519 661 637 706; x_wconf 79' lang='lat' dir='ltr'><strong>tem</strong></span> <span class='ocrx_word' id='word_1_42' title='bbox 657 639 834 718; x_wconf 81' lang='lat' dir='ltr'><strong>diligit</strong></span> <span class='ocrx_word' id='word_1_43' title='bbox 865 646 952 702; x_wconf 88' lang='lat' dir='ltr'><strong>vel</strong></span> <span class='ocrx_word' id='word_1_44' title='bbox 987 659 1152 702; x_wconf 85' lang='lat' dir='ltr'><strong>unam</strong></span> <span class='ocrx_word' id='word_1_45' title='bbox 1177 654 1423 696; x_wconf 81' lang='lat' dir='ltr'><strong>muscam</strong></span> <span class='ocrx_word' id='word_1_46' title='bbox 1455 638 1511 692; x_wconf 88' lang='lat' dir='ltr'><strong>in</strong></span> <span class='ocrx_word' id='word_1_47' title='bbox 1541 637 1648 692; x_wconf 89' lang='lat' dir='ltr'><strong>hoc</strong></span> <span class='ocrx_word' id='word_1_48' title='bbox 1679 633 1906 699; x_wconf 82' lang='lat' dir='ltr'><strong>mundo,</strong></span> <span class='ocrx_word' id='word_1_49' title='bbox 1936 639 2112 689; x_wconf 81' lang='lat' dir='ltr'><strong>totum</strong></span> 
     </span>
    </p>
   </div>
   <div class='ocr_carea' id='block_1_7' title="bbox 519 724 2112 806">
    <p class='ocr_par' dir='ltr' id='par_1_7' title="bbox 519 724 2112 806">
     <span class='ocr_line' id='line_1_7' title="bbox 519 724 2112 806; baseline -0.011 -11"><span class='ocrx_word' id='word_1_50' title='bbox 519 737 796 794; x_wconf 81' lang='lat' dir='ltr'><strong>mundum</strong></span> <span class='ocrx_word' id='word_1_51' title='bbox 817 736 1008 806; x_wconf 75' lang='lat' dir='ltr'><strong>diligat</strong></span> <span class='ocrx_word' id='word_1_52' title='bbox 1048 746 1272 788; x_wconf 89' lang='lat' dir='ltr'><strong>necesse</strong></span> <span class='ocrx_word' id='word_1_53' title='bbox 1297 737 1400 784; x_wconf 88' lang='lat' dir='ltr'><strong>est.</strong></span> <span class='ocrx_word' id='word_1_54' title='bbox 1448 727 1620 782; x_wconf 86' lang='lat' dir='ltr'><strong>Totus</strong></span> <span class='ocrx_word' id='word_1_55' title='bbox 1649 725 1794 782; x_wconf 82' lang='lat' dir='ltr'><strong>enim</strong></span> <span class='ocrx_word' id='word_1_56' title='bbox 1851 724 1902 779; x_wconf 82' lang='lat' dir='ltr'><strong>ei</strong></span> <span class='ocrx_word' id='word_1_57' title='bbox 1945 737 2112 794; x_wconf 83' lang='lat' dir='ltr'><strong>quam</strong></span> 
     </span>
    </p>
   </div>
   <div class='ocr_carea' id='block_1_8' title="bbox 521 815 2114 903">
    <p class='ocr_par' dir='ltr' id='par_1_8' title="bbox 521 815 2114 903">
     <span class='ocr_line' id='line_1_8' title="bbox 521 815 2114 903; baseline -0.012 -16"><span class='ocrx_word' id='word_1_58' title='bbox 521 831 705 903; x_wconf 83' lang='lat' dir='ltr'><strong>diligit</strong></span> <span class='ocrx_word' id='word_1_59' title='bbox 745 829 824 885; x_wconf 90' lang='lat' dir='ltr'><strong>rei</strong></span> <span class='ocrx_word' id='word_1_60' title='bbox 851 825 1194 884; x_wconf 85' lang='lat' dir='ltr'><strong>necessarius</strong></span> <span class='ocrx_word' id='word_1_61' title='bbox 1223 831 1326 877; x_wconf 89' lang='lat' dir='ltr'><strong>est.</strong></span> <span class='ocrx_word' id='word_1_62' title='bbox 1358 820 1530 876; x_wconf 87' lang='lat' dir='ltr'><strong>Porro</strong></span> <span class='ocrx_word' id='word_1_63' title='bbox 1558 818 1804 890; x_wconf 87' lang='lat' dir='ltr'><strong>quandiu</strong></span> <span class='ocrx_word' id='word_1_64' title='bbox 1833 831 1990 872; x_wconf 87' lang='lat' dir='ltr'><strong>amor</strong></span> <span class='ocrx_word' id='word_1_65' title='bbox 2012 815 2114 869; x_wconf 80' lang='lat' dir='ltr'><strong>hu-</strong></span> 
     </span>
    </p>
   </div>
   <div class='ocr_carea' id='block_1_9' title="bbox 517 905 2114 993">
    <p class='ocr_par' dir='ltr' id='par_1_9' title="bbox 517 905 2114 993">
     <span class='ocr_line' id='line_1_9' title="bbox 517 905 2114 993; baseline -0.012 -14"><span class='ocrx_word' id='word_1_66' title='bbox 517 920 618 993; x_wconf 76' lang='lat' dir='ltr'><strong>jus</strong></span> <span class='ocrx_word' id='word_1_67' title='bbox 640 920 849 986; x_wconf 89' lang='lat' dir='ltr'><strong>mundi,</strong></span> <span class='ocrx_word' id='word_1_68' title='bbox 875 916 1059 974; x_wconf 88' lang='lat' dir='ltr'><strong>tandiu</strong></span> <span class='ocrx_word' id='word_1_69' title='bbox 1093 911 1394 968; x_wconf 70' lang='lat' dir='ltr'><strong>inimicitiae</strong></span> <span class='ocrx_word' id='word_1_70' title='bbox 1423 911 1564 966; x_wconf 81' lang='lat' dir='ltr'><strong>inter</strong></span> <span class='ocrx_word' id='word_1_71' title='bbox 1585 907 1756 964; x_wconf 86' lang='lat' dir='ltr'><strong>Deum</strong></span> <span class='ocrx_word' id='word_1_72' title='bbox 1787 915 1842 964; x_wconf 88' lang='lat' dir='ltr'><strong>ct</strong></span> <span class='ocrx_word' id='word_1_73' title='bbox 1863 905 2114 963; x_wconf 86' lang='lat' dir='ltr'><strong>homines</strong></span> 
     </span>
    </p>
   </div>
   <div class='ocr_carea' id='block_1_10' title="bbox 521 997 2114 1080">
    <p class='ocr_par' dir='ltr' id='par_1_10' title="bbox 521 997 2114 1080">
     <span class='ocr_line' id='line_1_10' title="bbox 521 997 2114 1080; baseline -0.013 -7"><span class='ocrx_word' id='word_1_74' title='bbox 521 1023 677 1072; x_wconf 74' lang='lat' dir='ltr'><strong>sunt.</strong></span> <span class='ocrx_word' id='word_1_75' title='bbox 707 1012 844 1069; x_wconf 89' lang='lat' dir='ltr'><strong>Cum</strong></span> <span class='ocrx_word' id='word_1_76' title='bbox 889 1023 1020 1080; x_wconf 78' lang='lat' dir='ltr'><strong>ergo</strong></span> <span class='ocrx_word' id='word_1_77' title='bbox 1043 1008 1112 1062; x_wconf 87' lang='lat' dir='ltr'><strong>ab</strong></span> <span class='ocrx_word' id='word_1_78' title='bbox 1136 1007 1218 1063; x_wconf 88' lang='lat' dir='ltr'><strong>eis</strong></span> <span class='ocrx_word' id='word_1_79' title='bbox 1256 1016 1307 1061; x_wconf 90' lang='lat' dir='ltr'><strong>te</strong></span> <span class='ocrx_word' id='word_1_80' title='bbox 1330 1005 1416 1062; x_wconf 88' lang='lat' dir='ltr'><strong>vis</strong></span> <span class='ocrx_word' id='word_1_81' title='bbox 1449 1003 1624 1075; x_wconf 79' lang='lat' dir='ltr'><strong>diligi,</strong></span> <span class='ocrx_word' id='word_1_82' title='bbox 1660 1011 1736 1067; x_wconf 40' lang='lat' dir='ltr'><strong>ut,</strong></span> <span class='ocrx_word' id='word_1_83' title='bbox 1762 999 1968 1055; x_wconf 87' lang='lat' dir='ltr'><strong>inimici</strong></span> <span class='ocrx_word' id='word_1_84' title='bbox 2003 997 2114 1052; x_wconf 83' lang='lat' dir='ltr'><strong>Deo</strong></span> 
     </span>
    </p>
   </div>
   <div class='ocr_carea' id='block_1_11' title="bbox 528 1095 2110 1168">
    <p class='ocr_par' dir='ltr' id='par_1_11' title="bbox 528 1095 2110 1168">
     <span class='ocr_line' id='line_1_11' title="bbox 528 1095 2110 1168; baseline -0.012 -5"><span class='ocrx_word' id='word_1_85' title='bbox 528 1108 663 1163; x_wconf 83' lang='lat' dir='ltr'><strong>ﬁant</strong></span> <span class='ocrx_word' id='word_1_86' title='bbox 688 1105 789 1160; x_wconf 85' lang='lat' dir='ltr'><strong>vis.</strong></span> <span class='ocrx_word' id='word_1_87' title='bbox 823 1099 1096 1156; x_wconf 65' lang='lat' dir='ltr'><strong>Praedicas</strong></span> <span class='ocrx_word' id='word_1_88' title='bbox 1132 1107 1316 1156; x_wconf 86' lang='lat' dir='ltr'><strong>autem</strong></span> <span class='ocrx_word' id='word_1_89' title='bbox 1347 1095 1691 1168; x_wconf 86' lang='lat' dir='ltr'><strong>utquidquid</strong></span> <span class='ocrx_word' id='word_1_90' title='bbox 1722 1101 1807 1148; x_wconf 91' lang='lat' dir='ltr'><strong>est</strong></span> <span class='ocrx_word' id='word_1_91' title='bbox 1843 1099 2110 1156; x_wconf 86' lang='lat' dir='ltr'><strong>creatum,</strong></span> 
     </span>
    </p>
   </div>
   <div class='ocr_carea' id='block_1_12' title="bbox 519 1181 2113 1261">
    <p class='ocr_par' dir='ltr' id='par_1_12' title="bbox 519 1181 2113 1261">
     <span class='ocr_line' id='line_1_12' title="bbox 519 1181 2113 1261; baseline -0.011 -6"><span class='ocrx_word' id='word_1_92' title='bbox 519 1201 926 1258; x_wconf 71' lang='lat' dir='ltr'><strong>contemnatur,</strong></span> <span class='ocrx_word' id='word_1_93' title='bbox 950 1201 1224 1261; x_wconf 77' lang='lat' dir='ltr'><strong>quatenus</strong></span> <span class='ocrx_word' id='word_1_94' title='bbox 1247 1189 1359 1244; x_wconf 86' lang='lat' dir='ltr'><strong>Deo</strong></span> <span class='ocrx_word' id='word_1_95' title='bbox 1386 1187 1826 1244; x_wconf 78' lang='lat' dir='ltr'><strong>reconcilientur.</strong></span> <span class='ocrx_word' id='word_1_96' title='bbox 1852 1181 2113 1252; x_wconf 83' lang='lat' dir='ltr'><strong>Nunquid</strong></span> 
     </span>
    </p>
   </div>
   <div class='ocr_carea' id='block_1_13' title="bbox 514 1274 2115 1359">
    <p class='ocr_par' dir='ltr' id='par_1_13' title="bbox 514 1274 2115 1359">
     <span class='ocr_line' id='line_1_13' title="bbox 514 1274 2115 1359; baseline -0.009 -17"><span class='ocrx_word' id='word_1_97' title='bbox 514 1305 654 1359; x_wconf 76' lang='lat' dir='ltr'><strong>ergo</strong></span> <span class='ocrx_word' id='word_1_98' title='bbox 677 1295 728 1342; x_wconf 84' lang='lat' dir='ltr'><strong>te</strong></span> <span class='ocrx_word' id='word_1_99' title='bbox 757 1287 938 1341; x_wconf 87' lang='lat' dir='ltr'><strong>solum</strong></span> <span class='ocrx_word' id='word_1_100' title='bbox 979 1290 1312 1354; x_wconf 80' lang='lat' dir='ltr'><strong>excepturus</strong></span> <span class='ocrx_word' id='word_1_101' title='bbox 1354 1297 1434 1347; x_wconf 87' lang='lat' dir='ltr'><strong>es,</strong></span> <span class='ocrx_word' id='word_1_102' title='bbox 1471 1280 1832 1348; x_wconf 85' lang='lat' dir='ltr'><strong>dicturusque</strong></span> <span class='ocrx_word' id='word_1_103' title='bbox 1876 1274 2115 1332; x_wconf 86' lang='lat' dir='ltr'><strong>homini-</strong></span> 
     </span>
    </p>
   </div>
   <div class='ocr_carea' id='block_1_14' title="bbox 523 1371 2111 1443">
    <p class='ocr_par' dir='ltr' id='par_1_14' title="bbox 523 1371 2111 1443">
     <span class='ocr_line' id='line_1_14' title="bbox 523 1371 2111 1443; baseline -0.009 -8"><span class='ocrx_word' id='word_1_104' title='bbox 523 1382 669 1435; x_wconf 82' lang='lat' dir='ltr'><strong>bus:</strong></span> <span class='ocrx_word' id='word_1_105' title='bbox 709 1377 905 1432; x_wconf 84' lang='lat' dir='ltr'><strong>Omnia</strong></span> <span class='ocrx_word' id='word_1_106' title='bbox 947 1375 1284 1434; x_wconf 81' lang='lat' dir='ltr'><strong>contemnite</strong></span> <span class='ocrx_word' id='word_1_107' title='bbox 1322 1382 1542 1443; x_wconf 80' lang='lat' dir='ltr'><strong>propter</strong></span> <span class='ocrx_word' id='word_1_108' title='bbox 1569 1371 1740 1426; x_wconf 85' lang='lat' dir='ltr'><strong>Deum</strong></span> <span class='ocrx_word' id='word_1_109' title='bbox 1771 1376 1966 1439; x_wconf 72' lang='lat' dir='ltr'><strong>praeter</strong></span> <span class='ocrx_word' id='word_1_110' title='bbox 2003 1381 2111 1432; x_wconf 91' lang='lat' dir='ltr'><strong>me,</strong></span> 
     </span>
    </p>
   </div>
   <div class='ocr_carea' id='block_1_15' title="bbox 523 1458 2115 1536">
    <p class='ocr_par' dir='ltr' id='par_1_15' title="bbox 523 1458 2115 1536">
     <span class='ocr_line' id='line_1_15' title="bbox 523 1458 2115 1536; baseline -0.008 -11"><span class='ocrx_word' id='word_1_111' title='bbox 523 1481 585 1526; x_wconf 90' lang='lat' dir='ltr'><strong>ut</strong></span> <span class='ocrx_word' id='word_1_112' title='bbox 619 1471 831 1526; x_wconf 69' lang='lat' dir='ltr'><strong>scilicet</strong></span> <span class='ocrx_word' id='word_1_113' title='bbox 858 1469 936 1523; x_wconf 89' lang='lat' dir='ltr'><strong>nil</strong></span> <span class='ocrx_word' id='word_1_114' title='bbox 973 1469 1044 1524; x_wconf 88' lang='lat' dir='ltr'><strong>sit</strong></span> <span class='ocrx_word' id='word_1_115' title='bbox 1085 1467 1234 1523; x_wconf 84' lang='lat' dir='ltr'><strong>aliud</strong></span> <span class='ocrx_word' id='word_1_116' title='bbox 1263 1467 1410 1536; x_wconf 88' lang='lat' dir='ltr'><strong>quod</strong></span> <span class='ocrx_word' id='word_1_117' title='bbox 1456 1463 1716 1534; x_wconf 80' lang='lat' dir='ltr'><strong>impediat</strong></span> <span class='ocrx_word' id='word_1_118' title='bbox 1768 1458 2115 1517; x_wconf 88' lang='lat' dir='ltr'><strong>reconciliari</strong></span> 
     </span>
    </p>
   </div>
   <div class='ocr_carea' id='block_1_16' title="bbox 522 1552 2114 1628">
    <p class='ocr_par' dir='ltr' id='par_1_16' title="bbox 522 1552 2114 1628">
     <span class='ocr_line' id='line_1_16' title="bbox 522 1552 2114 1628; baseline -0.008 -10"><span class='ocrx_word' id='word_1_119' title='bbox 522 1564 780 1618; x_wconf 76' lang='lat' dir='ltr'><strong>homines</strong></span> <span class='ocrx_word' id='word_1_120' title='bbox 815 1561 950 1627; x_wconf 88' lang='lat' dir='ltr'><strong>Deo,</strong></span> <span class='ocrx_word' id='word_1_121' title='bbox 984 1559 1093 1616; x_wconf 87' lang='lat' dir='ltr'><strong>nisi</strong></span> <span class='ocrx_word' id='word_1_122' title='bbox 1123 1569 1203 1627; x_wconf 91' lang='lat' dir='ltr'><strong>tu,</strong></span> <span class='ocrx_word' id='word_1_123' title='bbox 1251 1568 1416 1628; x_wconf 85' lang='lat' dir='ltr'><strong>atque</strong></span> <span class='ocrx_word' id='word_1_124' title='bbox 1455 1557 1528 1611; x_wconf 86' lang='lat' dir='ltr'><strong>ita</strong></span> <span class='ocrx_word' id='word_1_125' title='bbox 1574 1562 1795 1625; x_wconf 84' lang='lat' dir='ltr'><strong>propter</strong></span> <span class='ocrx_word' id='word_1_126' title='bbox 1841 1561 1896 1608; x_wconf 90' lang='lat' dir='ltr'><strong>te</strong></span> <span class='ocrx_word' id='word_1_127' title='bbox 1936 1552 2114 1608; x_wconf 87' lang='lat' dir='ltr'><strong>solum</strong></span> 
     </span>
    </p>
   </div>
   <div class='ocr_carea' id='block_1_17' title="bbox 517 1643 2116 1718">
    <p class='ocr_par' dir='ltr' id='par_1_17' title="bbox 517 1643 2116 1718">
     <span class='ocr_line' id='line_1_17' title="bbox 517 1643 2116 1718; baseline -0.009 -7"><span class='ocrx_word' id='word_1_128' title='bbox 517 1653 828 1711; x_wconf 64' lang='lat' dir='ltr'><strong>inimicitia:</strong></span> <span class='ocrx_word' id='word_1_129' title='bbox 862 1654 1005 1708; x_wconf 88' lang='lat' dir='ltr'><strong>inter</strong></span> <span class='ocrx_word' id='word_1_130' title='bbox 1030 1651 1200 1709; x_wconf 88' lang='lat' dir='ltr'><strong>Deum</strong></span> <span class='ocrx_word' id='word_1_131' title='bbox 1233 1659 1288 1706; x_wconf 90' lang='lat' dir='ltr'><strong>et</strong></span> <span class='ocrx_word' id='word_1_132' title='bbox 1315 1649 1568 1704; x_wconf 88' lang='lat' dir='ltr'><strong>homines</strong></span> <span class='ocrx_word' id='word_1_133' title='bbox 1593 1653 1967 1718; x_wconf 83' lang='lat' dir='ltr'><strong>perseverent,</strong></span> <span class='ocrx_word' id='word_1_134' title='bbox 2017 1643 2116 1698; x_wconf 89' lang='lat' dir='ltr'><strong>sit-</strong></span> 
     </span>
    </p>
   </div>
   <div class='ocr_carea' id='block_1_18' title="bbox 517 1738 2114 1821">
    <p class='ocr_par' dir='ltr' id='par_1_18' title="bbox 517 1738 2114 1821">
     <span class='ocr_line' id='line_1_18' title="bbox 517 1738 2114 1821; baseline -0.008 -16"><span class='ocrx_word' id='word_1_135' title='bbox 517 1765 634 1821; x_wconf 83' lang='lat' dir='ltr'><strong>que</strong></span> <span class='ocrx_word' id='word_1_136' title='bbox 663 1763 826 1804; x_wconf 82' lang='lat' dir='ltr'><strong>nemo</strong></span> <span class='ocrx_word' id='word_1_137' title='bbox 848 1747 1054 1814; x_wconf 85' lang='lat' dir='ltr'><strong>salvus,</strong></span> <span class='ocrx_word' id='word_1_138' title='bbox 1079 1747 1209 1803; x_wconf 83' lang='lat' dir='ltr'><strong>dum</strong></span> <span class='ocrx_word' id='word_1_139' title='bbox 1238 1744 1513 1816; x_wconf 81' lang='lat' dir='ltr'><strong>diligendo</strong></span> <span class='ocrx_word' id='word_1_140' title='bbox 1535 1752 1605 1808; x_wconf 87' lang='lat' dir='ltr'><strong>te,</strong></span> <span class='ocrx_word' id='word_1_141' title='bbox 1640 1750 1814 1797; x_wconf 90' lang='lat' dir='ltr'><strong>totum</strong></span> <span class='ocrx_word' id='word_1_142' title='bbox 1846 1738 2114 1794; x_wconf 85' lang='lat' dir='ltr'><strong>mundum</strong></span> 
     </span>
    </p>
   </div>
   <div class='ocr_carea' id='block_1_19' title="bbox 2215 513 3592 600">
    <p class='ocr_par' dir='ltr' id='par_1_19' title="bbox 2215 513 3592 600">
     <span class='ocr_line' id='line_1_19' title="bbox 2215 513 3592 600; baseline -0.006 -14"><span class='ocrx_word' id='word_1_143' title='bbox 2215 513 2420 586; x_wconf 70' lang='lat' dir='ltr'><strong>musca:</strong></span> <span class='ocrx_word' id='word_1_144' title='bbox 2451 538 2508 586; x_wconf 88' lang='lat' dir='ltr'><strong>et</strong></span> <span class='ocrx_word' id='word_1_145' title='bbox 2531 529 2762 600; x_wconf 84' lang='lat' dir='ltr'><strong>pulices,</strong></span> <span class='ocrx_word' id='word_1_146' title='bbox 2789 535 2946 584; x_wconf 89' lang='lat' dir='ltr'><strong>tuum</strong></span> <span class='ocrx_word' id='word_1_147' title='bbox 2968 533 3230 597; x_wconf 76' lang='lat' dir='ltr'><strong>sugentes</strong></span> <span class='ocrx_word' id='word_1_148' title='bbox 3252 523 3592 596; x_wconf 86' lang='lat' dir='ltr'><strong>sanguinem.</strong></span> 
     </span>
    </p>
   </div>
   <div class='ocr_carea' id='block_1_20' title="bbox 2287 607 3792 692">
    <p class='ocr_par' dir='ltr' id='par_1_20' title="bbox 2287 607 3792 692">
     <span class='ocr_line' id='line_1_20' title="bbox 2287 607 3792 692; baseline -0.001 -16"><span class='ocrx_word' id='word_1_149' title='bbox 2287 621 2344 676; x_wconf 89' lang='lat' dir='ltr'><strong>Si</strong></span> <span class='ocrx_word' id='word_1_150' title='bbox 2393 607 2517 678; x_wconf 65' lang='lat' dir='ltr'><strong>haec</strong></span> <span class='ocrx_word' id='word_1_151' title='bbox 2553 620 2778 692; x_wconf 84' lang='lat' dir='ltr'><strong>(quibus</strong></span> <span class='ocrx_word' id='word_1_152' title='bbox 2802 619 2858 674; x_wconf 91' lang='lat' dir='ltr'><strong>in</strong></span> <span class='ocrx_word' id='word_1_153' title='bbox 2889 625 3072 674; x_wconf 89' lang='lat' dir='ltr'><strong>mente</strong></span> <span class='ocrx_word' id='word_1_154' title='bbox 3109 625 3204 672; x_wconf 89' lang='lat' dir='ltr'><strong>tua</strong></span> <span class='ocrx_word' id='word_1_155' title='bbox 3245 615 3532 686; x_wconf 83' lang='lat' dir='ltr'><strong>impressis</strong></span> <span class='ocrx_word' id='word_1_156' title='bbox 3567 614 3792 674; x_wconf 82' lang='lat' dir='ltr'><strong>admin-</strong></span> 
     </span>
    </p>
   </div>
   <div class='ocr_carea' id='block_1_21' title="bbox 2208 706 3791 782">
    <p class='ocr_par' dir='ltr' id='par_1_21' title="bbox 2208 706 3791 782">
     <span class='ocr_line' id='line_1_21' title="bbox 2208 706 3791 782; baseline -0.004 -14"><span class='ocrx_word' id='word_1_157' title='bbox 2208 713 2361 769; x_wconf 89' lang='lat' dir='ltr'><strong>tione</strong></span> <span class='ocrx_word' id='word_1_158' title='bbox 2383 721 2438 767; x_wconf 90' lang='lat' dir='ltr'><strong>et</strong></span> <span class='ocrx_word' id='word_1_159' title='bbox 2455 727 2662 778; x_wconf 88' lang='lat' dir='ltr'><strong>amore,</strong></span> <span class='ocrx_word' id='word_1_160' title='bbox 2686 710 2779 782; x_wconf 89' lang='lat' dir='ltr'><strong>qui</strong></span> <span class='ocrx_word' id='word_1_161' title='bbox 2802 710 2984 766; x_wconf 86' lang='lat' dir='ltr'><strong>cultus</strong></span> <span class='ocrx_word' id='word_1_162' title='bbox 3013 707 3115 764; x_wconf 90' lang='lat' dir='ltr'><strong>soli</strong></span> <span class='ocrx_word' id='word_1_163' title='bbox 3140 706 3251 762; x_wconf 90' lang='lat' dir='ltr'><strong>Deo</strong></span> <span class='ocrx_word' id='word_1_164' title='bbox 3277 707 3527 774; x_wconf 81' lang='lat' dir='ltr'><strong>debetur,</strong></span> <span class='ocrx_word' id='word_1_165' title='bbox 3549 723 3791 762; x_wconf 85' lang='lat' dir='ltr'><strong>succum—</strong></span> 
     </span>
    </p>
   </div>
   <div class='ocr_carea' id='block_1_22' title="bbox 2213 797 3790 874">
    <p class='ocr_par' dir='ltr' id='par_1_22' title="bbox 2213 797 3790 874">
     <span class='ocr_line' id='line_1_22' title="bbox 2213 797 3790 874; baseline -0.004 -16"><span class='ocrx_word' id='word_1_166' title='bbox 2213 803 2322 874; x_wconf 88' lang='lat' dir='ltr'><strong>bis)</strong></span> <span class='ocrx_word' id='word_1_167' title='bbox 2354 802 2407 858; x_wconf 88' lang='lat' dir='ltr'><strong>in</strong></span> <span class='ocrx_word' id='word_1_168' title='bbox 2435 803 2622 873; x_wconf 89' lang='lat' dir='ltr'><strong>aliquo</strong></span> <span class='ocrx_word' id='word_1_169' title='bbox 2647 801 2850 872; x_wconf 78' lang='lat' dir='ltr'><strong>angulo</strong></span> <span class='ocrx_word' id='word_1_170' title='bbox 2872 799 3094 868; x_wconf 87' lang='lat' dir='ltr'><strong>domus,</strong></span> <span class='ocrx_word' id='word_1_171' title='bbox 3127 814 3226 854; x_wconf 89' lang='lat' dir='ltr'><strong>seu</strong></span> <span class='ocrx_word' id='word_1_172' title='bbox 3257 797 3494 868; x_wconf 83' lang='lat' dir='ltr'><strong>sculpta,</strong></span> <span class='ocrx_word' id='word_1_173' title='bbox 3519 811 3611 852; x_wconf 88' lang='lat' dir='ltr'><strong>seu</strong></span> <span class='ocrx_word' id='word_1_174' title='bbox 3631 798 3790 868; x_wconf 72' lang='lat' dir='ltr'><strong>picta,</strong></span> 
     </span>
    </p>
   </div>
   <div class='ocr_carea' id='block_1_23' title="bbox 2215 885 3798 959">
    <p class='ocr_par' dir='ltr' id='par_1_23' title="bbox 2215 885 3798 959">
     <span class='ocr_line' id='line_1_23' title="bbox 2215 885 3798 959; baseline -0.003 -11"><span class='ocrx_word' id='word_1_175' title='bbox 2215 894 2581 950; x_wconf 86' lang='lat' dir='ltr'><strong>admiratione</strong></span> <span class='ocrx_word' id='word_1_176' title='bbox 2627 909 2724 949; x_wconf 90' lang='lat' dir='ltr'><strong>seu</strong></span> <span class='ocrx_word' id='word_1_177' title='bbox 2761 907 2970 958; x_wconf 90' lang='lat' dir='ltr'><strong>amore,</strong></span> <span class='ocrx_word' id='word_1_178' title='bbox 3020 900 3120 946; x_wconf 87' lang='lat' dir='ltr'><strong>seu</strong></span> <span class='ocrx_word' id='word_1_179' title='bbox 3171 888 3422 959; x_wconf 84' lang='lat' dir='ltr'><strong>corporis</strong></span> <span class='ocrx_word' id='word_1_180' title='bbox 3461 885 3798 943; x_wconf 77' lang='lat' dir='ltr'><strong>inclinatione</strong></span> 
     </span>
    </p>
   </div>
   <div class='ocr_carea' id='block_1_24' title="bbox 2214 979 3800 1052">
    <p class='ocr_par' dir='ltr' id='par_1_24' title="bbox 2214 979 3800 1052">
     <span class='ocr_line' id='line_1_24' title="bbox 2214 979 3800 1052; baseline -0.003 -13"><span class='ocrx_word' id='word_1_181' title='bbox 2214 985 2582 1052; x_wconf 88' lang='lat' dir='ltr'><strong>venerareris,</strong></span> <span class='ocrx_word' id='word_1_182' title='bbox 2621 993 2676 1040; x_wconf 86' lang='lat' dir='ltr'><strong>et</strong></span> <span class='ocrx_word' id='word_1_183' title='bbox 2701 985 3078 1040; x_wconf 84' lang='lat' dir='ltr'><strong>innotescerct</strong></span> <span class='ocrx_word' id='word_1_184' title='bbox 3128 982 3352 1052; x_wconf 83' lang='lat' dir='ltr'><strong>populo,</strong></span> <span class='ocrx_word' id='word_1_185' title='bbox 3389 979 3526 1051; x_wconf 88' lang='lat' dir='ltr'><strong>quid</strong></span> <span class='ocrx_word' id='word_1_186' title='bbox 3549 979 3614 1035; x_wconf 91' lang='lat' dir='ltr'><strong>de</strong></span> <span class='ocrx_word' id='word_1_187' title='bbox 3642 989 3692 1035; x_wconf 86' lang='lat' dir='ltr'><strong>te</strong></span> <span class='ocrx_word' id='word_1_188' title='bbox 3717 979 3800 1035; x_wconf 76' lang='lat' dir='ltr'><strong>fa-</strong></span> 
     </span>
    </p>
   </div>
   <div class='ocr_carea' id='block_1_25' title="bbox 2212 1079 2401 1135">
    <p class='ocr_par' dir='ltr' id='par_1_25' title="bbox 2212 1079 2401 1135">
     <span class='ocr_line' id='line_1_25' title="bbox 2212 1079 2401 1135; baseline -0.011 -1"><span class='ocrx_word' id='word_1_189' title='bbox 2212 1079 2401 1135; x_wconf 78' lang='lat' dir='ltr'><strong>ceret?</strong></span> 
     </span>
    </p>
   </div>
   <div class='ocr_carea' id='block_1_26' title="bbox 2284 1163 3804 1240">
    <p class='ocr_par' dir='ltr' id='par_1_26' title="bbox 2284 1163 3804 1240">
     <span class='ocr_line' id='line_1_26' title="bbox 2284 1163 3804 1240; baseline -0.001 -16"><span class='ocrx_word' id='word_1_190' title='bbox 2284 1169 2480 1225; x_wconf 88' lang='lat' dir='ltr'><strong>Mulier</strong></span> <span class='ocrx_word' id='word_1_191' title='bbox 2508 1177 2874 1240; x_wconf 72' lang='lat' dir='ltr'><strong>quze‘propter</strong></span> <span class='ocrx_word' id='word_1_192' title='bbox 2901 1166 3010 1221; x_wconf 92' lang='lat' dir='ltr'><strong>hoc</strong></span> <span class='ocrx_word' id='word_1_193' title='bbox 3040 1180 3150 1221; x_wconf 87' lang='lat' dir='ltr'><strong>non</strong></span> <span class='ocrx_word' id='word_1_194' title='bbox 3177 1163 3508 1231; x_wconf 76' lang='lat' dir='ltr'><strong>fornicatur,</strong></span> <span class='ocrx_word' id='word_1_195' title='bbox 3531 1173 3583 1219; x_wconf 89' lang='lat' dir='ltr'><strong>et</strong></span> <span class='ocrx_word' id='word_1_196' title='bbox 3605 1163 3804 1222; x_wconf 76' lang='lat' dir='ltr'><strong>deserit</strong></span> 
     </span>
    </p>
   </div>
   <div class='ocr_carea' id='block_1_27' title="bbox 2213 1255 3802 1336">
    <p class='ocr_par' dir='ltr' id='par_1_27' title="bbox 2213 1255 3802 1336">
     <span class='ocr_line' id='line_1_27' title="bbox 2213 1255 3802 1336; baseline -0.005 -17"><span class='ocrx_word' id='word_1_197' title='bbox 2213 1264 2496 1336; x_wconf 87' lang='lat' dir='ltr'><strong>proprium</strong></span> <span class='ocrx_word' id='word_1_198' title='bbox 2543 1263 2749 1328; x_wconf 79' lang='lat' dir='ltr'><strong>virum,</strong></span> <span class='ocrx_word' id='word_1_199' title='bbox 2797 1259 2927 1330; x_wconf 83' lang='lat' dir='ltr'><strong>quia</strong></span> <span class='ocrx_word' id='word_1_200' title='bbox 2973 1273 3082 1313; x_wconf 93' lang='lat' dir='ltr'><strong>non</strong></span> <span class='ocrx_word' id='word_1_201' title='bbox 3127 1256 3337 1312; x_wconf 87' lang='lat' dir='ltr'><strong>invenit</strong></span> <span class='ocrx_word' id='word_1_202' title='bbox 3373 1255 3676 1310; x_wconf 84' lang='lat' dir='ltr'><strong>adulterum</strong></span> <span class='ocrx_word' id='word_1_203' title='bbox 3707 1255 3802 1311; x_wconf 68' lang='lat' dir='ltr'><strong>diu</strong></span> 
     </span>
    </p>
   </div>
   <div class='ocr_carea' id='block_1_28' title="bbox 2216 1347 3804 1420">
    <p class='ocr_par' dir='ltr' id='par_1_28' title="bbox 2216 1347 3804 1420">
     <span class='ocr_line' id='line_1_28' title="bbox 2216 1347 3804 1420; baseline -0.006 -9"><span class='ocrx_word' id='word_1_204' title='bbox 2216 1370 2566 1420; x_wconf 82' lang='lat' dir='ltr'><strong>mansurum,</strong></span> <span class='ocrx_word' id='word_1_205' title='bbox 2590 1367 2700 1406; x_wconf 90' lang='lat' dir='ltr'><strong>non</strong></span> <span class='ocrx_word' id='word_1_206' title='bbox 2728 1351 2866 1406; x_wconf 86' lang='lat' dir='ltr'><strong>vitat</strong></span> <span class='ocrx_word' id='word_1_207' title='bbox 2891 1349 3244 1414; x_wconf 87' lang='lat' dir='ltr'><strong>adulterium,</strong></span> <span class='ocrx_word' id='word_1_208' title='bbox 3267 1347 3364 1402; x_wconf 87' lang='lat' dir='ltr'><strong>sed</strong></span> <span class='ocrx_word' id='word_1_209' title='bbox 3387 1347 3583 1418; x_wconf 65' lang='lat' dir='ltr'><strong>quaerit</strong></span> <span class='ocrx_word' id='word_1_210' title='bbox 3598 1348 3804 1402; x_wconf 84' lang='lat' dir='ltr'><strong>diutur-</strong></span> 
     </span>
    </p>
   </div>
   <div class='ocr_carea' id='block_1_29' title="bbox 2215 1441 3805 1504">
    <p class='ocr_par' dir='ltr' id='par_1_29' title="bbox 2215 1441 3805 1504">
     <span class='ocr_line' id='line_1_29' title="bbox 2215 1441 3805 1504; baseline -0.005 0"><span class='ocrx_word' id='word_1_211' title='bbox 2215 1463 2372 1504; x_wconf 84' lang='lat' dir='ltr'><strong>num.</strong></span> <span class='ocrx_word' id='word_1_212' title='bbox 2409 1445 2493 1502; x_wconf 89' lang='lat' dir='ltr'><strong>Tu</strong></span> <span class='ocrx_word' id='word_1_213' title='bbox 2524 1453 2707 1502; x_wconf 89' lang='lat' dir='ltr'><strong>autem</strong></span> <span class='ocrx_word' id='word_1_214' title='bbox 2730 1445 2798 1501; x_wconf 91' lang='lat' dir='ltr'><strong>ad</strong></span> <span class='ocrx_word' id='word_1_215' title='bbox 2829 1445 2966 1503; x_wconf 78' lang='lat' dir='ltr'><strong>mali</strong></span> <span class='ocrx_word' id='word_1_216' title='bbox 2983 1443 3268 1500; x_wconf 75' lang='lat' dir='ltr'><strong>cumulum</strong></span> <span class='ocrx_word' id='word_1_217' title='bbox 3305 1441 3620 1498; x_wconf 82' lang='lat' dir='ltr'><strong>divaricasti</strong></span> <span class='ocrx_word' id='word_1_218' title='bbox 3648 1457 3805 1498; x_wconf 77' lang='lat' dir='ltr'><strong>crura</strong></span> 
     </span>
    </p>
   </div>
   <div class='ocr_carea' id='block_1_30' title="bbox 2216 1533 3807 1602">
    <p class='ocr_par' dir='ltr' id='par_1_30' title="bbox 2216 1533 3807 1602">
     <span class='ocr_line' id='line_1_30' title="bbox 2216 1533 3807 1602; baseline -0.004 -7"><span class='ocrx_word' id='word_1_219' title='bbox 2216 1539 2420 1595; x_wconf 89' lang='lat' dir='ltr'><strong>mentis</strong></span> <span class='ocrx_word' id='word_1_220' title='bbox 2465 1547 2573 1594; x_wconf 64' lang='lat' dir='ltr'><strong>tuas</strong></span> <span class='ocrx_word' id='word_1_221' title='bbox 2621 1536 2775 1592; x_wconf 88' lang='lat' dir='ltr'><strong>omni</strong></span> <span class='ocrx_word' id='word_1_222' title='bbox 2825 1534 3156 1602; x_wconf 89' lang='lat' dir='ltr'><strong>transeunti,</strong></span> <span class='ocrx_word' id='word_1_223' title='bbox 3191 1543 3253 1590; x_wconf 92' lang='lat' dir='ltr'><strong>ut</strong></span> <span class='ocrx_word' id='word_1_224' title='bbox 3280 1533 3368 1590; x_wconf 90' lang='lat' dir='ltr'><strong>vel</strong></span> <span class='ocrx_word' id='word_1_225' title='bbox 3419 1533 3807 1591; x_wconf 83' lang='lat' dir='ltr'><strong>momentaneis</strong></span> 
     </span>
    </p>
   </div>
   <div class='ocr_carea' id='block_1_31' title="bbox 2217 1622 3808 1698">
    <p class='ocr_par' dir='ltr' id='par_1_31' title="bbox 2217 1622 3808 1698">
     <span class='ocr_line' id='line_1_31' title="bbox 2217 1622 3808 1698; baseline -0.003 -13"><span class='ocrx_word' id='word_1_226' title='bbox 2217 1628 2510 1686; x_wconf 84' lang='lat' dir='ltr'><strong>adulteriis</strong></span> <span class='ocrx_word' id='word_1_227' title='bbox 2543 1626 2829 1694; x_wconf 88' lang='lat' dir='ltr'><strong>fruereris,</strong></span> <span class='ocrx_word' id='word_1_228' title='bbox 2866 1625 2998 1698; x_wconf 89' lang='lat' dir='ltr'><strong>quia</strong></span> <span class='ocrx_word' id='word_1_229' title='bbox 3027 1624 3307 1681; x_wconf 87' lang='lat' dir='ltr'><strong>diuturnis</strong></span> <span class='ocrx_word' id='word_1_230' title='bbox 3350 1623 3434 1680; x_wconf 85' lang='lat' dir='ltr'><strong>vel</strong></span> <span class='ocrx_word' id='word_1_231' title='bbox 3459 1622 3674 1680; x_wconf 58' lang='lat' dir='ltr'><strong>maternis</strong></span> <span class='ocrx_word' id='word_1_232' title='bbox 3697 1637 3808 1680; x_wconf 75' lang='lat' dir='ltr'><strong>non</strong></span> 
     </span>
    </p>
   </div>
   <div class='ocr_carea' id='block_1_32' title="bbox 2218 1731 2462 1794">
    <p class='ocr_par' dir='ltr' id='par_1_32' title="bbox 2218 1731 2462 1794">
     <span class='ocr_line' id='line_1_32' title="bbox 2218 1731 2462 1794; baseline 0 -16"><span class='ocrx_word' id='word_1_233' title='bbox 2218 1731 2462 1794; x_wconf 89' lang='lat' dir='ltr'><strong>poteras.</strong></span> 
     </span>
    </p>
   </div>
   <div class='ocr_carea' id='block_1_33' title="bbox 520 1809 2144 1912">
    <p class='ocr_par' dir='ltr' id='par_1_33' title="bbox 520 1809 2115 1912">
     <span class='ocr_line' id='line_1_33' title="bbox 520 1809 2115 1912; baseline -0.008 -16"><span class='ocrx_word' id='word_1_234' title='bbox 520 1809 752 1912; x_wconf 78' lang='lat' dir='ltr'><strong>diligere</strong></span> <span class='ocrx_word' id='word_1_235' title='bbox 781 1809 1054 1911; x_wconf 80' lang='lat' dir='ltr'><strong>coguntur</strong></span> <span class='ocrx_word' id='word_1_236' title='bbox 1074 1809 1364 1908; x_wconf 37' lang='lat' dir='ltr'><strong>tanquamv</strong></span> <span class='ocrx_word' id='word_1_237' title='bbox 1381 1835 1486 1892; x_wconf 84' lang='lat' dir='ltr'><strong>sibi</strong></span> <span class='ocrx_word' id='word_1_238' title='bbox 1526 1831 1934 1890; x_wconf 87' lang='lat' dir='ltr'><strong>necessarium?</strong></span> <span class='ocrx_word' id='word_1_239' title='bbox 1954 1829 2115 1885; x_wconf 88' lang='lat' dir='ltr'><strong>Aliud</strong></span> 
     </span>
    </p>
   </div>
   <div class='ocr_carea' id='block_1_34' title="bbox 2241 1809 3812 1912">
    <p class='ocr_par' dir='ltr' id='par_1_34' title="bbox 2289 1809 3812 1884">
     <span class='ocr_line' id='line_1_34' title="bbox 2289 1809 3812 1884; baseline -0.004 -16"><span class='ocrx_word' id='word_1_240' title='bbox 2289 1813 2416 1871; x_wconf 66' lang='lat' dir='ltr'><strong>Haec</strong></span> <span class='ocrx_word' id='word_1_241' title='bbox 2440 1822 2525 1870; x_wconf 89' lang='lat' dir='ltr'><strong>est</strong></span> <span class='ocrx_word' id='word_1_242' title='bbox 2551 1827 2782 1884; x_wconf 86' lang='lat' dir='ltr'><strong>prorsus</strong></span> <span class='ocrx_word' id='word_1_243' title='bbox 2811 1809 3105 1882; x_wconf 83' lang='lat' dir='ltr'><strong>pravitatis</strong></span> <span class='ocrx_word' id='word_1_244' title='bbox 3128 1809 3386 1864; x_wconf 77' lang='lat' dir='ltr'><strong>humana:</strong></span> <span class='ocrx_word' id='word_1_245' title='bbox 3433 1821 3670 1871; x_wconf 86' lang='lat' dir='ltr'><strong>summa,</strong></span> <span class='ocrx_word' id='word_1_246' title='bbox 3695 1821 3812 1862; x_wconf 82' lang='lat' dir='ltr'><strong>me-</strong></span> 
     </span>
    </p>
   </div>
   <div class='ocr_carea' id='block_1_35' title="bbox 520 1925 2122 2002">
    <p class='ocr_par' dir='ltr' id='par_1_35' title="bbox 520 1925 2122 2002">
     <span class='ocr_line' id='line_1_35' title="bbox 520 1925 2122 2002; baseline -0.007 -13"><span class='ocrx_word' id='word_1_247' title='bbox 520 1941 615 1989; x_wconf 82' lang='lat' dir='ltr'><strong>est</strong></span> <span class='ocrx_word' id='word_1_248' title='bbox 649 1940 833 1988; x_wconf 84' lang='lat' dir='ltr'><strong>autem</strong></span> <span class='ocrx_word' id='word_1_249' title='bbox 863 1931 1088 2002; x_wconf 77' lang='lat' dir='ltr'><strong>diligere</strong></span> <span class='ocrx_word' id='word_1_250' title='bbox 1129 1930 1384 1986; x_wconf 82' lang='lat' dir='ltr'><strong>homines</strong></span> <span class='ocrx_word' id='word_1_251' title='bbox 1425 1929 1482 1982; x_wconf 91' lang='lat' dir='ltr'><strong>in</strong></span> <span class='ocrx_word' id='word_1_252' title='bbox 1532 1927 1739 1982; x_wconf 90' lang='lat' dir='ltr'><strong>mundo</strong></span> <span class='ocrx_word' id='word_1_253' title='bbox 1785 1925 1868 1980; x_wconf 85' lang='lat' dir='ltr'><strong>vel</strong></span> <span class='ocrx_word' id='word_1_254' title='bbox 1897 1931 2122 1995; x_wconf 87' lang='lat' dir='ltr'><strong>propter</strong></span> 
     </span>
    </p>
   </div>
   <div class='ocr_carea' id='block_1_36' title="bbox 517 2017 2120 2092">
    <p class='ocr_par' dir='ltr' id='par_1_36' title="bbox 517 2017 2120 2092">
     <span class='ocr_line' id='line_1_36' title="bbox 517 2017 2120 2092; baseline -0.005 -12"><span class='ocrx_word' id='word_1_255' title='bbox 517 2025 818 2091; x_wconf 78' lang='lat' dir='ltr'><strong>mundum,</strong></span> <span class='ocrx_word' id='word_1_256' title='bbox 841 2023 989 2080; x_wconf 88' lang='lat' dir='ltr'><strong>aliud</strong></span> <span class='ocrx_word' id='word_1_257' title='bbox 1017 2023 1074 2078; x_wconf 90' lang='lat' dir='ltr'><strong>in</strong></span> <span class='ocrx_word' id='word_1_258' title='bbox 1099 2021 1213 2078; x_wconf 89' lang='lat' dir='ltr'><strong>Deo</strong></span> <span class='ocrx_word' id='word_1_259' title='bbox 1237 2021 1323 2078; x_wconf 91' lang='lat' dir='ltr'><strong>vel</strong></span> <span class='ocrx_word' id='word_1_260' title='bbox 1365 2029 1589 2092; x_wconf 73' lang='lat' dir='ltr'><strong>propter</strong></span> <span class='ocrx_word' id='word_1_261' title='bbox 1621 2017 1816 2085; x_wconf 86' lang='lat' dir='ltr'><strong>Deum,</strong></span> <span class='ocrx_word' id='word_1_262' title='bbox 1849 2017 1998 2073; x_wconf 83' lang='lat' dir='ltr'><strong>aliud</strong></span> <span class='ocrx_word' id='word_1_263' title='bbox 2020 2033 2120 2072; x_wconf 82' lang='lat' dir='ltr'><strong>cu—</strong></span> 
     </span>
    </p>
   </div>
   <div class='ocr_carea' id='block_1_37' title="bbox 517 2115 1238 2190">
    <p class='ocr_par' dir='ltr' id='par_1_37' title="bbox 517 2115 1238 2190">
     <span class='ocr_line' id='line_1_37' title="bbox 517 2115 1238 2190; baseline -0.006 -16"><span class='ocrx_word' id='word_1_264' title='bbox 517 2117 654 2190; x_wconf 72' lang='lat' dir='ltr'><strong>pide</strong></span> <span class='ocrx_word' id='word_1_265' title='bbox 677 2117 763 2173; x_wconf 88' lang='lat' dir='ltr'><strong>vel</strong></span> <span class='ocrx_word' id='word_1_266' title='bbox 787 2115 1238 2174; x_wconf 83' lang='lat' dir='ltr'><strong>misericorditer.</strong></span> 
     </span>
    </p>
   </div>
   <div class='ocr_carea' id='block_1_38' title="bbox 1047 2247 1585 2306">
    <p class='ocr_par' dir='ltr' id='par_1_38' title="bbox 1047 2247 1585 2306">
     <span class='ocr_line' id='line_1_38' title="bbox 1047 2247 1585 2306; baseline -0.004 0"><span class='ocrx_word' id='word_1_267' title='bbox 1047 2247 1454 2306; x_wconf 80' lang='lat' dir='ltr'><strong>CAPITULUM</strong></span> <span class='ocrx_word' id='word_1_268' title='bbox 1491 2247 1585 2304; x_wconf 78' lang='lat' dir='ltr'><strong>IX.</strong></span> 
     </span>
    </p>
   </div>
   <div class='ocr_carea' id='block_1_39' title="bbox 529 2343 2124 2415">
    <p class='ocr_par' dir='ltr' id='par_1_39' title="bbox 529 2343 2124 2415">
     <span class='ocr_line' id='line_1_39' title="bbox 529 2343 2124 2415; baseline -0.004 -16"><span class='ocrx_word' id='word_1_269' title='bbox 529 2343 610 2399; x_wconf 83' lang='lat' dir='ltr'><strong>De</strong></span> <span class='ocrx_word' id='word_1_270' title='bbox 651 2344 833 2398; x_wconf 84' lang='lat' dir='ltr'><strong>anima</strong></span> <span class='ocrx_word' id='word_1_271' title='bbox 880 2360 999 2415; x_wconf 63' lang='lat' dir='ltr'><strong>quae</strong></span> <span class='ocrx_word' id='word_1_272' title='bbox 1051 2360 1144 2414; x_wconf 84' lang='lat' dir='ltr'><strong>per</strong></span> <span class='ocrx_word' id='word_1_273' title='bbox 1199 2343 1506 2415; x_wconf 63' lang='lat' dir='ltr'><strong>ﬁnitionem</strong></span> <span class='ocrx_word' id='word_1_274' title='bbox 1549 2351 1600 2415; x_wconf 76' lang='lat' dir='ltr'><strong>et</strong></span> <span class='ocrx_word' id='word_1_275' title='bbox 1647 2357 1881 2415; x_wconf 71' lang='lat' dir='ltr'><strong>amorem</strong></span> <span class='ocrx_word' id='word_1_276' title='bbox 1925 2347 2124 2410; x_wconf 85' lang='lat' dir='ltr'><strong>tempo-</strong></span> 
     </span>
    </p>
   </div>
   <div class='ocr_carea' id='block_1_40' title="bbox 604 2410 2122 2480">
    <p class='ocr_par' dir='ltr' id='par_1_40' title="bbox 604 2410 2122 2480">
     <span class='ocr_line' id='line_1_40' title="bbox 604 2410 2122 2480; baseline -0.003 -11"><span class='ocrx_word' id='word_1_277' title='bbox 604 2415 802 2469; x_wconf 82' lang='lat' dir='ltr'><strong>ralium</strong></span> <span class='ocrx_word' id='word_1_278' title='bbox 841 2410 1314 2480; x_wconf 54' lang='lat' dir='ltr'><strong>a&#39;Dea&#39;recedit,</strong></span> <span class='ocrx_word' id='word_1_279' title='bbox 1351 2422 1402 2466; x_wconf 87' lang='lat' dir='ltr'><strong>et</strong></span> <span class='ocrx_word' id='word_1_280' title='bbox 1455 2429 1488 2465; x_wconf 81' lang='grc' dir='ltr'><strong>ιι</strong></span> <span class='ocrx_word' id='word_1_281' title='bbox 1533 2410 1860 2468; x_wconf 75' lang='lat' dir='ltr'><strong>dwmonibus</strong></span> <span class='ocrx_word' id='word_1_282' title='bbox 1903 2421 2122 2466; x_wconf 78' lang='lat' dir='ltr'><strong>constu-</strong></span> 
     </span>
    </p>
   </div>
   <div class='ocr_carea' id='block_1_41' title="bbox 605 2494 817 2557">
    <p class='ocr_par' dir='ltr' id='par_1_41' title="bbox 605 2494 817 2557">
     <span class='ocr_line' id='line_1_41' title="bbox 605 2494 817 2557; baseline -0.005 -16"><span class='ocrx_word' id='word_1_283' title='bbox 605 2494 817 2557; x_wconf 78' lang='lat' dir='ltr'><strong>pratur.</strong></span> 
     </span>
    </p>
   </div>
   <div class='ocr_carea' id='block_1_42' title="bbox 602 2594 2127 2668">
    <p class='ocr_par' dir='ltr' id='par_1_42' title="bbox 602 2594 2127 2668">
     <span class='ocr_line' id='line_1_42' title="bbox 602 2594 2127 2668; baseline -0.002 -16"><span class='ocrx_word' id='word_1_284' title='bbox 602 2597 798 2655; x_wconf 88' lang='lat' dir='ltr'><strong>Dicant</strong></span> <span class='ocrx_word' id='word_1_285' title='bbox 821 2599 1142 2668; x_wconf 84' lang='lat' dir='ltr'><strong>temporalia</strong></span> <span class='ocrx_word' id='word_1_286' title='bbox 1177 2599 1318 2654; x_wconf 88' lang='lat' dir='ltr'><strong>bona</strong></span> <span class='ocrx_word' id='word_1_287' title='bbox 1345 2615 1358 2652; x_wconf 91' lang='lat'><strong>:</strong></span> <span class='ocrx_word' id='word_1_288' title='bbox 1391 2594 1451 2652; x_wconf 88' lang='lat' dir='ltr'><strong>Si</strong></span> <span class='ocrx_word' id='word_1_289' title='bbox 1479 2595 1626 2652; x_wconf 84' lang='lat' dir='ltr'><strong>Deus</strong></span> <span class='ocrx_word' id='word_1_290' title='bbox 1661 2595 1938 2651; x_wconf 85' lang='lat' dir='ltr'><strong>sanaverit</strong></span> <span class='ocrx_word' id='word_1_291' title='bbox 1974 2609 2127 2650; x_wconf 89' lang='lat' dir='ltr'><strong>nosa</strong></span> 
     </span>
    </p>
   </div>
   <div class='ocr_carea' id='block_1_43' title="bbox 532 2685 2129 2761">
    <p class='ocr_par' dir='ltr' id='par_1_43' title="bbox 532 2685 2129 2761">
     <span class='ocr_line' id='line_1_43' title="bbox 532 2685 2129 2761; baseline -0.003 -14"><span class='ocrx_word' id='word_1_292' title='bbox 532 2685 730 2748; x_wconf 82' lang='lat' dir='ltr'><strong>morbo</strong></span> <span class='ocrx_word' id='word_1_293' title='bbox 771 2691 1164 2761; x_wconf 88' lang='lat' dir='ltr'><strong>corruptionis,</strong></span> <span class='ocrx_word' id='word_1_294' title='bbox 1190 2690 1321 2761; x_wconf 88' lang='lat' dir='ltr'><strong>quid</strong></span> <span class='ocrx_word' id='word_1_295' title='bbox 1350 2689 1514 2760; x_wconf 89' lang='lat' dir='ltr'><strong>ages?</strong></span> <span class='ocrx_word' id='word_1_296' title='bbox 1543 2687 1600 2742; x_wconf 90' lang='lat' dir='ltr'><strong>ln</strong></span> <span class='ocrx_word' id='word_1_297' title='bbox 1647 2687 1771 2758; x_wconf 84' lang='lat' dir='ltr'><strong>ipso</strong></span> <span class='ocrx_word' id='word_1_298' title='bbox 1803 2703 1907 2744; x_wconf 81' lang='lat' dir='ltr'><strong>usu</strong></span> <span class='ocrx_word' id='word_1_299' title='bbox 1945 2686 2129 2743; x_wconf 86' lang='lat' dir='ltr'><strong>consi-</strong></span> 
     </span>
    </p>
   </div>
   <div class='ocr_carea' id='block_1_44' title="bbox 528 2780 2130 2853">
    <p class='ocr_par' dir='ltr' id='par_1_44' title="bbox 528 2780 2130 2853">
     <span class='ocr_line' id='line_1_44' title="bbox 528 2780 2130 2853; baseline -0.001 -15"><span class='ocrx_word' id='word_1_300' title='bbox 528 2785 666 2839; x_wconf 89' lang='lat' dir='ltr'><strong>dera</strong></span> <span class='ocrx_word' id='word_1_301' title='bbox 713 2783 768 2837; x_wconf 90' lang='lat' dir='ltr'><strong>in</strong></span> <span class='ocrx_word' id='word_1_302' title='bbox 801 2798 914 2853; x_wconf 92' lang='lat' dir='ltr'><strong>quo</strong></span> <span class='ocrx_word' id='word_1_303' title='bbox 937 2783 1133 2838; x_wconf 88' lang='lat' dir='ltr'><strong>melior</strong></span> <span class='ocrx_word' id='word_1_304' title='bbox 1163 2799 1232 2838; x_wconf 85' lang='lat' dir='ltr'><strong>ex</strong></span> <span class='ocrx_word' id='word_1_305' title='bbox 1255 2783 1416 2838; x_wconf 91' lang='lat' dir='ltr'><strong>nobis</strong></span> <span class='ocrx_word' id='word_1_306' title='bbox 1446 2784 1566 2848; x_wconf 83' lang='lat' dir='ltr'><strong>tias,</strong></span> <span class='ocrx_word' id='word_1_307' title='bbox 1592 2781 1674 2835; x_wconf 86' lang='lat' dir='ltr'><strong>vel</strong></span> <span class='ocrx_word' id='word_1_308' title='bbox 1702 2780 1834 2852; x_wconf 89' lang='lat' dir='ltr'><strong>quid</strong></span> <span class='ocrx_word' id='word_1_309' title='bbox 1857 2780 1984 2836; x_wconf 90' lang='lat' dir='ltr'><strong>inde</strong></span> <span class='ocrx_word' id='word_1_310' title='bbox 2003 2795 2130 2850; x_wconf 87' lang='lat' dir='ltr'><strong>spe-</strong></span> 
     </span>
    </p>
   </div>
   <div class='ocr_carea' id='block_1_45' title="bbox 535 2873 2130 2947">
    <p class='ocr_par' dir='ltr' id='par_1_45' title="bbox 535 2873 2130 2947">
     <span class='ocr_line' id='line_1_45' title="bbox 535 2873 2130 2947; baseline 0 -17"><span class='ocrx_word' id='word_1_311' title='bbox 535 2890 624 2932; x_wconf 89' lang='lat' dir='ltr'><strong>res</strong></span> <span class='ocrx_word' id='word_1_312' title='bbox 653 2876 709 2932; x_wconf 90' lang='lat' dir='ltr'><strong>in</strong></span> <span class='ocrx_word' id='word_1_313' title='bbox 731 2884 1036 2947; x_wconf 87' lang='lat' dir='ltr'><strong>posterum.</strong></span> <span class='ocrx_word' id='word_1_314' title='bbox 1083 2875 1354 2946; x_wconf 80' lang='lat' dir='ltr'><strong>Expertus</strong></span> <span class='ocrx_word' id='word_1_315' title='bbox 1391 2890 1450 2932; x_wconf 88' lang='lat' dir='ltr'><strong>es</strong></span> <span class='ocrx_word' id='word_1_316' title='bbox 1492 2889 1614 2931; x_wconf 89' lang='lat' dir='ltr'><strong>nos.</strong></span> <span class='ocrx_word' id='word_1_317' title='bbox 1652 2873 1795 2942; x_wconf 87' lang='lat' dir='ltr'><strong>Quid</strong></span> <span class='ocrx_word' id='word_1_318' title='bbox 1842 2873 2130 2946; x_wconf 77' lang='lat' dir='ltr'><strong>ergo?Vis</strong></span> 
     </span>
    </p>
   </div>
   <div class='ocr_carea' id='block_1_46' title="bbox 533 2963 2130 3034">
    <p class='ocr_par' dir='ltr' id='par_1_46' title="bbox 533 2963 2130 3034">
     <span class='ocr_line' id='line_1_46' title="bbox 533 2963 2130 3034; baseline -0.001 -12"><span class='ocrx_word' id='word_1_319' title='bbox 533 2969 592 3023; x_wconf 88' lang='lat' dir='ltr'><strong>in</strong></span> <span class='ocrx_word' id='word_1_320' title='bbox 639 2984 744 3024; x_wconf 91' lang='lat' dir='ltr'><strong>nos</strong></span> <span class='ocrx_word' id='word_1_321' title='bbox 773 2969 996 3034; x_wconf 88' lang='lat' dir='ltr'><strong>mutari,</strong></span> <span class='ocrx_word' id='word_1_322' title='bbox 1031 2984 1101 3022; x_wconf 90' lang='lat' dir='ltr'><strong>an</strong></span> <span class='ocrx_word' id='word_1_323' title='bbox 1149 2983 1250 3025; x_wconf 92' lang='lat' dir='ltr'><strong>nos</strong></span> <span class='ocrx_word' id='word_1_324' title='bbox 1282 2969 1338 3022; x_wconf 90' lang='lat' dir='ltr'><strong>in</strong></span> <span class='ocrx_word' id='word_1_325' title='bbox 1388 2967 1478 3022; x_wconf 87' lang='lat' dir='ltr'><strong>te?</strong></span> <span class='ocrx_word' id='word_1_326' title='bbox 1511 2966 1653 3034; x_wconf 86' lang='lat' dir='ltr'><strong>Quid</strong></span> <span class='ocrx_word' id='word_1_327' title='bbox 1686 2963 1789 3021; x_wconf 85' lang='lat' dir='ltr'><strong>tibi</strong></span> <span class='ocrx_word' id='word_1_328' title='bbox 1833 2974 1888 3021; x_wconf 92' lang='lat' dir='ltr'><strong>et</strong></span> <span class='ocrx_word' id='word_1_329' title='bbox 1933 2965 2130 3020; x_wconf 88' lang='lat' dir='ltr'><strong>nobis?</strong></span> 
     </span>
    </p>
   </div>
   <div class='ocr_carea' id='block_1_47' title="bbox 529 3057 2126 3128">
    <p class='ocr_par' dir='ltr' id='par_1_47' title="bbox 529 3057 2126 3128">
     <span class='ocr_line' id='line_1_47' title="bbox 529 3057 2126 3128; baseline -0.001 -14"><span class='ocrx_word' id='word_1_330' title='bbox 529 3059 681 3128; x_wconf 85' lang='lat' dir='ltr'><strong>Quid</strong></span> <span class='ocrx_word' id='word_1_331' title='bbox 711 3059 866 3117; x_wconf 89' lang='lat' dir='ltr'><strong>doles</strong></span> <span class='ocrx_word' id='word_1_332' title='bbox 895 3061 962 3116; x_wconf 90' lang='lat' dir='ltr'><strong>de</strong></span> <span class='ocrx_word' id='word_1_333' title='bbox 996 3061 1231 3116; x_wconf 88' lang='lat' dir='ltr'><strong>transitu</strong></span> <span class='ocrx_word' id='word_1_334' title='bbox 1286 3059 1518 3114; x_wconf 87' lang='lat' dir='ltr'><strong>nostro?</strong></span> <span class='ocrx_word' id='word_1_335' title='bbox 1544 3057 1839 3113; x_wconf 82' lang='lat' dir='ltr'><strong>Maluimus</strong></span> <span class='ocrx_word' id='word_1_336' title='bbox 1882 3058 2126 3124; x_wconf 86' lang='lat' dir='ltr'><strong>interire,</strong></span> 
     </span>
    </p>
   </div>
   <div class='ocr_carea' id='block_1_48' title="bbox 2215 1899 3815 1971">
    <p class='ocr_par' dir='ltr' id='par_1_48' title="bbox 2215 1899 3815 1971">
     <span class='ocr_line' id='line_1_48' title="bbox 2215 1899 3815 1971; baseline -0.005 -11"><span class='ocrx_word' id='word_1_337' title='bbox 2215 1905 2358 1962; x_wconf 84' lang='lat' dir='ltr'><strong>liora</strong></span> <span class='ocrx_word' id='word_1_338' title='bbox 2390 1921 2451 1962; x_wconf 91' lang='lat' dir='ltr'><strong>se</strong></span> <span class='ocrx_word' id='word_1_339' title='bbox 2481 1905 2758 1971; x_wconf 87' lang='lat' dir='ltr'><strong>deserere,</strong></span> <span class='ocrx_word' id='word_1_340' title='bbox 2785 1903 2840 1960; x_wconf 89' lang='lat' dir='ltr'><strong>id</strong></span> <span class='ocrx_word' id='word_1_341' title='bbox 2867 1911 2951 1958; x_wconf 90' lang='lat' dir='ltr'><strong>est</strong></span> <span class='ocrx_word' id='word_1_342' title='bbox 2992 1901 3165 1958; x_wconf 89' lang='lat' dir='ltr'><strong>Deum</strong></span> <span class='ocrx_word' id='word_1_343' title='bbox 3187 1919 3204 1969; x_wconf 88' lang='lat'><strong>;</strong></span> <span class='ocrx_word' id='word_1_344' title='bbox 3225 1909 3281 1957; x_wconf 88' lang='lat' dir='ltr'><strong>et</strong></span> <span class='ocrx_word' id='word_1_345' title='bbox 3311 1900 3620 1956; x_wconf 87' lang='lat' dir='ltr'><strong>minoribus</strong></span> <span class='ocrx_word' id='word_1_346' title='bbox 3649 1914 3706 1955; x_wconf 87' lang='lat' dir='ltr'><strong>se</strong></span> <span class='ocrx_word' id='word_1_347' title='bbox 3731 1899 3815 1954; x_wconf 87' lang='lat' dir='ltr'><strong>in-</strong></span> 
     </span>
    </p>
   </div>
   <div class='ocr_carea' id='block_1_49' title="bbox 2217 1991 3814 2068">
    <p class='ocr_par' dir='ltr' id='par_1_49' title="bbox 2217 1991 3814 2068">
     <span class='ocr_line' id='line_1_49' title="bbox 2217 1991 3814 2068; baseline -0.004 -12"><span class='ocrx_word' id='word_1_348' title='bbox 2217 1999 2465 2066; x_wconf 88' lang='lat' dir='ltr'><strong>tendere,</strong></span> <span class='ocrx_word' id='word_1_349' title='bbox 2516 1997 2860 2068; x_wconf 83' lang='lat' dir='ltr'><strong>l&#39;ruendoque</strong></span> <span class='ocrx_word' id='word_1_350' title='bbox 2885 1995 2967 2052; x_wconf 87' lang='lat' dir='ltr'><strong>eis</strong></span> <span class='ocrx_word' id='word_1_351' title='bbox 2998 1995 3287 2062; x_wconf 70' lang='lat' dir='ltr'><strong>inhaerere,</strong></span> <span class='ocrx_word' id='word_1_352' title='bbox 3323 1991 3390 2049; x_wconf 76' lang='lat' dir='ltr'><strong>id</strong></span> <span class='ocrx_word' id='word_1_353' title='bbox 3425 2001 3513 2050; x_wconf 85' lang='lat' dir='ltr'><strong>est</strong></span> <span class='ocrx_word' id='word_1_354' title='bbox 3543 2000 3814 2062; x_wconf 67' lang='lat' dir='ltr'><strong>tempora-</strong></span> 
     </span>
    </p>
   </div>
   <div class='ocr_carea' id='block_1_50' title="bbox 2221 2092 2388 2147">
    <p class='ocr_par' dir='ltr' id='par_1_50' title="bbox 2221 2092 2388 2147">
     <span class='ocr_line' id='line_1_50' title="bbox 2221 2092 2388 2147; baseline 0 -1"><span class='ocrx_word' id='word_1_355' title='bbox 2221 2092 2388 2147; x_wconf 84' lang='lat' dir='ltr'><strong>libus.</strong></span> 
     </span>
    </p>
   </div>
   <div class='ocr_carea' id='block_1_51' title="bbox 2287 2170 3822 2246">
    <p class='ocr_par' dir='ltr' id='par_1_51' title="bbox 2287 2170 3822 2246">
     <span class='ocr_line' id='line_1_51' title="bbox 2287 2170 3822 2246; baseline -0.005 -12"><span class='ocrx_word' id='word_1_356' title='bbox 2287 2177 2623 2236; x_wconf 72' lang='lat' dir='ltr'><strong>Scal-abacus</strong></span> <span class='ocrx_word' id='word_1_357' title='bbox 2663 2177 2796 2232; x_wconf 90' lang='lat' dir='ltr'><strong>dum</strong></span> <span class='ocrx_word' id='word_1_358' title='bbox 2841 2173 3179 2246; x_wconf 83' lang='lat' dir='ltr'><strong>supervolat,</strong></span> <span class='ocrx_word' id='word_1_359' title='bbox 3235 2181 3436 2230; x_wconf 81' lang='lat' dir='ltr'><strong>cuneta</strong></span> <span class='ocrx_word' id='word_1_360' title='bbox 3484 2171 3704 2227; x_wconf 81' lang='lat' dir='ltr'><strong>intuens</strong></span> <span class='ocrx_word' id='word_1_361' title='bbox 3743 2170 3822 2226; x_wconf 84' lang='lat' dir='ltr'><strong>nil</strong></span> 
     </span>
    </p>
   </div>
   <div class='ocr_carea' id='block_1_52' title="bbox 2221 2260 3818 2340">
    <p class='ocr_par' dir='ltr' id='par_1_52' title="bbox 2221 2260 3818 2340">
     <span class='ocr_line' id='line_1_52' title="bbox 2221 2260 3818 2340; baseline -0.005 -16"><span class='ocrx_word' id='word_1_362' title='bbox 2221 2269 2518 2340; x_wconf 79' lang='lat' dir='ltr'><strong>pulchrum</strong></span> <span class='ocrx_word' id='word_1_363' title='bbox 2543 2277 2640 2323; x_wconf 91' lang='lat' dir='ltr'><strong>aut</strong></span> <span class='ocrx_word' id='word_1_364' title='bbox 2665 2283 2860 2322; x_wconf 88' lang='lat' dir='ltr'><strong>sanum</strong></span> <span class='ocrx_word' id='word_1_365' title='bbox 2885 2267 3001 2322; x_wconf 84' lang='lat' dir='ltr'><strong>sive</strong></span> <span class='ocrx_word' id='word_1_366' title='bbox 3026 2265 3276 2321; x_wconf 86' lang='lat' dir='ltr'><strong>durabile</strong></span> <span class='ocrx_word' id='word_1_367' title='bbox 3297 2264 3468 2336; x_wconf 78' lang='lat' dir='ltr'><strong>eligit,</strong></span> <span class='ocrx_word' id='word_1_368' title='bbox 3495 2263 3613 2331; x_wconf 82' lang='lat' dir='ltr'><strong>sed,</strong></span> <span class='ocrx_word' id='word_1_369' title='bbox 3643 2260 3818 2317; x_wconf 74' lang='lat' dir='ltr'><strong>sicubi</strong></span> 
     </span>
    </p>
   </div>
   <div class='ocr_carea' id='block_1_53' title="bbox 2226 2354 3824 2431">
    <p class='ocr_par' dir='ltr' id='par_1_53' title="bbox 2226 2354 3824 2431">
     <span class='ocr_line' id='line_1_53' title="bbox 2226 2354 3824 2431; baseline -0.004 -15"><span class='ocrx_word' id='word_1_370' title='bbox 2226 2371 2471 2416; x_wconf 87' lang='lat' dir='ltr'><strong>stercora</strong></span> <span class='ocrx_word' id='word_1_371' title='bbox 2499 2360 2685 2431; x_wconf 75' lang='lat' dir='ltr'><strong>iacent</strong></span> <span class='ocrx_word' id='word_1_372' title='bbox 2721 2358 2969 2425; x_wconf 82' lang='lat' dir='ltr'><strong>fetentia,</strong></span> <span class='ocrx_word' id='word_1_373' title='bbox 2990 2357 3072 2413; x_wconf 89' lang='lat' dir='ltr'><strong>eis</strong></span> <span class='ocrx_word' id='word_1_374' title='bbox 3093 2357 3350 2428; x_wconf 84' lang='lat' dir='ltr'><strong>protinus</strong></span> <span class='ocrx_word' id='word_1_375' title='bbox 3382 2355 3606 2424; x_wconf 88' lang='lat' dir='ltr'><strong>insidet,</strong></span> <span class='ocrx_word' id='word_1_376' title='bbox 3627 2354 3824 2425; x_wconf 81' lang='lat' dir='ltr'><strong>spretis</strong></span> 
     </span>
    </p>
   </div>
   <div class='ocr_carea' id='block_1_54' title="bbox 2226 2449 3827 2524">
    <p class='ocr_par' dir='ltr' id='par_1_54' title="bbox 2226 2449 3827 2524">
     <span class='ocr_line' id='line_1_54' title="bbox 2226 2449 3827 2524; baseline -0.007 -14"><span class='ocrx_word' id='word_1_377' title='bbox 2226 2462 2310 2510; x_wconf 89' lang='lat' dir='ltr'><strong>tot</strong></span> <span class='ocrx_word' id='word_1_378' title='bbox 2339 2453 2607 2524; x_wconf 79' lang='lat' dir='ltr'><strong>pulchris.</strong></span> <span class='ocrx_word' id='word_1_379' title='bbox 2650 2451 2729 2506; x_wconf 85' lang='lat' dir='ltr'><strong>ita</strong></span> <span class='ocrx_word' id='word_1_380' title='bbox 2760 2451 2980 2506; x_wconf 89' lang='lat' dir='ltr'><strong>animus</strong></span> <span class='ocrx_word' id='word_1_381' title='bbox 3008 2457 3138 2506; x_wconf 89' lang='lat' dir='ltr'><strong>tuus</strong></span> <span class='ocrx_word' id='word_1_382' title='bbox 3176 2449 3379 2504; x_wconf 70' lang='lat' dir='ltr'><strong>coelum</strong></span> <span class='ocrx_word' id='word_1_383' title='bbox 3407 2457 3744 2517; x_wconf 78' lang='lat' dir='ltr'><strong>terramque,</strong></span> <span class='ocrx_word' id='word_1_384' title='bbox 3770 2455 3827 2500; x_wconf 81' lang='lat' dir='ltr'><strong>et</strong></span> 
     </span>
    </p>
   </div>
   <div class='ocr_carea' id='block_1_55' title="bbox 2217 2537 3824 2620">
    <p class='ocr_par' dir='ltr' id='par_1_55' title="bbox 2217 2537 3824 2620">
     <span class='ocr_line' id='line_1_55' title="bbox 2217 2537 3824 2620; baseline -0.007 -16"><span class='ocrx_word' id='word_1_385' title='bbox 2217 2563 2350 2620; x_wconf 72' lang='lat' dir='ltr'><strong>quae</strong></span> <span class='ocrx_word' id='word_1_386' title='bbox 2365 2547 2422 2602; x_wconf 91' lang='lat' dir='ltr'><strong>in</strong></span> <span class='ocrx_word' id='word_1_387' title='bbox 2451 2545 2534 2602; x_wconf 89' lang='lat' dir='ltr'><strong>eis</strong></span> <span class='ocrx_word' id='word_1_388' title='bbox 2557 2560 2756 2617; x_wconf 83' lang='lat' dir='ltr'><strong>magna</strong></span> <span class='ocrx_word' id='word_1_389' title='bbox 2781 2553 2836 2600; x_wconf 91' lang='lat' dir='ltr'><strong>et</strong></span> <span class='ocrx_word' id='word_1_390' title='bbox 2855 2542 3096 2614; x_wconf 87' lang='lat' dir='ltr'><strong>pretiosa</strong></span> <span class='ocrx_word' id='word_1_391' title='bbox 3115 2549 3266 2608; x_wconf 84' lang='lat' dir='ltr'><strong>sunt,</strong></span> <span class='ocrx_word' id='word_1_392' title='bbox 3291 2539 3493 2596; x_wconf 82' lang='lat' dir='ltr'><strong>intuitu</strong></span> <span class='ocrx_word' id='word_1_393' title='bbox 3512 2537 3824 2612; x_wconf 80' lang='lat' dir='ltr'><strong>pervolaus,</strong></span> 
     </span>
    </p>
   </div>
   <div class='ocr_carea' id='block_1_56' title="bbox 2229 2631 3828 2707">
    <p class='ocr_par' dir='ltr' id='par_1_56' title="bbox 2229 2631 3828 2707">
     <span class='ocr_line' id='line_1_56' title="bbox 2229 2631 3828 2707; baseline -0.008 -11"><span class='ocrx_word' id='word_1_394' title='bbox 2229 2641 2368 2696; x_wconf 90' lang='lat' dir='ltr'><strong>nulli</strong></span> <span class='ocrx_word' id='word_1_395' title='bbox 2401 2639 2663 2706; x_wconf 62' lang='lat' dir='ltr'><strong>adhaeret,</strong></span> <span class='ocrx_word' id='word_1_396' title='bbox 2703 2635 3146 2707; x_wconf 86' lang='lat' dir='ltr'><strong>contemptisque</strong></span> <span class='ocrx_word' id='word_1_397' title='bbox 3178 2633 3462 2694; x_wconf 83' lang='lat' dir='ltr'><strong>omnibus,</strong></span> <span class='ocrx_word' id='word_1_398' title='bbox 3489 2631 3620 2687; x_wconf 87' lang='lat' dir='ltr'><strong>vilia</strong></span> <span class='ocrx_word' id='word_1_399' title='bbox 3656 2631 3828 2686; x_wconf 79' lang='lat' dir='ltr'><strong>multa</strong></span> 
     </span>
    </p>
   </div>
   <div class='ocr_carea' id='block_1_57' title="bbox 2228 2726 3823 2802">
    <p class='ocr_par' dir='ltr' id='par_1_57' title="bbox 2228 2726 3823 2802">
     <span class='ocr_line' id='line_1_57' title="bbox 2228 2726 3823 2802; baseline -0.007 -12"><span class='ocrx_word' id='word_1_400' title='bbox 2228 2750 2294 2790; x_wconf 87' lang='lat' dir='ltr'><strong>ac</strong></span> <span class='ocrx_word' id='word_1_401' title='bbox 2331 2731 2572 2798; x_wconf 87' lang='lat' dir='ltr'><strong>sordida,</strong></span> <span class='ocrx_word' id='word_1_402' title='bbox 2596 2745 2720 2802; x_wconf 61' lang='lat' dir='ltr'><strong>quae</strong></span> <span class='ocrx_word' id='word_1_403' title='bbox 2753 2729 3018 2802; x_wconf 76' lang='lat' dir='ltr'><strong>COgEtauti</strong></span> <span class='ocrx_word' id='word_1_404' title='bbox 3049 2734 3372 2794; x_wconf 81' lang='lat' dir='ltr'><strong>occurrunt,</strong></span> <span class='ocrx_word' id='word_1_405' title='bbox 3411 2726 3590 2782; x_wconf 86' lang='lat' dir='ltr'><strong>libens</strong></span> <span class='ocrx_word' id='word_1_406' title='bbox 3615 2726 3823 2796; x_wconf 85' lang='lat' dir='ltr'><strong>ample-</strong></span> 
     </span>
    </p>
   </div>
   <div class='ocr_carea' id='block_1_58' title="bbox 2233 2819 2962 2881">
    <p class='ocr_par' dir='ltr' id='par_1_58' title="bbox 2233 2819 2962 2881">
     <span class='ocr_line' id='line_1_58' title="bbox 2233 2819 2962 2881; baseline -0.007 0"><span class='ocrx_word' id='word_1_407' title='bbox 2233 2826 2420 2881; x_wconf 88' lang='lat' dir='ltr'><strong>ctitur.</strong></span> <span class='ocrx_word' id='word_1_408' title='bbox 2446 2823 2724 2878; x_wconf 84' lang='lat' dir='ltr'><strong>Erubesce</strong></span> <span class='ocrx_word' id='word_1_409' title='bbox 2745 2836 2814 2877; x_wconf 79' lang='lat' dir='ltr'><strong>ex</strong></span> <span class='ocrx_word' id='word_1_410' title='bbox 2852 2819 2962 2876; x_wconf 85' lang='lat' dir='ltr'><strong>bis.</strong></span> 
     </span>
    </p>
   </div>
   <div class='ocr_carea' id='block_1_59' title="bbox 2777 2909 3293 2982">
    <p class='ocr_par' dir='ltr' id='par_1_59' title="bbox 2777 2909 3293 2982">
     <span class='ocr_line' id='line_1_59' title="bbox 2777 2909 3293 2982; baseline -0.008 -12"><span class='ocrx_word' id='word_1_411' title='bbox 2777 2911 3185 2982; x_wconf 70' lang='lat' dir='ltr'><strong>CAPITULUM</strong></span> <span class='ocrx_word' id='word_1_412' title='bbox 3225 2909 3293 2966; x_wconf 85' lang='lat' dir='ltr'><strong>x.</strong></span> 
     </span>
    </p>
   </div>
   <div class='ocr_carea' id='block_1_60' title="bbox 2229 3001 3834 3079">
    <p class='ocr_par' dir='ltr' id='par_1_60' title="bbox 2229 3001 3834 3079">
     <span class='ocr_line' id='line_1_60' title="bbox 2229 3001 3834 3079; baseline -0.005 -15"><span class='ocrx_word' id='word_1_413' title='bbox 2229 3009 2309 3064; x_wconf 79' lang='lat' dir='ltr'><strong>De</strong></span> <span class='ocrx_word' id='word_1_414' title='bbox 2331 3007 2662 3079; x_wconf 71' lang='lat' dir='ltr'><strong>impudentia</strong></span> <span class='ocrx_word' id='word_1_415' title='bbox 2679 3014 2734 3079; x_wconf 82' lang='lat' dir='ltr'><strong>e_t</strong></span> <span class='ocrx_word' id='word_1_416' title='bbox 2755 3005 3101 3079; x_wconf 72' lang='lat' dir='ltr'><strong>frontositate</strong></span> <span class='ocrx_word' id='word_1_417' title='bbox 3131 3005 3328 3079; x_wconf 57' lang='lat' dir='ltr'><strong>animm</strong></span> <span class='ocrx_word' id='word_1_418' title='bbox 3353 3001 3698 3079; x_wconf 65' lang='lat' dir='ltr'><strong>fornicantis,</strong></span> <span class='ocrx_word' id='word_1_419' title='bbox 3715 3015 3834 3071; x_wconf 73' lang='lat' dir='ltr'><strong>quc</strong></span> 
     </span>
    </p>
   </div>
   <div class='ocr_carea' id='block_1_61' title="bbox 2477 3071 3579 3149">
    <p class='ocr_par' dir='ltr' id='par_1_61' title="bbox 2477 3071 3579 3149">
     <span class='ocr_line' id='line_1_61' title="bbox 2477 3071 3579 3149; baseline -0.006 -17"><span class='ocrx_word' id='word_1_420' title='bbox 2477 3077 2606 3149; x_wconf 80' lang='lat' dir='ltr'><strong>petit</strong></span> <span class='ocrx_word' id='word_1_421' title='bbox 2630 3094 2662 3130; x_wconf 86' lang='grc' dir='ltr'><strong>ιι</strong></span> <span class='ocrx_word' id='word_1_422' title='bbox 2695 3071 2801 3131; x_wconf 83' lang='lat' dir='ltr'><strong>Déo</strong></span> <span class='ocrx_word' id='word_1_423' title='bbox 2838 3077 2896 3129; x_wconf 78' lang='lat' dir='ltr'><strong>in</strong></span> <span class='ocrx_word' id='word_1_424' title='bbox 2935 3092 3033 3130; x_wconf 84' lang='lat' dir='ltr'><strong>suo</strong></span> <span class='ocrx_word' id='word_1_425' title='bbox 3071 3071 3265 3129; x_wconf 76' lang='lat' dir='ltr'><strong>scelere</strong></span> <span class='ocrx_word' id='word_1_426' title='bbox 3297 3071 3579 3143; x_wconf 54' lang='lat' dir='ltr'><strong>confover‘i.</strong></span> 
     </span>
    </p>
   </div>
   <div class='ocr_carea' id='block_1_62' title="bbox 535 3150 3834 3240">
    <p class='ocr_par' dir='ltr' id='par_1_62' title="bbox 535 3150 3834 3240">
     <span class='ocr_line' id='line_1_62' title="bbox 535 3150 3834 3240; baseline -0.003 -13"><span class='ocrx_word' id='word_1_427' title='bbox 535 3151 842 3208; x_wconf 65' lang='lat' dir='ltr'><strong>secundum</strong></span> <span class='ocrx_word' id='word_1_428' title='bbox 877 3150 1096 3214; x_wconf 64' lang='lat' dir='ltr'><strong>Domini</strong></span> <span class='ocrx_word' id='word_1_429' title='bbox 1145 3152 1506 3218; x_wconf 58' lang='grc' dir='ltr'><strong>νοίιιηῑθῑθηῑν</strong></span> <span class='ocrx_word' id='word_1_430' title='bbox 1555 3167 1722 3223; x_wconf 73' lang='lat' dir='ltr'><strong>quam</strong></span> <span class='ocrx_word' id='word_1_431' title='bbox 1768 3167 1992 3206; x_wconf 65' lang='lat' dir='ltr'><strong>manere</strong></span> <span class='ocrx_word' id='word_1_432' title='bbox 2037 3165 2128 3207; x_wconf 67' lang='lat' dir='ltr'><strong>se”</strong></span> <span class='ocrx_word' id='word_1_433' title='bbox 2155 3167 2201 3226; x_wconf 85' lang='lat' dir='ltr'><strong>C</strong></span> <span class='ocrx_word' id='word_1_434' title='bbox 2301 3169 2442 3224; x_wconf 87' lang='lat' dir='ltr'><strong>Cum</strong></span> <span class='ocrx_word' id='word_1_435' title='bbox 2475 3183 2638 3240; x_wconf 82' lang='lat' dir='ltr'><strong>rogas</strong></span> <span class='ocrx_word' id='word_1_436' title='bbox 2665 3166 2839 3222; x_wconf 90' lang='lat' dir='ltr'><strong>Deum</strong></span> <span class='ocrx_word' id='word_1_437' title='bbox 2879 3175 2940 3220; x_wconf 90' lang='lat' dir='ltr'><strong>ut</strong></span> <span class='ocrx_word' id='word_1_438' title='bbox 2969 3181 3078 3220; x_wconf 90' lang='lat' dir='ltr'><strong>non</strong></span> <span class='ocrx_word' id='word_1_439' title='bbox 3118 3164 3335 3220; x_wconf 74' lang='lat' dir='ltr'><strong>auferat</strong></span> <span class='ocrx_word' id='word_1_440' title='bbox 3365 3165 3464 3220; x_wconf 87' lang='lat' dir='ltr'><strong>tibi</strong></span> <span class='ocrx_word' id='word_1_441' title='bbox 3502 3163 3708 3232; x_wconf 79' lang='lat' dir='ltr'><strong>aliquid</strong></span> <span class='ocrx_word' id='word_1_442' title='bbox 3745 3164 3834 3218; x_wconf 72' lang='lat' dir='ltr'><strong>cui</strong></span> 
     </span>
    </p>
   </div>
   <div class='ocr_carea' id='block_1_63' title="bbox 537 3240 2128 3312">
    <p class='ocr_par' dir='ltr' id='par_1_63' title="bbox 537 3240 2128 3312">
     <span class='ocr_line' id='line_1_63' title="bbox 537 3240 2128 3312; baseline -0.001 -14"><span class='ocrx_word' id='word_1_443' title='bbox 537 3243 782 3298; x_wconf 86' lang='lat' dir='ltr'><strong>cundum</strong></span> <span class='ocrx_word' id='word_1_444' title='bbox 809 3249 960 3297; x_wconf 88' lang='lat' dir='ltr'><strong>tuam</strong></span> <span class='ocrx_word' id='word_1_445' title='bbox 981 3241 1359 3312; x_wconf 83' lang='lat' dir='ltr'><strong>cupiditatem.</strong></span> <span class='ocrx_word' id='word_1_446' title='bbox 1391 3240 1580 3298; x_wconf 81' lang='lat' dir='ltr'><strong>Nullas</strong></span> <span class='ocrx_word' id='word_1_447' title='bbox 1602 3241 1700 3296; x_wconf 89' lang='lat' dir='ltr'><strong>tibi</strong></span> <span class='ocrx_word' id='word_1_448' title='bbox 1720 3257 1818 3312; x_wconf 91' lang='lat' dir='ltr'><strong>pro</strong></span> <span class='ocrx_word' id='word_1_449' title='bbox 1845 3242 1950 3296; x_wconf 91' lang='lat' dir='ltr'><strong>hoc</strong></span> <span class='ocrx_word' id='word_1_450' title='bbox 1970 3255 2128 3296; x_wconf 89' lang='lat' dir='ltr'><strong>amo-</strong></span> 
     </span>
    </p>
   </div>
   <div class='ocr_carea' id='block_1_64' title="bbox 537 3331 2132 3404">
    <p class='ocr_par' dir='ltr' id='par_1_64' title="bbox 537 3331 2132 3404">
     <span class='ocr_line' id='line_1_64' title="bbox 537 3331 2132 3404; baseline -0.001 -16"><span class='ocrx_word' id='word_1_451' title='bbox 537 3347 600 3389; x_wconf 87' lang='lat' dir='ltr'><strong>re</strong></span> <span class='ocrx_word' id='word_1_452' title='bbox 625 3342 719 3388; x_wconf 90' lang='lat' dir='ltr'><strong>tno</strong></span> <span class='ocrx_word' id='word_1_453' title='bbox 747 3333 1041 3389; x_wconf 80' lang='lat' dir='ltr'><strong>referimus</strong></span> <span class='ocrx_word' id='word_1_454' title='bbox 1067 3335 1291 3404; x_wconf 82' lang='lat' dir='ltr'><strong>gratias,</strong></span> <span class='ocrx_word' id='word_1_455' title='bbox 1334 3333 1429 3389; x_wconf 90' lang='lat' dir='ltr'><strong>scd</strong></span> <span class='ocrx_word' id='word_1_456' title='bbox 1457 3333 1641 3404; x_wconf 88' lang='lat' dir='ltr'><strong>potius</strong></span> <span class='ocrx_word' id='word_1_457' title='bbox 1667 3342 1728 3388; x_wconf 87' lang='lat' dir='ltr'><strong>ut</strong></span> <span class='ocrx_word' id='word_1_458' title='bbox 1751 3333 1978 3396; x_wconf 85' lang='lat' dir='ltr'><strong>stultum</strong></span> <span class='ocrx_word' id='word_1_459' title='bbox 2007 3331 2132 3386; x_wconf 86' lang='lat' dir='ltr'><strong>irri—</strong></span> 
     </span>
    </p>
   </div>
   <div class='ocr_carea' id='block_1_65' title="bbox 539 3422 2132 3502">
    <p class='ocr_par' dir='ltr' id='par_1_65' title="bbox 539 3422 2132 3502">
     <span class='ocr_line' id='line_1_65' title="bbox 539 3422 2132 3502; baseline 0 -24"><span class='ocrx_word' id='word_1_460' title='bbox 539 3424 759 3480; x_wconf 87' lang='lat' dir='ltr'><strong>demus.</strong></span> <span class='ocrx_word' id='word_1_461' title='bbox 788 3423 891 3502; x_wconf 83' lang='lat' dir='ltr'><strong>Cui</strong></span> <span class='ocrx_word' id='word_1_462' title='bbox 915 3425 1060 3480; x_wconf 91' lang='lat' dir='ltr'><strong>enim</strong></span> <span class='ocrx_word' id='word_1_463' title='bbox 1082 3425 1433 3495; x_wconf 85' lang='lat' dir='ltr'><strong>potissimum</strong></span> <span class='ocrx_word' id='word_1_464' title='bbox 1463 3425 1682 3480; x_wconf 89' lang='lat' dir='ltr'><strong>obedire</strong></span> <span class='ocrx_word' id='word_1_465' title='bbox 1707 3425 1990 3492; x_wconf 89' lang='lat' dir='ltr'><strong>debemus,</strong></span> <span class='ocrx_word' id='word_1_466' title='bbox 2019 3422 2132 3479; x_wconf 87' lang='lat' dir='ltr'><strong>Deo</strong></span> 
     </span>
    </p>
   </div>
   <div class='ocr_carea' id='block_1_66' title="bbox 537 3515 2131 3583">
    <p class='ocr_par' dir='ltr' id='par_1_66' title="bbox 537 3515 2131 3583">
     <span class='ocr_line' id='line_1_66' title="bbox 537 3515 2131 3583; baseline 0.001 -13"><span class='ocrx_word' id='word_1_467' title='bbox 537 3531 612 3570; x_wconf 81' lang='lat' dir='ltr'><strong>an</strong></span> <span class='ocrx_word' id='word_1_468' title='bbox 643 3515 777 3570; x_wconf 87' lang='lat' dir='ltr'><strong>tibi?</strong></span> <span class='ocrx_word' id='word_1_469' title='bbox 810 3515 929 3583; x_wconf 89' lang='lat' dir='ltr'><strong>Dic,</strong></span> <span class='ocrx_word' id='word_1_470' title='bbox 957 3515 1004 3572; x_wconf 89' lang='lat' dir='ltr'><strong>si</strong></span> <span class='ocrx_word' id='word_1_471' title='bbox 1041 3517 1234 3582; x_wconf 89' lang='lat' dir='ltr'><strong>audes,</strong></span> <span class='ocrx_word' id='word_1_472' title='bbox 1285 3532 1468 3571; x_wconf 90' lang='lat' dir='ltr'><strong>nonne</strong></span> <span class='ocrx_word' id='word_1_473' title='bbox 1497 3518 1602 3572; x_wconf 91' lang='lat' dir='ltr'><strong>hoc</strong></span> <span class='ocrx_word' id='word_1_474' title='bbox 1625 3524 1710 3572; x_wconf 91' lang='lat' dir='ltr'><strong>est</strong></span> <span class='ocrx_word' id='word_1_475' title='bbox 1732 3515 1846 3572; x_wconf 82' lang='lat' dir='ltr'><strong>fere</strong></span> <span class='ocrx_word' id='word_1_476' title='bbox 1867 3525 2021 3572; x_wconf 90' lang='lat' dir='ltr'><strong>tuum</strong></span> <span class='ocrx_word' id='word_1_477' title='bbox 2044 3524 2131 3572; x_wconf 83' lang='lat' dir='ltr'><strong>to-</strong></span> 
     </span>
    </p>
   </div>
   <div class='ocr_carea' id='block_1_67' title="bbox 541 3607 2132 3680">
    <p class='ocr_par' dir='ltr' id='par_1_67' title="bbox 541 3607 2132 3680">
     <span class='ocr_line' id='line_1_67' title="bbox 541 3607 2132 3680; baseline 0.002 -16"><span class='ocrx_word' id='word_1_478' title='bbox 541 3619 659 3664; x_wconf 91' lang='lat' dir='ltr'><strong>tum</strong></span> <span class='ocrx_word' id='word_1_479' title='bbox 687 3607 946 3677; x_wconf 80' lang='lat' dir='ltr'><strong>ollicium,</strong></span> <span class='ocrx_word' id='word_1_480' title='bbox 985 3624 1089 3664; x_wconf 87' lang='lat' dir='ltr'><strong>nos</strong></span> <span class='ocrx_word' id='word_1_481' title='bbox 1115 3609 1170 3664; x_wconf 89' lang='lat' dir='ltr'><strong>in</strong></span> <span class='ocrx_word' id='word_1_482' title='bbox 1195 3609 1513 3680; x_wconf 88' lang='lat' dir='ltr'><strong>putredines</strong></span> <span class='ocrx_word' id='word_1_483' title='bbox 1555 3610 1870 3665; x_wconf 85' lang='lat' dir='ltr'><strong>devorando</strong></span> <span class='ocrx_word' id='word_1_484' title='bbox 1899 3625 2132 3666; x_wconf 87' lang='lat' dir='ltr'><strong>conver-</strong></span> 
     </span>
    </p>
   </div>
   <div class='ocr_carea' id='block_1_68' title="bbox 539 3699 2102 3754">
    <p class='ocr_par' dir='ltr' id='par_1_68' title="bbox 539 3699 2102 3754">
     <span class='ocr_line' id='line_1_68' title="bbox 539 3699 2102 3754; baseline -0.004 -1"><span class='ocrx_word' id='word_1_485' title='bbox 539 3699 696 3754; x_wconf 83' lang='lat' dir='ltr'><strong>tere?</strong></span> <span class='ocrx_word' id='word_1_486' title='bbox 2095 3707 2102 3716; x_wconf 93' lang='grc'>·</span> 
     </span>
    </p>
   </div>
   <div class='ocr_carea' id='block_1_69' title="bbox 613 3791 2134 3864">
    <p class='ocr_par' dir='ltr' id='par_1_69' title="bbox 613 3791 2134 3864">
     <span class='ocr_line' id='line_1_69' title="bbox 613 3791 2134 3864; baseline 0.003 -18"><span class='ocrx_word' id='word_1_487' title='bbox 613 3791 741 3848; x_wconf 69' lang='lat' dir='ltr'><strong>Haec</strong></span> <span class='ocrx_word' id='word_1_488' title='bbox 763 3799 858 3848; x_wconf 88' lang='lat' dir='ltr'><strong>tua</strong></span> <span class='ocrx_word' id='word_1_489' title='bbox 881 3791 1113 3860; x_wconf 81' lang='lat' dir='ltr'><strong>utilitas,</strong></span> <span class='ocrx_word' id='word_1_490' title='bbox 1137 3800 1232 3848; x_wconf 87' lang='lat' dir='ltr'><strong>tua</strong></span> <span class='ocrx_word' id='word_1_491' title='bbox 1255 3792 1518 3864; x_wconf 87' lang='lat' dir='ltr'><strong>potentia,</strong></span> <span class='ocrx_word' id='word_1_492' title='bbox 1541 3801 1603 3848; x_wconf 85' lang='lat' dir='ltr'><strong>ut</strong></span> <span class='ocrx_word' id='word_1_493' title='bbox 1625 3809 1722 3864; x_wconf 90' lang='lat' dir='ltr'><strong>per</strong></span> <span class='ocrx_word' id='word_1_494' title='bbox 1751 3805 1802 3850; x_wconf 91' lang='lat' dir='ltr'><strong>te</strong></span> <span class='ocrx_word' id='word_1_495' title='bbox 1835 3803 2022 3851; x_wconf 88' lang='lat' dir='ltr'><strong>nostra</strong></span> <span class='ocrx_word' id='word_1_496' title='bbox 2045 3811 2134 3851; x_wconf 88' lang='lat' dir='ltr'><strong>sa-</strong></span> 
     </span>
    </p>
   </div>
   <div class='ocr_carea' id='block_1_70' title="bbox 536 3882 2137 3948">
    <p class='ocr_par' dir='ltr' id='par_1_70' title="bbox 536 3882 2137 3948">
     <span class='ocr_line' id='line_1_70' title="bbox 536 3882 2137 3948; baseline 0.003 -11"><span class='ocrx_word' id='word_1_497' title='bbox 536 3882 662 3938; x_wconf 84' lang='lat' dir='ltr'><strong>nies</strong></span> <span class='ocrx_word' id='word_1_498' title='bbox 697 3891 943 3939; x_wconf 88' lang='lat' dir='ltr'><strong>transeat</strong></span> <span class='ocrx_word' id='word_1_499' title='bbox 985 3883 1306 3948; x_wconf 78' lang='lat' dir='ltr'><strong>afﬂuenter;</strong></span> <span class='ocrx_word' id='word_1_500' title='bbox 1351 3899 1461 3938; x_wconf 90' lang='lat' dir='ltr'><strong>non</strong></span> <span class='ocrx_word' id='word_1_501' title='bbox 1508 3885 1656 3940; x_wconf 90' lang='lat' dir='ltr'><strong>enim</strong></span> <span class='ocrx_word' id='word_1_502' title='bbox 1683 3884 1864 3941; x_wconf 86' lang='lat' dir='ltr'><strong>facere</strong></span> <span class='ocrx_word' id='word_1_503' title='bbox 1892 3887 2042 3942; x_wconf 86' lang='lat' dir='ltr'><strong>vales</strong></span> <span class='ocrx_word' id='word_1_504' title='bbox 2077 3896 2137 3942; x_wconf 91' lang='lat' dir='ltr'><strong>ut</strong></span> 
     </span>
    </p>
   </div>
   <div class='ocr_carea' id='block_1_71' title="bbox 519 3973 2137 4046">
    <p class='ocr_par' dir='ltr' id='par_1_71' title="bbox 519 3973 2137 4046">
     <span class='ocr_line' id='line_1_71' title="bbox 519 3973 2137 4046; baseline 0.004 -20"><span class='ocrx_word' id='word_1_505' title='bbox 519 3975 762 4027; x_wconf 85' lang='lat' dir='ltr'><strong>&#39;maneat</strong></span> <span class='ocrx_word' id='word_1_506' title='bbox 789 3973 894 4028; x_wconf 91' lang='lat' dir='ltr'><strong>hoc</strong></span> <span class='ocrx_word' id='word_1_507' title='bbox 919 3981 1079 4028; x_wconf 89' lang='lat' dir='ltr'><strong>tuum</strong></span> <span class='ocrx_word' id='word_1_508' title='bbox 1133 3973 1394 4030; x_wconf 86' lang='lat' dir='ltr'><strong>studium.</strong></span> <span class='ocrx_word' id='word_1_509' title='bbox 1430 3973 1557 4032; x_wconf 64' lang='lat' dir='ltr'><strong>Haec</strong></span> <span class='ocrx_word' id='word_1_510' title='bbox 1581 3985 1678 4031; x_wconf 86' lang='lat' dir='ltr'><strong>tua</strong></span> <span class='ocrx_word' id='word_1_511' title='bbox 1731 3977 2032 4046; x_wconf 86' lang='lat' dir='ltr'><strong>beatitudo,</strong></span> <span class='ocrx_word' id='word_1_512' title='bbox 2073 3987 2137 4033; x_wconf 87' lang='lat' dir='ltr'><strong>ut</strong></span> 
     </span>
    </p>
   </div>
   <div class='ocr_carea' id='block_1_72' title="bbox 479 4063 2134 4142">
    <p class='ocr_par' dir='ltr' id='par_1_72' title="bbox 479 4063 2134 4142">
     <span class='ocr_line' id='line_1_72' title="bbox 479 4063 2134 4142; baseline 0.004 -27"><span class='ocrx_word' id='word_1_513' title='bbox 479 4135 484 4142; x_wconf 78' lang='lat'><em>_</em></span> <span class='ocrx_word' id='word_1_514' title='bbox 525 4063 749 4118; x_wconf 61' lang='lat' dir='ltr'><strong>nostris</strong></span> <span class='ocrx_word' id='word_1_515' title='bbox 779 4079 890 4118; x_wconf 90' lang='lat' dir='ltr'><strong>non</strong></span> <span class='ocrx_word' id='word_1_516' title='bbox 911 4079 1102 4120; x_wconf 88' lang='lat' dir='ltr'><strong>careas</strong></span> <span class='ocrx_word' id='word_1_517' title='bbox 1124 4064 1403 4132; x_wconf 90' lang='lat' dir='ltr'><strong>sordibus,</strong></span> <span class='ocrx_word' id='word_1_518' title='bbox 1434 4066 1635 4136; x_wconf 87' lang='lat' dir='ltr'><strong>quibus</strong></span> <span class='ocrx_word' id='word_1_519' title='bbox 1666 4067 1845 4123; x_wconf 86' lang='lat' dir='ltr'><strong>votive</strong></span> <span class='ocrx_word' id='word_1_520' title='bbox 1876 4083 2134 4124; x_wconf 89' lang='lat' dir='ltr'><strong>succum-</strong></span> 
     </span>
    </p>
   </div>
   <div class='ocr_carea' id='block_1_73' title="bbox 523 4153 2133 4228">
    <p class='ocr_par' dir='ltr' id='par_1_73' title="bbox 523 4153 2133 4228">
     <span class='ocr_line' id='line_1_73' title="bbox 523 4153 2133 4228; baseline 0.003 -18"><span class='ocrx_word' id='word_1_521' title='bbox 523 4153 652 4224; x_wconf 36' lang='lat' dir='ltr'><strong>;bis,</strong></span> <span class='ocrx_word' id='word_1_522' title='bbox 679 4166 1066 4226; x_wconf 88' lang='lat' dir='ltr'><strong>corrumpente</strong></span> <span class='ocrx_word' id='word_1_523' title='bbox 1091 4165 1147 4212; x_wconf 90' lang='lat' dir='ltr'><strong>et</strong></span> <span class='ocrx_word' id='word_1_524' title='bbox 1165 4165 1560 4228; x_wconf 86' lang='lat' dir='ltr'><strong>constuprante</strong></span> <span class='ocrx_word' id='word_1_525' title='bbox 1583 4166 1634 4213; x_wconf 87' lang='lat' dir='ltr'><strong>te</strong></span> <span class='ocrx_word' id='word_1_526' title='bbox 1661 4174 1756 4228; x_wconf 87' lang='lat' dir='ltr'><strong>per</strong></span> <span class='ocrx_word' id='word_1_527' title='bbox 1777 4175 1872 4216; x_wconf 91' lang='lat' dir='ltr'><strong>eas</strong></span> <span class='ocrx_word' id='word_1_528' title='bbox 1891 4159 2133 4228; x_wconf 85' lang='lat' dir='ltr'><strong>diabolo,</strong></span> 
     </span>
    </p>
   </div>
   <div class='ocr_carea' id='block_1_74' title="bbox 521 4245 2135 4319">
    <p class='ocr_par' dir='ltr' id='par_1_74' title="bbox 521 4245 2135 4319">
     <span class='ocr_line' id='line_1_74' title="bbox 521 4245 2135 4319; baseline 0.003 -18"><span class='ocrx_word' id='word_1_529' title='bbox 521 4253 654 4301; x_wconf 79' lang='lat' dir='ltr'><strong>‘non</strong></span> <span class='ocrx_word' id='word_1_530' title='bbox 682 4245 800 4301; x_wconf 88' lang='lat' dir='ltr'><strong>sine</strong></span> <span class='ocrx_word' id='word_1_531' title='bbox 823 4262 924 4301; x_wconf 89' lang='lat' dir='ltr'><strong>sua</strong></span> <span class='ocrx_word' id='word_1_532' title='bbox 948 4247 1230 4317; x_wconf 87' lang='lat' dir='ltr'><strong>voluptate</strong></span> <span class='ocrx_word' id='word_1_533' title='bbox 1269 4262 1490 4318; x_wconf 83' lang='lat' dir='ltr'><strong>magna,</strong></span> <span class='ocrx_word' id='word_1_534' title='bbox 1511 4255 1566 4304; x_wconf 89' lang='lat' dir='ltr'><strong>et</strong></span> <span class='ocrx_word' id='word_1_535' title='bbox 1599 4249 1799 4319; x_wconf 84' lang='lat' dir='ltr'><strong>gaudio</strong></span> <span class='ocrx_word' id='word_1_536' title='bbox 1824 4250 1891 4306; x_wconf 90' lang='lat' dir='ltr'><strong>de</strong></span> <span class='ocrx_word' id='word_1_537' title='bbox 1908 4257 2006 4306; x_wconf 87' lang='lat' dir='ltr'><strong>tua</strong></span> <span class='ocrx_word' id='word_1_538' title='bbox 2035 4249 2135 4306; x_wconf 89' lang='lat' dir='ltr'><strong>de-</strong></span> 
     </span>
    </p>
   </div>
   <div class='ocr_carea' id='block_1_75' title="bbox 551 4337 1164 4408">
    <p class='ocr_par' dir='ltr' id='par_1_75' title="bbox 551 4337 1164 4408">
     <span class='ocr_line' id='line_1_75' title="bbox 551 4337 1164 4408; baseline 0.003 -16"><span class='ocrx_word' id='word_1_539' title='bbox 551 4338 803 4408; x_wconf 73' lang='lat' dir='ltr'><strong>ceptione</strong></span> <span class='ocrx_word' id='word_1_540' title='bbox 829 4346 884 4393; x_wconf 89' lang='lat' dir='ltr'><strong>et</strong></span> <span class='ocrx_word' id='word_1_541' title='bbox 918 4337 1164 4394; x_wconf 79' lang='lat' dir='ltr'><strong>interitu.</strong></span> 
     </span>
    </p>
   </div>
   <div class='ocr_carea' id='block_1_76' title="bbox 519 4425 2140 4502">
    <p class='ocr_par' dir='ltr' id='par_1_76' title="bbox 519 4425 2140 4502">
     <span class='ocr_line' id='line_1_76' title="bbox 519 4425 2140 4502; baseline 0.006 -22"><span class='ocrx_word' id='word_1_542' title='bbox 519 4434 526 4439; x_wconf 90' lang='lat'>&#39;</span> <span class='ocrx_word' id='word_1_543' title='bbox 620 4427 960 4500; x_wconf 85' lang='lat' dir='ltr'><strong>Quacunque</strong></span> <span class='ocrx_word' id='word_1_544' title='bbox 994 4427 1171 4484; x_wconf 88' lang='lat' dir='ltr'><strong>forma</strong></span> <span class='ocrx_word' id='word_1_545' title='bbox 1211 4425 1436 4500; x_wconf 85' lang='lat' dir='ltr'><strong>frueris,</strong></span> <span class='ocrx_word' id='word_1_546' title='bbox 1465 4447 1530 4488; x_wconf 87' lang='lat' dir='ltr'><strong>ea</strong></span> <span class='ocrx_word' id='word_1_547' title='bbox 1560 4432 1720 4502; x_wconf 87' lang='lat' dir='ltr'><strong>quasi</strong></span> <span class='ocrx_word' id='word_1_548' title='bbox 1747 4433 2140 4489; x_wconf 81' lang='lat' dir='ltr'><strong>masculus’est</strong></span> 
     </span>
    </p>
   </div>
   <div class='ocr_carea' id='block_1_77' title="bbox 2233 3251 3833 3327">
    <p class='ocr_par' dir='ltr' id='par_1_77' title="bbox 2233 3251 3833 3327">
     <span class='ocr_line' id='line_1_77' title="bbox 2233 3251 3833 3327; baseline -0.005 -13"><span class='ocrx_word' id='word_1_549' title='bbox 2233 3257 2498 3314; x_wconf 70' lang='lat' dir='ltr'><strong>inhmsisti</strong></span> <span class='ocrx_word' id='word_1_550' title='bbox 2527 3257 2746 3327; x_wconf 88' lang='lat' dir='ltr'><strong>cupide,</strong></span> <span class='ocrx_word' id='word_1_551' title='bbox 2781 3255 2856 3310; x_wconf 88' lang='lat' dir='ltr'><strong>ita</strong></span> <span class='ocrx_word' id='word_1_552' title='bbox 2881 3263 2967 3310; x_wconf 88' lang='lat' dir='ltr'><strong>est</strong></span> <span class='ocrx_word' id='word_1_553' title='bbox 2998 3270 3062 3310; x_wconf 89' lang='lat' dir='ltr'><strong>ac</strong></span> <span class='ocrx_word' id='word_1_554' title='bbox 3098 3256 3146 3310; x_wconf 88' lang='lat' dir='ltr'><strong>si</strong></span> <span class='ocrx_word' id='word_1_555' title='bbox 3175 3253 3396 3322; x_wconf 84' lang='lat' dir='ltr'><strong>mulier,</strong></span> <span class='ocrx_word' id='word_1_556' title='bbox 3426 3269 3457 3308; x_wconf 90' lang='lat' dir='ltr'><strong>a</strong></span> <span class='ocrx_word' id='word_1_557' title='bbox 3493 3252 3616 3307; x_wconf 71' lang='lat' dir='ltr'><strong>viro</strong></span> <span class='ocrx_word' id='word_1_558' title='bbox 3645 3267 3748 3308; x_wconf 87' lang='lat' dir='ltr'><strong>suo</strong></span> <span class='ocrx_word' id='word_1_559' title='bbox 3779 3251 3833 3306; x_wconf 83' lang='lat' dir='ltr'><strong>in</strong></span> 
     </span>
    </p>
   </div>
   <div class='ocr_carea' id='block_1_78' title="bbox 2234 3345 3834 3422">
    <p class='ocr_par' dir='ltr' id='par_1_78' title="bbox 2234 3345 3834 3422">
     <span class='ocr_line' id='line_1_78' title="bbox 2234 3345 3834 3422; baseline -0.006 -15"><span class='ocrx_word' id='word_1_560' title='bbox 2234 3351 2356 3422; x_wconf 85' lang='lat' dir='ltr'><strong>ipso</strong></span> <span class='ocrx_word' id='word_1_561' title='bbox 2379 3349 2654 3405; x_wconf 85' lang='lat' dir='ltr'><strong>adulterio</strong></span> <span class='ocrx_word' id='word_1_562' title='bbox 2669 3347 3171 3418; x_wconf 83' lang='lat' dir='ltr'><strong>deprehensa,eum</strong></span> <span class='ocrx_word' id='word_1_563' title='bbox 3199 3347 3393 3402; x_wconf 83' lang='lat' dir='ltr'><strong>debeat</strong></span> <span class='ocrx_word' id='word_1_564' title='bbox 3407 3354 3591 3416; x_wconf 84' lang='lat' dir='ltr'><strong>petere</strong></span> <span class='ocrx_word' id='word_1_565' title='bbox 3621 3345 3834 3399; x_wconf 78' lang='lat' dir='ltr'><strong>veniam</strong></span> 
     </span>
    </p>
   </div>
   <div class='ocr_carea' id='block_1_79' title="bbox 2233 3433 3834 3511">
    <p class='ocr_par' dir='ltr' id='par_1_79' title="bbox 2233 3433 3834 3511">
     <span class='ocr_line' id='line_1_79' title="bbox 2233 3433 3834 3511; baseline -0.004 -14"><span class='ocrx_word' id='word_1_566' title='bbox 2233 3433 2506 3507; x_wconf 76' lang='lat' dir='ltr'><strong>criminis,</strong></span> <span class='ocrx_word' id='word_1_567' title='bbox 2531 3448 2686 3511; x_wconf 78' lang='lat' dir='ltr'><strong>roget</strong></span> <span class='ocrx_word' id='word_1_568' title='bbox 2712 3438 2896 3511; x_wconf 91' lang='lat' dir='ltr'><strong>potius</strong></span> <span class='ocrx_word' id='word_1_569' title='bbox 2925 3454 2994 3494; x_wconf 90' lang='lat' dir='ltr'><strong>ne</strong></span> <span class='ocrx_word' id='word_1_570' title='bbox 3019 3439 3384 3510; x_wconf 68' lang='lat' dir='ltr'><strong>interrumpat</strong></span> <span class='ocrx_word' id='word_1_571' title='bbox 3409 3437 3460 3493; x_wconf 91' lang='lat' dir='ltr'><strong>ei</strong></span> <span class='ocrx_word' id='word_1_572' title='bbox 3481 3436 3659 3508; x_wconf 87' lang='lat' dir='ltr'><strong>ipsius</strong></span> <span class='ocrx_word' id='word_1_573' title='bbox 3681 3435 3834 3491; x_wconf 78' lang='lat' dir='ltr'><strong>adul-</strong></span> 
     </span>
    </p>
   </div>
   <div class='ocr_carea' id='block_1_80' title="bbox 2235 3533 2752 3604">
    <p class='ocr_par' dir='ltr' id='par_1_80' title="bbox 2235 3533 2752 3604">
     <span class='ocr_line' id='line_1_80' title="bbox 2235 3533 2752 3604; baseline -0.01 -14"><span class='ocrx_word' id='word_1_574' title='bbox 2235 3533 2360 3590; x_wconf 87' lang='lat' dir='ltr'><strong>terii</strong></span> <span class='ocrx_word' id='word_1_575' title='bbox 2392 3533 2752 3604; x_wconf 84' lang='lat' dir='ltr'><strong>voluptatem.</strong></span> 
     </span>
    </p>
   </div>
   <div class='ocr_carea' id='block_1_81' title="bbox 2303 3620 3837 3693">
    <p class='ocr_par' dir='ltr' id='par_1_81' title="bbox 2303 3620 3837 3693">
     <span class='ocr_line' id='line_1_81' title="bbox 2303 3620 3837 3693; baseline -0.003 -13"><span class='ocrx_word' id='word_1_576' title='bbox 2303 3625 2426 3683; x_wconf 87' lang='lat' dir='ltr'><strong>Non</strong></span> <span class='ocrx_word' id='word_1_577' title='bbox 2457 3625 2592 3682; x_wconf 88' lang='lat' dir='ltr'><strong>satis</strong></span> <span class='ocrx_word' id='word_1_578' title='bbox 2625 3625 2722 3680; x_wconf 91' lang='lat' dir='ltr'><strong>tibi</strong></span> <span class='ocrx_word' id='word_1_579' title='bbox 2751 3631 2838 3680; x_wconf 91' lang='lat' dir='ltr'><strong>est</strong></span> <span class='ocrx_word' id='word_1_580' title='bbox 2867 3639 2898 3679; x_wconf 90' lang='lat' dir='ltr'><strong>a</strong></span> <span class='ocrx_word' id='word_1_581' title='bbox 2933 3621 3044 3679; x_wconf 87' lang='lat' dir='ltr'><strong>Deo</strong></span> <span class='ocrx_word' id='word_1_582' title='bbox 3080 3621 3365 3688; x_wconf 86' lang='lat' dir='ltr'><strong>fornicari,</strong></span> <span class='ocrx_word' id='word_1_583' title='bbox 3397 3622 3506 3678; x_wconf 88' lang='lat' dir='ltr'><strong>nisi</strong></span> <span class='ocrx_word' id='word_1_584' title='bbox 3550 3621 3734 3693; x_wconf 87' lang='lat' dir='ltr'><strong>ipsum</strong></span> <span class='ocrx_word' id='word_1_585' title='bbox 3773 3620 3837 3676; x_wconf 77' lang='lat' dir='ltr'><strong>ad</strong></span> 
     </span>
    </p>
   </div>
   <div class='ocr_carea' id='block_1_82' title="bbox 2217 3713 3837 3786">
    <p class='ocr_par' dir='ltr' id='par_1_82' title="bbox 2217 3713 3837 3786">
     <span class='ocr_line' id='line_1_82' title="bbox 2217 3713 3837 3786; baseline -0.004 -12"><span class='ocrx_word' id='word_1_586' title='bbox 2217 3719 2342 3774; x_wconf 70' lang='lat' dir='ltr'><strong>&quot;hoc</strong></span> <span class='ocrx_word' id='word_1_587' title='bbox 2365 3717 2620 3785; x_wconf 89' lang='lat' dir='ltr'><strong>inclines,</strong></span> <span class='ocrx_word' id='word_1_588' title='bbox 2649 3723 2712 3772; x_wconf 88' lang='lat' dir='ltr'><strong>ut</strong></span> <span class='ocrx_word' id='word_1_589' title='bbox 2731 3731 2795 3772; x_wconf 89' lang='lat' dir='ltr'><strong>ea</strong></span> <span class='ocrx_word' id='word_1_590' title='bbox 2821 3715 3026 3786; x_wconf 83' lang='lat' dir='ltr'><strong>quibus</strong></span> <span class='ocrx_word' id='word_1_591' title='bbox 3045 3714 3420 3784; x_wconf 79' lang='lat' dir='ltr'><strong>corrumperis</strong></span> <span class='ocrx_word' id='word_1_592' title='bbox 3442 3713 3698 3778; x_wconf 85' lang='lat' dir='ltr'><strong>fruendo,</strong></span> <span class='ocrx_word' id='word_1_593' title='bbox 3735 3729 3837 3770; x_wconf 81' lang='lat' dir='ltr'><strong>au-</strong></span> 
     </span>
    </p>
   </div>
   <div class='ocr_carea' id='block_1_83' title="bbox 2237 3804 3839 3882">
    <p class='ocr_par' dir='ltr' id='par_1_83' title="bbox 2237 3804 3839 3882">
     <span class='ocr_line' id='line_1_83' title="bbox 2237 3804 3839 3882; baseline -0.003 -17"><span class='ocrx_word' id='word_1_594' title='bbox 2237 3809 2378 3882; x_wconf 78' lang='lat' dir='ltr'><strong>geat,</strong></span> <span class='ocrx_word' id='word_1_595' title='bbox 2409 3809 2728 3874; x_wconf 77' lang='lat' dir='ltr'><strong>censervet,</strong></span> <span class='ocrx_word' id='word_1_596' title='bbox 2759 3815 2814 3862; x_wconf 88' lang='lat' dir='ltr'><strong>et</strong></span> <span class='ocrx_word' id='word_1_597' title='bbox 2843 3807 3075 3876; x_wconf 79' lang='lat' dir='ltr'><strong>eoaptet,</strong></span> <span class='ocrx_word' id='word_1_598' title='bbox 3101 3804 3152 3860; x_wconf 88' lang='lat' dir='ltr'><strong>id</strong></span> <span class='ocrx_word' id='word_1_599' title='bbox 3175 3813 3260 3860; x_wconf 74' lang='lat' dir='ltr'><strong>cst</strong></span> <span class='ocrx_word' id='word_1_600' title='bbox 3289 3804 3839 3876; x_wconf 78' lang='lat' dir='ltr'><strong>formaseorporum,</strong></span> 
     </span>
    </p>
   </div>
   <div class='ocr_carea' id='block_1_84' title="bbox 2238 3899 3072 3972">
    <p class='ocr_par' dir='ltr' id='par_1_84' title="bbox 2238 3899 3072 3972">
     <span class='ocr_line' id='line_1_84' title="bbox 2238 3899 3072 3972; baseline -0.005 -14"><span class='ocrx_word' id='word_1_601' title='bbox 2238 3917 2466 3972; x_wconf 82' lang='lat' dir='ltr'><strong>sapores</strong></span> <span class='ocrx_word' id='word_1_602' title='bbox 2485 3909 2540 3956; x_wconf 90' lang='lat' dir='ltr'><strong>et</strong></span> <span class='ocrx_word' id='word_1_603' title='bbox 2564 3902 2801 3956; x_wconf 88' lang='lat' dir='ltr'><strong>colores.</strong></span> <span class='ocrx_word' id='word_1_604' title='bbox 3063 3899 3072 3908; x_wconf 86' lang='grc'><em>’</em></span> 
     </span>
    </p>
   </div>
   <div class='ocr_carea' id='block_1_85' title="bbox 2308 3986 3838 4062">
    <p class='ocr_par' dir='ltr' id='par_1_85' title="bbox 2308 3986 3838 4062">
     <span class='ocr_line' id='line_1_85' title="bbox 2308 3986 3838 4062; baseline -0.004 -14"><span class='ocrx_word' id='word_1_605' title='bbox 2308 3992 2442 4060; x_wconf 69' lang='lat' dir='ltr'><strong>Quae</strong></span> <span class='ocrx_word' id='word_1_606' title='bbox 2468 4000 2554 4048; x_wconf 92' lang='lat' dir='ltr'><strong>est</strong></span> <span class='ocrx_word' id='word_1_607' title='bbox 2576 3991 2713 4046; x_wconf 91' lang='lat' dir='ltr'><strong>adeo</strong></span> <span class='ocrx_word' id='word_1_608' title='bbox 2737 3989 3028 4062; x_wconf 85' lang='lat' dir='ltr'><strong>impudens</strong></span> <span class='ocrx_word' id='word_1_609' title='bbox 3060 3989 3260 4044; x_wconf 88' lang='lat' dir='ltr'><strong>mulier</strong></span> <span class='ocrx_word' id='word_1_610' title='bbox 3283 3996 3347 4044; x_wconf 88' lang='lat' dir='ltr'><strong>ut</strong></span> <span class='ocrx_word' id='word_1_611' title='bbox 3375 3987 3523 4042; x_wconf 80' lang='lat' dir='ltr'><strong>dicat</strong></span> <span class='ocrx_word' id='word_1_612' title='bbox 3545 3986 3669 4041; x_wconf 87' lang='lat' dir='ltr'><strong>viro</strong></span> <span class='ocrx_word' id='word_1_613' title='bbox 3692 4001 3803 4042; x_wconf 80' lang='lat' dir='ltr'><strong>suo</strong></span> <span class='ocrx_word' id='word_1_614' title='bbox 3827 4004 3838 4018; x_wconf 92' lang='grc'><strong>·</strong></span> 
     </span>
    </p>
   </div>
   <div class='ocr_carea' id='block_1_86' title="bbox 2237 4077 3840 4150">
    <p class='ocr_par' dir='ltr' id='par_1_86' title="bbox 2237 4077 3840 4150">
     <span class='ocr_line' id='line_1_86' title="bbox 2237 4077 3840 4150; baseline -0.004 -13"><span class='ocrx_word' id='word_1_615' title='bbox 2237 4081 2434 4150; x_wconf 61' lang='lat' dir='ltr'><strong>Quaere</strong></span> <span class='ocrx_word' id='word_1_616' title='bbox 2451 4081 2591 4136; x_wconf 90' lang='lat' dir='ltr'><strong>mihi</strong></span> <span class='ocrx_word' id='word_1_617' title='bbox 2621 4081 2775 4136; x_wconf 91' lang='lat' dir='ltr'><strong>illum</strong></span> <span class='ocrx_word' id='word_1_618' title='bbox 2801 4088 2896 4134; x_wconf 85' lang='lat' dir='ltr'><strong>aut</strong></span> <span class='ocrx_word' id='word_1_619' title='bbox 2925 4079 3079 4134; x_wconf 90' lang='lat' dir='ltr'><strong>illum</strong></span> <span class='ocrx_word' id='word_1_620' title='bbox 3101 4095 3228 4135; x_wconf 88' lang='lat' dir='ltr'><strong>cum</strong></span> <span class='ocrx_word' id='word_1_621' title='bbox 3257 4095 3369 4150; x_wconf 79' lang='lat' dir='ltr'><strong>quo</strong></span> <span class='ocrx_word' id='word_1_622' title='bbox 3387 4077 3688 4144; x_wconf 85' lang='lat' dir='ltr'><strong>dormiam,</strong></span> <span class='ocrx_word' id='word_1_623' title='bbox 3705 4079 3840 4148; x_wconf 76' lang='lat' dir='ltr'><strong>quia</strong></span> 
     </span>
    </p>
   </div>
   <div class='ocr_carea' id='block_1_87' title="bbox 2236 4169 3845 4247">
    <p class='ocr_par' dir='ltr' id='par_1_87' title="bbox 2236 4169 3845 4247">
     <span class='ocr_line' id='line_1_87' title="bbox 2236 4169 3845 4247; baseline -0.003 -17"><span class='ocrx_word' id='word_1_624' title='bbox 2236 4174 2444 4247; x_wconf 88' lang='lat' dir='ltr'><strong>placuit</strong></span> <span class='ocrx_word' id='word_1_625' title='bbox 2465 4174 2598 4229; x_wconf 91' lang='lat' dir='ltr'><strong>mihi</strong></span> <span class='ocrx_word' id='word_1_626' title='bbox 2621 4173 2746 4245; x_wconf 89' lang='lat' dir='ltr'><strong>plus</strong></span> <span class='ocrx_word' id='word_1_627' title='bbox 2767 4181 2842 4238; x_wconf 87' lang='lat' dir='ltr'><strong>te,</strong></span> <span class='ocrx_word' id='word_1_628' title='bbox 2873 4171 3120 4242; x_wconf 85' lang='lat' dir='ltr'><strong>alioquin</strong></span> <span class='ocrx_word' id='word_1_629' title='bbox 3151 4187 3260 4226; x_wconf 91' lang='lat' dir='ltr'><strong>non</strong></span> <span class='ocrx_word' id='word_1_630' title='bbox 3291 4170 3610 4243; x_wconf 81' lang='lat' dir='ltr'><strong>quiescam?</strong></span> <span class='ocrx_word' id='word_1_631' title='bbox 3647 4169 3731 4224; x_wconf 81' lang='lat' dir='ltr'><strong>Tu</strong></span> <span class='ocrx_word' id='word_1_632' title='bbox 3761 4179 3845 4225; x_wconf 55' lang='lat' dir='ltr'><strong>tae</strong></span> 
     </span>
    </p>
   </div>
   <div class='ocr_carea' id='block_1_88' title="bbox 2239 4261 3846 4333">
    <p class='ocr_par' dir='ltr' id='par_1_88' title="bbox 2239 4261 3846 4333">
     <span class='ocr_line' id='line_1_88' title="bbox 2239 4261 3846 4333; baseline -0.004 -11"><span class='ocrx_word' id='word_1_633' title='bbox 2239 4283 2366 4323; x_wconf 87' lang='lat' dir='ltr'><strong>men</strong></span> <span class='ocrx_word' id='word_1_634' title='bbox 2399 4263 2536 4322; x_wconf 87' lang='lat' dir='ltr'><strong>facis</strong></span> <span class='ocrx_word' id='word_1_635' title='bbox 2573 4264 2678 4320; x_wconf 89' lang='lat' dir='ltr'><strong>hoc</strong></span> <span class='ocrx_word' id='word_1_636' title='bbox 2710 4263 2833 4320; x_wconf 89' lang='lat' dir='ltr'><strong>viro</strong></span> <span class='ocrx_word' id='word_1_637' title='bbox 2853 4272 2969 4331; x_wconf 93' lang='lat' dir='ltr'><strong>tuo,</strong></span> <span class='ocrx_word' id='word_1_638' title='bbox 2995 4263 3048 4318; x_wconf 93' lang='lat' dir='ltr'><strong>id</strong></span> <span class='ocrx_word' id='word_1_639' title='bbox 3078 4273 3162 4318; x_wconf 87' lang='lat' dir='ltr'><strong>est</strong></span> <span class='ocrx_word' id='word_1_640' title='bbox 3193 4261 3450 4330; x_wconf 86' lang='lat' dir='ltr'><strong>Domino,</strong></span> <span class='ocrx_word' id='word_1_641' title='bbox 3485 4276 3614 4318; x_wconf 86' lang='lat' dir='ltr'><strong>cum</strong></span> <span class='ocrx_word' id='word_1_642' title='bbox 3643 4269 3846 4333; x_wconf 57' lang='lat' dir='ltr'><strong>prater</strong></span> 
     </span>
    </p>
   </div>
   <div class='ocr_carea' id='block_1_89' title="bbox 2239 4353 3624 4428">
    <p class='ocr_par' dir='ltr' id='par_1_89' title="bbox 2239 4353 3624 4428">
     <span class='ocr_line' id='line_1_89' title="bbox 2239 4353 3624 4428; baseline -0.002 -18"><span class='ocrx_word' id='word_1_643' title='bbox 2239 4356 2424 4428; x_wconf 89' lang='lat' dir='ltr'><strong>ipsum</strong></span> <span class='ocrx_word' id='word_1_644' title='bbox 2453 4355 2662 4426; x_wconf 89' lang='lat' dir='ltr'><strong>aliquid</strong></span> <span class='ocrx_word' id='word_1_645' title='bbox 2685 4355 2940 4428; x_wconf 77' lang='lat' dir='ltr'><strong>diligens,</strong></span> <span class='ocrx_word' id='word_1_646' title='bbox 2965 4353 3018 4410; x_wconf 89' lang='lat' dir='ltr'><strong>id</strong></span> <span class='ocrx_word' id='word_1_647' title='bbox 3042 4355 3224 4426; x_wconf 89' lang='lat' dir='ltr'><strong>ipsum</strong></span> <span class='ocrx_word' id='word_1_648' title='bbox 3261 4355 3333 4410; x_wconf 86' lang='lat' dir='ltr'><strong>ab</strong></span> <span class='ocrx_word' id='word_1_649' title='bbox 3360 4369 3428 4410; x_wconf 88' lang='lat' dir='ltr'><strong>eo</strong></span> <span class='ocrx_word' id='word_1_650' title='bbox 3463 4355 3624 4424; x_wconf 83' lang='lat' dir='ltr'><strong>petis.</strong></span> 
     </span>
    </p>
   </div>
   <div class='ocr_carea' id='block_1_90' title="bbox 2309 4443 3846 4516">
    <p class='ocr_par' dir='ltr' id='par_1_90' title="bbox 2309 4443 3846 4516">
     <span class='ocr_line' id='line_1_90' title="bbox 2309 4443 3846 4516; baseline -0.003 -13"><span class='ocrx_word' id='word_1_651' title='bbox 2309 4447 2450 4503; x_wconf 86' lang='lat' dir='ltr'><strong>Cum</strong></span> <span class='ocrx_word' id='word_1_652' title='bbox 2477 4445 2748 4503; x_wconf 42' lang='lat' dir='ltr'><strong>dicis‘Deo</strong></span> <span class='ocrx_word' id='word_1_653' title='bbox 2768 4465 2791 4503; x_wconf 64' lang='grc' dir='ltr'>ς</span> <span class='ocrx_word' id='word_1_654' title='bbox 2824 4445 2902 4501; x_wconf 88' lang='lat' dir='ltr'><strong>Da</strong></span> <span class='ocrx_word' id='word_1_655' title='bbox 2930 4447 3066 4502; x_wconf 89' lang='lat' dir='ltr'><strong>mihi</strong></span> <span class='ocrx_word' id='word_1_656' title='bbox 3092 4446 3198 4503; x_wconf 89' lang='lat' dir='ltr'><strong>hoc</strong></span> <span class='ocrx_word' id='word_1_657' title='bbox 3223 4454 3318 4501; x_wconf 87' lang='lat' dir='ltr'><strong>aut</strong></span> <span class='ocrx_word' id='word_1_658' title='bbox 3339 4445 3496 4512; x_wconf 86' lang='lat' dir='ltr'><strong>illud,</strong></span> <span class='ocrx_word' id='word_1_659' title='bbox 3519 4445 3626 4516; x_wconf 81' lang='lat' dir='ltr'><strong>hoc</strong></span> <span class='ocrx_word' id='word_1_660' title='bbox 3649 4453 3738 4500; x_wconf 83' lang='lat' dir='ltr'><strong>est</strong></span> <span class='ocrx_word' id='word_1_661' title='bbox 3763 4443 3846 4498; x_wconf 82' lang='lat' dir='ltr'><strong>di-</strong></span> 
     </span>
    </p>
   </div>
   <div class='ocr_carea' id='block_1_91' title="bbox 541 4511 3842 4610">
    <p class='ocr_par' dir='ltr' id='par_1_91' title="bbox 541 4511 3842 4610">
     <span class='ocr_line' id='line_1_91' title="bbox 541 4511 3842 4610; baseline -0.002 -33"><span class='ocrx_word' id='word_1_662' title='bbox 541 4531 654 4578; x_wconf 66' lang='lat' dir='ltr'><strong>tuie</strong></span> <span class='ocrx_word' id='word_1_663' title='bbox 678 4521 869 4576; x_wconf 89' lang='lat' dir='ltr'><strong>menti.</strong></span> <span class='ocrx_word' id='word_1_664' title='bbox 900 4521 1061 4578; x_wconf 85' lang='lat' dir='ltr'><strong>Cedit</strong></span> <span class='ocrx_word' id='word_1_665' title='bbox 1083 4523 1230 4578; x_wconf 88' lang='lat' dir='ltr'><strong>enim</strong></span> <span class='ocrx_word' id='word_1_666' title='bbox 1257 4533 1312 4579; x_wconf 91' lang='lat' dir='ltr'><strong>et</strong></span> <span class='ocrx_word' id='word_1_667' title='bbox 1336 4524 1644 4580; x_wconf 88' lang='lat' dir='ltr'><strong>succumbit</strong></span> <span class='ocrx_word' id='word_1_668' title='bbox 1675 4525 1758 4592; x_wconf 89' lang='lat' dir='ltr'><strong>ei;</strong></span> <span class='ocrx_word' id='word_1_669' title='bbox 1791 4533 1845 4580; x_wconf 88' lang='lat' dir='ltr'><strong>et</strong></span> <span class='ocrx_word' id='word_1_670' title='bbox 1879 4540 1988 4579; x_wconf 91' lang='lat' dir='ltr'><strong>non</strong></span> <span class='ocrx_word' id='word_1_671' title='bbox 2017 4525 2136 4596; x_wconf 87' lang='lat' dir='ltr'><strong>ipsa</strong></span> <span class='ocrx_word' id='word_1_672' title='bbox 2167 4511 2214 4570; x_wconf 77' lang='grc' dir='ltr'>υ</span> <span class='ocrx_word' id='word_1_673' title='bbox 2241 4555 2400 4594; x_wconf 63' lang='lat' dir='ltr'><strong>cere;</strong></span> <span class='ocrx_word' id='word_1_674' title='bbox 2435 4538 2510 4594; x_wconf 67' lang='lat' dir='ltr'><strong>Da</strong></span> <span class='ocrx_word' id='word_1_675' title='bbox 2539 4538 2674 4594; x_wconf 66' lang='lat' dir='ltr'><strong>mihi</strong></span> <span class='ocrx_word' id='word_1_676' title='bbox 2717 4539 2770 4594; x_wconf 78' lang='grc' dir='ltr'><strong>ίη</strong></span> <span class='ocrx_word' id='word_1_677' title='bbox 2804 4553 2916 4610; x_wconf 73' lang='lat' dir='ltr'><strong>quo</strong></span> <span class='ocrx_word' id='word_1_678' title='bbox 2945 4538 3316 4605; x_wconf 52' lang='lat' dir='ltr'><strong>mogendam,</strong></span> <span class='ocrx_word' id='word_1_679' title='bbox 3349 4547 3406 4594; x_wconf 62' lang='grc' dir='ltr'><strong>ει</strong></span> <span class='ocrx_word' id='word_1_680' title='bbox 3435 4511 3842 4594; x_wconf 49' lang='grc' dir='ltr'><strong>δίεισι-Βίας,</strong></span> 
     </span>
    </p>
   </div>
   <div class='ocr_carea' id='block_1_92' title="bbox 541 4613 2140 4686">
    <p class='ocr_par' dir='ltr' id='par_1_92' title="bbox 541 4613 2140 4686">
     <span class='ocr_line' id='line_1_92' title="bbox 541 4613 2140 4686; baseline 0 -16"><span class='ocrx_word' id='word_1_681' title='bbox 541 4615 664 4679; x_wconf 85' lang='lat' dir='ltr'><strong>tibi,</strong></span> <span class='ocrx_word' id='word_1_682' title='bbox 709 4614 806 4670; x_wconf 87' lang='lat' dir='ltr'><strong>sed</strong></span> <span class='ocrx_word' id='word_1_683' title='bbox 855 4623 915 4669; x_wconf 90' lang='lat' dir='ltr'><strong>tu</strong></span> <span class='ocrx_word' id='word_1_684' title='bbox 960 4614 1066 4684; x_wconf 84' lang='lat' dir='ltr'><strong>ipsi</strong></span> <span class='ocrx_word' id='word_1_685' title='bbox 1102 4613 1466 4672; x_wconf 84' lang='lat' dir='ltr'><strong>conformaris</strong></span> <span class='ocrx_word' id='word_1_686' title='bbox 1495 4625 1548 4671; x_wconf 91' lang='lat' dir='ltr'><strong>et</strong></span> <span class='ocrx_word' id='word_1_687' title='bbox 1579 4613 1947 4670; x_wconf 81' lang='lat' dir='ltr'><strong>assimiliaris.</strong></span> <span class='ocrx_word' id='word_1_688' title='bbox 1983 4613 2140 4686; x_wconf 85' lang='lat' dir='ltr'><strong>Ejus-</strong></span> 
     </span>
    </p>
   </div>
   <div class='ocr_carea' id='block_1_93' title="bbox 538 4703 2139 4776">
    <p class='ocr_par' dir='ltr' id='par_1_93' title="bbox 538 4703 2139 4776">
     <span class='ocr_line' id='line_1_93' title="bbox 538 4703 2139 4776; baseline 0 -16"><span class='ocrx_word' id='word_1_689' title='bbox 538 4706 782 4776; x_wconf 86' lang='lat' dir='ltr'><strong>demque</strong></span> <span class='ocrx_word' id='word_1_690' title='bbox 833 4703 1027 4759; x_wconf 64' lang='lat' dir='ltr'><strong>format</strong></span> <span class='ocrx_word' id='word_1_691' title='bbox 1055 4704 1238 4776; x_wconf 80' lang='lat' dir='ltr'><strong>imago</strong></span> <span class='ocrx_word' id='word_1_692' title='bbox 1265 4715 1513 4762; x_wconf 88' lang='lat' dir='ltr'><strong>remanet</strong></span> <span class='ocrx_word' id='word_1_693' title='bbox 1562 4705 1830 4776; x_wconf 89' lang='lat' dir='ltr'><strong>impressa</strong></span> <span class='ocrx_word' id='word_1_694' title='bbox 1873 4715 2139 4776; x_wconf 87' lang='lat' dir='ltr'><strong>tanquam</strong></span> 
     </span>
    </p>
   </div>
   <div class='ocr_carea' id='block_1_94' title="bbox 517 4797 2144 4870">
    <p class='ocr_par' dir='ltr' id='par_1_94' title="bbox 517 4797 2144 4870">
     <span class='ocr_line' id='line_1_94' title="bbox 517 4797 2144 4870; baseline 0.001 -17"><span class='ocrx_word' id='word_1_695' title='bbox 517 4797 906 4854; x_wconf 55' lang='lat' dir='ltr'><strong>‘simulacrum</strong></span> <span class='ocrx_word' id='word_1_696' title='bbox 930 4799 987 4854; x_wconf 89' lang='lat' dir='ltr'><strong>in</strong></span> <span class='ocrx_word' id='word_1_697' title='bbox 1008 4799 1215 4870; x_wconf 85' lang='lat' dir='ltr'><strong>templo</strong></span> <span class='ocrx_word' id='word_1_698' title='bbox 1238 4815 1361 4865; x_wconf 88' lang='lat' dir='ltr'><strong>suo,</strong></span> <span class='ocrx_word' id='word_1_699' title='bbox 1389 4800 1612 4857; x_wconf 90' lang='lat' dir='ltr'><strong>cuinon</strong></span> <span class='ocrx_word' id='word_1_700' title='bbox 1643 4801 1860 4868; x_wconf 83' lang='lat' dir='ltr'><strong>bovem,</strong></span> <span class='ocrx_word' id='word_1_701' title='bbox 1889 4815 1997 4856; x_wconf 88' lang='lat' dir='ltr'><strong>non</strong></span> <span class='ocrx_word' id='word_1_702' title='bbox 2027 4801 2144 4855; x_wconf 86' lang='lat' dir='ltr'><strong>hir-</strong></span> 
     </span>
    </p>
   </div>
   <div class='ocr_carea' id='block_1_95' title="bbox 521 4889 2143 4969">
    <p class='ocr_par' dir='ltr' id='par_1_95' title="bbox 521 4889 2143 4969">
     <span class='ocr_line' id='line_1_95' title="bbox 521 4889 2143 4969; baseline 0.004 -27"><span class='ocrx_word' id='word_1_703' title='bbox 521 4889 698 4956; x_wconf 73' lang='lat' dir='ltr'><strong>‘cum,</strong></span> <span class='ocrx_word' id='word_1_704' title='bbox 748 4889 843 4945; x_wconf 90' lang='lat' dir='ltr'><strong>sed</strong></span> <span class='ocrx_word' id='word_1_705' title='bbox 871 4889 1114 4947; x_wconf 88' lang='lat' dir='ltr'><strong>animam</strong></span> <span class='ocrx_word' id='word_1_706' title='bbox 1145 4891 1472 4948; x_wconf 87' lang='lat' dir='ltr'><strong>rationalem</strong></span> <span class='ocrx_word' id='word_1_707' title='bbox 1497 4900 1558 4948; x_wconf 76' lang='lat' dir='ltr'><strong>‘et</strong></span> <span class='ocrx_word' id='word_1_708' title='bbox 1585 4907 1816 4964; x_wconf 84' lang='lat' dir='ltr'><strong>corpus,</strong></span> <span class='ocrx_word' id='word_1_709' title='bbox 1835 4892 1890 4948; x_wconf 92' lang='lat' dir='ltr'><strong>id</strong></span> <span class='ocrx_word' id='word_1_710' title='bbox 1923 4900 2010 4969; x_wconf 81' lang='lat' dir='ltr'><strong>est</strong></span> <span class='ocrx_word' id='word_1_711' title='bbox 2057 4901 2143 4948; x_wconf 85' lang='lat' dir='ltr'><strong>te-</strong></span> 
     </span>
    </p>
   </div>
   <div class='ocr_carea' id='block_1_96' title="bbox 545 4977 1715 5050">
    <p class='ocr_par' dir='ltr' id='par_1_96' title="bbox 545 4977 1715 5050">
     <span class='ocr_line' id='line_1_96' title="bbox 545 4977 1715 5050; baseline 0.003 -14"><span class='ocrx_word' id='word_1_712' title='bbox 545 4977 736 5050; x_wconf 69' lang='lat' dir='ltr'><strong>ipsum</strong></span> <span class='ocrx_word' id='word_1_713' title='bbox 765 4990 938 5038; x_wconf 87' lang='lat' dir='ltr'><strong>totum</strong></span> <span class='ocrx_word' id='word_1_714' title='bbox 963 4985 1234 5050; x_wconf 84' lang='lat' dir='ltr'><strong>immolas,</strong></span> <span class='ocrx_word' id='word_1_715' title='bbox 1257 5001 1383 5040; x_wconf 89' lang='lat' dir='ltr'><strong>cum</strong></span> <span class='ocrx_word' id='word_1_716' title='bbox 1408 5000 1470 5040; x_wconf 85' lang='lat' dir='ltr'><strong>ea</strong></span> <span class='ocrx_word' id='word_1_717' title='bbox 1488 4983 1715 5042; x_wconf 80' lang='lat' dir='ltr'><strong>frueris.</strong></span> 
     </span>
    </p>
   </div>
   <div class='ocr_carea' id='block_1_97' title="bbox 623 5068 2142 5146">
    <p class='ocr_par' dir='ltr' id='par_1_97' title="bbox 623 5068 2142 5146">
     <span class='ocr_line' id='line_1_97' title="bbox 623 5068 2142 5146; baseline 0.007 -25"><span class='ocrx_word' id='word_1_718' title='bbox 623 5068 758 5124; x_wconf 76' lang='lat' dir='ltr'><strong>Vide</strong></span> <span class='ocrx_word' id='word_1_719' title='bbox 791 5075 1088 5142; x_wconf 88' lang='lat' dir='ltr'><strong>quomodo,</strong></span> <span class='ocrx_word' id='word_1_720' title='bbox 1139 5076 1300 5146; x_wconf 90' lang='lat' dir='ltr'><strong>quasi</strong></span> <span class='ocrx_word' id='word_1_721' title='bbox 1343 5075 1398 5130; x_wconf 89' lang='lat' dir='ltr'><strong>in</strong></span> <span class='ocrx_word' id='word_1_722' title='bbox 1437 5077 1684 5144; x_wconf 85' lang='lat' dir='ltr'><strong>taberna,</strong></span> <span class='ocrx_word' id='word_1_723' title='bbox 1712 5087 1956 5132; x_wconf 86' lang='lat' dir='ltr'><strong>amorem</strong></span> <span class='ocrx_word' id='word_1_724' title='bbox 1985 5085 2142 5132; x_wconf 88' lang='lat' dir='ltr'><strong>tuum</strong></span> 
     </span>
    </p>
   </div>
   <div class='ocr_carea' id='block_1_98' title="bbox 544 5159 2144 5234">
    <p class='ocr_par' dir='ltr' id='par_1_98' title="bbox 544 5159 2144 5234">
     <span class='ocr_line' id='line_1_98' title="bbox 544 5159 2144 5234; baseline 0.006 -20"><span class='ocrx_word' id='word_1_725' title='bbox 544 5159 714 5230; x_wconf 77' lang='lat' dir='ltr'><strong>quasi</strong></span> <span class='ocrx_word' id='word_1_726' title='bbox 742 5164 988 5218; x_wconf 84' lang='lat' dir='ltr'><strong>venalem</strong></span> <span class='ocrx_word' id='word_1_727' title='bbox 1031 5167 1399 5234; x_wconf 87' lang='lat' dir='ltr'><strong>prostitueris,</strong></span> <span class='ocrx_word' id='word_1_728' title='bbox 1431 5177 1486 5223; x_wconf 90' lang='lat' dir='ltr'><strong>et</strong></span> <span class='ocrx_word' id='word_1_729' title='bbox 1506 5169 1573 5224; x_wconf 90' lang='lat' dir='ltr'><strong>ad</strong></span> <span class='ocrx_word' id='word_1_730' title='bbox 1597 5183 1914 5233; x_wconf 84' lang='lat' dir='ltr'><strong>mensuram</strong></span> <span class='ocrx_word' id='word_1_731' title='bbox 1944 5182 2144 5226; x_wconf 83' lang='lat' dir='ltr'><strong>mune-</strong></span> 
     </span>
    </p>
   </div>
   <div class='ocr_carea' id='block_1_99' title="bbox 546 5245 2144 5332">
    <p class='ocr_par' dir='ltr' id='par_1_99' title="bbox 546 5245 2144 5332">
     <span class='ocr_line' id='line_1_99' title="bbox 546 5245 2144 5332; baseline 0.006 -24"><span class='ocrx_word' id='word_1_732' title='bbox 546 5267 676 5308; x_wconf 74' lang='lat' dir='ltr'><strong>rum</strong></span> <span class='ocrx_word' id='word_1_733' title='bbox 699 5252 905 5324; x_wconf 79' lang='lat' dir='ltr'><strong>pariter</strong></span> <span class='ocrx_word' id='word_1_734' title='bbox 930 5255 1108 5326; x_wconf 86' lang='lat' dir='ltr'><strong>ipsqu</strong></span> <span class='ocrx_word' id='word_1_735' title='bbox 1134 5245 1452 5317; x_wconf 87' lang='lat' dir='ltr'><strong>hominibus</strong></span> <span class='ocrx_word' id='word_1_736' title='bbox 1477 5261 1768 5332; x_wconf 88' lang='lat' dir='ltr'><strong>impendis.</strong></span> <span class='ocrx_word' id='word_1_737' title='bbox 1791 5261 1942 5317; x_wconf 85' lang='lat' dir='ltr'><strong>Nihil</strong></span> <span class='ocrx_word' id='word_1_738' title='bbox 1962 5263 2016 5317; x_wconf 89' lang='lat' dir='ltr'><strong>in</strong></span> <span class='ocrx_word' id='word_1_739' title='bbox 2038 5263 2144 5318; x_wconf 85' lang='lat' dir='ltr'><strong>hac</strong></span> 
     </span>
    </p>
   </div>
   <div class='ocr_carea' id='block_1_100' title="bbox 525 5341 2140 5425">
    <p class='ocr_par' dir='ltr' id='par_1_100' title="bbox 525 5341 2140 5425">
     <span class='ocr_line' id='line_1_100' title="bbox 525 5341 2140 5425; baseline 0.007 -27"><span class='ocrx_word' id='word_1_740' title='bbox 525 5341 781 5400; x_wconf 69' lang='lat' dir='ltr'><strong>&#39;taberna</strong></span> <span class='ocrx_word' id='word_1_741' title='bbox 805 5347 1003 5416; x_wconf 78' lang='lat' dir='ltr'><strong>accipit</strong></span> <span class='ocrx_word' id='word_1_742' title='bbox 1035 5349 1132 5418; x_wconf 90' lang='lat' dir='ltr'><strong>qui</strong></span> <span class='ocrx_word' id='word_1_743' title='bbox 1163 5349 1298 5405; x_wconf 88' lang='lat' dir='ltr'><strong>nihil</strong></span> <span class='ocrx_word' id='word_1_744' title='bbox 1329 5353 1444 5419; x_wconf 87' lang='lat' dir='ltr'><strong>dat,</strong></span> <span class='ocrx_word' id='word_1_745' title='bbox 1473 5362 1569 5408; x_wconf 89' lang='lat' dir='ltr'><strong>aut</strong></span> <span class='ocrx_word' id='word_1_746' title='bbox 1591 5355 1822 5411; x_wconf 86' lang='lat' dir='ltr'><strong>daturus</strong></span> <span class='ocrx_word' id='word_1_747' title='bbox 1867 5363 2140 5425; x_wconf 85' lang='lat' dir='ltr'><strong>speratur.</strong></span> 
     </span>
    </p>
   </div>
   <div class='ocr_carea' id='block_1_101' title="bbox 545 5435 2140 5511">
    <p class='ocr_par' dir='ltr' id='par_1_101' title="bbox 545 5435 2140 5511">
     <span class='ocr_line' id='line_1_101' title="bbox 545 5435 2140 5511; baseline 0.006 -21"><span class='ocrx_word' id='word_1_748' title='bbox 545 5435 622 5490; x_wconf 70' lang='lat' dir='ltr'><strong>Et</strong></span> <span class='ocrx_word' id='word_1_749' title='bbox 654 5443 834 5492; x_wconf 86' lang='lat' dir='ltr'><strong>tamen</strong></span> <span class='ocrx_word' id='word_1_750' title='bbox 870 5453 971 5492; x_wconf 88' lang='lat' dir='ltr'><strong>nec</strong></span> <span class='ocrx_word' id='word_1_751' title='bbox 1011 5438 1158 5509; x_wconf 82' lang='lat' dir='ltr'><strong>quod</strong></span> <span class='ocrx_word' id='word_1_752' title='bbox 1185 5441 1449 5496; x_wconf 86' lang='lat' dir='ltr'><strong>venderes</strong></span> <span class='ocrx_word' id='word_1_753' title='bbox 1484 5441 1736 5511; x_wconf 88' lang='lat' dir='ltr'><strong>haberes,</strong></span> <span class='ocrx_word' id='word_1_754' title='bbox 1771 5445 1878 5501; x_wconf 91' lang='lat' dir='ltr'><strong>nisi</strong></span> <span class='ocrx_word' id='word_1_755' title='bbox 1926 5445 2022 5500; x_wconf 90' lang='lat' dir='ltr'><strong>tibi</strong></span> <span class='ocrx_word' id='word_1_756' title='bbox 2063 5446 2140 5500; x_wconf 90' lang='lat' dir='ltr'><strong>nil</strong></span> 
     </span>
    </p>
   </div>
   <div class='ocr_carea' id='block_1_102' title="bbox 525 5529 2138 5610">
    <p class='ocr_par' dir='ltr' id='par_1_102' title="bbox 525 5529 2138 5610">
     <span class='ocr_line' id='line_1_102' title="bbox 525 5529 2138 5610; baseline 0.006 -26"><span class='ocrx_word' id='word_1_757' title='bbox 525 5529 704 5585; x_wconf 84' lang='lat' dir='ltr'><strong>&#39;danti</strong></span> <span class='ocrx_word' id='word_1_758' title='bbox 751 5531 922 5601; x_wconf 79' lang='lat' dir='ltr'><strong>gratis</strong></span> <span class='ocrx_word' id='word_1_759' title='bbox 975 5540 1122 5588; x_wconf 83' lang='lat' dir='ltr'><strong>esset</strong></span> <span class='ocrx_word' id='word_1_760' title='bbox 1158 5531 1345 5588; x_wconf 85' lang='lat' dir='ltr'><strong>datum</strong></span> <span class='ocrx_word' id='word_1_761' title='bbox 1395 5533 1648 5606; x_wconf 86' lang='lat' dir='ltr'><strong>desuper.</strong></span> <span class='ocrx_word' id='word_1_762' title='bbox 1697 5535 1976 5609; x_wconf 75' lang='lat' dir='ltr'><strong>Recepisti</strong></span> <span class='ocrx_word' id='word_1_763' title='bbox 2006 5553 2138 5610; x_wconf 81' lang='lat' dir='ltr'><strong>ergo</strong></span> 
     </span>
    </p>
   </div>
   <div class='ocr_carea' id='block_1_103' title="bbox 547 5623 1386 5681">
    <p class='ocr_par' dir='ltr' id='par_1_103' title="bbox 547 5623 1386 5681">
     <span class='ocr_line' id='line_1_103' title="bbox 547 5623 1386 5681; baseline 0.006 -4"><span class='ocrx_word' id='word_1_764' title='bbox 547 5623 859 5680; x_wconf 77' lang='lat' dir='ltr'><strong>mercedem</strong></span> <span class='ocrx_word' id='word_1_765' title='bbox 899 5634 1069 5681; x_wconf 87' lang='lat' dir='ltr'><strong>tuam.</strong></span> <span class='ocrx_word' id='word_1_766' title='bbox 1317 5629 1324 5634; x_wconf 89' lang='grc'><em>’</em></span> <span class='ocrx_word' id='word_1_767' title='bbox 1381 5629 1386 5634; x_wconf 76' lang='grc'><em>’</em></span> 
     </span>
    </p>
   </div>
   <div class='ocr_carea' id='block_1_104' title="bbox 624 5711 2142 5794">
    <p class='ocr_par' dir='ltr' id='par_1_104' title="bbox 624 5711 2142 5794">
     <span class='ocr_line' id='line_1_104' title="bbox 624 5711 2142 5794; baseline 0.009 -28"><span class='ocrx_word' id='word_1_768' title='bbox 624 5711 921 5772; x_wconf 85' lang='lat' dir='ltr'><strong>Evacuatio</strong></span> <span class='ocrx_word' id='word_1_769' title='bbox 958 5729 1011 5775; x_wconf 90' lang='lat' dir='ltr'><strong>et</strong></span> <span class='ocrx_word' id='word_1_770' title='bbox 1045 5717 1318 5794; x_wconf 83' lang='lat' dir='ltr'><strong>elongatio</strong></span> <span class='ocrx_word' id='word_1_771' title='bbox 1344 5737 1374 5776; x_wconf 89' lang='lat' dir='ltr'><strong>a</strong></span> <span class='ocrx_word' id='word_1_772' title='bbox 1397 5717 1522 5778; x_wconf 88' lang='lat' dir='ltr'><strong>Deo</strong></span> <span class='ocrx_word' id='word_1_773' title='bbox 1556 5733 1828 5794; x_wconf 80' lang='lat' dir='ltr'><strong>praeparat</strong></span> <span class='ocrx_word' id='word_1_774' title='bbox 1855 5723 1922 5778; x_wconf 89' lang='lat' dir='ltr'><strong>ad</strong></span> <span class='ocrx_word' id='word_1_775' title='bbox 1939 5737 2142 5779; x_wconf 84' lang='lat' dir='ltr'><strong>concu-</strong></span> 
     </span>
    </p>
   </div>
   <div class='ocr_carea' id='block_1_105' title="bbox 548 5802 1822 5869">
    <p class='ocr_par' dir='ltr' id='par_1_105' title="bbox 548 5802 1822 5869">
     <span class='ocr_line' id='line_1_105' title="bbox 548 5802 1822 5869; baseline 0.006 -13"><span class='ocrx_word' id='word_1_776' title='bbox 548 5802 892 5869; x_wconf 68' lang='lat' dir='ltr'><strong>pissendum.</strong></span> <span class='ocrx_word' id='word_1_777' title='bbox 1071 5813 1076 5816; x_wconf 86' lang='grc'><em>’</em></span> <span class='ocrx_word' id='word_1_778' title='bbox 1382 5822 1386 5825; x_wconf 88' lang='grc'>·</span> <span class='ocrx_word' id='word_1_779' title='bbox 1661 5817 1687 5822; x_wconf 83' lang='grc'><strong>”</strong></span> <span class='ocrx_word' id='word_1_780' title='bbox 1813 5813 1822 5819; x_wconf 86' lang='grc'><strong><em>“</em></strong></span> 
     </span>
    </p>
   </div>
   <div class='ocr_carea' id='block_1_106' title="bbox 2241 4629 3844 4702">
    <p class='ocr_par' dir='ltr' id='par_1_106' title="bbox 2241 4629 3844 4702">
     <span class='ocr_line' id='line_1_106' title="bbox 2241 4629 3844 4702; baseline -0.004 -16"><span class='ocrx_word' id='word_1_781' title='bbox 2241 4631 2380 4686; x_wconf 89' lang='lat' dir='ltr'><strong>Cum</strong></span> <span class='ocrx_word' id='word_1_782' title='bbox 2411 4631 2558 4686; x_wconf 88' lang='lat' dir='ltr'><strong>enim</strong></span> <span class='ocrx_word' id='word_1_783' title='bbox 2597 4630 2805 4702; x_wconf 88' lang='lat' dir='ltr'><strong>aliquid</strong></span> <span class='ocrx_word' id='word_1_784' title='bbox 2859 4629 3010 4686; x_wconf 89' lang='lat' dir='ltr'><strong>aliud</strong></span> <span class='ocrx_word' id='word_1_785' title='bbox 3061 4631 3132 4686; x_wconf 90' lang='lat' dir='ltr'><strong>ab</strong></span> <span class='ocrx_word' id='word_1_786' title='bbox 3155 4645 3419 4702; x_wconf 88' lang='lat' dir='ltr'><strong>eoquam</strong></span> <span class='ocrx_word' id='word_1_787' title='bbox 3448 4629 3630 4700; x_wconf 87' lang='lat' dir='ltr'><strong>ipsum</strong></span> <span class='ocrx_word' id='word_1_788' title='bbox 3679 4629 3844 4698; x_wconf 78' lang='lat' dir='ltr'><strong>petis,</strong></span> 
     </span>
    </p>
   </div>
   <div class='ocr_carea' id='block_1_107' title="bbox 2243 4720 3846 4794">
    <p class='ocr_par' dir='ltr' id='par_1_107' title="bbox 2243 4720 3846 4794">
     <span class='ocr_line' id='line_1_107' title="bbox 2243 4720 3846 4794; baseline -0.002 -15"><span class='ocrx_word' id='word_1_789' title='bbox 2243 4723 2362 4794; x_wconf 81' lang='lat' dir='ltr'><strong>ipsa</strong></span> <span class='ocrx_word' id='word_1_790' title='bbox 2386 4723 2652 4794; x_wconf 89' lang='lat' dir='ltr'><strong>petitione</strong></span> <span class='ocrx_word' id='word_1_791' title='bbox 2673 4732 2768 4778; x_wconf 89' lang='lat' dir='ltr'><strong>tua</strong></span> <span class='ocrx_word' id='word_1_792' title='bbox 2804 4733 3020 4778; x_wconf 87' lang='lat' dir='ltr'><strong>reatum</strong></span> <span class='ocrx_word' id='word_1_793' title='bbox 3049 4722 3098 4779; x_wconf 91' lang='lat' dir='ltr'><strong>ei</strong></span> <span class='ocrx_word' id='word_1_794' title='bbox 3130 4731 3287 4777; x_wconf 88' lang='lat' dir='ltr'><strong>tuum</strong></span> <span class='ocrx_word' id='word_1_795' title='bbox 3319 4731 3376 4778; x_wconf 90' lang='lat' dir='ltr'><strong>et</strong></span> <span class='ocrx_word' id='word_1_796' title='bbox 3419 4720 3846 4778; x_wconf 71' lang='lat' dir='ltr'><strong>fornicationem</strong></span> 
     </span>
    </p>
   </div>
   <div class='ocr_carea' id='block_1_108' title="bbox 2244 4813 3011 4881">
    <p class='ocr_par' dir='ltr' id='par_1_108' title="bbox 2244 4813 3011 4881">
     <span class='ocr_line' id='line_1_108' title="bbox 2244 4813 3011 4881; baseline -0.001 -11"><span class='ocrx_word' id='word_1_797' title='bbox 2244 4815 2314 4870; x_wconf 90' lang='lat' dir='ltr'><strong>ab</strong></span> <span class='ocrx_word' id='word_1_798' title='bbox 2340 4827 2406 4871; x_wconf 86' lang='lat' dir='ltr'><strong>eo</strong></span> <span class='ocrx_word' id='word_1_799' title='bbox 2435 4815 2700 4881; x_wconf 88' lang='lat' dir='ltr'><strong>ostendis,</strong></span> <span class='ocrx_word' id='word_1_800' title='bbox 2724 4823 2780 4870; x_wconf 87' lang='lat' dir='ltr'><strong>et</strong></span> <span class='ocrx_word' id='word_1_801' title='bbox 2807 4813 3011 4870; x_wconf 88' lang='lat' dir='ltr'><strong>nescis.</strong></span> 
     </span>
    </p>
   </div>
   <div class='ocr_carea' id='block_1_109' title="bbox 2317 4906 3846 4978">
    <p class='ocr_par' dir='ltr' id='par_1_109' title="bbox 2317 4906 3846 4978">
     <span class='ocr_line' id='line_1_109' title="bbox 2317 4906 3846 4978; baseline 0 -16"><span class='ocrx_word' id='word_1_802' title='bbox 2317 4907 2631 4965; x_wconf 78' lang='lat' dir='ltr'><strong>Misericors</strong></span> <span class='ocrx_word' id='word_1_803' title='bbox 2682 4906 2947 4974; x_wconf 88' lang='lat' dir='ltr'><strong>vindicta,</strong></span> <span class='ocrx_word' id='word_1_804' title='bbox 2979 4907 3026 4962; x_wconf 92' lang='lat' dir='ltr'><strong>si</strong></span> <span class='ocrx_word' id='word_1_805' title='bbox 3071 4922 3331 4978; x_wconf 84' lang='lat' dir='ltr'><strong>sponsus,</strong></span> <span class='ocrx_word' id='word_1_806' title='bbox 3374 4919 3638 4978; x_wconf 87' lang='lat' dir='ltr'><strong>sponsam</strong></span> <span class='ocrx_word' id='word_1_807' title='bbox 3683 4921 3846 4962; x_wconf 79' lang='lat' dir='ltr'><strong>suam</strong></span> 
     </span>
    </p>
   </div>
   <div class='ocr_carea' id='block_1_110' title="bbox 2245 4996 3848 5068">
    <p class='ocr_par' dir='ltr' id='par_1_110' title="bbox 2245 4996 3848 5068">
     <span class='ocr_line' id='line_1_110' title="bbox 2245 4996 3848 5068; baseline -0.002 -15"><span class='ocrx_word' id='word_1_808' title='bbox 2245 4997 2548 5064; x_wconf 87' lang='lat' dir='ltr'><strong>adulteram</strong></span> <span class='ocrx_word' id='word_1_809' title='bbox 2599 4997 3033 5068; x_wconf 85' lang='lat' dir='ltr'><strong>deprehendens,</strong></span> <span class='ocrx_word' id='word_1_810' title='bbox 3064 5012 3134 5052; x_wconf 86' lang='lat' dir='ltr'><strong>ea</strong></span> <span class='ocrx_word' id='word_1_811' title='bbox 3186 5006 3404 5052; x_wconf 86' lang='lat' dir='ltr'><strong>tantum</strong></span> <span class='ocrx_word' id='word_1_812' title='bbox 3463 4996 3742 5052; x_wconf 86' lang='lat' dir='ltr'><strong>subtrahit</strong></span> <span class='ocrx_word' id='word_1_813' title='bbox 3800 4998 3848 5051; x_wconf 79' lang='lat' dir='ltr'><strong>ei</strong></span> 
     </span>
    </p>
   </div>
   <div class='ocr_carea' id='block_1_111' title="bbox 2245 5083 3851 5158">
    <p class='ocr_par' dir='ltr' id='par_1_111' title="bbox 2245 5083 3851 5158">
     <span class='ocr_line' id='line_1_111' title="bbox 2245 5083 3851 5158; baseline -0.002 -14"><span class='ocrx_word' id='word_1_814' title='bbox 2245 5103 2375 5144; x_wconf 89' lang='lat' dir='ltr'><strong>cum</strong></span> <span class='ocrx_word' id='word_1_815' title='bbox 2415 5087 2620 5158; x_wconf 88' lang='lat' dir='ltr'><strong>quibus</strong></span> <span class='ocrx_word' id='word_1_816' title='bbox 2667 5085 3065 5143; x_wconf 87' lang='lat' dir='ltr'><strong>fornicabatur.</strong></span> <span class='ocrx_word' id='word_1_817' title='bbox 3113 5086 3290 5153; x_wconf 85' lang='lat' dir='ltr'><strong>Quam</strong></span> <span class='ocrx_word' id='word_1_818' title='bbox 3321 5101 3452 5141; x_wconf 87' lang='lat' dir='ltr'><strong>vero</strong></span> <span class='ocrx_word' id='word_1_819' title='bbox 3484 5083 3766 5157; x_wconf 76' lang='lat' dir='ltr'><strong>impudica</strong></span> <span class='ocrx_word' id='word_1_820' title='bbox 3799 5097 3851 5141; x_wconf 79' lang='lat' dir='ltr'><strong>et</strong></span> 
     </span>
    </p>
   </div>
   <div class='ocr_carea' id='block_1_112' title="bbox 2221 5176 3848 5248">
    <p class='ocr_par' dir='ltr' id='par_1_112' title="bbox 2221 5176 3848 5248">
     <span class='ocr_line' id='line_1_112' title="bbox 2221 5176 3848 5248; baseline -0.002 -14"><span class='ocrx_word' id='word_1_821' title='bbox 2221 5178 2611 5236; x_wconf 76' lang='lat' dir='ltr'><strong>inverecunda</strong></span> <span class='ocrx_word' id='word_1_822' title='bbox 2640 5177 2726 5234; x_wconf 80' lang='lat' dir='ltr'><strong>est</strong></span> <span class='ocrx_word' id='word_1_823' title='bbox 2751 5176 2893 5248; x_wconf 77' lang='lat' dir='ltr'><strong>ipSa,</strong></span> <span class='ocrx_word' id='word_1_824' title='bbox 2937 5177 2983 5232; x_wconf 87' lang='lat' dir='ltr'><strong>si</strong></span> <span class='ocrx_word' id='word_1_825' title='bbox 3022 5177 3090 5232; x_wconf 90' lang='lat' dir='ltr'><strong>ad</strong></span> <span class='ocrx_word' id='word_1_826' title='bbox 3117 5177 3382 5248; x_wconf 73' lang='lat' dir='ltr'><strong>iniuriam</strong></span> <span class='ocrx_word' id='word_1_827' title='bbox 3427 5177 3532 5234; x_wconf 89' lang='lat' dir='ltr'><strong>hoc</strong></span> <span class='ocrx_word' id='word_1_828' title='bbox 3571 5176 3848 5248; x_wconf 78' lang='lat' dir='ltr'><strong>accipiat!</strong></span> 
     </span>
    </p>
   </div>
   <div class='ocr_carea' id='block_1_113' title="bbox 2244 5267 3849 5335">
    <p class='ocr_par' dir='ltr' id='par_1_113' title="bbox 2244 5267 3849 5335">
     <span class='ocr_line' id='line_1_113' title="bbox 2244 5267 3849 5335; baseline 0.001 -13"><span class='ocrx_word' id='word_1_829' title='bbox 2244 5267 2404 5324; x_wconf 88' lang='lat' dir='ltr'><strong>Nulla</strong></span> <span class='ocrx_word' id='word_1_830' title='bbox 2431 5269 2538 5324; x_wconf 91' lang='lat' dir='ltr'><strong>alia</strong></span> <span class='ocrx_word' id='word_1_831' title='bbox 2560 5267 2679 5324; x_wconf 78' lang='lat' dir='ltr'><strong>fere</strong></span> <span class='ocrx_word' id='word_1_832' title='bbox 2701 5267 2806 5323; x_wconf 87' lang='lat' dir='ltr'><strong>tibi</strong></span> <span class='ocrx_word' id='word_1_833' title='bbox 2826 5277 2914 5323; x_wconf 79' lang='lat' dir='ltr'><strong>est</strong></span> <span class='ocrx_word' id='word_1_834' title='bbox 2941 5283 3112 5324; x_wconf 85' lang='lat' dir='ltr'><strong>causa</strong></span> <span class='ocrx_word' id='word_1_835' title='bbox 3164 5267 3408 5335; x_wconf 84' lang='lat' dir='ltr'><strong>dolendi,</strong></span> <span class='ocrx_word' id='word_1_836' title='bbox 3443 5268 3552 5324; x_wconf 88' lang='lat' dir='ltr'><strong>nisi</strong></span> <span class='ocrx_word' id='word_1_837' title='bbox 3586 5267 3742 5335; x_wconf 83' lang='lat' dir='ltr'><strong>talis,</strong></span> <span class='ocrx_word' id='word_1_838' title='bbox 3797 5268 3849 5324; x_wconf 88' lang='lat' dir='ltr'><strong>id</strong></span> 
     </span>
    </p>
   </div>
   <div class='ocr_carea' id='block_1_114' title="bbox 2247 5359 3852 5432">
    <p class='ocr_par' dir='ltr' id='par_1_114' title="bbox 2247 5359 3852 5432">
     <span class='ocr_line' id='line_1_114' title="bbox 2247 5359 3852 5432; baseline -0.001 -15"><span class='ocrx_word' id='word_1_839' title='bbox 2247 5369 2333 5418; x_wconf 91' lang='lat' dir='ltr'><strong>est</strong></span> <span class='ocrx_word' id='word_1_840' title='bbox 2353 5361 2421 5417; x_wconf 87' lang='lat' dir='ltr'><strong>de</strong></span> <span class='ocrx_word' id='word_1_841' title='bbox 2450 5361 2749 5416; x_wconf 88' lang='lat' dir='ltr'><strong>subtractis</strong></span> <span class='ocrx_word' id='word_1_842' title='bbox 2797 5359 3260 5416; x_wconf 82' lang='lat' dir='ltr'><strong>fornicationibus</strong></span> <span class='ocrx_word' id='word_1_843' title='bbox 3290 5360 3422 5415; x_wconf 90' lang='lat' dir='ltr'><strong>tuis.</strong></span> <span class='ocrx_word' id='word_1_844' title='bbox 3455 5359 3566 5432; x_wconf 84' lang='lat' dir='ltr'><strong>Ipsi</strong></span> <span class='ocrx_word' id='word_1_845' title='bbox 3594 5375 3732 5430; x_wconf 70' lang='lat' dir='ltr'><strong>ergo</strong></span> <span class='ocrx_word' id='word_1_846' title='bbox 3754 5362 3852 5416; x_wconf 75' lang='lat' dir='ltr'><strong>do-</strong></span> 
     </span>
    </p>
   </div>
   <div class='ocr_carea' id='block_1_115' title="bbox 2243 5448 3853 5520">
    <p class='ocr_par' dir='ltr' id='par_1_115' title="bbox 2243 5448 3853 5520">
     <span class='ocr_line' id='line_1_115' title="bbox 2243 5448 3853 5520; baseline -0.001 -13"><span class='ocrx_word' id='word_1_847' title='bbox 2243 5453 2390 5508; x_wconf 88' lang='lat' dir='ltr'><strong>lores</strong></span> <span class='ocrx_word' id='word_1_848' title='bbox 2432 5450 2510 5504; x_wconf 90' lang='lat' dir='ltr'><strong>tui</strong></span> <span class='ocrx_word' id='word_1_849' title='bbox 2540 5457 2783 5520; x_wconf 30' lang='lat' dir='ltr'><strong>arguunt.</strong></span> <span class='ocrx_word' id='word_1_850' title='bbox 2819 5448 3214 5505; x_wconf 72' lang='lat' dir='ltr'><strong>fornicationes</strong></span> <span class='ocrx_word' id='word_1_851' title='bbox 3249 5455 3395 5517; x_wconf 84' lang='lat' dir='ltr'><strong>tuas,</strong></span> <span class='ocrx_word' id='word_1_852' title='bbox 3433 5449 3509 5505; x_wconf 78' lang='lat' dir='ltr'><strong>ita</strong></span> <span class='ocrx_word' id='word_1_853' title='bbox 3537 5457 3599 5504; x_wconf 80' lang='lat' dir='ltr'><strong>ut</strong></span> <span class='ocrx_word' id='word_1_854' title='bbox 3623 5463 3737 5504; x_wconf 83' lang='lat' dir='ltr'><strong>non</strong></span> <span class='ocrx_word' id='word_1_855' title='bbox 3777 5453 3853 5506; x_wconf 75' lang='lat' dir='ltr'><strong>sit</strong></span> 
     </span>
    </p>
   </div>
   <div class='ocr_carea' id='block_1_116' title="bbox 2246 5541 2819 5621">
    <p class='ocr_par' dir='ltr' id='par_1_116' title="bbox 2246 5541 2819 5621">
     <span class='ocr_line' id='line_1_116' title="bbox 2246 5541 2819 5621; baseline -0.007 -21"><span class='ocrx_word' id='word_1_856' title='bbox 2246 5559 2386 5614; x_wconf 85' lang='lat' dir='ltr'><strong>opus</strong></span> <span class='ocrx_word' id='word_1_857' title='bbox 2410 5542 2534 5621; x_wconf 78' lang='lat' dir='ltr'><strong>aliis</strong></span> <span class='ocrx_word' id='word_1_858' title='bbox 2567 5541 2819 5597; x_wconf 86' lang='lat' dir='ltr'><strong>testibus.</strong></span> 
     </span>
    </p>
   </div>
   <div class='ocr_carea' id='block_1_117' title="bbox 2319 5632 3851 5704">
    <p class='ocr_par' dir='ltr' id='par_1_117' title="bbox 2319 5632 3851 5704">
     <span class='ocr_line' id='line_1_117' title="bbox 2319 5632 3851 5704; baseline 0 -16"><span class='ocrx_word' id='word_1_859' title='bbox 2319 5633 2447 5690; x_wconf 70' lang='lat' dir='ltr'><strong>Haec</strong></span> <span class='ocrx_word' id='word_1_860' title='bbox 2477 5633 2616 5690; x_wconf 89' lang='lat' dir='ltr'><strong>solet</strong></span> <span class='ocrx_word' id='word_1_861' title='bbox 2644 5648 2676 5687; x_wconf 90' lang='lat' dir='ltr'><strong>a</strong></span> <span class='ocrx_word' id='word_1_862' title='bbox 2706 5633 2895 5702; x_wconf 86' lang='lat' dir='ltr'><strong>sponsi</strong></span> <span class='ocrx_word' id='word_1_863' title='bbox 2920 5632 3097 5689; x_wconf 88' lang='lat' dir='ltr'><strong>oculis</strong></span> <span class='ocrx_word' id='word_1_864' title='bbox 3136 5632 3438 5704; x_wconf 86' lang='lat' dir='ltr'><strong>quamlibet</strong></span> <span class='ocrx_word' id='word_1_865' title='bbox 3477 5632 3851 5688; x_wconf 70' lang='lat' dir='ltr'><strong>inverecunda</strong></span> 
     </span>
    </p>
   </div>
   <div class='ocr_carea' id='block_1_118' title="bbox 2246 5721 3851 5795">
    <p class='ocr_par' dir='ltr' id='par_1_118' title="bbox 2246 5721 3851 5795">
     <span class='ocr_line' id='line_1_118' title="bbox 2246 5721 3851 5795; baseline -0.002 -13"><span class='ocrx_word' id='word_1_866' title='bbox 2246 5735 2302 5782; x_wconf 89' lang='lat' dir='ltr'><strong>et</strong></span> <span class='ocrx_word' id='word_1_867' title='bbox 2337 5725 2610 5795; x_wconf 86' lang='lat' dir='ltr'><strong>impudica</strong></span> <span class='ocrx_word' id='word_1_868' title='bbox 2650 5721 2848 5778; x_wconf 89' lang='lat' dir='ltr'><strong>mulier</strong></span> <span class='ocrx_word' id='word_1_869' title='bbox 2880 5723 3236 5790; x_wconf 88' lang='lat' dir='ltr'><strong>abscondere,</strong></span> <span class='ocrx_word' id='word_1_870' title='bbox 3272 5725 3546 5795; x_wconf 66' lang='lat' dir='ltr'><strong>lamymas</strong></span> <span class='ocrx_word' id='word_1_871' title='bbox 3575 5738 3718 5792; x_wconf 84' lang='lat' dir='ltr'><strong>quas</strong></span> <span class='ocrx_word' id='word_1_872' title='bbox 3749 5739 3851 5794; x_wconf 76' lang='lat' dir='ltr'><strong>pro</strong></span> 
     </span>
    </p>
   </div>
   <div class='ocr_carea' id='block_1_119' title="bbox 2249 5812 3849 5886">
    <p class='ocr_par' dir='ltr' id='par_1_119' title="bbox 2249 5812 3849 5886">
     <span class='ocr_line' id='line_1_119' title="bbox 2249 5812 3849 5886; baseline -0.003 -14"><span class='ocrx_word' id='word_1_873' title='bbox 2249 5816 2467 5872; x_wconf 82' lang='lat' dir='ltr'><strong>damnis</strong></span> <span class='ocrx_word' id='word_1_874' title='bbox 2490 5825 2612 5885; x_wconf 68' lang='lat' dir='ltr'><strong>qurc</strong></span> <span class='ocrx_word' id='word_1_875' title='bbox 2631 5813 2956 5884; x_wconf 80' lang='lat' dir='ltr'><strong>contingunt</strong></span> <span class='ocrx_word' id='word_1_876' title='bbox 2980 5813 3248 5879; x_wconf 83' lang='lat' dir='ltr'><strong>adultero,</strong></span> <span class='ocrx_word' id='word_1_877' title='bbox 3271 5823 3324 5868; x_wconf 86' lang='lat' dir='ltr'><strong>et</strong></span> <span class='ocrx_word' id='word_1_878' title='bbox 3346 5823 3485 5884; x_wconf 83' lang='lat' dir='ltr'><strong>quas</strong></span> <span class='ocrx_word' id='word_1_879' title='bbox 3501 5827 3603 5883; x_wconf 83' lang='lat' dir='ltr'><strong>pro</strong></span> <span class='ocrx_word' id='word_1_880' title='bbox 3625 5812 3849 5886; x_wconf 70' lang='lat' dir='ltr'><strong>injuriis</strong></span> 
     </span>
    </p>
   </div>
  </div>
