3992 6448
152 413 267 470 617

1533 403 2068 482 MEDITATIONES.

3353 409 3458 467 M8

149 525 227 582 ab
254 522 536 589 adultero,
570 519 676 578 sibi
709 522 872 589 irato,
898 518 1063 574 illatis
1107 517 1318 586 fundit;
1370 518 1517 588 ipsas
1546 534 1766 590 quoque
1795 523 1841 581 Α
1870 517 2060 573 currit.
2104 515 2241 572 Dum
2279 517 2426 573 enim
2463 517 2740 589 propriam
2775 518 2990 589 quaerit,
3019 533 3141 590 quae
3164 521 3312 578 nulla
3335 539 3461 583 esse

150 617 424 686 injurias,
456 614 712 670 similiter
735 621 791 668 et
819 612 1038 684 gaudia.
1076 609 1210 667 Vide
1233 627 1380 666 nunc
1410 611 1459 666 si
1493 610 1548 665 id
1569 612 1762 666 saltem

150 716 210 762 tu
243 707 322 761 ad
354 705 527 761 Deum
559 703 752 771 facias,
776 703 823 760 si
849 718 959 760 non
989 711 1174 774 aperte
1195 717 1382 757 coram
1404 716 1470 757 co
1492 716 1590 772 pro
1610 703 1764 758 dam-

151 799 244 854 nis
277 795 539 852 adulterii
569 795 670 863 tui,
703 795 756 851 id
793 803 881 852 est
922 791 1112 850 mundi
1148 793 1332 864 hujus,
1359 794 1532 864 luges,
1558 801 1611 848 et
1638 808 1764 864 pro-

151 890 342 963 speris
369 889 636 944 exsultas.
661 887 839 942 Frons
878 902 1009 956 ergo
1039 887 1330 941 meretricis
1355 886 1591 940 mulieris
1618 886 1764 955 facta

149 995 232 1037 est
267 983 374 1037 tibi
403 980 542 1053 (Jer.
576 997 658 1049 ιιι,
691 979 769 1053 ὅ).

707 1109 958 1170 CAPITU
969 1109 1112 1166 LUM
1153 1109 1243 1166 XI.

155 1251 231 1305 De
258 1249 577 1320 ignorantia
610 1248 694 1302 sui
724 1249 894 1320 ipsius
931 1265 1036 1320 qua
1070 1235 1246 1314 liomo,
1278 1262 1371 1319 per
1403 1262 1634 1320 amorem
1661 1253 1765 1299 ter-

225 1317 486 1374 re'norum
512 1328 664 1374 extra
687 1317 921 1390 seipsum
943 1317 1179 1388 e/fusus,
1201 1335 1254 1373 se
1280 1317 1620 1372 considerare
1662 1332 1764 1370 non

222 1408 293 1460 po
301 1401 427 1445 test.

221 1522 474 1578 Penuria
506 1523 784 1579 interioris
812 1522 1127 1593 spcctaCuli,
1150 1521 1203 1576 id
1228 1530 1313 1577 est
1340 1519 1435 1576 Dei
1459 1520 1591 1590 (non
1617 1521 1763 1591 quod

151 1631 263 1669 non
301 1616 463 1682 insit,
481 1616 577 1672 sed
611 1613 769 1686 quod
790 1625 896 1670 ate
919 1614 1150 1669 interius
1171 1613 1320 1684 lippo
1336 1627 1445 1668 non
1471 1612 1761 1684 videatur),

152 1708 290 1764 facit
316 1719 380 1764 ut
406 1725 441 1764 a
467 1709 576 1764 tuis
601 1708 955 1764 interioribus
993 1705 1144 1762 foras
1169 1705 1399 1761 libenter
1429 1721 1614 1772 exeas,
1651 1705 1764 1760 imo

150 1801 206 1855 in
242 1811 302 1856 te
348 1809 617 1872 tanquam
653 1801 710 1856 in
756 1800 996 1856 tenebris
1035 1813 1276 1870 nequeas
1322 1798 1676 1865 commorari,
1711 1809 1766 1854 et

149 1893 535 1950 exterioribus
564 1907 857 1964 corporum
888 1890 1103 1958 formis,
1136 1906 1233 1947 seu
1269 1891 1620 1962 Opinionibus
1664 1891 1765 1947 ho-
1796 1867 1839 1928 Β

151 1985 378 2040 minum
409 2000 573 2041 vaces
595 1983 936 2040 admirando.
974 1981 1085 2038 Nec
1123 1983 1360 2053 imputes
1408 1976 1601 2038 formis
1643 1997 1767 2038 cor-

149 2077 370 2148 poreis,
397 2077 548 2149 quod
572 2087 625 2133 te
649 2085 746 2132 aut
777 2075 1024 2132 detinent
1047 2083 1144 2130 aut
1173 2082 1403 2141 terrent,
1434 2072 1550 2129 sive
1581 2073 1764 2145 aliquo

149 2170 328 2226 modo
349 2177 597 2237 movent,
620 2167 716 2224 sed
735 2175 844 2222 tua:
861 2165 1112 2233 caecitati,
1137 2174 1302 2237 atque
1329 2181 1360 2221 a
1383 2180 1601 2222 summo
1622 2166 1766 2223 bono

148 2261 451 2318 vacuitati.

229 2351 376 2409 Vide
399 2361 667 2424 quantum
687 2352 922 2422 teipsum
945 2352 1183 2422 ignores.
1224 2349 1381 2405 Nulla
1405 2357 1490 2406 est
1511 2349 1658 2405 cnim
1685 2366 1768 2405 re-

150 2446 242 2518 gio
269 2454 395 2501 tam
418 2452 630 2500 remota
659 2450 714 2499 et
735 2444 920 2516 ignota
945 2443 1066 2510 tibi,
1101 2442 1168 2498 de
1193 2457 1303 2513 qua
1332 2440 1548 2498 facilius
1575 2441 1766 2498 credas

155 2538 304 2595 falsa
333 2536 607 2592 narranti.

231 2629 562 2702 Aliquando
606 2627 811 2683 malum
854 2626 1106 2698 displicet
1147 2626 1267 2683 sine
1305 2627 1554 2683 mercede
1595 2626 1762 2695 boni,

151 2725 332 2792 velut,
361 2724 411 2780 si
435 2722 545 2777 duo
564 2721 734 2777 velint
762 2721 817 2775 in
850 2720 1015 2776 domo
1064 2733 1175 2775 una
1214 2719 1493 2791 propriam
1535 2719 1766 2790 superbe

151 2829 424 2874 exercere
443 2814 800 2882 voluntatem,
827 2820 1058 2884 uterque
1077 2811 1284 2868 malum
1310 2811 1444 2867 vult.
1487 2809 1695 2866 Horum
1718 2810 1764 2865 si

153 2912 497 2968 alterutrum
533 2907 639 2964 sibi
671 2906 998 2978 displiceant
1021 2905 1347 2972 voluntates,
1371 2917 1482 2958 non
1517 2903 1644 2959 odio
1668 2917 1765 2957 su-

152 3002 372 3074 perbia:
391 3001 472 3069 ﬁt,
486 3001 581 3058 sed
599 3015 809 3056 amore.
833 2995 961 3055 Odit
981 2997 1130 3054 enim
1148 2995 1296 3054 illius
1318 2995 1655 3068 superbiam,
1676 2994 1766 3052 hic

154 3095 251 3167 qui
277 3103 437 3150 amat
456 3109 636 3160 suam,
658 3107 783 3165 qua:
809 3089 1104 3162 impeditur
1141 3089 1212 3145 ab
1247 3089 1359 3145 illo.
1404 3087 1505 3146 llic
1536 3089 1766 3159 laqueus

154 3197 240 3244 est
270 3187 440 3243 valde
471 3186 737 3244 occultus.

226 3279 318 3336 Ita
363 3290 417 3335 te
455 3279 627 3334 habes
674 3278 732 3332 in
782 3276 889 3332 hoc
936 3275 1164 3342 mundo,
1213 3273 1376 3345 quasi
1407 3273 1474 3330 ad
1510 3282 1764 3344 spectan-

155 3371 301 3427 dum
347 3378 404 3426 et
451 3367 762 3424 mirandum
806 3366 1016 3424 formas
1062 3379 1356 3437 corporum
1392 3365 1502 3421 huc
1534 3365 1770 3421 advene-

230 3552 303 3609 Si
329 3551 657 3624 spectaculis
681 3549 1040 3608 interioribus
1063 3564 1177 3605 non
1209 3563 1448 3616 careres,
1482 3562 1766 3619 nunquam

153 3647 228 3725 ad
249 3644 537 3702 exteriora
557 3643 758 3711 exires,
787 3643 906 3699 sive
931 3657 1178 3699 vacares.

232 3738 403 3796 Sicut
419 3737 474 3794 in
495 3736 680 3793 fabula
700 3736 880 3807 puella
901 3731 1100 3791 defecit
1117 3733 1382 3790 intuendo
1401 3733 1598 3801 solem,
1616 3732 1690 3788 ita
1711 3747 1771 3790 es

163 3846 225 3892 tu
263 3833 339 3890 ad
374 3832 688 3890 necessario
707 3834 981 3904 perituras
1004 3845 1301 3902 corporum
1341 3829 1550 3886 formas
1573 3838 1628 3886 et
1648 3828 1770 3900 opi-

164 3929 372 3985 niones
394 3925 684 3981 humanas.

237 4017 365 4074 Hoc
389 4017 762 4090 spectaculum
796 4016 1002 4073 nullius
1032 4013 1206 4072 oculis
1247 4013 1306 4068 in
1347 4013 1452 4068 hac
1489 4013 1623 4079 vita,
1665 4011 1774 4067 risi

168 4113 271 4169 Dei
295 4111 557 4178 maxime,
589 4119 646 4166 et
679 4110 790 4166 tuis
817 4125 916 4182 pro
939 4116 1101 4180 captu
1133 4114 1230 4163 tuo
1259 4113 1406 4177 patet
1434 4120 1600 4176 quam
1629 4104 1774 4162 vide-

167 4205 302 4261 licet
342 4203 689 4274 corporibus,
719 4210 992 4257 eteorum
1035 4199 1250 4266 formis,
1294 4198 1378 4253 vel
1419 4197 1774 4268 opinionibus

170 4292 441 4350 humanis
460 4300 515 4347 et
544 4291 825 4347 favoribus
850 4288 1224 4361 superferatur
1250 4288 1470 4344 animus
1494 4300 1642 4353 tuus,
1679 4288 1775 4344 aut

171 4387 480 4458 subjaceat.

244 4479 389 4534 Vide
441 4477 722 4550 quomodo
764 4492 994 4533 aversus
1039 4491 1072 4531 a
1115 4474 1228 4532 Deo
1283 4475 1502 4531 intrasti
1532 4475 1589 4529 in
1627 4475 1775 4532 hunc

171 4569 470 4638 mundum,
502 4569 746 4624 inhiante
779 4583 875 4624 ore
911 4568 980 4623 ad
1017 4567 1202 4622 omnia
1237 4575 1435 4638 praater
1469 4567 1670 4637 ipsum.

698 4703 1103 4763 CAPITULUM
1139 4704 1257 4761 XII.

173 4817 256 4876 De
293 4835 417 4875 vera
445 4817 682 4873 utilitate
706 4817 954 4884 hominis,
993 4826 1043 4872 et
1078 4816 1310 4888 qualiter
1338 4817 1575 4870 omnium
1601 4817 1775 4872 homi-

521 4905 648 4944 num
677 4897 756 4942 est
781 4905 888 4942 una
912 4898 962 4942 et
989 4887 1172 4942 eadem
1201 4887 1430 4941 utilitas.

247 5024 454 5081 Beatus
500 5024 596 5094 qui
639 5022 792 5095 eligit
824 5031 884 5077 ut
922 5037 1114 5078 secure
1149 5020 1376 5076 laboret.
1415 5018 1544 5076 Ilaec
1567 5029 1656 5076 est
1675 5035 1774 5075 au-

172 5126 287 5174 tem
323 5114 763 5179 secura'electio,
791 5122 848 5170 et
883 5113 1041 5168 labor
1079 5112 1255 5178 utilis,
1301 5110 1356 5165 id
1399 5119 1484 5168 est
1515 5111 1773 5167 omnibus

173 5211 315 5266 velle
361 5207 646 5282 prodesse,
684 5207 759 5262 ita
797 5214 859 5262 ut
901 5206 1029 5262 talis
1069 5207 1206 5263 velis
1251 5221 1377 5263 esse
1417 5205 1498 5262 eis
1541 5205 1636 5276 qui
1677 5213 1774 5260 tuo

175 5317 291 5357 non
318 5308 518 5372 egeant
540 5299 764 5355 auxilio.
806 5297 984 5354 Tanto
1017 5297 1166 5354 enim
1203 5297 1388 5353 minus
1424 5305 1594 5368 agunt
1625 5293 1774 5367 quod

174 5394 422 5464 expedit,
446 5400 655 5464 quanto
679 5391 917 5462 propriis
951 5389 1280 5446 utilitatibus
1310 5390 1564 5446 videntur
1597 5389 1776 5444 inten‘

175 5485 330 5540 dere.
385 5483 514 5541 llaec
545 5494 633 5540 est
664 5493 847 5540 autem
885 5483 1106 5554 propria
1142 5482 1576 5554 uniuscujusque
1619 5481 1773 5536 utili-

178 5591 290 5648 tas,
325 5581 588 5636 omnibus
621 5579 758 5635 velle
801 5577 1081 5650 prodesse.
1137 5575 1254 5633 Hoc
1299 5585 1480 5632 autem
1522 5575 1647 5648 quis
1691 5575 1775 5630 in-

177 5673 396 5744 telligat
426 5671 451 5724 ἲ
505 5669 612 5737 Qui
645 5683 777 5742 ergo
811 5668 1088 5739 propriam
1123 5667 1322 5738 quaerit
1370 5681 1529 5738 agere
1569 5666 1776 5722 utilita-

179 5776 316 5831 tem,
357 5779 468 5818 non
515 5764 695 5818 solum
745 5761 952 5816 nullam
1003 5776 1159 5817 suam
1203 5759 1492 5815 utilitatem
1545 5759 1773 5826 invenit,

181 5855 283 5913 sed
324 5855 492 5913 etiam
534 5869 796 5918 magnum
843 5853 1043 5909 anima:
1090 5868 1202 5909 sua:
1246 5851 1632 5909 detrimentum
1691 5852 1777 5907 in-

507 5951 785 6010 ΡΑτιιοι..
814 5947 1026 6008 CLIII.

1866 618 2063 680 potest,
2103 626 2134 664 a
2168 611 2449 666 communi
2487 612 2788 682 repellitur,
2830 611 2885 667 id
2918 620 3004 668 est
3038 627 3070 668 a
3109 612 3242 689 Deq.
3303 615 3461 674 Sicut

1863 699 2013 755 enim
2047 701 2296 758 omnium
2333 703 2622 759 hominum
2659 718 2769 761 una
2801 711 2885 760 cst
2917 712 3134 774 natura,
3169 705 3244 762 ita
3268 720 3324 763 et
3347 710 3459 765 uti-

1868 790 2015 845 litas.

1936 880 2087 937 Felix
2131 890 2218 938 est
2257 883 2438 939 omnis
2484 884 2580 955 qui
2624 886 2760 941 nihil
2801 887 2920 942 vult
2955 887 3102 958 quod
3130 888 3236 944 sibi
3259 891 3454 961 prosit.

1865 971 2054 1028 Potest
2083 989 2214 1045 ergo
2245 973 2410 1031 homo
2431 976 2568 1032 velle
2597 977 2746 1048 quod
2771 979 2873 1034 sibi
2895 986 2990 1034 aut
3019 995 3128 1035 non
3149 982 3343 1052 prosit,
3363 991 3460 1038 aut

1864 1065 2054 1121 obsit?
2094 1064 2312 1122 Utinam
2339 1068 2424 1123 vel
2455 1070 2622 1126 semel
2646 1070 2704 1124 in
2732 1071 2843 1126 vita
2881 1080 2973 1126 tua
3006 1079 3120 1128 tota
3147 1075 3282 1129 velis
3309 1077 3457 1146 quod

1865 1157 2080 1228 expedit
2121 1157 2263 1214 sicut
2315 1159 2608 1216 volendum
2656 1163 2778 1216 est!
2828 1159 2872 1216 Ο
2918 1162 3118 1220 misera
3163 1180 3306 1227 sors.
3344 1179 3456 1221 non

1865 1265 2026 1319 posse
2061 1251 2206 1306 nolle
2244 1251 2390 1320 quod
2427 1251 2620 1307 obest!

1941 1341 1997 1396 Si
2036 1342 2344 1413 interroges
2383 1343 2638 1405 homines
2666 1359 2838 1414 quare
2872 1347 2984 1402 sint
3013 1348 3223 1415 miseri,
3267 1357 3454 1406 utrum

1865 1449 1975 1490 non
1999 1434 2169 1489 velint
2198 1435 2346 1506 quod
2385 1435 2491 1490 sibi
2516 1435 2589 1490 sit
2615 1437 2770 1504 utile,
2801 1453 2872 1492 an
2903 1440 3033 1509 quia
3062 1456 3173 1496 non
3206 1433 3454 1496 habeant

1865 1528 2013 1600 quod
2046 1526 2262 1594 nolunt,
2277 1525 2688 1597 respondebunt
2717 1529 2903 1583 statim
2933 1531 3064 1601 quia
3088 1547 3198 1588 non
3227 1544 3458 1604 possunt

1865 1621 2069 1676 habere
2104 1619 2254 1692 quod
2277 1619 2489 1676 volunt.
2521 1617 2641 1674 Hoc
2666 1627 2850 1674 autem
2879 1628 2964 1676 est
2986 1621 3169 1676 dicere
3203 1641 3215 1675 :
3250 1622 3457 1678 Illumi—

1866 1712 1979 1788 nati
2002 1706 2224 1783 quidem
2257 1729 2472 1781 sumus,
2501 1722 2555 1768 et
2579 1711 2718 1768 bene
2754 1711 2886 1782 quid
2918 1712 3051 1768 utile
3075 1714 3234 1770 nobis
3263 1715 3334 1769 sit
3359 1732 3458 1771 no-

1865 1804 2046 1861 vimus
2087 1813 2142 1860 et
2169 1820 2442 1872 amamus,
2481 1805 2576 1860 sed
2623 1793 2988 1862 infirmamur.
3043 1803 3199 1874 Quod
3257 1805 3457 1862 falsum

1866 1905 1970 1952 est.
2017 1894 2150 1963 Quis
2177 1896 2324 1952 enim
2363 1897 2716 1953 saecularium
2753 1898 3001 1952 omnium
3045 1899 3223 1971 diligit
3250 1898 3460 1970 aliquid
3505 1923 3520 1936 -

1866 1988 2014 2060 quod
2037 2004 2164 2044 eum
2188 1987 2368 2044 facere
2393 1996 2573 2060 potest
2603 1989 2922 2044 meliorem?
2955 1988 3042 2043 Nil
3067 1999 3257 2060 optant
3285 1992 3460 2046 homi-

1867 2097 1965 2138 nes
1995 2081 2143 2152 quod
2170 2096 2280 2137 non
2313 2081 2389 2137 sit
2420 2082 2588 2137 vilius
2635 2081 2791 2152 ipsis.
2828 2079 2896 2135 Et
2921 2083 3198 2152 quomodo
3225 2082 3279 2136 id
3309 2082 3457 2152 quod

1867 2174 2064 2229 melius
2092 2182 2148 2229 et
2170 2174 2465 2244 pretiosius
2490 2181 2576 2229 est
2611 2189 2676 2229 ac
2719 2173 2968 2244 dignius,
2996 2188 3060 2228 ex
3093 2173 3458 2229 deterioribus

1867 2281 1934 2321 ac
1955 2265 2244 2321 vilioribus
2266 2274 2320 2320 et
2348 2265 2751 2336 indignioribus
2781 2271 2965 2334 potest
2993 2263 3308 2318 meliorari?
3340 2261 3458 2319 Ilcu

1867 2365 2004 2427 quot
2042 2365 2172 2412 sunt
2199 2357 2294 2427 qui
2324 2365 2495 2428 agunt
2530 2356 2678 2427 quod
2703 2356 2925 2422 volunt,
2971 2370 3136 2426 quam
3168 2356 3326 2425 pauci
3362 2355 3458 2425 qui

1866 2447 2037 2502 velint
2061 2446 2206 2518 quod
2238 2446 2344 2502 sibi
2370 2445 2543 2516 prosit
2573 2446 2865 2517 adeptum!
2897 2444 2965 2500 Et
2995 2453 3176 2500 tamen
3199 2445 3325 2516 quis
3356 2461 3459 2500 un-

1867 2555 2036 2610 quam
2088 2539 2292 2609 poterit
2340 2538 2446 2594 hoc
2492 2537 2823 2608 persuadere
2864 2535 2994 2593 filiis
3020 2535 3190 2592 Adae?
3228 2535 3460 2604 Quando

1867 2631 2160 2686 credentur
2183 2647 2292 2687 non
2325 2646 2512 2686 amare
2553 2630 2848 2687 utilitatem
2876 2645 3056 2698 suam,
3107 2645 3235 2685 cum
3279 2629 3458 2700 parati

1867 2722 1977 2778 sint
1993 2722 2203 2794 jurare,
2231 2721 2371 2777 nihil
2397 2737 2458 2778 se
2481 2722 2586 2778 sibi
2614 2722 2757 2778 male
2795 2730 3015 2794 optare,
3047 2731 3102 2778 et
3122 2722 3308 2778 omnia
3336 2736 3460 2793 quae

1867 2815 2155 2886 patiuntur
2199 2814 2252 2868 in
2298 2823 2379 2870 tot
2420 2814 2949 2886 laboribus‘proptcr
2977 2829 3132 2871 suam
3163 2814 3459 2870 utilitatem

1869 2921 1929 2962 se
1959 2906 2234 2962 tolerare?
2263 2903 2551 2977 Tanquam
2579 2906 2629 2963 si
2669 2905 2821 2962 dicas
2851 2905 3156 2963 idololatra:
3181 2907 3311 2977 quia
3347 2922 3459 2963 non

1871 2997 2004 3054 colit
2030 2997 2224 3054 Deum.
2266 2995 2466 3053 Statim
2491 2997 2641 3054 enim
2676 2998 2901 3066 insiliet,
2951 2998 3149 3069 jurans
3195 3014 3254 3054 se
3283 2998 3462 3054 colere

1875 3088 2048 3146 Deum
2074 3133 2089 3157 ,
2130 3098 2184 3146 et
2211 3099 2416 3161 quanta
2444 3089 2499 3145 in
2538 3090 2690 3146 cultu
2731 3089 2852 3161 ejus
2893 3090 3168 3161 expendat
3191 3105 3461 3146 annume-

1793 3218 1835 3277 ο
1875 3181 2040 3248 rabit,
2067 3181 2358 3277 ipsumque
2386 3181 2554 3236 etiam
2577 3195 2743 3252 quem
2769 3181 2900 3236 colit
2927 3179 3132 3246 Deum,
3164 3180 3335 3253 digito
3365 3181 3462 3236 de-

1873 3273 2221 3330 monstrabit.
2259 3271 2327 3326 Et
2353 3281 2538 3328 tamen
2579 3286 2691 3327 non
2732 3271 2863 3328 colit
2887 3271 3083 3340 Deum,
3129 3270 3246 3339 sed,
3275 3286 3463 3328 errore

1871 3369 2150 3439 deceptus,
2201 3382 2302 3438 pro
2329 3365 2442 3422 Deo
2487 3365 2670 3422 habet.
2708 3365 2786 3421 Ita
2817 3363 3072 3422 homines
3117 3364 3236 3421 sine
3292 3365 3462 3421 dubio

1871 3476 1981 3518 non
2002 3461 2294 3516 utilitatem
2322 3473 2480 3515 suam
2504 3458 2740 3530 diligunt
2769 3468 2864 3514 aut
2895 3457 3118 3525 volunt,
3170 3457 3266 3513 sed
3315 3457 3464 3528 quod

1871 3562 2118 3610 errantes
2141 3551 2434 3609 utilitatem
2467 3566 2625 3623 suam
2663 3560 2882 3622 putant.
2914 3548 2984 3605 Et
3019 3549 3142 3606 ideo
3196 3549 3464 3620 quidquid

1869 3662 1974 3721 pro
2004 3663 2064 3704 re
2089 3647 2184 3704 tali
2214 3655 2311 3703 aut
2339 3654 2512 3719 agunt
2538 3653 2635 3700 aut
2673 3644 2977 3715 patiuntur,
3007 3657 3108 3716 pro
3138 3642 3374 3698 utilitate
3403 3656 3463 3697 se

1871 3754 2036 3814 agere
2077 3747 2274 3812 putant
2321 3746 2418 3794 aut
2463 3736 2596 3808 pati.
2635 3734 2756 3792 Non
2797 3744 2980 3791 autem
3009 3734 3128 3790 vult
3159 3741 3256 3788 aut
3288 3731 3465 3803 diligit

1871 3827 2165 3888 utilitatem
2195 3846 2376 3900 suam,
2408 3829 2519 3886 nisi
2547 3829 2643 3901 qui
2675 3827 2847 3885 Deum
2877 3827 3075 3899 diligit.
3113 3824 3234 3896 Ipse
3258 3826 3462 3897 quippe

1788 3961 1790 3963 -
1873 3925 2045 3990 solus,
2075 3931 2188 3978 tota
2208 3930 2264 3979 et
2288 3922 2405 3978 sola
2429 3931 2514 3978 est
2541 3920 2753 3976 utilitas
2784 3921 3042 3976 humanm
3062 3927 3294 3974 natura.
3313 3916 3463 3973 Scri-

1871 4025 2026 4088 ptum
2054 4028 2186 4071 vero
2217 4021 2304 4070 est
2331 4032 2344 4069 :
2372 4011 2646 4080 Quoniam
2674 4013 2764 4083 qui
2788 4018 2966 4066 manet
2989 4012 3043 4065 in
3066 4010 3330 4065 charitate
3355 4052 3370 4077 ,
3405 4008 3462 4066 id

1872 4115 1958 4164 est
1977 4106 2073 4177 qui
2100 4105 2271 4160 Deum
2307 4102 2502 4176 diligit,
2529 4103 2584 4157 in
2615 4103 2726 4158 Deo
2756 4112 2954 4170 manet,
3005 4110 3053 4156 et
3107 4101 3242 4157 Deus
3293 4102 3350 4156 in
3401 4119 3461 4157 eo

1875 4196 1930 4271 (Ι
1954 4195 2116 4251 Joan.
2153 4211 2228 4262 1v,
2262 4195 2373 4265 lli).
2417 4193 2566 4251 Talis
2595 4203 2680 4251 est
2707 4209 2838 4266 ergo
2878 4193 3090 4250 utilitas
3137 4194 3379 4249 humana
3405 4203 3466 4249 ut

1873 4305 1995 4346 eam
2023 4332 2037 4357 ,
2075 4290 2183 4345 nisi
2225 4289 2320 4360 qui
2362 4289 2547 4355 habet,
2575 4288 2801 4360 diligere
2837 4304 2999 4344 nemo
3029 4287 3227 4359 possit,
3253 4296 3309 4342 et
3341 4301 3464 4358 quae

1875 4397 1906 4437 a
1933 4397 2036 4437 suo
2060 4381 2322 4436 dilectore
2351 4394 2460 4435 non
2490 4379 2668 4450 possit
2688 4379 2916 4435 omnino
2943 4379 3177 4451 sejungi.
3194 4376 3310 4434 lloc
3332 4393 3464 4450 ergo

1874 4474 2059 4545 ipsum
2115 4473 2264 4544 quod
2315 4471 2508 4527 dicunt
2544 4470 2796 4526 homines
2847 4470 3073 4542 diligere
3132 4485 3193 4525 se
3239 4469 3460 4540 quidem

1877 4564 2168 4619 utilitatem
2205 4577 2363 4619 suam
2405 4561 2551 4633 (quis
2583 4570 2670 4618 est
2700 4561 2848 4617 enim
2890 4561 2985 4631 qui
3012 4561 3119 4615 hoc
3141 4575 3250 4614 non
3282 4559 3465 4629 sitju-

1877 4669 2002 4711 rare
2021 4655 2189 4711 etiam
2210 4653 2489 4725 paratus?)
2505 4653 2599 4709 sed
2619 4667 2740 4708 eam
2764 4669 2871 4707 non
2894 4651 3116 4716 habere,
3133 4651 3241 4704 hoc
3263 4649 3461 4720 ipsum,

1880 4747 2140 4818 inquam,
2173 4742 2552 4801 testimonium
2583 4751 2686 4808 est,
2721 4756 2816 4797 eos
2867 4741 3017 4796 aliud
3067 4740 3311 4811 diligere,
3353 4751 3464 4793 non

1877 4840 2057 4912 ipsam
2092 4854 2250 4894 suam
2275 4838 2584 4893 utilitatem.
2627 4834 2773 4889 Nihil
2799 4833 2946 4888 enim
2974 4833 3124 4888 aliud
3149 4831 3356 4888 homini
3385 4831 3468 4886 fa-

1877 4931 2138 4990 ciendum
2185 4938 2272 4986 est
2324 4937 2385 4984 ut
2428 4928 2720 4983 utilitatem
2748 4940 2906 4983 suam
2936 4924 3134 4980 habeat
3155 4961 3171 4991 ,
3202 4923 3312 4980 nisi
3343 4925 3468 4980 dili-

1879 5039 2028 5096 gere.
2064 5022 2172 5079 Sed
2202 5021 2308 5093 ipsi
2329 5020 2582 5076 homines
2605 5027 2874 5074 conantur
2895 5017 3116 5074 assidue
3141 5015 3322 5073 facere
3343 5033 3465 5073 eam

1881 5117 2042 5190 quasi
2085 5133 2196 5173 non
2244 5116 2336 5183 sit,
2372 5115 2518 5170 sicut
2570 5109 2770 5184 pagani
2817 5111 3009 5168 Deum.
3052 5109 3192 5167 Nam
3230 5111 3279 5167 si
3315 5113 3468 5168 solus

1881 5211 2029 5267 Deus
2055 5209 2263 5264 utilitas
2295 5215 2381 5264 est
2405 5206 2694 5261 hominum
2714 5245 2729 5273 ,
2756 5193 2866 5275 quo
2896 5217 3084 5261 carere
3125 5219 3234 5260 non
3263 5213 3464 5275 potest.

1881 5305 1990 5361 nisi
2013 5304 2110 5375 qui
2137 5317 2264 5358 eum
2285 5314 2638 5372 nequaquam
2658 5297 2858 5371 diligit,
2874 5312 2982 5352 non
3003 5295 3253 5353 facienda
3278 5297 3470 5368 utique

1881 5405 1986 5464 est,
2020 5411 2148 5453 cum
2178 5395 2250 5452 sit
2273 5403 2499 5460 aeterna,
2529 5392 2625 5448 sed
2653 5398 2868 5447 tantum
2897 5390 3191 5463 diligenda.
3231 5388 3348 5446 Hoc
3373 5405 3467 5445 so-

1881 5493 1997 5548 lum
2027 5505 2257 5564 prorsus
2284 5496 2370 5545 est
2403 5487 2572 5543 totius
2594 5484 2834 5543 miserias
2867 5491 3072 5540 nostra:
3097 5497 3287 5547 causa,
3321 5481 3467 5550 quod

1882 5585 2098 5642 scilicet
2128 5583 2421 5639 utilitatem
2477 5589 2573 5636 aut
2636 5591 2747 5635 non
2805 5574 3194 5650 cognoscimus
3253 5581 3308 5626 et
3356 5587 3466 5626 non

1881 5693 2155 5745 amamus,
2186 5682 2282 5731 aut
2321 5689 2434 5731 non
2480 5681 2748 5745 quantum
2788 5671 2874 5725 vel
2904 5669 3048 5725 sicut
3091 5664 3468 5740 cognoscenda

1881 5777 1936 5825 et
1958 5769 2192 5825 amanda
2217 5776 2321 5834 est,
2350 5764 2738 5837 cognoscimus
2758 5768 2814 5817 et
2835 5775 3109 5816 amamus.

3076 5935 3158 5998 20
