3992 6404
560 421 671 480 619

1064 525 1406 585 CAPITULU
1415 524 1462 579 Μ
1501 522 1638 577 XIII.

566 694 645 750 De
666 642 916 765 prudenti
941 686 1291 765 cautelanqua
1317 642 1568 764 attendunt
1595 688 1673 765 est
1808 695 1964 761 suam
1990 686 2144 733 utm-

767 771 927 816 tatem
951 751 1267 816 quibuslibet
1292 753 1556 824 prosperis
1578 751 1656 807 vel
1688 751 1942 805 adversis.

638 895 780 950 Ecce
809 889 1165 949 contristatus
1196 895 1251 942 et
1283 884 1661 951 conturbatus,
1683 881 1935 954 quereris
1966 880 2036 936 de
2054 880 2148 934 illo

566 994 663 1041 aut
689 985 805 1051 illo,
835 982 981 1054 quod
1014 977 1408 1036 contumeliosa
1434 984 1490 1031 et
1515 974 1829 1045 odio'plena
1866 973 1966 1028 tibi
1990 972 2146 1027 dixe-

527 1095 531 1098 ’
567 1079 643 1133 rit
661 1077 848 1132 verba.
887 1074 1049 1129 Doles
1082 1086 1213 1142 ergo
1248 1078 1344 1125 aut
1382 1068 1515 1125 talia
1550 1068 1671 1135 tibi,
1699 1076 1793 1123 aut
1821 1066 1919 1121 tali
1944 1072 2147 1121 ‘mente

567 1182 689 1222 esse
717 1166 983 1220 locutum.
1009 1161 1155 1218 Bene
1183 1162 1429 1229 omnino,
1470 1160 1515 1215 si
1551 1171 1773 1230 propter
1792 1158 1912 1229 ejus
1942 1156 2149 1212 utilita-

567 1267 676 1313 tem
706 1258 880 1313 doles.

636 1368 757 1424 Non
805 1369 953 1425 enim
999 1369 1105 1424 hoc
1144 1368 1197 1423 ei
1232 1367 1468 1437 expedit.
1510 1365 1568 1422 Si
1610 1375 1793 1421 autem
1817 1372 2037 1436 propter
2077 1371 2147 1428 te,

563 1474 751 1531 prave.
778 1459 867 1514 Nil
891 1460 1039 1516 enim
1070 1467 1183 1513 tam
1215 1466 1466 1514 sanctum
1495 1473 1557 1512 ac
1584 1456 1794 1511 bonum
1832 1475 1845 1510 :
1876 1463 1987 1509 tam
2015 1469 2149 1509 san-

566 1562 652 1608 cte
675 1566 740 1608 ac
769 1552 909 1611 bene
935 1551 1034 1606 tibi
1070 1550 1253 1605 dicere
1291 1548 1580 1619 potuisset,
1613 1546 1760 1618 quod
1789 1553 1936 1601 esset
1962 1543 2153 1599 utilius

568 1644 665 1697 tibi
691 1657 857 1713 quam
887 1641 1003 1696 haec
1037 1648 1218 1707 erunt,
1248 1636 1295 1695 si
1318 1639 1455 1695 bene
1483 1640 1564 1694 eis
1603 1637 1797 1692 utaris.
1832 1635 1960 1690 Sive
2004 1633 2152 1689 enim

566 1731 714 1786 bona
761 1731 875 1786 sive
926 1731 1102 1798 mala,
1159 1729 1297 1785 bene
1340 1729 1426 1784 vel
1454 1727 1596 1782 male
1624 1726 1771 1782 dicat
1793 1725 1893 1779 tibi
1915 1722 2040 1794 quis
2067 1722 2152 1778 vel

572 1822 755 1890 faciat,
795 1823 922 1878 talia
966 1823 1064 1877 tibi
1092 1828 1255 1877 erunt
1279 1820 1513 1891 qualiter
1535 1818 1616 1874 eis
1638 1831 1774 1873 usus
1800 1816 1992 1872 fueris.
2030 1813 2147 1869 Sibi
2179 1852 2227 1914 Β

495 1913 505 1922 ’
571 1926 755 1972 autem
776 1917 871 1986 qui
895 1915 1021 1971 fecit
1048 1922 1143 1970 aut
1167 1914 1324 1982 dixit,
1348 1913 1478 1969 talia
1506 1920 1688 1978 erunt,
1706 1911 1854 1982 quali
1880 1926 1942 1965 ea
1953 1910 2149 1965 volun-

572 2017 682 2063 tate
708 2007 838 2063 fecit
866 2014 961 2062 aut
996 2005 1153 2061 dixit.
1200 2005 1355 2061 Sicut
1401 2005 1548 2059 enim
1576 2005 1841 2059 mentitur
1888 2001 2152 2073 iniquitas

572 2098 676 2152 sibi
701 2097 1101 2161 tantummodo,
1138 2110 1250 2150 non
1280 2094 1410 2161 tibi,
1434 2094 1481 2149 si
1506 2109 1615 2149 non
1641 2092 1955 2148 consentias
1976 2133 1991 2160 ,
2021 2101 2076 2147 et
2104 2091 2151 2147 si

571 2192 890 2263 redarguas,
921 2190 994 2245 ita
1022 2189 1211 2244 omnia
1248 2189 1393 2243 mala
1419 2186 1549 2244 facit
1572 2186 1675 2242 sibi
1710 2201 1775 2241 ac
1806 2185 1959 2252 dicit,
1990 2185 2044 2240 id
2070 2193 2155 2240 est

571 2282 639 2336 ad
666 2282 962 2351 perniciem
987 2295 1165 2346 suam,
1196 2280 1243 2335 si
1268 2280 1355 2350 pie
1377 2295 1442 2334 ac
1470 2277 1867 2348 compatienter
1890 2292 1999 2331 non
2023 2291 2154 2332 con-

572 2374 797 2440 sentias,
811 2373 905 2429 sed
925 2373 1243 2443 redarguas.
1259 2370 1322 2426 Ei
1338 2386 1467 2442 ergo
1479 2370 1573 2441 qui
1591 2369 1903 2425 malumtibi
1917 2368 2045 2424 fecit
2062 2376 2157 2423 aut

572 2464 731 2531 dixit,
748 2465 1035 2520 condolerc
1047 2464 1231 2531 debes,
1257 2478 1365 2518 non
1392 2462 1509 2529 tibi,
1535 2462 1625 2518 cui
1644 2462 1810 2517 etiam
1826 2462 1998 2516 aliena
2012 2461 2155 2515 mala

566 2555 630 2610 in
652 2556 877 2623 bonum,
898 2556 945 2611 si
962 2556 1042 2611 eis
1057 2554 1194 2610 bene
1213 2555 1405 2620 utaris,
1424 2553 1634 2619 cedent,
1657 2561 1713 2608 et
1742 2554 1795 2607 in
1819 2561 1928 2607 tam
1951 2553 2154 2608 bonum

565 2662 740 2719 quam
758 2647 894 2702 bene
913 2647 996 2702 eis
1016 2647 1205 2702 uteris.
1222 2646 1363 2717 Ergo
1376 2656 1430 2701 et
1450 2652 1658 2701 tantum
1683 2645 1735 2699 in
1762 2644 1964 2700 malum
1990 2659 2154 2715 quam

574 2741 716 2795 male
745 2741 915 2796 uteris
942 2740 1044 2807 eis,
1076 2740 1190 2795 sive
1218 2738 1361 2795 mala
1393 2739 1519 2806 sint,
1550 2738 1664 2795 sive
1690 2739 1835 2794 bona
1864 2755 1987 2811 qua:
2014 2737 2156 2793 facta

564 2833 656 2887 vel
677 2832 821 2887 dicta
849 2833 944 2887 tibi
974 2841 1120 2899 sunt,
1150 2833 1396 2904 quoniam
1419 2830 1759 2903 diligentibus
1789 2829 1957 2884 Deum
1979 2831 2157 2885 omnia

573 2935 921 2996 cooperantur
966 2926 1023 2979 in
1050 2925 1242 2979 bonum
1287 2923 1483 2999 (Rom.
1518 2941 1634 2990 vm,
1672 2924 1807 2995 28),
1854 2924 1907 2978 in
1944 2930 2157 2979 tantum

570 3018 759 3072 omnia
788 3060 802 3084 ,
854 3026 915 3073 ut
957 3017 1122 3073 etiam
1175 3018 1351 3072 aliena
1402 3017 1565 3071 mala.
1607 3015 1928 3071 0dientibus
1973 3023 2156 3070 autem

578 3110 747 3168 Deum
775 3154 790 3179 ,
845 3113 1155 3168 econtrario
1197 3112 1381 3166 omnia
1431 3112 1797 3181 cooperantur
1840 3108 1895 3163 in
1948 3109 2153 3164 malum

565 3203 841 3275 ipsorum,
868 3206 995 3259 etin
1023 3213 1234 3259 tantum
1265 3204 1470 3271 omnia,
1497 3210 1558 3257 ut
1584 3203 1746 3257 etiam
1769 3202 1940 3256 bona.
1968 3199 2159 3255 Totam
2188 3200 2231 3259 (Ξ

574 3297 743 3367 igitur
787 3298 1066 3367 querelam
1118 3296 1175 3350 in
1228 3295 1463 3367 teipsum
1513 3294 1654 3349 male
1708 3300 1948 3369 utentem
1986 3300 2155 3347 verte.

572 3385 711 3441 Nam
742 3388 871 3442 etsi
920 3404 979 3443 re
1033 3402 1157 3442 vera
1202 3387 1345 3441 mala
1393 3393 1521 3441 sunt
1547 3400 1669 3455 qum
1700 3383 1840 3440 facta
1891 3392 1985 3439 aut
2014 3384 2159 3439 dicta

576 3486 705 3534 sunt
736 3477 852 3543 tibi,
884 3478 980 3533 til.i
1009 3486 1155 3532 certe
1179 3479 1321 3533 mala
1359 3492 1483 3532 esse
1513 3476 1662 3531 nullo
1692 3475 1855 3531 modo
1882 3483 2156 3546 poterunt,

577 3569 685 3625 nisi
723 3569 806 3624 eis
845 3569 986 3624 male
1015 3570 1227 3635 utaris;
1270 3569 1351 3625 sic
1392 3583 1493 3623 nec
1520 3568 1665 3623 bona
1694 3568 1859 3635 bona,
1889 3568 1994 3622 nisi
2022 3568 2160 3623 bene

581 3664 662 3720 eis
689 3678 822 3719 usus
852 3662 1042 3719 fueris.

651 3776 764 3834 lloc
793 3793 1008 3849 semper
1038 3777 1361 3833 intuendum
1407 3772 1538 3848 quid
1586 3773 1679 3830 fiat
1710 3774 1766 3829 in
1811 3773 1996 3828 animo
2024 3784 2156 3842 tuo;

578 3887 682 3928 nec
710 3871 840 3943 quid
870 3871 984 3928 sive
1017 3871 1146 3927 boni
1176 3870 1289 3926 sive
1334 3868 1462 3923 mali
1497 3869 1587 3923 alii
1618 3866 1854 3933 faciant,
1904 3866 1999 3923 sed
2029 3866 2161 3937 quid

577 3974 635 4020 tu
684 3967 751 4022 dc
803 3965 936 4036 ipsis
980 3979 1173 4020 eorum
1224 3961 1385 4018 factis
1431 3960 1621 4029 facias,
1650 3959 1927 4031 quomodo
1956 3958 2163 4016 scilicet

578 4058 754 4113 utaris
798 4057 961 4112 bonis
1008 4064 1063 4111 et
1113 4056 1272 4110 malis
1319 4070 1543 4119 eorum,
1580 4062 1958 4124 quantumque
1984 4068 2052 4107 ex
2082 4051 2163 4111 eis

575 4147 837 4219 proﬁcias
883 4147 999 4203 sive
1045 4145 1279 4201 favendo
1326 4153 1382 4199 et
1422 4144 1753 4213 adiuvando,
1791 4143 1907 4199 sive
1939 4158 2163 4215 compa-

580 4241 766 4296 tiendo
793 4248 848 4294 et
872 4238 1232 4295 emendando.
1268 4238 1423 4293 Tune
1445 4240 1591 4293 enim
1623 4237 1691 4292 de
1720 4236 1975 4292 omnibus
2005 4234 2163 4292 factis

580 4329 870 4385 hominum
899 4328 1039 4384 bene
1084 4328 1351 4399 operaris,
1385 4344 1510 4383 cum
1540 4328 1704 4383 nullis
1731 4342 1923 4383 eorum
1959 4325 2164 4382 beneﬁ-

581 4422 681 4478 ciis
712 4421 934 4477 illiceris
980 4420 1048 4476 ad
1084 4419 1358 4487 favorem,
1390 4420 1624 4475 nullisve
1651 4418 1953 4474 malefactis
1981 4420 2162 4474 deter-

1413 408 1737 465 GUIGONIS
1775 407 1795 461 I
1832 401 2254 461 CARTIIUSIE
2294 400 2586 459 MAIORIS
2624 401 2899 460 PRIORIS
2932 400 2976 456 Υ

2173 523 2219 581 Λ
2247 526 2458 585 eorum,
2492 518 2693 574 excitat
2737 524 2941 573 motus.
2994 515 3149 572 Alius
3197 514 3344 571 enim
3399 515 3710 572 accenditur
3755 519 3820 573 ad

2248 609 2590 680 rapiendum,
2615 609 2757 664 alius
2782 610 2851 664 ad
2881 607 3195 675 furandum,
3219 608 3362 663 alius
3388 614 3567 664 autem
3596 610 3663 665 ad
3692 626 3820 681 pau-

2246 698 2468 769 peribus
2491 699 2850 770 erogandum.
2904 697 3007 765 Qui
3055 698 3255 754 stultus
3292 707 3406 765 est,
3448 699 3579 755 dicit
3606 700 3819 756 beatum

2247 790 2368 860 ejus
2386 804 2789 861 possessorem;
2814 790 2908 861 qui
2934 790 3173 860 sapiens,
3194 790 3344 862 luget
3365 790 3489 860 ejus
3504 799 3818 848 amatorem.

2246 880 2359 938 Nec
2387 882 2443 937 in
2473 881 2617 936 bona
2645 891 2827 936 mente
2855 879 3075 948 malam,
3108 894 3210 936 nec
3238 881 3295 935 in
3325 889 3510 937 mente
3553 882 3698 937 mala
3730 883 3823 937 bo-

2250 991 2378 1030 nam
2408 976 2743 1031 voluntatem
2768 976 3005 1031 excitare
3030 976 3193 1042 valet,
3225 977 3321 1032 sed
3351 977 3583 1032 omnino
3611 986 3668 1032 et
3692 978 3825 1045 hac,

2248 1076 2303 1123 et
2330 1067 2451 1123 aliae
2494 1083 2591 1123 seu
2642 1082 2935 1139 corporum
2985 1083 3084 1124 seu
3114 1082 3297 1125 rerum
3338 1069 3576 1123 aliarum
3624 1069 3831 1138 species

2251 1160 2366 1215 sive
2396 1174 2596 1226 causa},
2633 1169 2845 1216 mentes
2876 1160 3165 1227 humanas,
3214 1159 3519 1216 secundum
3551 1174 3826 1232 praepara-

2251 1248 2427 1303 tiones
2455 1248 2791 1315 earumdem,
2821 1257 3057 1304 movent.
3089 1247 3155 1303 Et
3182 1248 3303 1305 ideo
3332 1256 3448 1304 tota
3475 1265 3649 1305 causa
3680 1249 3831 1304 mali-

2251 1342 2452 1396 tiarum
2498 1349 2811 1396 nostrarum
2845 1340 3005 1396 nobis
3039 1340 3174 1410 ipsis
3218 1341 3540 1411 imputanda
3587 1349 3695 1406 at,
3726 1356 3831 1394 non

2253 1430 2390 1501 ipsis
2439 1429 2602 1484 rebus
2648 1429 2703 1483 in
2752 1428 2954 1499 quibus
2990 1443 3299 1499 peccamus.
3348 1428 3496 1500 Ergo
3524 1429 3664 1484 nihil
3691 1428 3832 1483 aliud

2252 1521 2412 1576 nobis
2442 1519 2665 1588 faciunt,
2704 1519 2810 1576 nisi
2842 1521 3093 1591 probare.
3132 1516 3438 1576 Ostendunt
3467 1520 3618 1575 enim
3648 1520 3833 1590 quales

2253 1613 2310 1667 in
2332 1614 2547 1669 occulto
2565 1628 2807 1679 eramus,
2833 1628 2941 1668 non
2963 1612 3168 1669 faciunt
3191 1628 3292 1669 nos
3312 1613 3469 1669 tales.
3490 1612 3671 1680 Quam
3691 1614 3831 1669 enim

2253 1702 2412 1759 ﬁrmo
2441 1711 2495 1759 et
2540 1703 2807 1759 immobili
2855 1718 3042 1760 amore
3079 1716 3280 1774 Sponsa
3308 1718 3515 1774 sponso
3544 1704 3831 1769 adhaereat,

2255 1792 2491 1848 aliorum
2542 1793 2784 1849 virorum
2835 1793 3031 1864 probat
3076 1791 3327 1849 intuitus.
3391 1792 3450 1848 Si
3498 1793 3650 1848 enim
3682 1794 3834 1849 “bene

2256 1893 2407 1942 casta
2436 1893 2556 1951 est,
2607 1883 2812 1939 nullius
2841 1883 3067 1939 alterius
3108 1884 3515 1954 pulchritudine
3554 1899 3833 1955 permove-

2255 1987 2363 2034 tur.
2402 1976 2478 2032 Ita
2510 1990 2729 2047 quoque
2756 1984 2848 2059 tu,
2866 1976 2913 2031 si
2955 1975 3273 2032 firmissimo
3302 1975 3498 2031 affectu
3532 1976 3831 2031 adhaerens

2256 2065 2407 2133 Deo,
2458 2065 2661 2120 nullius
2711 2071 2973 2119 creatum
3021 2062 3302 2120 illicereris
3344 2073 3594 2135 aspectu.
3644 2063 3831 2120 Omnia

2257 2170 2494 2227 namque
2522 2155 2658 2222 lucc,
2689 2163 2839 2210 tuam
2866 2169 2995 2227 erga
3023 2153 3217 2223 Deum,
3249 2163 3453 2226 quanta
3482 2157 3575 2225 sit,
3611 2157 3833 2226 probant

2258 2246 2584 2302 castitatem.

2763 2397 3163 2457 CAPITULUII
3201 2397 3319 2455 XIV
3418 2417 3443 2453 ί

2261 2515 2339 2570 De
2379 2512 2789 2569 adversitatibus
2819 2514 2976 2585 hujus
3022 2514 3206 2570 διεσαιὶ
3231 2556 3246 2582 ,
3281 2515 3515 2585 qualiter
3552 2514 3835 2570 toleranda

2330 2593 2488 2708 sust,
2541 2585 2669 2654 quia
2719 2600 2813 2653 per
2857 2601 2949 2640 eas
2993 2586 3233 2657 cogimur
3279 2584 3489 2640 utiliter
3539 2587 3612 2640 ad
3669 2586 3832 2641 Data

2334 2671 2386 2708 re
2429 2671 2524 2708 ire.

2334 2671 2524 2709 reatre.

2336 2792 2469 2848 Vide
2496 2791 2773 2864 quomodo
2798 2800 2852 2849 te
2881 2800 3088 2864 pungat
3112 2790 3300 2859 "Deus,
3329 2806 3660 2864 quocunque
3684 2803 3835 2848 extra

2261 2898 2386 2938 eum
2416 2885 2727 2941 extenderis
2772 2899 2872 2956 per
2916 2883 3418 2955 concupiscentiam
3464 2885 3521 2939 in
3549 2886 3834 2949 creanti-is,

2261 2984 2522 3044 tanquam
2550 2975 2738 3030 nutrix
2763 2975 2916 3046 pueri
2944 2975 3229 3030 brachium
3258 2982 3538 3031 extentum
3558 2985 3717 3031 extra
3746 2993 3841 3034 cu-

2262 3081 2364 3121 nas
2392 3080 2462 3122 ne
2489 3076 2673 3136 pereat
2700 3066 2921 3138 frigore.

2334 3156 2608 3228 Pr0pitius
2636 3156 2734 3212 tibi
2765 3157 2835 3212 sit
2862 3156 3025 3225 Deus,
3057 3172 3126 3213 ne
3152 3158 3391 3214 inveniat
3416 3158 3509 3215 ubi
3534 3159 3841 3230 requiesat

2262 3264 2358 3320 pes
2386 3248 2586 3305 mentis
2614 3256 2754 3315 tuae;
2785 3256 2848 3303 ut
2874 3249 3066 3304 saltem
3112 3257 3323 3317 coacta,
3353 3264 3389 3305 o
3413 3251 3622 3320 anima,
3652 3252 3839 3306 redeas

2261 3340 2330 3396 ad
2357 3354 2564 3407 arcam,
2598 3338 2743 3395 sicut
2769 3339 3019 3395 columba
3050 3337 3185 3396 Noe.

2332 3429 2558 3503 Egestas
2586 3430 2700 3501 ipsa
2727 3473 2742 3498 ,
2790 3431 2876 3487 vel
2906 3431 3174 3502 asperitas
3201 3474 3216 3498 ,
3271 3433 3588 3503 temporalis
3618 3434 3838 3489 tortoris

2261 3524 2379 3580 vice
2408 3523 2552 3595 cogit
2582 3537 2685 3578 nos
2711 3522 2886 3589 bona,
2932 3530 3097 3592 atque
3141 3521 3228 3578 bis
3265 3522 3479 3578 diversa
3508 3518 3834 3579 deSiderare.

2264 3615 2367 3671 Sed
2393 3615 2523 3685 quia
2572 3628 2674 3669 nos
2723 3621 2936 3675 tantum
2965 3614 3354 3684 temporalibus
3384 3615 3591 3670 assueti
3627 3630 3836 3679 munus,

2262 3706 2513 3777 nihilque
2542 3704 2693 3760 aliud
2720 3705 2995 3771 novimus,
3028 3722 3139 3762 non
3169 3708 3400 3762 multum
3429 3708 3647 3763 diversa
3664 3709 3737 3763 ab
3757 3710 3837 3765 bis

2261 3813 2385 3870 quae
2416 3796 3078 3868 patimurdesideramus,
3108 3807 3164 3853 et
3188 3800 3275 3854 vel
3302 3800 3416 3855 iras
3441 3816 3654 3866 eorum,
3680 3801 3735 3856 id
3758 3808 3843 3861 et

2264 3889 2604 3959 asperitates,
2633 3896 3086 3959 temperamento,
3118 3888 3277 3960 quasi
3326 3891 3562 3960 quadam
3590 3892 3841 3947 reconci-

2263 3979 2507 4047 liatione,
2539 3979 2608 4035 ad
2631 3984 2973 4035 momentum
3000 3981 3417 4051 interrumpere,
3447 3982 3535 4037 vel
3560 3997 3671 4039 non
3699 3999 3841 4039 ml.-

2264 4081 2382 4128 tum
2410 4071 2625 4126 diversa
2656 4071 2729 4127 ab
2755 4072 2865 4139 his,
2894 4072 3081 4128 subire
3109 4080 3383 4142 optamus.

2334 4162 2380 4218 0
2400 4163 2567 4218 homo
2585 4162 2679 4233 qui
2699 4162 2940 4219 dolorem
2962 4165 3185 4234 pateris,
3205 4165 3289 4219 vis
3308 4174 3436 4220 eum
3458 4164 3663 4221 lenire?
3686 4163 3837 4222 Volo.

2266 4255 2655 4327 Temporaliter
2668 4271 2738 4311 an
2762 4257 3131 4312 wtemaliter?
3162 4256 3533 4312 Eternaliter.
3557 4256 3839 4312 Alter-nun

2265 4362 2396 4420 ergo
2421 4348 2787 4415 linimentum,
2820 4347 2875 4403 id
2902 4356 2987 4403 est
3015 4346 3211 4415 Deum,
3246 4348 3533 4413 desidera;
3568 4364 3692 4403 nam
3720 4349 3841 4404 ida

2267 4447 2321 4494 te
2350 4437 2652 4508 percussit.
2704 4449 2763 4494 ut
2791 4452 2915 4492 eum
2964 4437 3275 4506 desideres,
3326 4454 3436 4494 non
3469 4439 3685 4507 herbas,
3735 4455 3838 4495 non

580 4514 721 4570 reris
749 4514 819 4569 ab
846 4528 1052 4568 amore.
1078 4511 1242 4568 'Tune
1270 4512 1416 4567 enim
1443 4511 1647 4584 gratias
1676 4527 1849 4567 amas.
1874 4510 1992 4567 Non
2017 4510 2163 4566 enim
2199 4535 2245 4592 Β
2271 4528 2553 4600 “gamma

578 4614 664 4661 est
688 4600 851 4660 uilius
874 4603 1055 4659 meriti
1080 4619 1272 4675 pacem
1301 4602 1519 4669 habere,
1550 4601 1659 4658 nisi
1685 4617 1810 4657 cum
1837 4599 1905 4657 iis
1928 4601 2022 4672 qui
2044 4617 2164 4657 eam

582 4697 872 4753 nobiscum
904 4712 1013 4752 non
1044 4695 1269 4751 habent.

651 4806 929 4878 Quidquid
952 4806 1047 4863 ﬁat
1071 4805 1189 4871 tibi,
1211 4804 1510 4861 dummodo
1531 4804 1751 4860 animus
1773 4812 1901 4859 tuus
1927 4818 2029 4861 nec
2046 4802 2161 4870 irae,

581 4916 685 4956 nec
729 4901 840 4956 odii
868 4942 883 4967 ,
935 4915 1038 4955 nec
1068 4898 1305 4955 tristitiae
1325 4938 1344 4966 ,
1392 4912 1496 4953 nec
1523 4906 1703 4953 metus
1739 4904 1950 4952 motum
1972 4894 2168 4950 incur-

582 5000 692 5058 rat,
723 5007 898 5061 neque
927 4991 1137 5055 borum,
1168 5003 1416 5055 causam,
1465 4987 1521 5042 in
1573 4986 1760 5044 futuro
1794 4986 1994 5042 mulo
2028 4984 2167 5041 nihil

586 5081 825 5135 nocebit.
1172 5126 1183 5140 ,

656 5167 883 5240 Oppone
925 5170 1064 5225 duas
1112 5171 1253 5241 pilas
1283 5171 1440 5228 radio
1482 5170 1636 5237 solis,
1667 5183 1832 5231 unam
1863 5168 1932 5224 de
1975 5166 2166 5238 argila,

584 5261 814 5316 alteram
840 5260 909 5315 de
934 5276 1061 5315 cera
1089 5280 1104 5328 ;
1129 5263 1383 5333 quamvis
1408 5263 1486 5318 sit
1518 5277 1662 5317 unus
1691 5261 1944 5331 idemque
1960 5259 2166 5328 radius,

584 5366 697 5408 non
726 5360 910 5406 tamen
940 5350 1083 5406 idem
1129 5352 1183 5407 in
1213 5362 1445 5424 utraque
1474 5353 1692 5423 operari
1722 5359 1920 5422 potest,
1950 5350 2045 5405 sed
2074 5363 2168 5406 se-

584 5443 827 5499 cundum
870 5443 1298 5513 praeparationes
1339 5459 1552 5512 earum,
1589 5444 1805 5499 diversa
1834 5442 1891 5497 in
1921 5442 2004 5498 eis
2034 5441 2165 5513 agit,

585 5535 731 5591 hanc
764 5535 1050 5602 indurans,
1083 5534 1230 5591 illam
1259 5534 1500 5606 liquans,
1548 5550 1725 5606 neque
1756 5535 1901 5590 enim
1932 5540 2166 5587 terream

584 5625 819 5701 liquare,
843 5635 938 5683 aut
957 5641 1173 5682 ceream
1201 5626 1401 5682 durare
1428 5634 1625 5697 potest.
1654 5624 1732 5682 lta
1762 5634 1815 5681 et
1833 5641 1944 5680 una
1965 5625 2168 5680 metalli

585 5719 818 5789 species,
851 5730 1046 5775 aurum
1078 5718 1306 5793 scilicet,
1340 5726 1691 5788 conspectum
1723 5733 1755 5770 a
1782 5716 2052 5787 pluribus,
2086 5715 2169 5770 di-

585 5826 777 5866 versos
826 5812 881 5867 in
930 5812 1030 5882 eis,
1064 5812 1363 5870 secundum
1396 5809 1848 5883 praeparationem
1902 5808 2167 5864 mentium

2340 4618 2461 4676 Una
2491 4620 2660 4677 febris
2704 4619 2882 4678 aufert
2926 4622 3110 4678 omnia
3148 4631 3340 4679 contra
3384 4638 3510 4694 qum
3535 4639 3765 4695 pugnas,
3790 4625 3839 4679 id

2269 4721 2354 4768 est
2400 4712 2799 4769 oblectamenta
2846 4714 3089 4785 quinque
3144 4731 3430 4771 sensuum.
3486 4715 3629 4784 Quid
3682 4727 3839 4772 restat

2268 4818 2420 4875 ergo,
2451 4803 2558 4859 nisi
2588 4811 2648 4861 ut
2692 4803 2805 4861 Deo
2834 4806 3038 4876 gratias
3079 4819 3181 4879 pro
3222 4808 3422 4863 collata
3450 4809 3676 4865 victoria
3710 4809 3840 4864 refc-

2269 4895 2394 4951 ras?
2438 4894 2509 4950 At
2533 4904 2591 4951 tu
2618 4903 2808 4952 contra
2836 4896 3039 4968 quaeris
3064 4898 3155 4954 cui
3185 4899 3537 4967 succumbas,
3569 4900 3758 4956 odiens
3782 4902 3840 4956 lio

2267 4985 2554 5044 bertatem.

2337 5076 2474 5144 Quae
2496 5093 2621 5149 spes
2642 5086 2746 5146 est,
2774 5078 2822 5136 si
2844 5078 3055 5149 laqueis
3079 5078 3286 5135 Inimici
3306 5080 3480 5152 gratis
3501 5081 3776 5138 incumbis
3796 5090 3843 5133 et

2260 5168 2480 5240 iaculis,
2504 5169 2554 5225 si
2578 5170 2697 5226 hac
2723 5185 2833 5226 non
2863 5170 3042 5226 solum
3066 5185 3177 5227 non
3206 5187 3388 5240 caves,
3410 5173 3512 5229 sed
3536 5173 3759 5245 insuper
3780 5170 3842 5223 ιὶο

2264 5257 2457 5317 bentur
2477 5260 2844 5330 amplecteris,
2867 5269 3028 5332 teque
3054 5262 3165 5319 illis
3191 5262 3423 5334 detegis,
3444 5263 3838 5319 abilisadﬂl

2264 5348 2554 5423 confugis?
2578 5351 2655 5408 Ea
2685 5360 2846 5422 putas
2871 5353 3196 5422 remedium,
3225 5368 3291 5411 ea
3320 5355 3604 5423 solatium,
3629 5370 3697 5412 ea
3718 5354 3843 5411 deli-

2271 5440 2455 5506 deras,
2481 5450 2538 5497 et
2562 5443 2757 5498 abesse
2786 5458 2895 5499 non
2923 5444 3149 5514 pateris:

2342 5531 2688 5604 Prosperitas
2710 5534 2940 5604 laqueus
2971 5543 3078 5603 est,
3105 5536 3281 5593 culter
3312 5537 3566 5596 incidens
3596 5539 3741 5595 hac
3762 5537 3836 5591 la-

2274 5639 2497 5694 queum,
2527 5625 2860 5694 adversitas;
2889 5642 3078 5684 career
3100 5629 3304 5686 amoris
3340 5628 3461 5697 Dei,
3480 5630 3835 5700 prostituit»:

2276 5714 2628 5786 confringens
2650 5716 2801 5774 hunc
2836 5718 3001 5786 aries,
3032 5718 3335 5777 adversitas

2350 5807 2488 5865 Dicit
2517 5809 2613 5865 tibi
2644 5810 2948 5870 adversitas
2981 5831 2996 5869 :
3023 5810 3223 5873 Niteris
3273 5820 3336 5869 ut
3366 5814 3643 5873 recedam.
3693 5808 3835 5874 αιθῦ
