3900 6296
80 345 154 423 om.
1022 307 1024 309 ’
1370 345 1903 406 MEDl'l‘ATlO-NES.

3198 351 3306 409 6‘22

80 485 196 542 certe
219 469 359 528 nullo
388 467 550 526 modo
578 466 934 540 prohiberes;
963 465 1010 521 si
1037 465 1176 522 bene
1201 464 1358 532 velis,
1382 462 1608 533 poteris.
1639 463 1686 520 Α
1716 461 1851 531 quid
1888 463 2206 538 hujusmodi
2226 506 2241 532 ,
2283 464 2578 520 materiam
2608 479 2830 536 quoque
2854 466 2997 521 unde
3026 465 3158 521 illud
3190 468 3308 524 ﬁeri

77 568 170 624 Non
209 562 343 620 enim
393 574 616 631 possum
668 557 903 612 Domino
957 555 1272 611 modulante
1343 567 1566 608 manere
1592 591 1607 617 ,

78 657 242 730 quippe
263 651 480 724 syllaba.

130 745 176 814 Si
192 756 305 812 erga
332 737 580 794 homines
606 736 878 808 pessimos
906 736 1056 791 velut
1073 750 1251 806 agnus
1274 748 1398 789 esse
1419 732 1608 797 debes,

76 837 174 909 quid
186 834 244 889 ad
267 832 452 897 Deum,
480 844 606 884 cum
638 829 708 884 ab
735 843 802 884 eo
833 828 1126 898 corriperis
1152 827 1364 898 ﬂagello
1387 825 1614 895 aliquo?

132 926 243 981 Vide
282 921 554 994 quomodo
601 922 680 976 sis
727 921 886 990 quasi
940 920 995 974 in
1029 921 1170 975 bello
1201 937 1215 974 :
1248 916 1380 975 Sitis
1419 920 1610 982 torret,

80 1015 268 1090 opponis
293 1022 512 1085 potum;
560 1011 734 1080 fames
763 1011 992 1076 cruciat,
1023 1010 1257 1082 opponis
1285 1025 1472 1076 escas;
1512 1008 1612 1062 fri-

79 1110 184 1183 geri,
201 1116 391 1162 vestem
419 1114 513 1158 aut
534 1103 744 1176 ignem;
778 1103 1005 1170 morbis,
1035 1103 1382 1157 medicinam.
1411 1100 1614 1156 Contra

80 1206 167 1257 haec
191 1197 356 1256 omnia
384 1211 524 1267 opus
555 1205 641 1251 est
667 1194 947 1266 patientia,
978 1203 1032 1249 et
1061 1193 1249 1249 mundi
1278 1202 1611 1264 contemptu,

80 1309 132 1349 ne
148 1291 242 1346 alio
266 1289 419 1356 bello,
449 1288 597 1360 quod
645 1287 774 1343 hinc
824 1287 1019 1358 surgit,
1053 1286 1350 1358 superaris,
1384 1287 1617 1342 catervis

80 1383 282 1448 videlicet
309 1381 586 1449 vitiorum.

132 1457 333 1542 Quando
357 1472 575 1544 quidem
607 1472 724 1528 sola
753 1471 1026 1542 voluptate
1051 1471 1283 1541 caperis,
1326 1471 1442 1526 sola
1469 1470 1616 1526 dele-

81 1567 258 1622 ctabilia
301 1573 425 1620 sunt
473 1563 734 1618 cavenda.
786 1561 1068 1635 Nusquam
1123 1578 1255 1636 ergo
1304 1578 1500 1619 secura
1535 1573 1622 1620 est.

82 1659 226 1714 anima
252 1655 588 1727 Christiana,
625 1657 731 1712 nisi
765 1657 818 1712 in
851 1657 1118 1712 adversis.

132 1749 196 1805 De
236 1749 316 1808 his
344 1763 466 1818 quae
492 1747 696 1820 diligis,
726 1749 824 1803 tibi
871 1747 1001 1804 fecit
1046 1746 1188 1803 Deus
1231 1747 1430 1820 virgas.
1484 1746 1618 1802 Pro—

1716 554 1912 628 possit,
1941 566 2108 623 amat,
2141 556 2285 628 ligna
2318 555 2527 613 scilicet
2568 566 2664 612 aut
2688 557 2912 627 lapides.
2945 555 3138 613 Omnis
3171 574 3306 630 ergo

1716 645 1811 715 qui
1833 645 2008 702 bonos
2037 649 2232 719 diligit,
2267 649 2464 716 malos,
2489 665 2555 705 eo
2591 649 2739 719 quod
2766 665 3050 720 nunquam
3088 650 3309 704 aliunde

1716 738 1848 793 boni
1871 738 2024 807 ﬁant,
2051 740 2241 814 diligat
2268 757 2492 798 necesse
2541 753 2645 798 est.
2693 741 2805 796 Cur
2829 742 2977 798 enim
3009 758 3118 796 non
3149 757 3309 796 amas

1719 831 1772 885 id
1835 831 1981 886 unde
2032 843 2214 902 potest
2246 836 2472 905 angelus
2505 834 2640 901 ﬁeri,
2698 835 2744 890 si
2803 835 2935 890 illud
2981 851 3135 890 amas
3163 837 3307 890 unde

1719 921 1960 992 scyphus
2022 922 2140 978 ﬁeri
2199 925 2408 994 possit?
2479 922 2754 995 Scriptum
2813 939 3050 996 namque
3105 933 3188 979 est
3239 924 3309 978 de

1721 1013 2038 1069 hominibus
2109 1034 2122 1069 :
2192 1013 2364 1070 Erunt
2431 1015 2659 1087 wquales
2723 1016 2924 1086 angelis
2991 1015 3090 1069 Dei
3151 1013 3304 1087 (Luc.

1723 1123 1793 1161 xx
1815 1149 1829 1175 ,
1869 1108 1988 1178 56;).

1791 1199 1966 1266 Quam
1991 1199 2218 1269 pulchra
2244 1183 2342 1254 ars
2369 1200 2588 1254 vincere
2631 1201 2685 1254 in
2718 1200 2864 1255 bono
2894 1201 3132 1267 malum;
3172 1213 3307 1254 con-

1721 1289 1891 1344 traria
1934 1291 2082 1346 enim
2113 1306 2143 1345 a
2172 1290 2470 1346 contrariis
2517 1299 2866 1360 superantur.

1791 1380 2015 1438 Positus
2040 1398 2100 1438 es
2122 1383 2279 1453 quasi
2306 1383 2527 1453 signum
2550 1382 2617 1436 ad
2649 1381 2980 1436 retundenda
3000 1381 3180 1451 jacula
3204 1380 3312 1436 ini-

1723 1479 1884 1544 mici,
1937 1479 1989 1533 id
2025 1486 2110 1533 est
2138 1477 2206 1532 ad
2253 1475 2645 1532 destruendum
2703 1474 2929 1540 malum,
2964 1474 3314 1546 oppositione

1721 1571 1872 1627 boni.
1928 1569 2174 1626 Reddere
2216 1579 2399 1624 autem
2450 1567 2655 1621 malum
2710 1580 2810 1636 pro
2860 1567 3007 1621 malo
3057 1582 3168 1620 non
3215 1566 3314 1620 de-

1723 1663 1820 1719 bes
1869 1678 2149 1734 unquam,
2203 1660 2308 1714 nisi
2349 1657 2488 1714 forte
2537 1656 2968 1721 medicinaliter,
3017 1655 3163 1725 quod
3195 1655 3312 1724 jam

1723 1769 1834 1809 non
1884 1765 1967 1809 est
2016 1753 2221 1808 malum
2265 1767 2366 1822 pro
2397 1749 2576 1815 malo,
2629 1749 2739 1804 imo
2767 1747 2974 1803 bonum
3013 1762 3112 1818 pro
3140 1747 3311 1814 malo,

81 1856 208 1912 spera
264 1839 512 1911 fugiendo
537 1881 552 1907 ,
608 1840 664 1894 in
719 1840 947 1896 adversa
1008 1840 1269 1896 irruendo
1331 1839 1614 1896 cruciaris.
1651 1813 1696 1874 Β
1725 1845 1974 1902 reddere.

81 1931 486 2004 0mnia,llagella
528 1941 702 1998 sunt,
753 1941 951 2002 prarter
978 1931 1181 2001 ipsum,
1216 1932 1313 2003 qui
1349 1931 1622 2003 ﬂagellum

82 2023 303 2088 destruit,
347 2023 508 2093 quasi
541 2022 689 2079 ﬁlius
715 2032 799 2079 est
839 2023 933 2093 qui
961 2021 1172 2095 virgam
1215 2023 1388 2095 patris
1433 2023 1624 2078 verbe-

84 2113 224 2170 rantis
253 2112 464 2186 frangit.

135 2205 322 2276 Corpus
366 2221 400 2262 a
445 2206 804 2264 validioribus
839 2207 1044 2262 vietum
1073 2217 1169 2264 aut
1194 2207 1492 2278 impellitur
1532 2215 1628 2262 aut

83 2299 352 2364 attrahitur,
406 2298 660 2354 similiter
705 2299 980 2355 voluntas.
1034 2299 1116 2355 Tu
1152 2314 1282 2356 vero
1325 2317 1434 2355 non
1479 2302 1626 2371 quod

83 2406 248 2461 corpus
270 2389 531 2450 vincendo
553 2399 797 2459 moveat,
822 2391 918 2448 sed
944 2401 1183 2448 mentem
1209 2402 1263 2448 et
1288 2393 1625 2450 voluntatem

82 2498 204 2540 συκῇ

135 2591 216 2648 Vae
238 2607 340 2648 non
370 2594 458 2649 his
503 2595 601 2664 qui
650 2595 1006 2665 perdiderunt
1045 2595 1386 2666 temporalia,
1419 2595 1515 2652 sed
1543 2597 1630 2651 his

82 2682 156 2751 qui
195 2683 533 2752 perdiderunt
571 2684 977 2740 sustinentiam.
1042 2683 1201 2740 Nulla
1251 2685 1400 2740 enim
1441 2685 1629 2755 passio

81 2784 346 2844 superatur,
374 2776 483 2832 nisi
517 2790 613 2846 per
655 2775 853 2846 ipsam.
893 2775 1013 2830 Non
1061 2777 1208 2832 enim
1240 2777 1450 2832 edendo
1495 2793 1629 2832 con-

82 2868 243 2922 traitur
261 2867 409 2935 fami,
442 2867 540 2923 sed
559 2867 816 2933 servitur,
839 2867 983 2922 sicut
1010 2866 1248 2922 bibendo
1277 2869 1388 2924 siti.
1414 2868 1498 2923 Ad
1522 2869 1628 2923 hoc

79 2959 198 3014 enim
218 2958 438 3014 tendunt
465 2958 569 3014 ista
601 2966 661 3013 ut
685 2957 896 3014 scilicet
921 2957 990 3012 ad
1022 2956 1314 3012 fruendum
1345 2959 1632 3014 exteriori-

81 3051 164 3105 bus
213 3065 502 3120 eorporum
566 3049 759 3105 formis
815 3049 1081 3106 inclinent
1141 3051 1409 3106 animum.
1474 3050 1632 3118 Quod

81 3141 266 3210 quando
301 3141 410 3208 ﬁt,
457 3156 574 3197 non
619 3151 969 3212 superantur,
1014 3141 1109 3198 sed
1149 3153 1418 3212 regnant,
1469 3143 1630 3198 ﬁnem

81 3246 232 3300 suum,
265 3231 316 3286 id
359 3241 448 3293 est
489 3231 660 3287 animi
707 3231 1121 3287 inclinationem
1169 3240 1224 3286 et
1277 3232 1629 3302 praeparatio-

79 3338 180 3380 nem
219 3325 285 3381 ad
309 3323 614 3382 faciliorem
659 3334 715 3380 et
755 3324 1022 3396 majorem
1053 3324 1461 3381 inclinationem
1487 3325 1630 3381 obti-

83 3423 261 3473 [Khu5.

130 3525 366 3584 Omnium
389 3527 645 3586 dolorum
667 3538 721 3585 et
741 3530 1084 3586 cruciatuum
1115 3531 1230 3586 sola
1260 3531 1529 3587 medicina
1551 3539 1634 3586 est

75 3628 384 3691 contemptus
422 3626 627 3678 eorum
672 3635 796 3694 quat
838 3623 967 3678 laesa
1025 3631 1153 3678 sunt
1180 3664 1196 3691 ,
1245 3631 1300 3678 et
1345 3622 1634 3678 conversio

75 3710 244 3766 mentis
267 3711 332 3766 ad
361 3709 557 3767 Deum.

127 3819 258 3887 Quot
302 3823 614 3894 voluptates
665 3825 913 3883 carnales
958 3835 1015 3882 et
1061 3843 1227 3898 quam
1287 3828 1633 3884 vehementes

72 3914 274 3981 speniis,
299 3915 529 3972 totidem
550 3925 606 3972 et
630 3925 746 3973 tam
788 3917 1001 3976 validos
1043 3919 1247 3976 diaboli
1279 3921 1505 3991 laqueos
1538 3924 1633 3978 de-

73 4004 206 4061 vitas.
254 4005 396 4074 Quot
426 4007 836 4077 tribulationes,
886 4012 1190 4080 praesertim
1227 4027 1329 4084 pro
1352 4064 1356 4067 .
1377 4013 1629 4082 veritate,

69 4091 208 4164 fugis,
235 4097 460 4154 tetidem
498 4098 848 4156 medieinalia
871 4102 1117 4158 remedia
1147 4103 1384 4174 spernis.

549 4257 956 4317 CAPITULUM
991 4261 1108 4318 XV.

71 4364 134 4420 De
155 4383 268 4450 uera
294 4374 580 4450 patientia,
607 4391 712 4450 qua
736 4375 1002 4450 tolerandi
1030 4387 1080 4450 et
1109 4379 1328 4433 amandi
1361 4388 1484 4434 sunt
1511 4395 1632 4450 pec-

123 4449 312 4564 :ztgres
352 4452 403 4498 et
431 4444 656 4514 inﬁrmi,
694 4447 778 4516 pie
824 4449 1086 4517 sperando
1123 4444 1632 4506 correctionem'eo-

127 4642 246 4702 Vide
270 4648 558 4718 quomodo
585 4648 643 4704 in
673 4665 768 4719 spe
805 4651 1033 4723 diligere
1063 4653 1245 4723 possis
1272 4652 1634 4721 frumentum,

66 4747 108 4785 in
139 4734 293 4793 herba
324 4738 576 4796 triticum
605 4740 894 4812 gibbosum
926 4761 940 4795 :
977 4743 1060 4798 sic
1079 4758 1176 4800 eos
1193 4743 1360 4814 dilige
1373 4745 1468 4815 qui
1493 4760 1637 4800 non-

63 4825 168 4882 dum
206 4830 338 4886 boni
376 4839 528 4887 sunt.
560 4830 709 4888 Talis
745 4841 866 4889 esto
893 4849 1020 4906 erga
1049 4848 1262 4902 omnes,
1289 4835 1470 4906 qualis
1505 4851 1637 4908 erga

64 4927 105 4972 te
127 4919 330 4986 Veritas
357 4925 595 4982 exstitit.
629 4925 857 4994 Qualem
881 4935 933 4982 te
955 4926 1218 4983 sustinuit
1245 4936 1301 4982 et
1335 4929 1538 4983 amavit
1573 4937 1635 4984 ut

64 5013 318 5072 meliorem
352 5015 584 5084 faceret,
612 5018 749 5074 tales
775 5017 987 5074 sustine
1021 5026 1076 5073 et
1105 5033 1250 5087 ama,
1291 5027 1352 5074 ut
1379 5019 1634 5077 meliores

65 5097 230 5160 iacias.

118 5216 472 5290 Blaspbemas
494 5222 790 5289 medicum,
813 5223 1153 5295 desperando
1176 5234 1463 5298 aegrotum.
1497 5225 1633 5283 Tam

62 5308 212 5369 facilis
230 5316 384 5372 enim
398 5327 486 5372 est
499 5317 619 5388 ejus
643 5319 872 5387 sanitas,
892 5329 1098 5391 quanta
1121 5321 1270 5378 illius
1293 5323 1348 5377 in
1368 5323 1635 5378 medendo

58 5414 277 5474 potestas
304 5418 365 5464 et
394 5410 726 5482 benignitas.

120 5495 248 5556 Vide
269 5517 364 5568 ne,
402 5510 630 5572 propter
673 5517 813 5573 opus
838 5502 1102 5570 hominis,
1132 5513 1460 5562 contemnas
1491 5520 1634 5576 opus

59 5585 157 5646 Dei.
203 5591 362 5665 Opus
410 5593 560 5650 enim
592 5595 868 5663 hominis,
896 5595 1256 5652 homicidium
1283 5606 1388 5664 est,
1420 5599 1632 5654 adulte-

58 5681 180 5737 rium
229 5695 340 5748 est,
392 5693 452 5742 et
497 5695 696 5742 caetera
746 5687 980 5753 similia;
1029 5703 1169 5759 opus
1207 5703 1334 5743 vero
1365 5687 1488 5756 Dei,
1520 5689 1636 5760 ipse

55 5770 222 5835 homo.
287 5777 404 5847 Qui
442 5779 621 5854 diligit
666 5779 906 5852 aliquid,
946 5781 1090 5839 sicut
1127 5781 1352 5838 domum
1394 5789 1492 5838 aut
1536 5781 1636 5838 ali-

1795 1936 1901 2004 Qui
1932 1937 2198 1992 mundum
2229 1945 2445 2003 amant,
2477 1944 2651 1991 artem
2682 1949 2790 2005 qua
2830 1933 2895 1999 Iid
2943 1932 3090 2002 quod
3128 1940 3317 1986 amant

1726 2041 2091 2100 assequantur
2115 2029 2197 2084 vel
2233 2028 2512 2094 fruantur,
2551 2027 2827 2083 laboriose
2869 2025 3196 2087 addiscunt;
3254 2031 3316 2077 tu

1726 2121 1900 2178 Deum
1930 2124 2014 2180 vis
2050 2121 2294 2192 assequi,
2323 2130 2378 2177 et
2414 2129 2585 2176 artem
2618 2135 2729 2190 qua
2759 2118 3084 2189 acquiritur,
3129 2117 3183 2171 id
3230 2123 3317 2171 est

1727 2215 2030 2271 retribuere
2055 2214 2259 2269 bonum
2294 2227 2393 2282 pro
2427 2211 2591 2278 malo,
2629 2209 2957 2266 contemnis.

1797 2305 1907 2359 Aut
1937 2305 2067 2359 hinc
2091 2302 2281 2358 recede
2299 2343 2314 2369 ,
2357 2310 2452 2356 aut
2473 2309 2695 2371 propter
2719 2300 2870 2370 quod
2890 2297 2980 2353 hic
3009 2297 3223 2367 positus
3256 2311 3319 2352 es

1728 2413 1847 2471 age,
1877 2397 1928 2452 id
1956 2404 2039 2452 est
2060 2395 2299 2461 medere,
2321 2403 2508 2464 patere
2937 2430 2942 2434 ι

1803 2486 1905 2543 llic
1938 2486 2142 2542 stultus
2167 2492 2274 2551 est,
2321 2484 2374 2540 id
2419 2493 2504 2538 est
2528 2482 2695 2538 homo
2725 2480 3020 2548 inimicus;
3050 2480 3140 2536 ille
3167 2479 3324 2536 calli-

1731 2583 1856 2647 dus,
1878 2579 2132 2636 diabolus
2157 2577 2366 2634 scilicet
2389 2577 2484 2646 qui
2501 2591 2597 2646 per
2628 2575 2778 2630 hunc
2802 2583 2856 2629 te
2884 2573 3324 2645 impugnat.Cir—

1731 2689 1795 2729 ca
1825 2675 1974 2729 hunc
1993 2672 2250 2738 blandus,
2266 2678 2326 2725 ut
2348 2684 2474 2725 eum
2498 2668 2717 2734 liberes,
2741 2675 2896 2733 esto;
2927 2674 3121 2721 contra
3145 2665 3320 2731 illum,

1732 2774 1946 2822 cautus.

1765 2897 1770 2900 -
1804 2856 2089 2922 Turbaris,
2119 2855 2248 2926 quia
2267 2869 2369 2925 ego
2397 2853 2651 2909 turbatus
2673 2866 2833 2917 sum;
2857 2850 3112 2906 turbatus
3137 2848 3326 2902 turba-

1735 2957 1850 3001 tum
1881 2945 2255 3017 reprehendis.
2294 2943 2339 3000 Ο
2367 2945 2578 3014 pudor!
2613 2942 2938 3012 Loripedem
2966 2949 3150 2995 rectus
3175 2938 3323 2994 deri-

1736 3040 1881 3105 deat,
1928 3037 2242 3108 Ethiopem
2283 3036 2468 3092 albus;
2495 3035 2610 3107 Ego
2640 3034 2862 3105 quidem
2905 3031 3171 3102 corrigar,
3225 3044 3328 3085 nec

1661 3165 1705 3226 Ο
1737 3131 1972 3201 amplius
2004 3131 2108 3186 hoc
2136 3130 2342 3186 malum
2387 3127 2606 3184 faciam.
2642 3126 2725 3180 Tu
2767 3134 2947 3181 autem
2995 3124 3128 3226 quid
3153 3121 3328 3226 iacies

1736 3223 1804 3280 de
1826 3224 1932 3279 hoc
1960 3223 2092 3278 vitio
2117 3232 2233 3289 tuo,
2265 3235 2376 3291 quo
2411 3235 2522 3275 non
2571 3218 2748 3275 solum
2796 3217 2932 3272 mihi
2960 3215 3168 3271 mederi
3215 3230 3327 3269 non

1732 3316 1902 3382 vales,
1936 3313 2030 3370 sed
2060 3329 2162 3372 nec
2192 3312 2334 3369 ferre
2370 3313 2603 3368 salutem
2645 3309 2850 3381 potes?

1803 3406 1986 3473 Quare
2007 3406 2090 3462 vis
2112 3405 2337 3461 fratrem
2364 3405 2517 3459 illum
2555 3403 2830 3458 dimittere
2843 3400 2865 3454 ?
2877 3399 3015 3466 Quia
3038 3398 3326 3454 iracundia

1732 3509 1786 3556 et
1799 3499 2054 3556 omnibus
2074 3499 2218 3555 vitiis
2243 3499 2436 3569 plenus
2453 3506 2536 3552 est
2550 3497 2572 3549 ?
2588 3495 2679 3551 Sic
2703 3509 2834 3566 ergo
2856 3492 3020 3548 faciat
3045 3492 3141 3546 tibi
3159 3490 3325 3546 Deus.

1733 3591 1814 3647 Ex
1839 3607 1935 3647 ore
1960 3599 2056 3647 tuo
2072 3591 2318 3662 probasti
2345 3590 2492 3662 quod
2520 3603 2629 3642 non
2649 3587 2849 3642 debeas
2873 3602 2998 3641 eum
3030 3584 3326 3641 dimittere.

1736 3683 1860 3738 Non
1884 3693 1963 3739 est
1985 3684 2132 3740 sanis
2175 3699 2304 3754 opus
2360 3681 2623 3746 medicus,
2678 3678 2769 3734 sed
2832 3677 2969 3732 male
3013 3678 3328 3732 habentibus

1737 3774 1959 3847 (Matth.
1987 3791 2064 3841 ix,
2095 3772 2205 3844 12).
2241 3771 2298 3826 Si
2329 3781 2560 3826 matrem
2595 3769 2900 3839 interroges
2949 3783 3121 3837 quare
3153 3766 3328 3821 lilium

1735 3880 1897 3920 suum
1920 3862 2285 3934 derelinquat,
2319 3870 2373 3918 et
2398 3858 2741 3931 responderit
2769 3858 2896 3929 quia
2929 3857 3126 3912 debilis
3163 3865 3246 3911 est
3275 3866 3330 3912 et

1739 3964 1996 4029 aegrotus,
2042 3954 2317 4025 interroga
2347 3952 2393 4008 si
2429 3952 2667 4022 idipsum
2697 3949 2828 4004 velit
2857 3948 2974 4019 ipsa
3004 3948 3122 4003 ﬁeri
3151 3948 3256 4002 sibi
3297 3964 3328 4002 a

1733 4047 1866 4101 ﬁlio.
1898 4045 2112 4102 Etcum
2134 4044 2332 4100 dixerit
2360 4063 2372 4098 :
2396 4041 2520 4098 Non
2551 4061 2566 4111 ;
2605 4041 2743 4097 addc
2770 4059 2783 4095 ε
2829 4038 2970 4095 Mala
3001 4055 3133 4112 ergo
3158 4035 3330 4096 causa

1735 4136 1922 4192 odisti.
1969 4135 2062 4192 Sic
2085 4145 2170 4191 est
2193 4136 2260 4191 de
2283 4132 2517 4191 medico.

1803 4227 1924 4284 Non
1952 4229 2024 4284 sit
2049 4237 2273 4284 exactor
2293 4227 2547 4283 vindicta
2578 4224 2672 4296 qui
2717 4224 2918 4296 petitor
2941 4232 3026 4279 est
3063 4224 3256 4278 veniae.

1805 4318 1865 4375 Si
1885 4320 2118 4390 teipsum
2137 4329 2249 4374 tam
2275 4318 2618 4374 immundum
2644 4317 2866 4383 toleras,
2895 4332 2994 4372 cur
3024 4330 3132 4370 non
3162 4315 3329 4370 etiam

1737 4410 2037 4481 quemlibet
2063 4410 2268 4466 alium?

1657 4507 1712 4568 Β
1810 4501 2151 4558 Hierusalem
2180 4511 2310 4557 eant
2340 4501 2454 4568 alii,
2497 4509 2556 4554 tu
2593 4513 2770 4569 usque
2798 4499 2866 4553 ad
2891 4496 3208 4569 patientiam
3235 4507 3331 4552 aut

1739 4595 2124 4662 humilitatem,
2155 4593 2264 4650 hoc
2287 4601 2370 4649 est
2392 4596 2539 4648 enim
2565 4601 2618 4646 te
2647 4591 2726 4645 ire
2748 4598 2900 4644 extra
2932 4589 3224 4656 mundum,
3257 4588 3327 4642 il-

1738 4687 1832 4743 lud
1868 4688 2030 4742 intra.

1810 4779 2039 4848 Qualem
2067 4793 2198 4850 erga
2227 4786 2283 4833 te
2313 4776 2483 4832 Deum
2510 4784 2566 4832 et
2586 4775 2841 4830 homines
2865 4773 3201 4829 voluntatem
3230 4775 3330 4829 ha-

1738 4869 1867 4925 bere
1893 4868 2010 4936 vis,
2041 4876 2533 4939 quantumcunque
2565 4872 2659 4919 aut
2708 4862 3207 4933 quomodocunque
3245 4864 3331 4918 of-

1736 4960 1958 5028 fendas;
1989 4961 2154 5016 talem
2190 4969 2243 5015 te
2293 4960 2416 5014 aliis
2438 4958 2656 5024 exhibe,
2683 4964 3179 5026 quantumcunque
3235 4964 3334 5011 aut

1739 5054 2240 5125 quomodocunque
2266 5051 2604 5120 delinquant.

2241 5206 2648 5264 CAPITULUM
2687 5207 2828 5263 XVI.

1741 5329 1820 5384 De
1849 5330 1940 5399 pia
1987 5325 2370 5399 compassione_
2400 5331 2448 5377 et
2499 5323 2848 5399 medicamine
2894 5321 3253 5399 inﬁrmorum,
3281 5327 3332 5370 et

1812 5388 2074 5470 quomodo
2103 5388 2298 5451 'mente
2351 5395 2661 5465 incorrupta
2723 5388 2998 5448 vivendum
3054 5399 3130 5443 est
3188 5388 3327 5442 inter

1812 5486 1919 5524 €08.

1811 5598 1965 5656 Laesa
2016 5605 2192 5652 mater
2241 5613 2272 5652 a
2321 5596 2440 5651 ﬁlio
2496 5612 2606 5650 non
2666 5593 2898 5664 requirit
2944 5591 3002 5646 in
3025 5589 3324 5644 vindictam

1743 5692 1999 5748 lmsuram
2043 5690 2163 5762 ejus
2187 5733 2202 5759 ,
2256 5705 2324 5746 eo
2387 5689 2534 5759 quod
2592 5689 2734 5743 hanc
2765 5698 2983 5756 quoque
3033 5698 3191 5739 suam
3225 5682 3324 5737 de-

1741 5790 1914 5854 putet.
1977 5782 2158 5851 Quare
2229 5781 2276 5836 si
2341 5780 2468 5850 quis
2515 5793 2638 5833 eam
2689 5774 2878 5833 ulcisci
2930 5773 3120 5831 volens
3165 5771 3330 5829 laedat
