3992 6402
701 443 808 501 623

703 565 914 633 tilium,
988 576 1096 618 non
1150 559 1425 633 putandus
1475 567 1560 614 est
1606 559 1656 613 ei
1705 557 1902 614 fecisse
1953 555 2291 622 vindictam,

703 657 800 711 sed
852 655 1084 709 iterasse
1133 653 1410 707 Izesuram.
1458 649 1536 703 Ita
1567 649 1726 704 debet
1766 663 1889 703 esse
1913 648 2094 702 omnis
2121 645 2286 700 Chri-

704 749 922 806 stianus
967 745 1036 800 ad
1089 759 1282 799 omnes
1325 741 1577 796 homines
1615 782 1631 808 ,
1681 739 1928 796 misereri
1954 739 2160 795 scilicet
2193 737 2288 792 de-

704 835 998 894 siderantis
1029 831 1367 890 certissimas
1410 845 1608 886 causas
1661 829 1869 886 doloris
1919 829 2046 896 sui,
2097 827 2153 881 id
2203 835 2288 882 est

741 927 967 982 eritura.

741 943 967 982 eritura.

701 943 740 1000 Ρ
776 1015 911 1070 Tam
962 1011 1122 1068 facile
1173 1020 1259 1066 est
1299 1009 1442 1066 inter
1489 1009 1715 1065 fratrem
1766 1018 1922 1064 tuum
1980 1018 2033 1062 et
2091 1005 2284 1061 vitium

701 1105 817 1175 ejus
849 1107 1160 1160 discernere
1205 1120 1372 1174 quam
1401 1105 1542 1159 inter
1581 1104 1790 1159 bonum
1825 1111 1882 1158 et
1927 1101 2152 1176 malum.
2181 1097 2285 1155 De-

701 1200 868 1268 nique
899 1199 1021 1252 viso
1046 1198 1290 1266 homine,
1318 1198 1445 1270 quis
1479 1197 1758 1266 irascitur,
1783 1197 1910 1268 quis
1935 1195 2286 1266 indignatur?

699 1289 832 1344 Viso
861 1290 996 1344 vitio
1026 1289 1145 1360 ejus
1167 1332 1182 1358 ,
1217 1288 1344 1360 quis
1373 1305 1486 1346 non
1507 1290 1820 1357 offenditur,
1851 1289 1956 1345 nisi
1979 1290 2106 1360 quis
2129 1287 2285 1343 valde

695 1381 916 1452 sapiens
943 1389 999 1436 et
1021 1381 1225 1448 bonus,
1255 1381 1348 1452 qui
1375 1381 1524 1436 norit
1547 1381 1654 1436 hoc
1681 1381 1863 1452 potius
1887 1381 2064 1436 eidem
2091 1380 2284 1435 obesse

693 1489 860 1542 quam
887 1473 1146 1544 cuiquam
1167 1472 1280 1538 alii,
1300 1487 1364 1527 ac
1387 1488 1486 1542 per
1512 1473 1616 1528 hoc
1643 1471 1820 1528 eidem
1843 1469 2281 1541 compatiendum

693 1581 814 1621 esse
831 1567 854 1620 ’ἒ

765 1681 1066 1748 Cbarrtate,
1083 1679 1350 1750 sapientia
1373 1679 1614 1750 repletur
1639 1677 1826 1746 frater,
1849 1693 1951 1734 nec
1975 1676 2278 1732 communi-

697 1786 824 1838 cas;
857 1771 960 1838 ira,
997 1771 1144 1837 odio,
1176 1769 1470 1839 furoreque
1503 1769 1763 1839 repletur,
1796 1783 1898 1823 nec
1921 1767 2152 1824 evadere
2177 1781 2280 1837 po-

697 1872 778 1918 tes
806 1863 939 1933 quin
961 1862 1351 1918 communices.
1387 1859 1620 1916 Insanus
1643 1859 1794 1918 sanis
1814 1859 2037 1932 indiget,
2061 1866 2124 1914 ut
2151 1873 2276 1914 eum

693 1953 778 2008 vel
801 1959 1040 2019 servent,
1077 1952 1162 2006 vel
1187 1958 1398 2006 curent.

759 2063 920 2132 Quod
949 2065 1124 2120 solum
1157 2065 1308 2120 tibia
1339 2064 1450 2120 Deo
1489 2063 1738 2120 exhiberi
1779 2062 2080 2130 desideras,
2112 2061 2166 2118 id
2196 2069 2277 2118 est

687 2157 1102 2227 benignitatem,
1134 2158 1277 2212 banc
1294 2157 1552 2212 omnibus
1583 2155 1902 2210 hominibus
1922 2155 2140 2222 exhibe,
2165 2153 2280 2210 sive

689 2249 919 2319 ﬂagello,
967 2249 1080 2304 sive
1131 2249 1373 2304 lenitate.
1407 2246 1548 2314 Quid
1599 2247 1834 2302 insultas
1859 2246 2020 2302 cateia
2048 2255 2104 2302 et
2128 2245 2278 2300 infir-

685 2341 830 2395 mis?
865 2339 972 2408 Tu,
1017 2341 1288 2411 idipsum;
1321 2349 1416 2396 aut
1455 2340 1504 2396 si
1533 2339 1700 2407 aliud,
1734 2354 1844 2394 non
1893 2354 1992 2409 per
2018 2339 2274 2410 teipsum,

689 2445 790 2486 nec
815 2447 846 2486 a
880 2432 1074 2502 teipse.

755 2545 968 2618 Cogita,
997 2546 1043 2602 si
1090 2561 1284 2602 omnes
1313 2545 1566 2603 homines
1595 2549 1669 2603 ita
1699 2561 1918 2618 semper
1951 2555 2008 2602 et
2061 2545 2274 2600 insania

687 2647 998 2710 agerentur,
1032 2637 1164 2708 quid
1213 2637 1309 2692 tibi
1359 2637 1630 2708 agendum
1655 2646 1819 2693 esset.
1867 2634 2124 2706 Nunquid
2153 2634 2276 2689 ideo

683 2731 892 2785 turbari
940 2729 1200 2786 deberes?
1253 2729 1368 2785 Cur
1417 2743 1569 2800 ergo,
1619 2745 1746 2785 cum
1791 2743 1938 2784 unus
1981 2725 2276 2797 aliquando

685 2823 962 2890 turbatur,
989 2821 1263 2877 turbaris?
1295 2820 1621 2877 Medicinam
1663 2821 1714 2876 ei
1737 2821 1924 2888 debes,
1954 2833 2066 2874 non
2089 2817 2276 2872 turba-

685 2913 917 2969 tionem.
967 2913 1258 2981 Quomodo
1289 2914 1437 2969 enim
1484 2911 1698 2968 insania
1744 2911 2066 2968 insaniendo
2093 2907 2276 2966 curari

683 3014 864 3076 potest
881 3005 905 3059 ?

753 3118 867 3174 Cur
889 3120 986 3176 tibi
1019 3121 1098 3176 tui
1147 3119 1367 3193 generis
1409 3121 1629 3192 placent
1680 3121 1989 3178 cruciatus?
2027 3121 2110 3177 An
2146 3121 2273 3192 quia

679 3205 894 3276 justum
923 3208 1038 3262 est?
1085 3205 1230 3279 Ergo
1255 3215 1311 3262 et
1345 3209 1426 3262 tui
1473 3207 1584 3265 Deo
1605 3209 1874 3280 placeant,
1905 3209 2034 3280 quia
2060 3209 2270 3280 justum

685 3303 787 3351 cst.
817 3293 945 3352 Haec
973 3307 1156 3352 autem
1190 3297 1461 3355 sententia
1488 3299 1710 3372 ignibus
1739 3308 1792 3354 te
1819 3299 1986 3356 tradit
2025 3298 2269 3354 aeternis.

757 3387 972 3448 Stultus
1017 3391 1266 3447 medicus
1323 3393 1517 3448 nolens
1580 3393 1895 3464 opinionem
1957 3407 2116 3448 suam
2171 3391 2275 3446 mi-

686 3495 876 3546 nuere,
900 3481 1166 3550 quidquid
1195 3497 1305 3536 non
1347 3482 1489 3537 bene
1513 3484 1804 3554 contingit,
1831 3483 1959 3538 licet
1989 3483 2147 3553 culpa
2175 3497 2274 3538 sua

687 3570 779 3637 sit,
803 3569 938 3642 ipsis
965 3578 1148 3626 tamen
1174 3569 1408 3640 imputat
1433 3572 1616 3643 aegris.
1651 3571 1728 3626 Ita
1759 3571 1896 3628 facis
1927 3581 1984 3628 tu
2014 3573 2274 3643 subjectis

753 3771 984 3842 Qualem
1029 3772 1278 3830 animum
1312 3771 1545 3830 haberes
1586 3773 1654 3830 ad
1689 3787 1881 3830 omnes
1913 3773 2192 3840 homines,
2227 3775 2273 3830 si

681 3871 930 3921 remotus
952 3879 1104 3920 esses
1150 3865 1221 3922 ab
1245 3863 1326 3921 eis
1355 3865 1606 3937 cogitans
1637 3880 1830 3921 eorum
1857 3873 2080 3935 peccata
2111 3875 2274 3936 atque

681 3959 955 4028 miserias,
1003 3961 1230 4016 omnino
1275 3969 1470 4016 saltem
1509 3975 1656 4015 nunc
1694 3961 1858 4016 talem
1887 3959 2106 4028 habeto,
2143 3976 2268 4015 cum

678 4051 867 4106 videas
889 4052 1064 4106 oculis
1085 4051 1264 4121 perire
1285 4067 1381 4106 eos
1407 4059 1501 4105 aut
1521 4051 1782 4116 caecitate,
1797 4059 1892 4106 aut
1914 4049 2232 4106 inﬁrmitate
2255 4070 2268 4107 :

679 4153 776 4198 aut
815 4142 962 4198 enim
1015 4142 1278 4198 falluntur
1312 4159 1344 4198 a
1371 4143 1593 4199 diabolo
1645 4159 1743 4214 per
1790 4142 2133 4214 temporalia,
2178 4152 2273 4200 aut

681 4241 1032 4305 superantur.

751 4343 1022 4400 Horresce
1045 4343 1424 4400 inscrutabilia
1451 4343 1660 4415 judicia
1681 4344 1778 4401 Dei
1809 4361 1975 4417 super
1995 4355 2068 4402 te.
2094 4345 2268 4414 Quid-

677 4435 811 4506 quid
834 4435 982 4490 enim
1011 4451 1072 4491 es
1102 4451 1267 4505 super
1289 4435 1446 4501 alios,
1475 4435 1657 4492 nescis
1687 4452 1858 4507 quare
1883 4437 1988 4507 ipsi
2015 4433 2124 4492 non
2149 4435 2269 4494 fuc-

677 4527 792 4584 rint
844 4543 1011 4598 super
1043 4535 1115 4582 te.
1173 4525 1322 4583 Talis
1349 4542 1480 4599 ergo
1502 4535 1620 4584 esto
1653 4528 1723 4584 ad
1751 4528 1874 4584 illos
1900 4529 2092 4600 quales
2117 4529 2268 4586 vides

625 4673 632 4676 η
673 4620 801 4678 illos
820 4635 945 4678 esse
965 4620 1224 4678 debuisse
1255 4621 1323 4677 ad
1353 4629 1426 4686 te,
1451 4620 1498 4678 si
1533 4629 1716 4678 essent
1736 4636 1902 4693 super
1930 4630 2001 4678 te.

745 4732 865 4790 Non
883 4734 1186 4790 secundum
1207 4731 1512 4804 profectum
1537 4732 1930 4802 subiectorum,
1949 4732 2044 4790 sed
2066 4747 2264 4790 secun—

669 4826 804 4880 dum
830 4825 1164 4880 desiderium
1209 4832 1364 4878 tuum
1396 4832 1450 4878 et
1477 4831 1738 4878 conatum
1769 4825 1876 4880 erit
1910 4839 2122 4882 merces
2144 4833 2260 4891 tua,

673 4917 790 4971 sive
809 4915 888 4970 illi
917 4915 1228 4987 proﬁciant,
1253 4915 1370 4970 sive
1399 4929 1534 4969 non.

743 5025 882 5080 Cum
911 5026 1049 5082 bene
1092 5025 1413 5097 probaveris
1447 5025 1601 5080 illum
1626 5041 1750 5082 esse
1783 5026 2132 5095 sceleratum,
2158 5029 2265 5084 erit

674 5117 773 5170 tibi
799 5131 1024 5172 necesse
1049 5127 1111 5172 ut
1137 5118 1330 5190 lugeas
1353 5125 1638 5189 peccatum
1675 5117 1817 5190 ejus,
1844 5119 1974 5190 quia
1993 5128 2048 5175 et
2075 5119 2264 5176 Domi-

675 5222 782 5262 nus
800 5207 940 5260 luxit
965 5217 1140 5263 tuum.
1165 5209 1278 5264 Cur
1300 5209 1448 5264 enim
1471 5208 1694 5266 rimaris
1715 5210 1959 5282 languidi
1983 5211 2260 5279 morbum,

675 5297 722 5353 si
754 5305 974 5368 cognito
1003 5299 1196 5353 morbo
1226 5314 1337 5353 non
1381 5301 1562 5356 solum
1591 5315 1702 5356 non
1735 5301 1993 5358 condoles
2013 5317 2117 5358 nec
2147 5316 2264 5357 me-

670 5389 840 5456 deris,
867 5387 960 5444 sed
984 5387 1148 5443 etiam
1179 5388 1432 5444 insultas.

739 5483 880 5537 Dum
907 5480 1062 5536 vides
1085 5481 1167 5534 vel
1197 5481 1366 5536 audis‘
1383 5481 1522 5536 mala
1548 5483 1747 5550 aliena,
1769 5484 1984 5555 respice
2012 5483 2258 5540 animum

666 5585 845 5640 tuum,
891 5581 952 5628 ut
1002 5571 1202 5644 probes
1233 5581 1502 5642 quantum
1542 5573 1592 5628 ei
1623 5589 1766 5630 verm
1792 5576 2102 5633 dilectionis
2128 5593 2257 5649 erga

667 5659 921 5722 homines
945 5659 1094 5721 insit.

739 5759 854 5814 Non
901 5757 1246 5829 gaudendum
1305 5758 1402 5814 tibi
1449 5768 1551 5826 est,
1604 5761 1652 5815 si
1696 5763 1908 5817 caeteris
1960 5772 2012 5818 te
2061 5763 2252 5820 melio-

663 5865 783 5906 rem
823 5867 945 5907 esse
992 5852 1296 5924 contingat,
1349 5853 1444 5908 sed
1493 5854 1788 5910 dolendum
1835 5855 2020 5924 potius
2054 5871 2149 5914 eos
2187 5858 2255 5912 de

1559 441 1885 500 GUIGONIS
1922 443 1944 496 Ι
1981 439 2405 498 CARTIIUSUE
2446 439 3057 498 MAJORIS-PRIORIS
3092 441 3136 496 γ

3831 451 3900 506 fdi

2321 559 2368 620 Α
2398 553 2642 609 bonitate
2687 553 2870 609 minus
2916 554 3138 620 habere,
3183 553 3708 628 computandumque
3749 557 3790 614 id
3834 567 3898 620 tibi

2389 644 2599 700 deesse.
3393 713 3398 716 Ι

2461 735 2628 792 Indue
2654 753 2780 792 eum
2805 738 2959 810 prius
2985 753 3148 810 quem
3167 739 3418 810 judicare
3439 739 3526 795 vis
3559 749 3650 796 aut
3676 745 3894 816 corripere,

2389 837 2468 896 ut,
2492 829 2636 886 sicut
2651 829 2749 885 tibi
2769 829 3025 900 expedire
3046 831 3306 897 senseris,
3325 831 3372 888 si
3393 831 3472 886 ita
3495 831 3592 898 sis,
3609 831 3683 888 sic
3703 835 3746 888 ei
3763 835 3892 892 facito.

2387 921 2448 978 In
2507 936 2615 994 qua
2665 923 2812 978 enim
2855 937 3116 979 mensura
3171 939 3398 980 mensus
3445 921 3634 990 fueris,
3683 923 3730 980 in
3763 929 3892 984 eadem

2386 1013 2704 1070 remetietur
2755 1015 2876 1081 tibi,
2927 1025 2982 1071 et
3024 1015 3080 1069 in
3135 1029 3247 1085 quo
3300 1012 3513 1087 judicio
3535 1013 3836 1085 iudicaveris,
3859 1021 3892 1074 in

2384 1105 2576 1160 eodem
2602 1104 2940 1176 judicaberis
2969 1105 3192 1177 (Matth.
3221 1123 3318 1171 vn,
3349 1107 3432 1177 2),
3485 1123 3612 1162 nam
3635 1117 3686 1164 et
3709 1108 3891 1166 Christus

2383 1195 2536 1265 prius
2559 1195 2736 1251 induit
2757 1197 3058 1264 hominem,
3082 1211 3250 1268 quam
3268 1196 3576 1268 judicaret._

2455 1287 2576 1345 Non
2605 1289 2704 1344 tibi
2733 1290 3048 1346 conandum
3097 1299 3182 1345 cst
3235 1299 3294 1345 ut
3337 1289 3550 1346 domini
3597 1289 3690 1356 tui,
3723 1305 3888 1362 quorum

2383 1379 2606 1436 servitio
2645 1381 2715 1436 ab
2759 1395 2952 1436 eorum
3009 1379 3194 1446 Patre,
3237 1380 3289 1435 id
3325 1389 3414 1436 est
3463 1379 3686 1437 Domino
3711 1381 3800 1438 Deo
3827 1395 3888 1436 tua

2381 1471 2673 1542 deputatus
2692 1488 2773 1539 es,
2793 1473 2940 1543 quod
2967 1480 3027 1526 tu
3054 1472 3159 1538 vis,
3189 1472 3282 1528 sed
3310 1473 3460 1544 quod
3489 1471 3570 1528 eis
3593 1474 3744 1543 prosit
3764 1487 3886 1544 agant.

2383 1559 2460 1616 Te
2485 1562 2630 1617 enim
2672 1563 2742 1618 ad
2787 1579 2978 1618 eorum
3010 1563 3325 1626 utilitatem,
3361 1577 3474 1618 non
3497 1577 3593 1620 eos
3614 1563 3674 1618 ad
3691 1573 3807 1618 tuam
3825 1579 3886 1618 vt-

2383 1651 2645 1708 luntatem
2677 1654 2944 1709 inclinare
2969 1653 3160 1722 debes,
3191 1653 3326 1724 quia
3377 1669 3492 1708 non
3539 1661 3598 1706 ut
3637 1652 3886 1722 praesis,snl

2381 1753 2442 1798 ut
2467 1747 2648 1814 prosis
2679 1745 2780 1811 eis,
2811 1745 2908 1800 tibi
2932 1744 3218 1800 commissi
3246 1753 3398 1810 sunt,
3427 1743 3570 1800 sicut
3597 1753 3649 1799 et
3671 1761 3786 1816 aeger
3811 1761 3886 1798 me-

2381 1833 2526 1902 dico,
2581 1851 2690 1890 non
2741 1845 2801 1892 ut
2842 1838 2892 1891 ei
2944 1837 3282 1902 dominetur,
3315 1837 3412 1892 sed
3449 1833 3628 1908 potius
3667 1837 3882 1896 medeatur,

2313 1915 2355 1970 Β
2381 1928 2758 1984 committitur.
2794 1927 2905 1985 Nec
2933 1937 3120 1986 contra
3149 1943 3383 2000 aegrum,
3437 1929 3532 1984 sed
3563 1943 3659 2002 pro
3695 1944 3819 2000 agro,
3849 1929 3880 1980 iul

2381 2027 2465 2074 est
2494 2027 2684 2074 contra
2710 2019 3092 2092 aegritudinem
3121 2019 3262 2090 ejus,
3290 2025 3378 2074 est
3403 2017 3665 2088 medicus,
3682 2027 3882 2087 totamque

2379 2117 2434 2168 et
2467 2108 2820 2166 sufﬁcientem
2845 2110 3142 2166 vindictam
3193 2127 3294 2181 pro
3343 2112 3602 2168 omnibus
3633 2127 3736 2182 quae
3771 2111 3876 2165 abut

2379 2202 2635 2272 patietur,
2663 2203 2894 2258 salutem
2923 2203 3041 2273 ejus
3065 2202 3258 2270 habet;
3287 2217 3470 2274 neque
3493 2204 3633 2258 enim
3659 2201 3816 2272 aliquid
3837 2201 3868 2254 ei

2381 2293 2632 2364 imputat,
2659 2295 2754 2350 sed
2795 2293 2898 2364 ipsi
2929 2293 3143 2362 morbo,
3169 2301 3224 2349 ct
3249 2294 3375 2350 ideo
3418 2295 3574 2365 plena
3601 2303 3674 2351 est
3695 2293 3734 2350 ei
3771 2291 3870 2348 ultio.

2380 2387 2554 2442 morbi
2583 2387 2758 2458 ipsius
2779 2387 3091 2443 exstinctio.

2449 2475 2676 2534 Duobus
2699 2477 2926 2534 medicis
2947 2476 3232 2534 commissi
3283 2475 3512 2533 fuerunt
3533 2483 3736 2550 quatuor
3753 2471 3870 2528 homi-

2379 2583 2512 2635 nes;
2547 2583 2718 2624 sanus
2745 2583 2890 2623 unus
2915 2583 3040 2623 cum
3067 2583 3214 2637 πετο
3234 2582 3372 2635 uno,
3403 2567 3522 2633 uni,
3549 2577 3598 2622 et
3621 2580 3757 2620 sanus
3778 2563 3870 2616 alius

2378 2671 2504 2712 cum
2535 2672 2683 2729 aegro
2727 2657 2857 2725 alio,
2910 2658 3034 2724 alii;
3066 2657 3458 2729 promissaque
3505 2665 3588 2712 est
3625 2669 3790 2712 merces
3805 2665 3868 2722 pro

2379 2763 2511 2804 cura
2539 2749 2654 2806 sive
2677 2749 3068 2804 conservandae
3121 2749 3238 2804 sive
3261 2747 3640 2819 recuperanda:
3671 2745 3864 2800 sanitatis.

2377 2837 2566 2910 Itaque
2612 2840 2749 2895 alter
2791 2853 2984 2896 eorum
3025 2838 3175 2908 fecit,
3221 2839 3518 2910 susceptis.
3543 2833 3762 2910 quidquid
3799 2847 3864 2902 pro

2381 2931 2760 2988 conservanda
2789 2931 2876 2988 vel
2903 2931 3242 2987 restituenda
3283 2932 3466 2987 salute
3503 2929 3612 2986 ﬁeri
3645 2925 3803 2990 debuit,
3829 2931 3862 2976 et

2375 3036 2560 3084 tamen
2583 3026 2785 3081 mortui
2813 3033 2964 3080 sunt.
2997 3023 3152 3081 Alter
3177 3024 3314 3080 nihil
3343 3037 3539 3080 eorum
3565 3035 3674 3094 quae
3693 3019 3780 3074 fieri
3801 3015 3862 3069 dc—

2377 3119 2616 3175 buerunt
2645 3117 2795 3186 fecit,
2825 3127 2880 3174 et
2908 3127 3092 3172 tamen
3125 3117 3222 3187 qui
3265 3101 3466 3172 sanus.
3487 3123 3598 3170 erat
3619 3114 3680 3168 ita
3705 3107 3858 3165 maluit.

2377 3219 2432 3266 et
2449 3227 2591 3283 aeger
2617 3211 2915 3268 convaluit.
2961 3209 3100 3278 Quis
3124 3211 3323 3265 borum
3367 3208 3606 3265 mercede
3625 3205 3778 3276 dignus
3791 3209 3857 3254 est.

2377 3304 2540 3374 cujus
2583 3303 2824 3374 suscepti
2853 3303 3018 3358 ambo
3047 3301 3250 3357 mortui
3299 3310 3455 3368 sunt,
3485 3315 3550 3354 an
3578 3297 3709 3366 cujus
3731 3291 3856 3346 vivunt

2375 3401 2432 3449 et
2460 3394 2679 3450 valent?
2707 3392 2802 3450 Ille
2829 3393 2948 3450 sine
2971 3393 3161 3460 dubio,
3190 3393 3286 3462 qui
3313 3391 3466 3462 quod
3503 3388 3668 3446 debuit
3685 3383 3784 3446 ﬁeri,
3801 3381 3854 3449 pi:

2377 3485 2654 3542 voluntate
2677 3484 2826 3552 fecit,
2853 3485 3014 3541 laude
3033 3494 3088 3541 et
3129 3484 3384 3540 mercede
3423 3499 3528 3539 non
3554 3482 3706 3536 minus
3725 3477 3854 3544 dignus

2375 3585 2655 3648 estquam
2679 3577 2726 3633 si
2749 3577 2826 3632 illi
2853 3577 3102 3634 viverent
3149 3585 3205 3632 et
3247 3576 3516 3631 valerent.
3565 3572 3648 3626 Ille
3679 3581 3774 3624 vero
3793 3560 3850 3631 qui

2377 3667 2554 3722 noluit
2579 3667 2759 3726 facere
2787 3667 2936 3740 quod
2975 3667 3184 3734 debuit,
3208 3681 3376 3738 poena
3407 3681 3514 3722 non
3543 3663 3700 3720 minus
3717 3659 3850 3727 dignus

2377 3767 2461 3814 est
2483 3775 2649 3832 quam
2671 3758 2719 3815 si
2743 3759 2819 3814 illi
2841 3759 3048 3814 mortui
3078 3767 3283 3814 essent.

2450 3871 2570 3930 Duo
2587 3887 2720 3945 ergo
2750 3871 3044 3943 perficiunt
3087 3872 3364 3928 medicum
3393 3891 3408 3928 :
3437 3871 3666 3928 voluntas
3689 3865 3850 3924 bonam

2375 3965 2616 4037 perfecta
2651 3965 2900 4022 scientia.
2959 3962 3100 4020 Nam
3155 3973 3216 4022 ut
3265 3979 3462 4020 omnes
3515 3959 3688 4032 quibus
3723 3959 3848 4006 cuml

2377 4055 2642 4126 impendit
2669 4064 2848 4124 sanet,
2895 4057 3004 4112 hoc
3027 4071 3140 4112 non
3162 4063 3252 4112 est
3277 4055 3422 4126 ejus.
3454 4053 3566 4110 Non
3599 4049 3718 4106 enim
3757 4041 3846 4098 scin

2374 4151 2666 4222 quisquam
2687 4161 2869 4223 potest
2895 4153 2992 4222 qui
3021 4152 3458 4222 desperabiliter,
3485 4151 3562 4206 vel
3583 4145 3772 4218 quicum
3787 4147 3846 4202 spe

2375 4243 2570 4300 salutis
2588 4253 2831 4316 aegrotet.
2851 4244 2918 4299 Et
2942 4246 3064 4301 ideo
3090 4245 3348 4301 omnibus
3369 4239 3650 4300 adhibenda
3665 4243 3729 4292 est
3745 4241 3842 4284 cura.

2374 4343 2428 4390 et
2457 4351 2584 4392 cum
2613 4335 2764 4390 omni
2797 4334 3155 4408 benignitate,
3189 4343 3304 4392 tota
3337 4335 3394 4390 in
3417 4331 3628 4404 singulis
3651 4341 3720 4381 ars
3743 4329 3842 4374 exse-
3887 4381 3889 4387 ι

2371 4428 2610 4498 quenda.
2643 4426 2736 4484 Sic
2759 4428 2906 4486 enim
2929 4429 3074 4500 apud
3103 4427 3322 4484 Patrem
3357 4427 3592 4484 omnium
3613 4433 3698 4474 non
3721 4409 3838 4466 minus
3885 4481 3887 4493 Ι

2291 4593 2343 4652 D
2375 4519 2562 4589 gratia:
2586 4527 2641 4575 et
2663 4519 2872 4590 praemii
2913 4533 3016 4590 pro
3037 4519 3313 4578 defunctis
3339 4533 3504 4590 quam
3525 4529 3614 4586 pro
3633 4505 3745 4565 sanis
3765 4511 3838 4552 me-
3883 4559 3885 4599 Ι

2369 4610 2625 4652 ιυριιίπιιιι
3881 4647 3883 4652 ι

2369 4610 2628 4666 rebimur.

2441 4722 2578 4778 Para
2601 4731 2656 4779 te
2676 4723 2744 4778 ad
2773 4723 3200 4780 cohabitandum
3223 4721 3386 4778 malis
3418 4725 3586 4776 mente
3597 4709 3836 4772 incorrupta.

2369 4816 2518 4888 quod
2545 4825 2630 4872 est
2653 4817 2980 4888 angelicum.
3009 4815 3143 4884 Quae.
3182 4823 3370 4872 autem
3399 4812 3562 4887 gloria
3579 4813 3666 4870 est.
3693 4803 3766 4856 hoc
3785 4791 3836 4844 f"
3877 4845 3879 4888 ε

2367 4924 2492 4966 cere
2515 4925 2642 4966 cum
2669 4909 2907 4966 sanctis?

2439 5023 2771 5095 Angelorum
2799 5024 2976 5080 virtus
2997 5032 3100 5091 est,
3123 5025 3308 5078 vivere
3327 5035 3451 5078 cum
3469 5013 3671 5072 vitiosis,
3689 5017 3760 5060 nec
3871 5009 3877 5095 Ι

2372 5131 2495 5170 rum
2539 5115 2819 5186 corrumpi
2854 5116 3022 5172 vitiis.
3075 5115 3426 5172 Summorum
3475 5093 3832 5196 medicorultI

2368 5205 2564 5276 degere
2594 5220 2720 5260 cum
2749 5205 2932 5278 aegris,
2964 5212 3020 5260 et
3045 5205 3280 5273 insanis,
3303 5213 3358 5260 et
3383 5219 3488 5259 non
3511 5197 3662 5256 solum
3683 5189 3830 5244 minimc

2365 5294 2664 5367 corrumpi,
2689 5295 2788 5351 sed
2812 5295 3046 5352 salutem
3072 5295 3154 5352 eis
3185 5295 3484 5352 restituere.

2855 5441 3258 5508 CAPITULUM
3291 5445 3454 5504 XVII.

2367 5583 2445 5638 De
2499 5585 2692 5638 virtute
2737 5591 2788 5637 et
2835 5583 3024 5654 e/j‘ectu
3075 5565 3274 5636 amoris
3323 5579 3418 5654 Dei
3471 5581 3520 5629 et
3546 5551 3826 5654 Δῐπίξίίῗξξξνξξ

2433 5633 2893 5780 anginam;
2910 5633 3185 5708 siin-1a
3202 5633 3439 5722 nam
3486 5633 3572 5700 ut
3597 5646 3638 5692 ιι
3691 5633 3806 5691 δικρο-

2472 5743 2533 5781 en
2575 5743 2628 5780 α.
3387 5755 3406 5772 ρ
3635 5741 3640 5748 ·

2433 5857 2538 5924 Qui
2563 5857 2764 5916 fruitur
2789 5857 2970 5929 aliqua
3003 5855 3178 5942 forma
3201 5851 3460 5925 corporis,
3483 5840 3610 5918 quod
3635 5833 3698 5892 sib

3699 5825 3859 5894 item.

3839 5987 3857 6335 λ
