3992 6436
145 353 248 408 625

1489 363 2021 426 MEDITATIONES.

3301 382 3412 444 626

143 472 358 527 videtur
376 485 441 526 ex
469 483 534 526 ea
571 484 681 526 non
709 470 838 541 Sibi,
866 471 963 530 sed
995 473 1172 530 eidem
1224 475 1415 534 forma:
1466 479 1722 552 imputat,
1755 489 1798 547 Α
1900 486 2121 558 Appetit
2165 488 2370 561 aliquid
2415 500 2657 547 creatum
2712 493 2900 562 homo,
2948 495 3032 550 vel
3087 495 3312 556 inhaeret
3356 503 3410 558 ei

140 573 192 619 et
213 572 436 634 propter
464 562 571 620 hoc
597 577 722 618 eam
757 573 940 620 mente
970 567 1156 623 laudat
1185 577 1241 624 et
1277 579 1442 626 amat.
1478 571 1585 630 Sed
1623 589 1725 630 nec

140 673 196 713 se
230 657 457 723 bonum,
494 655 591 712 sed
621 655 769 712 illam
789 657 943 714 ducit
969 677 983 725 ;
1011 673 1072 715 se
1093 670 1276 717 autem
1300 661 1526 731 bonum,
1554 679 1619 720 ex
1635 681 1720 722 ea.

140 746 245 804 Nec
266 747 322 802 in
361 747 544 818 seipso
565 757 834 816 remanet,
857 749 952 806 sed
973 750 1030 804 in
1054 750 1202 807 illam
1227 752 1399 808 tendit
1421 761 1476 810 et
1499 756 1718 812 transit:

141 848 289 895 tanto
319 839 510 910 utique
535 839 662 897 nisu
694 840 894 898 mentis
917 851 973 898 et
993 853 1144 900 motu
1172 845 1484 913 voluntatis,
1515 858 1723 919 quanto

139 935 310 1007 magis
339 950 462 991 eam
515 933 748 993 fruendo
795 937 1031 994 miratur
1065 948 1122 1000 et
1161 940 1356 1013 diligit.
1399 941 1468 999 Et
1505 942 1627 1000 ideo
1675 945 1723 1000 si

138 1028 256 1098 quis
280 1026 532 1083 eamdem
551 1026 787 1084 formam
813 1037 910 1085 aut
931 1029 1133 1088 laeserit
1153 1040 1250 1089 aut
1278 1034 1586 1103 abstulerit,
1609 1051 1721 1092 non

139 1121 204 1187 ei,
229 1119 322 1175 sed
348 1119 454 1175 sibi
489 1119 751 1191 injuriam
774 1120 976 1178 factam
996 1132 1169 1194 putat.
1197 1123 1266 1181 Et
1285 1127 1414 1197 quia
1431 1128 1722 1197 paradisus

137 1221 186 1268 et
207 1209 485 1268 beatitudo
508 1211 558 1268 ei
584 1221 723 1280 erat,
750 1212 932 1269 eidem
958 1214 1228 1273 inhazrere
1249 1216 1501 1276 infernus
1523 1235 1588 1276 ac
1617 1221 1720 1276 mi-

140 1305 271 1360 seria
305 1305 359 1362 ei
389 1313 497 1372 est,
526 1305 596 1362 ab
617 1321 683 1362 ea
717 1308 984 1377 separari.
1019 1307 1097 1365 lta
1125 1319 1246 1368 esto
1271 1319 1328 1366 tu
1351 1313 1421 1368 ad
1452 1312 1644 1370 Deum.

202 1395 258 1450 Si
282 1397 468 1468 imago
489 1399 752 1456 stercoris
781 1413 850 1456 ex
879 1414 1018 1457 auro
1040 1401 1154 1470 ﬁat,
1189 1403 1384 1460 melior
1410 1414 1495 1461 est
1533 1407 1720 1477 utique

138 1487 562 1552 substantialiter
615 1505 784 1562 quam
827 1491 1213 1562 imaginaliter.
1277 1494 1720 1555 Substantialiter

141 1592 365 1658 namque
400 1593 630 1648 aurum,
652 1579 1024 1652 imaginaliter
1063 1598 1196 1640 vero
1242 1592 1456 1642 stercus
1485 1586 1611 1643 erit.
1659 1586 1718 1643 Si

139 1675 304 1722 autem
339 1669 525 1740 angeli
568 1669 918 1750 imagoauro
960 1673 1330 1746 imprimatur,
1354 1676 1719 1750 imaginaliter

140 1760 231 1816 crit
255 1760 452 1816 melior
476 1777 646 1833 quam
682 1747 1140 1842 substantialiter.
1174 1747 1544 1840 lmaginaliter
1568 1771 1714 1828 enim

141 1845 436 1908 substantia
462 1852 603 1908 viva
630 1855 933 1935 spiritualis
958 1872 1025 1924 ac
1044 1860 1348 1929 rationalis,
1377 1863 1715 1921 substantia-

143 1943 250 1998 hter
271 1951 459 2000 autem
485 1937 686 2018 corpus
720 1947 1086 2020 insensatum,
1121 1960 1178 2008 et
1213 1952 1333 2009 sine
1350 1953 1484 2010 vita.
1529 1953 1719 2026 Itaque

142 2049 251 2092 cum
272 2050 436 2093 mens
465 2045 558 2093 tua
587 2040 912 2111 corporibus
939 2043 1173 2101 mortuis
1211 2059 1276 2100 ac
1303 2045 1562 2116 perituris
1588 2062 1714 2103 cum

143 2142 308 2183 amore
341 2127 602 2197 afficitur,
666 2131 860 2188 melior
908 2143 992 2190 est
1047 2135 1236 2206 utique
1284 2137 1716 2197 substantialiter

141 2234 286 2287 quam
319 2219 711 2292 imaginaliter.
739 2222 1182 2284 Substantialiter
1207 2229 1357 2285 enim
1385 2231 1496 2288 vita
1518 2241 1602 2288 est
1623 2249 1713 2288 ra-

145 2307 342 2364 tionalis
383 2311 458 2365 ad
493 2309 590 2367 Dei
626 2312 921 2394 imaginem
960 2315 1136 2385 facta;
1180 2319 1544 2392 imaginaliter
1584 2337 1714 2378 vero

145 2400 249 2456 talis
277 2410 378 2470 est,
423 2403 606 2473 qualia
640 2414 770 2461 sunt
789 2422 854 2462 ea
889 2408 1091 2479 quibus
1133 2410 1366 2468 intendit
1403 2429 1468 2470 ac
1489 2412 1709 2470 fruitur.

147 2490 262 2549 Cum
289 2509 426 2566 ergo
453 2511 485 2553 a
511 2495 690 2567 seipsa
714 2497 886 2555 effusa
912 2515 1010 2572 per
1033 2503 1278 2574 corporis
1315 2519 1531 2574 sensus,
1560 2506 1615 2562 in
1648 2522 1712 2562 ea

154 2585 383 2655 intendit,
414 2603 445 2643 a
473 2588 701 2646 meliore
722 2591 986 2662 perfecto,
1017 2593 1071 2650 id
1093 2603 1177 2651 est
1197 2611 1227 2651 a
1260 2596 1566 2653 substantia
1590 2597 1710 2652 viva

147 2693 199 2733 ac
235 2679 508 2749 rationali,
555 2682 702 2752 quod
755 2691 840 2740 est
888 2684 1027 2755 ipsa,
1078 2687 1132 2741 in
1192 2687 1460 2744 deteriora
1511 2689 1708 2758 tendit;

148 2781 439 2842 quaintoque
468 2774 525 2828 id
551 2775 928 2833 vehementius
948 2777 1081 2849 agit,
1113 2787 1264 2836 tanto
1289 2781 1524 2837 deterior
1547 2780 1714 2839 cilici-

150 2870 240 2916 tur.
262 2861 392 2917 Cum
435 2873 626 2919 autem
660 2881 827 2936 super
883 2867 1118 2937 seipsam
1149 2867 1342 2937 ell‘usa,
1385 2869 1632 2938 veritate,
1658 2869 1712 2926 id

149 2963 219 3008 est
252 2952 355 3012 Deo
378 2955 638 3024 adicitur,
675 2957 872 3014 melior
906 2975 1038 3016 sane
1067 2969 1121 3015 et
1163 2961 1455 3031 pretiosior
1480 2971 1565 3018 est
1595 2960 1712 3018 for-

152 3047 336 3104 maliter
375 3066 546 3121 quam
583 3051 1034 3111 substantialiter.
1078 3052 1521 3110 Substantialiter
1563 3055 1710 3110 enim

153 3142 331 3196 anima:
376 3142 684 3200 formaliter
705 3154 886 3200 autem
915 3145 985 3217 (si
1010 3146 1116 3202 dici
1153 3146 1236 3204 fas
1275 3146 1378 3220 est)
1413 3147 1556 3204 Deus
1599 3154 1701 3203 est.
1735 3175 1780 3236 ρ

157 3229 243 3301 Ego
284 3233 424 3289 enim
471 3235 755 3290 dixi:Dii
798 3237 944 3305 estis,
971 3247 1019 3294 et
1085 3237 1186 3307 ﬁlii
1243 3237 1456 3293 Excelsi
1529 3255 1706 3294 omnes

154 3324 298 3391 lPsal.
315 3327 591 3398 LXXXI,6).
610 3329 749 3384 Cum
771 3328 956 3400 itaque
976 3346 1006 3394 a
1031 3331 1210 3402 seipsa
1239 3330 1292 3385 in
1312 3331 1491 3401 ipsum
1515 3331 1704 3398 tendit,

153 3433 176 3469 a
201 3418 447 3475 deteriore
475 3420 531 3474 in
563 3420 615 3474 id
638 3436 748 3491 quo
771 3421 908 3475 nihil
928 3422 1122 3478 melius
1137 3437 1257 3478 esse
1278 3431 1478 3492 potest,
1504 3423 1704 3489 tendit;

155 3520 433 3582 quantoque
464 3512 521 3567 id
547 3512 821 3569 efficacius
851 3521 993 3596 aget,
1033 3523 1186 3569 tanto
1233 3514 1424 3570 melior
1456 3515 1704 3572 efﬁcitur.

209 3629 326 3686 Cum
367 3634 571 3689 volitur
624 3635 833 3690 bonum
875 3636 1021 3707 quod
1073 3636 1279 3708 indiget
1321 3636 1505 3708 aliquo
1541 3638 1706 3704 bono,

157 3736 241 3774 non
267 3724 477 3780 miseria
511 3725 840 3793 excluditur,
866 3726 959 3782 sed
991 3727 1289 3796 indigentia
1320 3729 1631 3785 cumulatur
1655 3740 1710 3784 et

157 3822 366 3882 augetur.
405 3814 552 3886 Ergo
595 3817 728 3872 velis
760 3818 965 3872 bonum
1001 3819 1148 3889 quod
1191 3836 1298 3874 non
1357 3820 1560 3892 indiget
1603 3822 1711 3878 alio

158 3901 287 3958 bono.
308 3902 501 3960 Omnia
527 3917 708 3961 autem
736 3896 979 3984 bonitate
1002 3908 1146 3962 bona
1194 3919 1339 3964 sunt.
1379 3908 1548 3981 Igitur
1584 3926 1708 3965 om-

159 3992 228 4046 uia
249 4005 393 4064 egent
423 3996 677 4052 bonitate
708 4007 766 4053 ut
789 3998 932 4053 bona
959 3998 1088 4054 sint.
1122 3997 1345 4055 Bonitas
1375 4009 1559 4056 autem
1587 4002 1710 4057 nul-

159 4082 241 4136 lius
263 4095 399 4155 eget;
438 4103 540 4158 per
566 4103 624 4142 se
659 4087 806 4143 enim
842 4098 926 4144 est
957 4089 1120 4145 bona.
1159 4088 1310 4145 Hanc
1349 4091 1532 4162 itaque
1561 4107 1706 4159 ama,

158 4183 198 4226 et
215 4175 382 4235 beatus
415 4179 548 4233 eris.

215 4284 327 4342 Vide
347 4291 512 4360 quale
551 4301 636 4346 est
690 4291 894 4355 bonum
925 4293 1084 4362 cujus
1115 4287 1330 4350 ultima
1357 4295 1708 4367 vestigiorum

161 4378 370 4449 vestigia,
398 4381 449 4436 id
480 4391 567 4438 est
601 4385 946 4456 temporalia,
975 4393 1052 4439 tot
1073 4393 1126 4440 et
1152 4386 1317 4441 tantis
1343 4387 1592 4442 laborum
1621 4403 1708 4443 er-

163 4483 412 4541 roremque
440 4473 858 4531 discriminibus
880 4493 910 4530 a
934 4484 1012 4530 tot
1039 4473 1461 4533 rationabilibus
1482 4487 1537 4534 et
1566 4479 1707 4533 irra-

162 4557 467 4618 tionabilihus
499 4573 847 4635 appetuntur.

215 4667 286 4725 Nil
309 4675 652 4744 gaudendum
677 4686 763 4732 est
789 4677 884 4732 tibi
930 4677 985 4732 in
1013 4685 1066 4732 te
1090 4679 1337 4745 omnino,
1363 4679 1446 4733 vel
1483 4680 1536 4733 in
1576 4679 1706 4745 alio,

165 4760 245 4816 nisi
270 4764 320 4819 in
341 4764 469 4823 Deo.

215 4873 384 4934 Omnia
424 4881 558 4937 vitia
617 4891 673 4938 et
704 4893 924 4954 peccata
977 4885 1107 4956 quia
1132 4896 1350 4958 propter
1403 4897 1708 4943 creaturam

167 4964 289 5034 liunt,
312 4970 362 5026 id
397 4984 481 5029 est
502 4973 759 5029 ultimum
789 4975 1016 5045 bonum,
1051 4977 1282 5034 bonitati
1319 4977 1595 5036 Creatoris
1615 4981 1710 5034 ad-

169 5070 434 5132 tersantur,
473 5064 527 5120 id
554 5073 641 5121 est
667 5082 886 5123 summo
905 5067 1072 5124 bono.

221 5148 269 5205 Si
296 5162 496 5212 tantum
521 5159 794 5229 appetitur
822 5170 1018 5218 ventus
1057 5163 1272 5232 generis
1311 5164 1504 5228 nostri,
1535 5163 1588 5218 id
1623 5172 1707 5218 est

167 5240 317 5307 opinio
328 5247 406 5301 vel
429 5248 570 5316 laus,
595 5259 861 5320 quantum
885 5253 1185 5322 appetenda
1213 5263 1298 5309 est
1319 5254 1467 5309 salus
1490 5254 1704 5326 generis

170 5335 328 5401 nostri,
352 5338 402 5393 id
426 5349 509 5395 est
529 5339 760 5396 Creator
787 5344 800 5397 !
831 5342 886 5397 Si
919 5353 1030 5398 tam
1055 5345 1213 5401 dulce
1231 5354 1317 5400 est
1345 5345 1450 5401 dici
1473 5346 1701 5413 bonum,

170 5431 214 5474 ut
233 5427 378 5484 etiam
406 5437 501 5505 qui
531 5437 636 5492 hoc
665 5451 789 5492 esse
817 5435 1031 5504 nolunt,
1067 5437 1220 5503 mali,
1251 5437 1381 5492 him:
1411 5437 1702 5508 gaudeant,

168 5525 335 5580 ‘luanto
347 5532 426 5578 est
443 5525 654 5582 dulcius
681 5528 832 5582 esse!
856 5525 922 5580 Et
948 5527 994 5582 si
1022 5535 1131 5582 tam
1154 5542 1403 5582 amarum
1424 5537 1477 5583 et
1501 5527 1704 5583 nedum

168 5614 231 5659 est
259 5609 354 5666 dici
404 5616 626 5683 malum,
657 5627 716 5674 ut
765 5619 930 5676 etiam
972 5621 1062 5690 qui
1111 5619 1385 5686 laetantur,
1419 5638 1536 5675 cum
1573 5623 1708 5677 male

171 5694 371 5769 fecerint,
397 5717 445 5758 et
482 5709 749 5762 exsultant
779 5711 834 5762 in
858 5711 1009 5764 rebus
1044 5711 1285 5780 pessimis
1319 5711 1500 5781 (Prov.
1521 5713 1703 5780 11,”),

171 5784 253 5844 hoc
274 5807 526 5866 nequeant
547 5802 800 5873 tolerare,
832 5812 1037 5874 quanto
1063 5812 1147 5860 est
1173 5803 1413 5860 deterius
1443 5806 1595 5862 esse!

1829 593 1995 634 sensu
2022 582 2270 650 corporis
2305 592 2360 639 et
2399 583 2485 640 sui
2514 585 2877 656 obliviscitur,
2910 589 3129 659 quando
3155 599 3215 646 tu
3236 592 3310 648 ita
3338 596 3409 652 ad

1826 668 2143 726 Creatorem
2159 674 2183 727 ?

1897 762 2294 821 Beatitudinem
2329 767 2422 822 tibi
2452 769 2698 840 prmeipit
2727 769 3011 840 Dominus,
3041 772 3094 827 id
3121 783 3205 830 est
3225 775 3408 846 perfe-

1825 861 1974 908 ctum
1999 871 2242 912 amorem
2286 858 2392 925 sui,
2437 860 2581 916 unde
2626 862 2774 916 venit
2806 878 2916 918 non
2963 861 3258 922 formidare
3308 883 3410 924 nec

1825 947 2056 1014 turbari,
2089 948 2143 1004 id
2175 959 2261 1005 est
2283 965 2387 1020 pax
2411 961 2465 1006 et
2493 953 2778 1010 securitas.
2832 1022 2838 1027 θ

1898 1037 2185 1097 Declinare
2215 1058 2245 1096 a
2288 1043 2433 1098 malo
2461 1045 2577 1099 sola
2601 1047 2804 1104 veritas
2831 1049 3004 1116 novit,
3036 1061 3090 1106 et
3111 1053 3262 1110 solus
3287 1055 3409 1125 ejus

1824 1148 1979 1188 amor
2010 1141 2208 1204 potest.
2239 1133 2383 1206 Ergo
2417 1150 2525 1190 non
2557 1137 2802 1194 localiter
2828 1139 3134 1196 declinatur
3169 1159 3201 1198 a
3239 1146 3404 1199 malo.

1893 1226 2090 1281 Amato
2131 1227 2279 1296 quod
2340 1229 2576 1284 amando
2636 1245 2824 1286 carere
2875 1248 3154 1304 nequeas,
3215 1237 3269 1292 id
3323 1248 3408 1294 cst

1822 1314 2014 1372 Deum.

1895 1401 1951 1456 Si
1979 1403 2254 1458 adlzzerere
2281 1402 2412 1470 Deo,
2439 1412 2613 1458 totum
2637 1413 2692 1460 et
2715 1405 2892 1462 solum
2928 1408 3133 1465 bonum
3169 1421 3254 1468 est
3283 1413 3404 1482 tibi,

1822 1493 1896 1548 ita
1929 1495 2172 1564 separari
2213 1495 2284 1551 ab
2330 1510 2418 1564 eo,
2455 1505 2630 1552 totum
2660 1505 2715 1554 et
2743 1497 2921 1553 solum
2951 1502 3153 1556 malum
3176 1513 3261 1559 est
3283 1505 3401 1574 tibi,

1820 1592 1876 1640 et
1906 1583 2042 1638 nihil
2068 1585 2234 1641 aliud.
2266 1583 2382 1642 Hoc
2410 1587 2507 1642 tibi
2534 1587 2802 1658 gehenna,
2828 1589 2932 1644 hoc
2954 1589 3050 1646 tibi
3079 1591 3347 1651 infernus.

1891 1675 2178 1732 Ablactare
2227 1679 2426 1734 amodo
2455 1679 2524 1735 ab
2572 1679 2695 1736 istis
2731 1695 3022 1752 corporum
3058 1682 3269 1754 formis,
3305 1703 3407 1757 pu-

1820 1767 1944 1824 deat
1973 1777 2025 1824 te
2055 1785 2164 1824 non
2195 1785 2357 1842 posse
2378 1786 2500 1827 esse
2538 1771 2656 1826 sine
2682 1771 2822 1829 istis.
2863 1771 2930 1828 Et
2955 1774 3083 1844 quia
3116 1775 3240 1843 ista,
3271 1779 3406 1834 velis

1819 1858 1980 1926 nolis,
2009 1859 2341 1931 quandoque
2362 1875 2423 1917 es
2464 1860 2796 1930 amissurus,
2844 1860 2932 1918 fac
2980 1863 3146 1920 modo
3192 1865 3406 1933 volens,

1818 1964 1941 2005 cum
1965 1965 2163 2022 magna
2191 1950 2440 2007 mercede
2462 1959 2556 2005 aut
2577 1951 2773 2023 gratia,
2797 1952 2945 2022 quod
2963 1953 3131 2008 etiam
3153 1969 3261 2009 non
3287 1954 3408 2010 sine

1817 2057 2016 2114 magno
2065 2041 2332 2113 supplicio
2369 2043 2702 2115 quandoque
2745 2042 2992 2100 facturus
3014 2060 3094 2101 es.
3147 2043 3414 2116 Nunquid-

1815 2133 1982 2200 enim,
2009 2141 2063 2188 et
2101 2133 2148 2188 si
2194 2135 2379 2191 nullus
2419 2133 2650 2202 auferat,
2683 2151 2795 2191 non
2835 2150 2895 2191 es
2945 2136 3087 2192 hanc
3107 2136 3298 2204 vitam,
3351 2147 3406 2193 et

1816 2227 2000 2279 omnia
2033 2241 2156 2296 quae
2180 2225 2248 2281 ad
2278 2226 2427 2281 illam
2471 2226 2747 2298 pertinent
2780 2229 3228 2299 contempturus?
3266 2227 3406 2285 Ecce

1817 2319 2016 2373 habeto
2051 2319 2268 2386 omnia;
2300 2318 2550 2389 nunquid
2594 2333 2704 2374 non
2727 2334 2788 2374 es
2825 2318 2912 2374 his
2946 2319 3204 2374 omnibus
3226 2335 3405 2390 quan--

1815 2412 1995 2480 doque
2023 2409 2338 2465 cariturus?
2366 2407 2476 2466 Fac
2507 2425 2637 2482 ergo
2683 2410 2848 2466 modo
2878 2410 3024 2482 quod
3050 2409 3297 2466 facturus
3345 2425 3406 2465 es

1815 2501 2035 2572 quando
2060 2500 2246 2556 omnia
2283 2500 2556 2568 amiseris,
2588 2499 2642 2556 id
2668 2509 2772 2567 est,
2801 2500 2951 2557 disce
2969 2516 3094 2556 esse
3119 2501 3238 2557 sine
3261 2500 3406 2566 istis,

1814 2591 1965 2648 disce
1989 2591 2171 2646 vivere
2191 2600 2248 2646 et
2270 2591 2508 2663 gaudere
2533 2591 2601 2646 de
2634 2588 2872 2645 Domino

2153 2681 2230 2738 De
2253 2682 2536 2738 dilectione
2553 2683 2786 2753 proximi
2813 2683 3074 2754 gratuita.

1885 2776 1989 2844 Qui
2017 2790 2210 2832 omnes
2230 2775 2428 2848 diligit,
2455 2775 2754 2832 salvabitur
2777 2775 2894 2830 sine
2925 2774 3127 2843 dubio;
3150 2773 3245 2845 qui
3277 2789 3405 2828 vero

1814 2868 1884 2922 ab
1917 2867 2230 2923 hominibus
2253 2866 2516 2938 diligitur,
2558 2882 2668 2922 non
2704 2866 2830 2920 ideo
2865 2865 3051 2920 salvus
3093 2865 3215 2919 erit.
3251 2861 3405 2918 Sicut

1813 2958 1998 3014 odium
2037 2958 2118 3013 tui
2168 2957 2425 3013 omnibus
2462 2964 2548 3012 est
2593 2955 3043 3027 impedimentum
3090 2953 3156 3008 ad
3209 2953 3400 3019 vitam,

1814 3049 1887 3104 ita
1913 3049 2160 3104 omnium
2191 3047 2309 3104 tibi.
2346 3046 2575 3117 Expedit
2601 3061 2731 3118 ergo
2771 3045 2867 3100 tibi
2917 3060 3110 3100 omnes
3143 3044 3399 3115 diligere;

1814 3140 1920 3196 illis
1940 3154 2160 3210 quoque
2185 3138 2408 3210 prodest
2429 3137 2652 3210 diligere
2686 3145 2756 3192 te.

1882 3229 2131 3301 Optanda
2155 3239 2240 3286 est
2275 3229 2496 3285 dilectio
2535 3228 2726 3300 gratis,
2764 3227 2818 3282 id
2846 3233 3066 3297 propter
3088 3241 3245 3282 suam
3279 3225 3402 3280 dul«-

1811 3323 2058 3380 ccdinem
2087 3321 2389 3394 propriam,
2416 3331 2680 3392 tanquam
2731 3329 2920 3377 nectar
2974 3319 3404 3384 suavissimum;

1811 3415 1976 3469 etiam
2009 3413 2056 3470 si
2082 3428 2274 3468 omnes
2308 3413 2606 3479 insaniant,
2641 3427 2751 3467 non
2773 3410 3057 3466 vendenda
3101 3410 3211 3466 ulla
3256 3425 3408 3466 mer-

1811 3506 1960 3561 cede.
1995 3503 2165 3560 Nobis
2203 3504 2349 3560 enim
2395 3503 2544 3558 utilis
2578 3512 2683 3571 est,
2736 3516 2950 3572 nosque
2990 3500 3116 3556 beat
3136 3500 3402 3572 quidquid

1811 3595 1902 3649 alii
1931 3593 2154 3650 faciant.

1883 3685 1941 3740 Si
1986 3702 2142 3741 amas
2180 3685 2310 3757 quia
2358 3683 2583 3750 amaris,
2609 3683 2694 3739 vel
2738 3691 2799 3738 ut
2845 3682 3069 3749 ameris,
3113 3697 3222 3737 non
3274 3690 3386 3735 tam

1812 3795 1966 3836 amas
1991 3793 2158 3849 quam
2204 3777 2480 3844 redamas,
2527 3791 2771 3830 amorem
2815 3789 2915 3844 pro
2957 3788 3145 3828 amore
3201 3786 3399 3844 repen-

1811 3870 1978 3936 dens;
2015 3868 2284 3925 cambitor
2313 3883 2395 3934 es,
2422 3867 2677 3938 recepisti
2702 3863 3010 3920 mercedem
3047 3873 3199 3919 tuam

1881 3963 1964 4017 Ad
1991 3977 2117 4017 eum
2139 3960 2232 4030 qui
2261 3960 2516 4030 injuriam
2549 3958 2644 4014 tibi
2672 3957 2818 4038 fecit,
2843 3955 3116 4012 affabilem
3143 3955 3320 4026 magis
3339 3964 3400 4010 et

1812 4055 2083 4126 privatum
2107 4055 2162 4108 'te
2195 4053 2420 4121 exhibe;
2460 4051 2528 4108 ad
2569 4066 2696 4106 eum
2727 4051 2816 4107 cui
2852 4058 2911 4105 tu
2953 4048 3154 4119 fecisti,
3186 4050 3396 4121 suppli-

1812 4163 1930 4202 cem
1961 4155 2015 4202 et
2037 4145 2472 4200 erubescentem.

1885 4238 2041 4294 Sicut
2069 4236 2336 4309 quidquid
2385 4235 2517 4290 boni
2559 4235 2628 4291 ab
2668 4234 2987 4291 hominibus
3033 4233 3094 4288 tit
3134 4233 3257 4301 tibi,
3299 4231 3399 4289 Dei

1813 4346 2042 4384 munera
2090 4329 2354 4395 aestimas,
2387 4336 2442 4383 et
2479 4327 2531 4382 ei
2577 4335 2748 4383 totam
2780 4328 3013 4399 gratiam
3058 4325 3400 4382 referendam

1813 4421 2016 4484 credis;
2047 4419 2123 4475 ita
2145 4418 2408 4489 quidquid
2431 4426 2490 4474 tu
2512 4417 2642 4474 boni
2666 4417 2985 4474 hominibus
3006 4417 3254 4486 exhibes,
3276 4415 3398 4488 ejus

1736 4519 1786 4578 Ι)
1817 4513 2102 4580 beneﬁcia,
2143 4528 2252 4568 non
2287 4521 2380 4567 tua
2407 4511 2628 4584 deputa.

1884 4605 2022 4660 Cum
2049 4621 2202 4660 amas
2248 4605 2486 4675 aliquem
2531 4611 2593 4658 ut
2629 4603 2888 4666 amicum,
2920 4612 3078 4673 optas
3120 4611 3303 4656 autem
3346 4601 3396 4656 ei

1813 4695 2034 4750 divitias
2090 4705 2353 4765 tanquam
2413 4695 2642 4760 bonum,
2696 4694 3051 4750 excellentius
3102 4709 3198 4749 eas
3243 4707 3398 4747 amas

1813 4802 1980 4859 quam
2016 4787 2218 4858 ipsum.
2250 4785 2389 4842 Eum
2419 4786 2568 4841 enim
2598 4793 2659 4840 ut
2682 4793 2952 4858 egentem,
2983 4785 3084 4842 has
3126 4794 3308 4840 autem
3338 4793 3402 4840 ut

1815 4879 2197 4936 sufﬁcientiam
2252 4893 2426 4944 amas,
2477 4875 2720 4948 paratior
2768 4876 3028 4932 nimirum
3062 4877 3168 4932 isto
3209 4893 3400 4932 carere

1815 4987 1982 5042 quam
2015 4971 2140 5026 illis.
2855 5022 2859 5025 .

1888 5063 1992 5129 Qui
2023 5063 2079 5116 in
2111 5060 2399 5132 iniquitate
2429 5077 2528 5117 sua
2565 5061 2768 5126 occidit
2815 5060 3086 5130 iniquum,
3131 5075 3198 5116 eo
3246 5059 3398 5130 quod

1813 5155 1941 5212 odio
1970 5154 2133 5209 habet
2159 5153 2528 5224 iniquitatem,
2553 5162 2608 5209 et
2635 5153 2753 5208 vult
2781 5168 2904 5208 eam
2933 5152 3134 5218 delere,
3171 5151 3398 5208 fallitur.

1815 5247 2030 5302 Mortuo
2069 5245 2218 5300 enim
2255 5245 2446 5314 iniquo
2472 5244 2535 5307 in
2577 5260 2677 5302 sua
2731 5244 3042 5315 iniquitate,
3078 5252 3283 5300 aiterna
3319 5252 3405 5300 est

1813 5339 2096 5410 iniquitas.
2134 5336 2240 5404 Qui
2277 5350 2409 5408 ergo
2433 5335 2548 5391 odit
2593 5335 2959 5408 iniquitatem,
2986 5337 3077 5392 det
3096 5352 3317 5407 operam
3343 5345 3403 5390 ut

1814 5439 2122 5501 corrigatur
2144 5413 2386 5499 iniquus,
2415 5437 2469 5482 ct
2494 5428 2575 5483 sic
2597 5428 2795 5498 peribit
2831 5428 3092 5499 iniquitas
3117 5428 3258 5499 ejus.

1886 5520 2027 5576 Deus
2069 5521 2306 5575 Charitas
2337 5530 2413 5575 est
2441 5517 2497 5593 (Ι
2536 5519 2679 5576 Joan
2722 5537 2796 5589 ιν,
2833 5521 2910 5592 8).
2937 5519 3042 5587 Qui
3088 5535 3220 5592 ergo
3264 5519 3401 5573 cha~

1816 5614 2292 5682 ritatemrexhihet
2340 5614 2530 5682 alicui,
2573 5615 2682 5671 nisi
2735 5622 2954 5685 propter
2988 5613 3185 5681 ipsam,
3228 5610 3398 5665 Deum

1817 5707 2022 5774 vendit,
2046 5707 2440 5762 beatitudinem
2492 5723 2646 5762 suam
2695 5705 3050 5762 venditznon
3072 5702 3221 5758 enim
3262 5701 3400 5758 bene

1818 5801 1895 5855 illi
1916 5809 2022 5871 est,
2047 5800 2153 5857 nisi
2177 5799 2428 5855 amando.
2940 5805 2943 5807 '
