3992 6470
519 426 624 488 627

591 539 653 598 Si
675 539 940 606 charitas,
964 545 1020 593 et
1041 533 1162 607 ejus
1186 533 1360 604 signa,
1383 529 1439 586 id
1461 535 1546 584 est
1570 522 1846 589 alacritas,
1867 521 2000 584 etc.,
2030 517 2106 572 ita
2133 517 2184 576 Α

523 634 620 689 tibi
648 633 865 704 placent
907 631 966 684 in
1007 628 1138 696 alio,
1175 639 1275 682 cur
1315 637 1426 679 non
1453 621 1510 676 in
1554 617 1740 674 animo
1793 621 1892 670 tuo
1931 610 2107 668 multo

522 701 882 781 dulciorest?
1839 704 1842 708 ’
1895 703 1900 706 ’
1957 701 1962 704 ’
2024 710 2031 717 “

545 865 560 877 ,
590 814 697 881 Qui
737 813 831 868 dat
863 810 1025 868 alicui
1055 805 1282 879 aliquid,
1305 805 1392 860 vel
1412 801 1544 874 quia
1567 797 1738 865 dedit,
1753 797 1840 852 Vel
1861 788 2110 867 quidda-

526 914 686 962 turus
717 914 802 961 est
824 902 1048 974 aliquid,
1077 915 1188 956 non
1209 898 1374 954 habet
1414 911 1448 951 a
1486 893 1598 951 Deo
1623 891 1892 965 gratiam;
1929 887 2011 944 sic
2039 883 2110 942 ἰιι

525 999 592 1052 de
626 1013 758 1068 pace
783 1005 839 1053 et
859 995 1170 1051 dilectione.
1981 981 1988 1000 ι
2057 1009 2060 1011 λ

603 1089 661 1143 Si
689 1104 842 1144 amas
866 1094 1103 1154 tantum,
1134 1085 1183 1143 si
1219 1085 1341 1156 ipso
1373 1095 1564 1139 amore
1589 1075 1822 1152 cogeris,
1859 1073 2112 1146 objurga,

528 1181 754 1235 verbera
779 1198 794 1247 ;
834 1179 880 1235 si
904 1179 1062 1234 aliter
1084 1176 1246 1246 facis,
1273 1176 1510 1247 teipsum
1531 1171 1890 1230 condemnas.
1914 1163 2113 1222 Omnia

495 1347 498 1352 _
529 1286 596 1327 eo
617 1271 805 1326 animo
842 1286 956 1342 quo
981 1271 1085 1326 tibi
1113 1285 1148 1326 a
1169 1269 1285 1348 Deo
1307 1267 1393 1324 vis
1419 1265 1558 1334 ﬁeri,
1581 1263 1762 1336 ,ι’εείιο
1789 1255 1934 1318 aliis.
1969 1261 1974 1266 ’

602 1353 854 1421 Charitas
895 1363 995 1420 Dei
1037 1345 1264 1436 cii/fusa.
1289 1369 1369 1418 est
1408 1361 1467 1415 in
1505 1357 1753 1413 cordibus
1790 1350 1988 1410 nostris
2020 1351 2118 1436 per

533 1457 798 1528 Spiritum
838 1433 1123 1524 sanctum,
1148 1455 1241 1530 qui
1273 1453 1432 1509 datus
1459 1457 1538 1508 est
1571 1449 1721 1505 nobis
1750 1445 1924 1521 (Rom.
1954 1433 2114 1528 v,‘5).

533 1551 616 1606 Tu
641 1559 825 1606 autem
867 1566 968 1606 nec
993 1549 1198 1617 Deum,
1246 1562 1348 1604 nec
1388 1544 1724 1618 proximum,
1759 1541 1869 1598 nisi
1899 1548 2121 1612 propter

533 1639 860 1712 temporalia
907 1637 1172 1696 beneﬁcia
1213 1637 1416 1710 diligis.
1467 1635 1574 1690 Per
1615 1632 1940 1712 temporalia
1991 1643 2122 1702 ergo

533 1731 862 1789 dlﬂ'unditur
895 1727 952 1789 in
982 1744 1058 1798 te,
1105 1747 1216 1788 non
1261 1745 1356 1801 per
1403 1727 1668 1800 Spiritum
1699 1735 1974 1791 sanctum,
2012 1737 2120 1777 non

532 1831 618 1878 est
641 1822 884 1878 charitas
914 1837 1038 1899 quae
1065 1820 1140 1878 ita
1169 1819 1512 1885 diffunditur,
1545 1815 1638 1874 sed
1666 1813 1958 1887 cupiditas.

605 1911 748 1968 Ecce
777 1913 990 1969 nullum
1023 1911 1172 1968 aliud
1215 1919 1301 1968 est
1329 1907 1566 1966 ofﬁcium
1601 1915 1755 1964 tuum
1790 1921 1957 1978 quam
2003 1917 2122 1962 erat

537 2010 834 2074 antequam
872 2003 1026 2078 prior
1067 2002 1246 2059 ﬁeres.
1300 1999 1458 2058 Votis
1507 1999 1655 2056 enim
1688 2014 1752 2054 ac
1785 1985 2038 2069 precibus
2071 2007 2124 2050 et

539 2095 823 2153 aﬁ'ectibus
849 2095 1048 2168 agebas
1073 2095 1223 2166 quod
1271 2110 1420 2151 nunc
1458 2080 1618 2148 factis
1643 2105 1803 2164 agere
1831 2089 2124 2161 inemptsti,

540 2187 594 2243 id
619 2196 703 2244 cst
733 2187 996 2258 prodesse
1025 2185 1368 2242 hominibus.
1393 2183 1510 2240 Non
1535 2181 1718 2241 autem
1743 2183 1942 2240 debent
1962 2195 2126 2254 opera

540 2280 770 2335 affectus
795 2279 946 2350 ipsos
971 2278 1244 2344 minuere,
1275 2276 1371 2334 sed
1399 2275 1720 2332 incitatione
1743 2269 1962 2348 augere.

611 2370 672 2424 In
696 2383 1026 2442 quacunque
1052 2385 1112 2426 re
1135 2369 1446 2426 castitatem
1473 2384 1603 2440 erga
1621 2358 1824 2434 Deum,
1854 2368 1908 2422 in
1939 2355 2126 2424 eadem

542 2463 747 2532 poteris
771 2461 935 2517 etiam
963 2477 1090 2534 erga
1111 2460 1426 2532 proximum
1472 2471 1624 2516 tuum
1651 2458 1917 2530 justitiam
1947 2445 2128 2514 custo-

543 2553 682 2617 dire,
711 2553 858 2623 quod
881 2551 940 2607 ﬁt
958 2567 1070 2606 non
1105 2549 1570 2622 concupiscendo.

618 2644 845 2700 Difﬁcile
872 2645 1104 2701 credunt
1149 2643 1403 2700 homines
1437 2659 1504 2699 ex
1543 2641 1812 2699 cllaritate
1839 2631 1956 2698 ﬁcri
1985 2641 2130 2712 quod

547 2737 652 2794 sibi
679 2733 970 2794 molestum
999 2745 1100 2794 est.
1211 2741 1215 2745 ‘

1025 2825 1426 2886 CAPITULUM
1467 2817 1652 2885 XVIII.

498 2991 507 2999 ν
547 2922 626 2977 De
649 2921 884 2999 perfecta
919 2921 1228 2999 angelorum
1245 2923 1490 2999 justitia,
1527 2932 1716 2994 atque:
1735 2921 1806 2976 sit
1830 2899 2136 2990 (li/ferentia

813 2995 952 3049 inter
983 2991 1257 3064 iustitiam
1281 2993 1498 3050 illorum
1527 3010 1573 3048 ει
1601 2991 1858 3048 nostram.

618 3085 758 3142 Cum
787 3087 1032 3158 qualibet
1057 3104 1117 3146 re
1145 3087 1383 3162 perfecte
1403 3087 1529 3160 quis
1560 3085 1764 3142 fruitur
1793 3085 1880 3141 sui
1911 3083 2134 3152 oblitus,

1377 408 1702 472 GL'IGONIS
1739 407 1762 462 ι
1795 381 2222 462 cauruuSnn
2263 382 2560 452 MAIORIS
2591 384 2871 446 rmoms
2903 383 2947 440 v

2334 587 2338 592 Ψ
2613 507 2618 517 ·
2701 475 3304 592 ειιητυιωνξχᾳι

2213 639 2298 708 De
2317 657 2440 698 uera
2469 647 2538 708 et,
2558 633 2806 710 interiori
2836 605 3801 710 gnilina:_i.pnlchritudi{w,ﬂet.ipqn

2423 697 2680 787 consistat
2705 704 2877 783 omnis
2904 697 3284 787 iiadtittiaiet‘tt
3305 697 3589 779 perfectio.
3619 771 3626 778 _
3729 768 3736 774 υ
3751 743 3777 772 Ι

2284 845 2640 906 Νυιιειιετειη
2667 804 3248 910 οεηιὶεςῳιωίιιωιμω
3273 845 3380 894 suc

2215 940 2389 996 ralem
2415 935 2729 1009 quamdam
2755 928 3228 1022 pulchritudinem
3255 926 3660 1018 trabeataque
3683 937 3805 996 pa-

2217 1035 2534 1096 factionem;
2569 1031 2708 1100 Quae
2725 1043 2856 1090 eum
2879 1019 3046 1086 deest
3055 1021 3594 1112 aliqum-iunium:
3616 1019 3806 1086 modo,

2212 1128 2338 1200 jure
2364 1124 2474 1206 tibi~
2492 1120 3049 1197 displicetmtyverbi
3065 1117 3345 1192 miri
3369 1114 3808 1206 hemimmrnasn

2219 1204 2534 1278 truncatum
2556 1215 2833 1288 contingit,
2855 1214 3068 1280 ridere;-
3081 1207 3608 1281 statimimpuhs.
3627 1204 3811 1262 Satti-

2219 1309 2616 1382 enimquidei
2636 1307 2786 1368 desit
2822 1306 2898 1365 ad
3705 1300 3810 1356 hr-

2222 1417 2400 1460 mante
2425 1409 2668 1468 natura;
2689 1399 2774 1456 ita
2802 1407 2892 1456 est
2911 1423 2917 1429 -
2935 1393 3512 1457 insontibusanbus
3531 1405 3722 1463 aque
3744 1393 3812 1447 ad

2221 1493 2432 1551 lotium»
2447 1492 2641 1554 article
2655 1490 2754 1560 vel;
2771 1487 3069 1562 cujunsiibet
3082 1481 3304 1546 herbe:
3325 1483 3483 1563 ωε-
3498 1497 3638 1540 vctu
3652 1491 3814 1553 nega

2225 1587 2529 1642 humanam
2574 1574 3535 1652 mentem-naturalemrquamdam
3587 1586 3816 1644 aspro-

2224 1681 2420 1754 prlami‘
2436 1679 2642 1738 habere
2672 1675 3147 1750 pulclu-itudinem
3178 1679 3350 1744 atque
3389 1667 3818 1754 perfectionem

2225 1753 2361 1840 Quae
2384 1771 2596 1842 utique,
2630 1769 2687 1825 in
2711 1763 3274 1840 quantum‘adest’ei,
3314 1760 3527 1820 nterim
3545 1753 3820 1832 appont-

2151 1855 2196 1919 Β
2225 1874 2344 1932 tur;
2391 1863 2452 1920 in
2489 1869 2760 1934 quantum
2784 1859 2976 1926 deest,
2998 1854 3592 1928 "instovituperatnr;
3647 1849 3820 1920 Hujus

2229 1945 2912 2030 itaquetpnlchritudiaisr
2933 1962 3102 2027 atque
3149 1949 3522 2038 perfeaionig.‘
3535 1957 3817 2020 quantum

2231 2061 2339 2108 tuae
2370 2051 2542 2107 menti
2569 2047 2734 2116 desit,
2789 2046 3086 2118 adiuvante
3131 2043 3284 2112 Deo;
3313 2041 3628 2106 considera,
3658 2047 3822 2110 atque

2230 2149 2338 2206 hoc
2363 2145 2676 2218 improbare
2718 2158 2830 2200 non
2852 2153 3088 2198 cesses;-
3105 2135 3264 2206 Quat'
3280 2145 3369 2196 est
3388 2143 3527 2210 ergo
3557 2135 3822 2192 naturalis

2232 2243 2430 2299 animae
2449 2238 2847 2313 pulchritudo?
2859 2230 3122 2294 Devotam
3151 2242 3274 2294 esse
3290 2251 3434 2313 erga
3458 2235 3652 2290 Deum.-

2305 2356 2372 2418 Et
2393 2359 2692 2438 quantum?
2721 2350 2806 2412 Ea:
2827 2343 2936 2437 toto
2955 2333 3132 2438 corde,
3165 2332 3316 2431 ﬂete}:
3358 2311 3472 2428 tein
3500 2321 3732 2422 'nninm,
3777 2359 3824 2404 et

2233 2471 2298 2511 ex
2335 2451 2578 2508 omnibus
2606 2449 2806 2507 viribus
2835 2443 2997 2528 (Luc.
3031 2461 3100 2514 x,
3133 2443 3476 2521 27).A_Adltuc
3502 2445 3740 2518 pertinet
3760 2444 3825 2498 ad

2235 2545 2482 2602 eamdem
2511 2525 3328 2620 pulchritudinem,benigpam
3357 2554 3484 2612 esse
3531 2531 3679 2610 erga
3703 2552 3826 2608 pro-

2236 2637 2466 2692 ximum.
2499 2620 2814 2704 Quantum?
2838 2633 3125 2711 Usquc'ad
3174 2625 3431 2687 mertcm.
3456 2629 3619 2711 Quod
3655 2627 3706 2683 si
3729 2627 3828 2682 hoc

2236 2743 2347 2784 non
2371 2717 2566 2794 fueris,
2619 2725 2780 2796 cujus
2826 2725 2932 2782 erit
2975 2707 3394 2801 dan‘tnumiDc'i
3427 2707 3652 2796 quidem
3707 2717 3826 2774 nui.

2237 2822 2384 2885 lum;
2423 2817 2658 2890 proximi
2692 2817 2929 2892 fortasse
2947 2841 2956 2892 ζ
2971 2811 3233 2893 aliquod;
3269 2801 3446 2887 tuum:
3480 2821 3668 2868 autem
3716 2809 3830 2867 sine

2239 2911 2408 2968 dubio
2430 2926 2728 2995 summum.
2758 2909 3003 2966 Naturali
3021 2909 3189 2984 enim
3215 2897 3626 2979 pulchritudine
3643 2919 3825 2974 seper.

2240 2989 2478 3063 tertioue
2500 2989 2726 3076 privari,
2769 3003 2904 3060 nulli
2937 2990 3034 3058 rei"
3057 3017 3168 3076 non
3202 3007 3382 3074 potest
3433 2989 3560 3056 esse
3601 2997 3827 3054 damno-

2242 3114 2384 3156 sum.
2414 3096 2552 3153 Nam
2583 3097 2630 3154 si
2659 3110 2784 3176 rosa
2806 3081 3042 3172 desistat
3095 3083 3312 3164 rubere,
3355 3077 3446 3170 vel
3475 3089 3652 3146 lilium
3703 3089 3830 3142 bene

549 3195 608 3236 se
637 3181 797 3250 quasi
821 3181 1082 3238 derelicto
1115 3191 1171 3238 et
1197 3191 1511 3253 contempto
1541 3179 1712 3237 tendit
1743 3178 1799 3234 in
1833 3176 2002 3244 illam,
2036 3193 2138 3233 nec

2246 3191 2412 3259 olere,
2429 3189 2692 3245 damnum
2719 3186 2852 3243 mihi
2879 3185 3102 3257 quidem
3131 3177 3462 3271 [nonnullum
3527 3196 3653 3240 esse
3693 3181 3830 3234 vide-

549 3272 780 3329 attendit
809 3273 939 3344 quid
975 3274 1124 3342 inse,
1151 3275 1244 3332 sed
1267 3274 1400 3347 quid
1431 3274 1487 3329 in
1521 3275 1612 3330 illa
1643 3284 1858 3344 agatur,
1882 3285 1982 3327 nec
2004 3286 2143 3342 qua-

549 3364 619 3418 lis
646 3363 783 3434 ipse,
815 3365 908 3420 sed
953 3365 1134 3437 qualis
1161 3365 1278 3439 ipsa
1309 3366 1400 3422 sit.
1441 3364 1586 3438 Ergo
1633 3364 1810 3438 angeli
1859 3363 2034 3435 magis
2084 3375 2143 3418 se

552 3463 914 3510 contemnunt
954 3472 1122 3526 quam
1165 3471 1285 3513 nos.
1327 3455 1387 3511 in
1433 3455 1602 3512 Deum
1648 3457 1852 3528 quippe
1881 3463 1994 3512 toto
2017 3455 2141 3510 nisu

553 3545 859 3612 tendentes,
905 3547 1120 3618 seipsos
1175 3563 1301 3604 cum
1353 3549 1565 3605 caneris
1606 3547 1877 3604 creaturis
1926 3555 2044 3618 post
2085 3563 2143 3604 sc

556 3645 670 3692 tota
700 3635 1004 3702 intentione
1045 3637 1467 3710 derelinquunt;
1505 3653 1602 3694 nec
1638 3639 1833 3695 saltem
1870 3627 2144 3710 respicere

553 3747 678 3788 sese
707 3730 1023 3803 dignantur,
1060 3733 1136 3788 ita
1165 3747 1226 3789 se
1259 3733 1398 3790 viles.
1435 3731 1661 3789 ducunt.
1695 3731 1834 3788 Tota
1868 3745 1926 3788 se
1952 3730 2144 3802 utique

553 3831 740 3880 mente
772 3833 1211 3894 contemnentes,
1237 3825 1436 3897 suique
1488 3825 1667 3893 obliti,
1713 3823 1816 3880 toti
1871 3822 1939 3880 ad
1991 3823 2144 3878 illum

555 3915 784 3983 vadunt,
816 3931 916 3972 nec
948 3916 1082 3989 quid
1107 3925 1202 3974 aut
1225 3917 1417 3990 quales
1440 3917 1566 3988 ipsi,
1589 3921 1684 3974 sed
1711 3916 1828 3988 ipse
1853 3915 1946 3982 sit,
1968 3921 2146 3972 atten-

555 4007 712 4064 dunt.
760 4005 828 4064 Et
863 4018 1068 4081 quanto
1114 4025 1174 4067 se
1217 4011 1455 4083 amplius
1490 4016 1870 4077 contemnunt,
1921 4021 2090 4080 seque
2115 4023 2146 4064 a

558 4102 756 4173 seipsis
785 4113 1059 4172 avertunt,
1107 4105 1302 4174 suique
1347 4105 1766 4170 onliviscuntur,
1805 4109 1958 4160 tanto
1988 4101 2144 4158 simi-

559 4191 726 4247 liores
751 4192 824 4258 ri,
852 4202 906 4248 et
933 4193 1056 4249 ideo
1087 4193 1345 4250 meliores
1381 4195 1540 4250 ﬁunt.
2126 4179 2128 4182 ﬁ

631 4283 870 4355 Angelos
897 4285 1050 4341 ducit
1073 4283 1327 4342 Christus
1374 4286 1431 4342 in
1458 4287 1768 4357 amplexum
1803 4283 1995 4356 sponsi
2025 4283 2145 4350 sui;

563 4389 665 4432 nos
687 4375 870 4431 avellit
903 4379 970 4435 ab
993 4377 1264 4448 adultero,
1297 4379 1352 4436 id
1381 4387 1468 4435 est
1493 4395 1524 4436 a
1552 4380 1776 4436 mundo.
1807 4377 1940 4434 Illos
1980 4377 2152 4432 fortes

561 4476 619 4524 et
647 4477 964 4526 constantes
1019 4468 1183 4526 eﬁicit
1237 4470 1304 4527 ad
1357 4471 1649 4530 fruendum
1694 4488 1918 4543 sponso,
1951 4487 2052 4529 nos
2083 4473 2150 4528 ad

2245 3283 2394 3338 bitur
2431 3281 2742 3350 voluptates
2767 3262 3151 3350 hujuscemodi
3176 3275 3462 3348 diligenti;
3489 3272 3586 3330 sed
3636 3272 3736 3334 eis,
3779 3268 3828 3323 id

2245 3381 2350 3440 est,
2384 3387 2526 3428 rosa:
2547 3369 2632 3427 vel
2656 3371 2793 3436 lilio,
2820 3369 2994 3424 multo
3043 3351 3226 3439 majus
3253 3367 3542 3436 multoque
3593 3360 3828 3418 infestius

2245 3465 2481 3521 naturali
2518 3479 2584 3520 ac
2612 3462 2831 3537 propria
2861 3451 3266 3538 pulchritudine
3289 3457 3552 3515 viduatis.‘

2316 3558 2898 3616 Rationaliscreaturan
2924 3571 3050 3612 vera
3077 3552 3340 3626 perfectio
3353 3563 3457 3614 est,
3481 3561 3828 3620 unamquam-

2241 3669 2353 3726 ‘que
2381 3666 2497 3708 rem
2529 3651 2667 3706 tanti
2714 3647 2938 3716 habere,
2997 3646 3200 3718 quanti
3243 3643 3496 3700 habenda
3542 3651 3651 3698 est.
3703 3637 3826 3694 Nam

2244 3745 2422 3816 pluris
2469 3743 2555 3798 vel
2614 3741 2845 3798 minoris
2877 3753 3000 3796 eam
3055 3739 3289 3804 habere,
3320 3750 3512 3792 errare
3539 3741 3646 3790 est.
3677 3731 3828 3786 Porro

2246 3838 2431 3894 omnis
2459 3851 2549 3892 res
2575 3835 2902 3890 naturaliter
2927 3841 3025 3888 aut
3071 3843 3242 3902 supra
3295 3830 3495 3900 ipsam,
3549 3837 3646 3884 aut
3687 3826 3827 3896 juxta

2249 3931 2447 4002 ipsum,
2474 3935 2571 3983 aut
2594 3925 2738 3982 infra
2762 3931 2866 3982 est.
2901 3922 3101 3995 Supra,
3128 3921 3302 3988 Deus;
3323 3921 3507 3992 juxta,
3531 3919 3827 3992 proximus;

2249 4021 2412 4086 infra,
2439 4027 2656 4076 cartera.
2688 4015 2857 4072 Deum
2883 4015 3067 4086 itaque
3087 4013 3224 4070 tanti
3245 4013 3407 4070 debet
3435 4011 3637 4068 habere
3653 4009 3830 4082 quanti

2251 4109 2538 4168 habendus
2558 4118 2662 4165 est.
2706 4106 2866 4163 Tanti
2889 4121 3020 4162 vero
3041 4105 3447 4169 liabcndusest,
3479 4111 3719 4175 quantus
3735 4109 3827 4156 est.

2253 4203 2412 4258 Tanti
2440 4212 2622 4258 autem
2645 4207 2886 4272 quantus
2907 4207 3014 4264 est,
3033 4197 3238 4253 habere
3277 4212 3404 4252 eum
3431 4211 3596 4252 nemo
3627 4193 3828 4266 poterit,

2252 4295 2362 4352 nisi
2382 4305 2625 4366 quantus
2646 4300 2730 4349 est
2763 4290 2993 4348 noverit.
3021 4289 3132 4347 Sed
3162 4297 3406 4362 quantus
3443 4289 3540 4356 sit,
3595 4301 3697 4344 non
3735 4285 3828 4340 nisi

2253 4405 2283 4444 a
2307 4389 2490 4458 soipso
2518 4385 2677 4442 nosci
2695 4383 2896 4456 poterit
2921 4381 3179 4454 perfecte.
3229 4381 3510 4450 Quantum
3555 4382 3698 4436 enim
3743 4393 3830 4433 nu-

2255 4489 2427 4536 stratn
2449 4479 2572 4550 ejus
2585 4477 2851 4543 essentia,
2873 4485 3087 4531 tantum
3110 4483 3360 4532 nostram
3415 4473 3541 4545 ejus
3563 4475 3632 4530 de
3669 4471 3830 4542 seipse

561 4565 864 4624 carendum
899 4566 1168 4633 adultero,
1231 4565 1282 4622 id
1335 4577 1420 4624 est
1466 4567 1693 4624 mundo.
1726 4567 1854 4623 Illos
1899 4556 2049 4624 tenet
2095 4566 2149 4624 in
2183 4563 2228 4623 D
2257 4573 2426 4628 vincit
2452 4570 2668 4628 notitia.
2707 4566 2860 4624 Unde
2894 4568 3039 4624 sicut
3089 4567 3344 4624 essentia
3367 4565 3492 4638 ejus
3529 4575 3709 4623 nostra
3733 4563 3829 4618 col-

564 4658 743 4730 specie
767 4675 862 4715 seu
888 4674 966 4724 re,
997 4673 1099 4714 nos
1131 4657 1188 4713 in
1209 4657 1316 4714 ﬁde
1338 4667 1394 4714 et
1437 4675 1555 4730 spe.
1583 4657 1694 4714 Illis
1723 4664 2019 4730 perlectum
2058 4658 2152 4714 dat

565 4751 892 4824 gaudiumin
906 4753 1033 4806 vera
1045 4750 1403 4819 beatitudine,
1418 4751 1580 4809 nobis
1595 4751 1942 4808 tolerantiam
1972 4733 2029 4806 in
2057 4750 2153 4805 tri-

565 4844 863 4900 bulatione.
893 4841 1030 4910 illis,
1063 4843 1279 4898 beatam
1305 4844 1498 4912 vitam,
1517 4841 1680 4898 nobis
1701 4850 1908 4906 autem,
1928 4849 1989 4897 ut
2011 4842 2155 4896 mul-

569 4944 706 5002 tum,
734 4934 1031 5006 pretiosam
1055 4925 1310 4990 mortem.
1361 4931 1494 5002 Illis,
1553 4933 1738 4989 vivere
1771 4933 1896 5000 sibi,
1950 4933 2006 4988 id
2048 4941 2153 4997 est,

570 5026 713 5091 Deo;
770 5027 955 5094 nobis,
991 5025 1137 5083 mori
1189 5025 1415 5082 mundo.
1465 5023 1600 5092 Illis,
1645 5022 1885 5098 gaudere
1931 5023 1998 5080 de
2041 5023 2158 5079 suis

553 5121 760 5188 bonis;
803 5120 986 5188 nobis,
1034 5120 1218 5177 dolere
1255 5120 1324 5177 de
1369 5119 1581 5176 nostris.
1620 5119 1801 5176 malis.
1845 5117 1978 5184 Illis,
2039 5117 2160 5174 laeta

550 5211 773 5280 .corda;
809 5212 991 5279 nobis,
1011 5212 1266 5270 contrita.
1297 5211 1430 5280 lllis,
1451 5212 1756 5284 justitiam;
1783 5211 1966 5278 nobis,
1984 5209 2162 5282 pinni-

546 5293 825 5378 Ztentiam.
857 5301 992 5370 Illis,
1018 5302 1214 5371 ﬁnem;
1241 5303 1422 5370 nobis,
1447 5304 1666 5362 initium
1691 5303 1842 5360 boni.
1870 5303 2164 5360 Conﬁden-

549 5361 660 5449 ‘t’er
682 5391 811 5463 juro
850 5394 1074 5464 angelos
1125 5393 1338 5450 nullum
1377 5411 1407 5450 a
1447 5391 1558 5452 Deo
1597 5394 1908 5468 percepisse
1955 5409 2151 5452 munus

576 5488 757 5560 majus
788 5495 885 5544 aut
917 5485 1158 5560 dignius,
1190 5488 1466 5558 pretiosus
1494 5488 1610 5548 sive
1657 5487 1874 5558 utilius,
1923 5496 2005 5547 et.
2035 5487 2158 5543 ideo

575 5581 896 5656 optabilius,
921 5595 1024 5636 nec
1050 5579 1357 5650 pulchrius,
1381 5579 1666 5637 charitate.
1695 5579 1832 5648 Quis
1853 5581 1961 5637 hoc
2000 5565 2163 5640 intel-

577 5675 710 5750 ligat
767 5683 864 5731 aut
901 5672 1124 5730 credat?
1153 5671 1296 5728 Deus
1324 5673 1472 5730 enim
1513 5672 1752 5730 charitas
1799 5681 1898 5728 est.
1930 5671 1998 5727 Et
2041 5673 2163 5728 idco

577 5769 671 5838 qui
697 5769 879 5840 majus
909 5765 1118 5838 aliquid
1148 5774 1245 5822 aut
1290 5765 1487 5822 melius
1534 5764 1802 5821 eharitatc
1837 5763 2022 5834 habet,
2065 5763 2158 5819 ali-

581 5859 711 5930 quid
732 5864 910 5934 majus
933 5870 1028 5920 aut
1051 5861 1248 5920 melius
1271 5859 1382 5920 Deo
1404 5861 1586 5918 habet.

2256 4667 2387 4733 lata,
2413 4664 2548 4722 nihil
2569 4670 2692 4731 est;
2725 4663 2798 4720 ita
2813 4660 3023 4718 notitia:
3044 4659 3168 4732 ejus
3195 4659 3266 4716 de
3287 4674 3349 4718 se
3368 4699 3384 4726 ,
3410 4659 3460 4714 si
3487 4666 3679 4716 nostra
3699 4665 3830 4712 enin-

2258 4766 2504 4832 paretur,
2525 4756 2744 4814 caecitas
2767 4766 2820 4814 et
2853 4752 3164 4828 ignorantia
3207 4758 3311 4808 est.
3357 4749 3488 4806 Sola
3539 4750 3700 4820 igitur
3728 4745 3832 4814 dus

2259 4851 2328 4907 de
2351 4866 2412 4907 se
2437 4847 2701 4922 perfecta,
2720 4865 2787 4906 ac
2819 4847 2924 4904 sibi
2956 4842 3409 4916 aequalisnotitia
3438 4849 3548 4900 est.
3583 4835 3832 4898 Undena-

2262 4943 2486 5000 minus:
2521 4941 2692 4998 Nemo
2716 4941 2860 4996 novit
2880 4939 3100 4996 Patrem
3127 4936 3259 5002 nisi
3300 4933 3481 4989 Filius
3526 4931 3740 5005 (Matth.
3765 4944 3830 4994 ιι,

2263 5035 2378 5108 27).
2411 5033 2566 5091 Sicut
2598 5049 2730 5106 ergo
2754 5032 2869 5089 sola
2893 5032 3015 5104 ejus
3039 5031 3108 5086 de
3155 5045 3216 5088 se
3236 5026 3342 5086 sibi
3377 5023 3624 5098 perfecta
3667 5020 3829 5092 cogni-

2264 5129 2377 5195 tio;
2403 5128 2480 5185 ita
2503 5127 2622 5184 sola
2640 5125 2762 5197 ejus
2782 5124 2852 5181 de
2873 5139 2934 5194 se
2963 5120 3193 5194 aqualis
3222 5129 3280 5176 et
3301 5134 3405 5190 par
3440 5125 3528 5174 est
3547 5133 3620 5176 ex
3641 5125 3749 5176 toto
3761 5111 3829 5168 dio

2265 5218 2446 5276 lectio.
2508 5215 2672 5272 Solus
2723 5213 2947 5287 quippe,
2974 5227 3036 5270 se
3061 5211 3195 5283 quia
3230 5208 3474 5282 perfecte
3500 5216 3740 5280 quantus
3763 5209 3831 5260 est

2267 5310 2442 5376 novit,
2468 5306 2707 5381 perfecte
2731 5315 2974 5379 quantus
2993 5312 3080 5361 est
3111 5301 3305 5375 diligit.

2341 5400 2480 5458 Redi
2509 5415 2658 5458 nunc
2679 5397 2748 5454 ad
2778 5395 2928 5456 illam
2955 5393 3330 5453 deﬁnitionem
3373 5407 3547 5465 quam
3579 5391 3638 5448 in
3660 5385 3830 5462 princi-

2267 5491 2358 5564 pio
2403 5489 2584 5563 posui.
2619 5486 2888 5568 Subtilius
2931 5484 3082 5542 enim
3133 5485 3402 5556 inspecta,
3451 5493 3566 5539 non
3607 5474 3830 5539 rationali

2267 5590 2554 5650 creatum,
2601 5581 2697 5638 sed
2755 5587 2971 5636 tantum
2989 5576 3106 5636 Deo
3147 5575 3442 5634 convenire
3491 5570 3824 5633 convincitur.

2269 5673 2403 5732 Nam
2429 5681 2489 5730 ut
2511 5679 2708 5730 caetera
2733 5676 3040 5735 taceantur,
3085 5667 3352 5738 seipsum,
3386 5664 3533 5722 sicut
3573 5671 3824 5719 ostensum

2267 5777 2372 5832 est,
2397 5764 2630 5822 nonnisi
2663 5762 2896 5834 ipsemet
2914 5767 3140 5814 tantum
3173 5772 3241 5812 ex
3267 5763 3384 5812 toto
3425 5763 3662 5826 quantus
3695 5755 3826 5804 estet

2271 5857 2439 5924 novit,
2471 5867 2525 5912 et
2553 5853 2746 5926 diligit.
2776 5850 2909 5920 Quae
2940 5866 3072 5922 ergo
3129 5856 3396 5905 creatura:
3425 5837 3696 5903 rationalis
3721 5853 3822 5912 pcr-
