3992 6402
161 338 278 397 629

1526 332 2053 409 uenturioxes

3351 340 3462 396 033

162 438 353 507 {cetio
374 449 489 506 est?
512 446 593 505 Ea
616 446 830 517 scilicet
873 453 936 504 ut
971 420 1169 505 omnia
1190 455 1246 507 et
1268 446 1572 518 superiora,
1607 448 1660 505 id
1685 458 1771 505 est
1801 460 1842 516 Α
1872 456 1942 511 ab
1965 455 2170 523 anima,
2208 464 2369 528 atque
2393 455 2467 511 ita
2504 469 2604 511 nec
2635 453 2687 509 in
2724 452 2943 520 anima,
2964 468 3063 508 nec
3116 454 3170 508 in
3222 470 3463 527 corpore-

161 534 378 613 Deum,
401 551 454 598 et
480 539 732 613 aequalia,
763 538 818 596 id
847 550 932 597 est
949 534 1284 612 proximum,
1324 548 1381 597 et
1403 537 1686 607 inferiora,
1715 539 1768 595 id

158 644 256 690 est
281 635 517 707 spiritus
544 634 756 701 hrutos,
797 641 927 701 ete.,
970 631 1111 689 tanti
1158 632 1377 700 habeat,
1401 631 1598 705 quanti
1625 648 1657 688 a
1685 648 1767 698 se,

162 725 223 782 id
253 737 350 782 est
382 742 413 781 a
442 722 691 780 creatura
734 718 991 781 rationali
1047 722 1302 780 habenda
1356 732 1507 781 sunt.
1565 721 1767 791 Quanti

161 820 366 873 autem
395 804 643 872 habenda
672 814 802 884 sint,
827 815 909 872 sic
937 813 1147 887 collige.
1168 813 1279 871 Deo
1300 814 1438 870 nihil
1460 812 1768 895 przefertur,

164 912 314 967 nihil
343 908 776 983 tequatur,nihil
804 924 905 982 pro
929 907 1133 976 media,
1158 907 1297 965 nihil
1323 923 1426 980 pro
1479 907 1659 975 tertia,
1685 908 1770 963 vel

163 1019 273 1074 pro
298 1011 729 1076 quantacunque
758 1016 935 1075 usque
954 999 1010 1057 in
1058 997 1334 1065 inﬁnitum
1350 1006 1515 1075 parte
1544 1014 1769 1071 compa-

165 1104 356 1150 ratur.
385 1092 537 1165 Nihil
561 1108 692 1166 ergo
717 1088 914 1165 pluris,
953 1090 1090 1165 nihil
1126 1090 1284 1160 tanti,
1323 1089 1464 1147 nihil
1507 1105 1609 1162 pro
1657 1106 1771 1147 me-

165 1185 284 1252 dia,
311 1186 402 1242 vel
429 1200 530 1258 pro
550 1194 976 1259 quantacunque
999 1183 1053 1239 in
1081 1181 1353 1239 inﬁnitum
1381 1191 1533 1255 parte
1550 1181 1767 1241 habeat.

164 1273 325 1331 Nihil
344 1262 493 1347 pius,
519 1275 657 1332 nihil
680 1284 913 1340 ωηιυιη,
940 1274 1075 1333 nihil
1104 1291 1206 1346 pro
1242 1275 1438 1351 aliqua
1494 1284 1651 1349 parte
1702 1274 1771 1330 ad

161 1354 650 1437 comparationem
675 1365 823 1423 illius
860 1362 1068 1437 diligat.
1122 1356 1265 1422 lline
1288 1368 1406 1437 ipse
1453 1364 1721 1422 Dominus
1758 1384 1768 1419 :

168 1456 1067 1542 Wesspoeiwgeetw
1076 1473 1153 1534 se
1166 1466 1285 1531 M0
1305 1458 1602 1531 συναρι-λκιο,
1622 1467 1672 1525 et
1709 1473 1774 1512 ex

168 1558 289 1605 tota
316 1551 505 1604 anima
530 1557 622 1602 tua
650 1557 700 1604 et
723 1564 789 1603 ea:
816 1549 1060 1604 omnibus
1075 1548 1274 1604 viribus
1309 1550 1437 1615 tuis,
1457 1557 1507 1603 et
1535 1563 1601 1602 ea:
1630 1549 1773 1601 omni

169 1647 350 1693 mente
373 1646 468 1692 tua
503 1636 659 1709 (Luc.
685 1653 742 1705 ι,
766 1636 882 1709 27),
908 1637 1014 1695 hoc
1034 1646 1139 1705 est,
1156 1638 1293 1693 nihil
1315 1637 1463 1695 aliud
1488 1636 1558 1695 ad
1589 1634 1775 1694 fruen-

166 1731 333 1798 dum,
364 1730 435 1786 ad
457 1729 802 1786 innitendum
826 1730 1043 1802 diligas.
1082 1728 1261 1786 Habes
1280 1730 1348 1786 de
1374 1729 1770 1801 superioribus.

1871 550 2057 608 nullus
2077 550 2186 607 nisi
2215 567 2247 607 a
2277 550 2407 609 Deo.
2438 548 2552 608 Nec
2569 550 2676 606 erit
2708 556 3014 620 peccatum,
3044 549 3098 605 id
3124 563 3208 606 est
3234 567 3455 621 perver-

1871 641 2008 698 sitas
2035 643 2354 713 voluntatis,
2393 658 2496 699 nec
2516 658 2679 715 poena
2710 642 2948 713 peccati,
2991 643 3270 712 corruptio
3306 645 3456 702 vide-

1871 735 1997 791 licet
2015 746 2072 791 et
2097 735 2317 792 dolores
2343 743 2399 792 et
2425 735 2679 792 interitus
2713 732 2916 790 carnis.
2962 731 3121 788 Nuda
3149 748 3327 799 mens,
3361 750 3459 788 nu-

1870 826 2276 885 dteadhterebit
2318 827 2558 894 veritati,
2591 828 2756 883 nullis
2803 824 3004 892 verbis,
3063 824 3229 880 nullis
3273 840 3454 881 sacra-

1872 917 2105 984 mentis,
2138 917 2306 974 nullis
2331 916 2804 983 similitudinibus,
2827 924 2887 970 ut
2905 915 2972 971 ad
2993 930 3114 973 eam
3147 916 3460 987 perveniat,

1872 1005 2159 1078 indigens,
2182 1015 2277 1062 aut
2304 1006 2586 1077 exemplis.
2618 1004 2696 1059 lbi
2719 1004 2866 1060 enim
2881 1021 2983 1059 non
3005 1004 3210 1059 docebit
3237 1005 3317 1058 vir
3340 1006 3460 1076 fra-

1874 1105 2009 1153 trem
2033 1113 2211 1165 suum,
2234 1099 2411 1153 dicens
2430 1113 2450 1153 :
2483 1095 2745 1168 Cognosce
2782 1095 3085 1157 Dominum.
3113 1095 3306 1153 Omnes
3324 1098 3464 1153 enim

1874 1207 1909 1244 a
1934 1191 2137 1246 minore
2158 1207 2323 1262 usque
2343 1191 2414 1245 ad
2448 1192 2739 1246 maximum
2764 1189 2930 1248 scient
2971 1206 3070 1257 me,
3102 1190 3233 1245 dicit
3273 1189 3463 1245 Domi-

1874 1300 1975 1349 nus
2004 1282 2142 1353 (Jer.
2172 1299 2325 1351 χχχι,
2350 1283 2475 1355 5ης
2505 1298 2632 1341 nam
2666 1299 2844 1339 omnes
2891 1293 3045 1341 erunt
3079 1281 3335 1339 docibilcs
3364 1280 3467 1339 Dei
3494 1264 3502 1272 ’

1877 1373 2058 1444 (Joan.
2097 1389 2175 1441 vi,
2198 1374 2310 1445 45).

2388 1484 2592 1540 CAPIT
2598 1484 2793 1542 ULUM
2832 1485 2950 1541 XX.

1876 1579 1954 1636 De
1984 1580 2350 1651 incarnatione
2406 1578 2578 1645 Verbi,
2634 1590 2687 1651 et
2737 1580 3180 1651 quemadmodum
3209 1581 3263 1634 in
3295 1580 3465 1650 seipse

1948 1650 2490 1732 nobispcrfectionem
2541 1650 2854 1720 pranlictam
2902 1650 3206 1721 pienissime
3245 1651 3464 1707 demon-

1948 1730 2158 1777 stravit.

168 1822 450 1896 Equales
482 1830 667 1879 autem
705 1821 1048 1889 naturaliter.
1080 1822 1134 1878 id
1157 1830 1241 1878 est
1268 1831 1537 1893 quantum
1564 1820 1633 1876 ad
1656 1820 1773 1876 ἰιίι-
1806 1802 1850 1860 ¹¹
1948 1820 2059 1891 llas
2080 1818 2311 1889 iii-nues
2341 1848 2435 1888 seu
2463 1832 2692 1903 justitiae
2715 1832 2892 1889 lineas
2923 1833 3088 1888 etiam
3114 1847 3259 1895 nunc
3285 1833 3338 1888 in
3363 1832 3468 1888 hac

172 1926 362 1971 turam
385 1915 601 1982 attinet,
637 1922 980 1991 suntpmnes
1009 1913 1279 1972 homines.
1338 1914 1543 1973 Omnes
1576 1913 1775 1985 itaque

171 2007 315 2062 tanti
351 2002 560 2062 habﬁre
586 1990 771 2073 debet,
810 2005 1004 2075 quanti
1029 2020 1109 2067 se.
1147 1996 1290 2077 Ergo
1316 2005 1461 2062 sicut
1497 2005 1579 2062 de
1608 2020 1775 2077 supeo

170 2098 446 2166 rioribus,
474 2098 528 2153 id
576 2104 661 2155 est
685 2096 753 2153 de
778 2096 890 2153 Deo
924 2097 980 2152 in
1014 2097 1303 2153 dilectione
1338 2113 1440 2154 nec
1488 2097 1772 2170 praeferre,

169 2205 276 2247 nec
304 2204 553 2262 aequare,
586 2204 687 2245 nec
711 2189 820 2246 ulla
853 2189 1017 2246 debet
1043 2204 1111 2246 ex
1149 2199 1304 2261 parte
1325 2178 1774 2263 comparare,‘ita

177 2297 283 2338 nec
310 2281 484 2338 saluti
510 2281 801 2352 cujuslibet
827 2281 1088 2349 hominis,
1119 2288 1173 2338 et
1200 2281 1468 2354 quidquid
1493 2299 1595 2354 pro
1631 2298 1777 2339 sein-

168 2373 397 2443 piterna
419 2388 519 2430 sua
543 2373 720 2443 salute
743 2372 923 2431 facere
942 2373 1029 2430 vel
1081 2374 1197 2447 pati
1232 2373 1412 2442 debet,
1434 2375 1671 2446 idipsum
1696 2385 1777 2433 to-

173 2475 292 2522 tum
317 2463 506 2521 facere
538 2460 624 2521 vel
655 2463 767 2537 pati
795 2462 956 2521 debet
983 2466 1083 2536 pro
1119 2466 1451 2537 sempiterna
1473 2468 1649 2524 salute
1682 2484 1779 2524 cu-

167 2557 409 2628 juslibet
434 2556 695 2613 hominis.
730 2555 868 2612 Hinc
914 2561 1061 2613 enim
1117 2557 1194 2613 ait
1240 2557 1546 2614 Dominus:
1575 2558 1777 2631 Diliges

169 2651 488 2721 proximum
549 2649 686 2703 sicut
752 2649 999 2719 teipsum.
1059 2646 1241 2705 Habes
1303 2649 1372 2704 de
1417 2649 1633 2706 mediis.
1692 2648 1778 2704 ln-

175 2742 386 2797 feriora
408 2756 539 2797 vero
570 2751 698 2797 sunt
724 2756 1067 2812 quaecunque
1095 2751 1221 2812 post
1254 2740 1510 2813 spiritum
1536 2743 1779 2799 rationa-

174 2832 282 2887 lem
298 2839 458 2899 sunt,
486 2831 539 2886 id
553 2840 638 2887 est
652 2831 923 2889 sensualis
942 2833 1074 2901 vita,
1098 2835 1410 2890 communis
1431 2849 1557 2890 eum
1574 2836 1781 2906 pecori-

176 2923 304 2989 bus,
321 2931 383 2978 et
411 2937 536 2993 qua:
566 2931 778 2994 vegetat
799 2938 1020 2995 corpus,
1048 2926 1495 2998 communisﬁcum
1513 2927 1698 2985 herbis
1726 2937 1776 2984 et

175 3013 502 3082 arboribus,
539 3024 597 3070 et
652 3015 961 3071 substantia
1021 3018 1266 3087 corporis
1311 3033 1437 3073 cum
1481 3017 1675 3074 formis
1727 3029 1780 3073 et

1876 1924 2092 1981 mortali
2122 1924 2255 1992 vita,
2276 1923 2324 1979 si
2348 1924 2503 1979 valde
2530 1923 2734 1979 munda
2757 1933 2905 1979 esset
2923 1924 3130 1990 anima,
3151 1940 3247 1993 per
3268 1932 3468 1979 semet-

1874 2019 2050 2089 ipsam
2077 2017 2130 2072 in
2164 2018 2279 2088 ipsa
2307 2016 2532 2072 veritate
2578 2029 2743 2087 atque
2794 2015 3063 2088 sapientia
3100 2014 3196 2071 Dei
3237 2015 3463 2077 videret,

1884 2106 2098 2164 \‘ideret
2118 2107 2282 2162 etiam
2314 2121 2420 2163 non
2447 2105 2624 2162 solum
2663 2120 2741 2173 sc,
2774 2104 2829 2161 id
2860 2114 2949 2161 est
2994 2104 3233 2159 animam
3275 2103 3469 2157 huma—

1878 2213 2006 2253 nam
2031 2196 2404 2253 innnortalem
2454 2204 2620 2266 atque
2654 2203 2913 2251 azternam
2969 2193 3109 2259 fore,
3158 2193 3252 2249 sed
3303 2192 3467 2248 etiam

1877 2306 2096 2347 carnem
2129 2305 2285 2346 suam
2314 2290 2476 2344 talem
2506 2290 2562 2344 in
2592 2289 2995 2345 resurrectione
3040 2286 3301 2342 futuram.
3332 2283 3467 2341 Nam

1877 2391 1930 2438 et
1954 2381 2201 2438 eamdem
2247 2379 2709 2437 resurrectionem
2753 2378 2978 2446 ibidem,
3032 2377 3085 2434 id
3129 2386 3214 2441 est
3274 2376 3327 2430 in
3372 2374 3467 2430 Dei

1881 2469 2060 2526 Verbo
2081 2479 2135 2525 et
2159 2466 2472 2539 Sapientia,
2503 2467 2649 2523 clare
2676 2466 3038 2537 conspiceret,
3072 2465 3167 2521 sed
3193 2466 3321 2535 quia
3354 2464 3473 2519 huic

1880 2576 1990 2617 non
2018 2568 2232 2631 poterat
2261 2568 2479 2632 pl‘OptCl'
2526 2558 2928 2614 immunditiam
2967 2573 3145 2623 suam,
3194 2557 3338 2612 adita
3388 2565 3475 2610 est

1882 2651 2062 2709 Verbo
2097 2666 2254 2709 mens
2278 2652 2540 2719 humana,
2567 2666 2691 2722 quae
2730 2650 2910 2721 ipsum
2954 2647 3050 2704 Dei
3089 2646 3322 2704 Verbum
3355 2649 3471 2718 ple-

1882 2744 2109 2801 nissime
2130 2743 2460 2815 suscipiens,
2492 2742 2653 2814 eique
2687 2740 2914 2798 omnino
2968 2738 3270 2797 conformis
3307 2749 3473 2810 atque

1880 2834 2209 2902 consimilis,
2234 2849 2410 2904 coque
2432 2833 2551 2890 solo
2573 2842 2685 2888 tota
2714 2842 2765 2887 et
2792 2846 2856 2889 ex
2891 2839 3005 2887 toto
3028 2831 3314 2907 impressa.
3350 2831 3472 2887 Sie-

1884 2938 1943 2982 nt
1983 2927 2249 2997 scriptum
2274 2938 2352 2981 est
2384 2944 2396 2978 :
2428 2924 2575 2978 Pone
2617 2940 2696 2979 me
2743 2932 2883 2979 sicut
2930 2922 3264 2993 signaculum
3311 2938 3476 2992 super

1882 3034 1974 3074 cor
2003 3027 2148 3072 tuum
2179 3014 2360 3089 (Cant.
2395 3031 2511 3082 \‘lll,
2535 3014 2611 3086 6).
2639 3013 2696 3069 ln
2719 3014 2841 3085 ejus
2861 3011 3476 3084 itaquesimilitudinent

179 3104 570 3176 qualitatibus,
592 3120 721 3167 cum
749 3106 986 3167 metallis
1018 3107 1331 3163 communis
1380 3115 1436 3164 et
1486 3108 1775 3179 lapidibus.
1810 3137 1856 3198 ο
1889 3119 2001 3167 tota
2023 3109 2263 3169 redacta.
2296 3107 2440 3167 sicut
2460 3110 2529 3162 ad
2553 3105 2713 3178 sigilli
2762 3103 3176 3167 similitudinem
3214 3104 3367 3159 cera’
3390 3119 3475 3160 re-

182 3196 342 3254 Sicut
367 3198 551 3270 itaque
586 3196 719 3254 nihil
757 3198 883 3271 plus
932 3214 1098 3271 quam
1153 3192 1458 3271 superiora,
1490 3201 1627 3255 nihil
1659 3211 1780 3257 tan-

182 3298 298 3344 tum
326 3289 387 3344 in
424 3290 833 3361 comparatione
862 3270 1054 3347 eorum
1079 3270 1242 3347 debet
1265 3290 1508 3362 diligere,
1542 3291 1616 3346 ita
1644 3291 1780 3348 nihil

182 3380 424 3436 minoris
474 3395 640 3451 quam
692 3378 975 3448 inferiora,
1011 3380 1149 3435 nihil
1198 3390 1310 3436 tam
1342 3380 1529 3453 parvi,
1561 3382 1695 3439 nihil
1726 3382 1778 3443 in

180 3470 601 3543 comparatione
626 3487 837 3540 eorum,
871 3486 972 3542 pro
1022 3481 1451 3544 quantacunque
1502 3488 1674 3545 usque
1723 3473 1781 3535 in

184 3564 465 3618 infinitum
490 3572 663 3635 parte,
688 3564 793 3619 vile
826 3563 988 3621 debet
1019 3565 1237 3623 habere.
1273 3565 1341 3621 Et
1392 3567 1499 3625 hoc
1524 3576 1609 3623 est
1634 3567 1779 3640 quod

185 3655 462 3727 scriptum
494 3664 580 3711 est
609 3674 620 3710 :
650 3654 833 3711 Nolite
886 3656 1106 3727 diligere
1148 3660 1422 3727 mundum,
1461 3676 1555 3716 nec
1579 3677 1640 3715 ea
1665 3677 1783 3731 qua:

187 3748 242 3801 in
258 3746 463 3801 mundo
493 3756 615 3802 sunt
640 3744 693 3821 (1
720 3742 883 3803 Joan.
940 3764 1001 3815 tt,
1066 3749 1176 3820 15).
1211 3748 1396 3811 Habes
1419 3752 1487 3807 de
1509 3750 1783 3809 inferiori-

188 3840 315 3895 bus.
349 3836 579 3894 Habebit
610 3838 793 3911 itaque
823 3840 946 3898 talis
972 3842 1254 3912 superiora
1276 3844 1567 3915 gaudium,
1594 3860 1782 3915 aequa-

187 3930 258 3985 lia
282 3928 360 3986 ad
383 3930 745 3998 consortium,
799 3929 1060 3988 inferiora
1100 3934 1169 3989 ad
1191 3934 1501 3992 servitium.
1545 3936 1785 3993 Devotns

188 4026 297 4080 erit
337 4022 404 4078 ad
430 4022 624 4091 Deum,
672 4024 946 4098 benignus
979 4025 1049 4080 ad
1090 4028 1423 4098 proximum,
1473 4030 1692 4093 sobrius
1717 4031 1785 4087 ad

191 4114 487 4182 mundum,
517 4112 612 4170 Dei
642 4129 856 4182 servus,
901 4115 1142 4173 hominis
1201 4119 1407 4187 socius,
1459 4122 1650 4179 mundi
1681 4122 1782 4181 duo

192 4205 412 4273 minus;
440 4206 544 4260 sub
566 4203 677 4262 Deo
725 4207 1078 4275 constitutus,
1130 4225 1260 4283 erga
1318 4212 1631 4282 proximum
1675 4228 1783 4273 non

189 4298 393 4362 elatus,
420 4296 624 4352 mundo
661 4312 771 4354 non
798 4298 1086 4368 subditus;
1111 4301 1364 4374 redigens
1412 4302 1671 4365 inferiora
1716 4308 1787 4362 ad

191 4391 486 4444 utilitatem
520 4389 847 4461 mediorum,
900 4391 1080 4446 media
1137 4393 1206 4449 ad
1234 4393 1498 4451 honorem
1538 4398 1788 4468 superio-

192 4497 363 4547 rum;
397 4496 498 4537 nec
526 4481 748 4553 impius,
781 4496 883 4538 nec
917 4481 1292 4553 blasphemus,
1337 4502 1437 4543 nec
1484 4488 1786 4560 sacrilegus

192 4560 262 4628 ad
295 4572 614 4643 superiora;
656 4588 757 4628 nec
797 4573 996 4641 elatus,
1033 4589 1133 4630 nec
1173 4576 1411 4645 invidus,
1438 4594 1540 4635 nec
1569 4580 1787 4637 iracun-

192 4665 320 4732 dus,
344 4664 415 4720 ad
436 4664 698 4736 aequalia;
722 4682 822 4724 nec
850 4666 1115 4736 furiosus,
1128 4684 1230 4725 nec
1244 4669 1571 4742 flagitiosus,
1596 4673 1667 4729 ad
1698 4674 1785 4729 in-

194 4758 436 4827 feriora;
463 4758 598 4815 nihil
624 4760 695 4816 ab
738 4760 1113 4828 inferioribus,
1167 4761 1303 4817 nihil
1344 4764 1415 4821 ab
1462 4765 1787 4835 aequalibus,

195 4848 292 4905 sed
330 4856 505 4904 totum
533 4864 565 4906 a
586 4852 964 4925 superioribus
985 4851 1320 4923 suscipiens;
1344 4870 1375 4911 a
1414 4857 1790 4929 superioribus

197 4942 522 5012 impressus,
548 4936 808 5000 inferiora
832 4943 1185 5016 imprimens;
1205 4960 1237 5001 a
1263 4947 1647 5017 superioribus
1669 4964 1791 5007 mo-

197 5043 309 5100 tus,
341 5033 603 5090 inferiora
636 5050 900 5105 movens;
934 5051 966 5091 a
996 5038 1375 5108 superioribus
1398 5039 1648 5109 affectus,
1698 5042 1787 5098 in-

201 5123 407 5181 feriora
429 5126 707 5195 alliciens;
751 5127 1036 5201 superiora
1072 5143 1333 5200 sequens,
1368 5128 1630 5189 inferiora
1675 5141 1791 5188 tra-

200 5218 464 5274 henszah
485 5220 592 5277 illis
615 5236 930 5292 possessus,
978 5223 1080 5281 ista
1106 5222 1427 5294 possidens;
1461 5224 1532 5281 ab
1580 5225 1690 5283 illis
1731 5226 1788 5284 in

197 5325 392 5365 eorum
417 5311 829 5379 similitudinem
855 5313 1132 5383 redactus,
1162 5316 1267 5372 ista
1287 5317 1343 5379 in
1396 5317 1483 5376 sui
1532 5318 1789 5377 similitu-

199 5399 385 5456 dinem
411 5402 683 5475 redigens.
708 5405 793 5462 Ad
822 5405 965 5481 hanc
1008 5405 1397 5476 perfectionem
1433 5409 1487 5467 iu
1528 5411 1633 5468 hac
1680 5412 1789 5468 vita

202 5490 501 5561 tendimus,
532 5509 697 5566 quam
729 5502 910 5551 tamen
934 5511 1046 5552 non
1074 5497 1178 5553 nisi
1205 5498 1260 5554 in
1311 5497 1497 5556 futura
1550 5499 1791 5572 perfecte

204 5582 595 5641 obtinebimus.
625 5583 780 5642 llane
802 5594 955 5649 tanto
979 5594 1111 5643 tunc
1130 5588 1349 5658 plenius
1397 5590 1786 5659 obtinebimus,

203 5684 410 5750 quanto
436 5691 581 5731 nunc
604 5674 902 5733 ferventius
928 5677 1267 5734 affectamus.
1309 5678 1502 5736 Nullus
1526 5689 1654 5739 tunc
1686 5686 1792 5739 erit

206 5775 388 5827 motus
404 5767 462 5824 in
484 5778 684 5841 mente,
718 5771 822 5827 nisi
851 5789 881 5828 a
920 5770 1060 5841 Deo;
1106 5772 1287 5830 nullus
1314 5775 1364 5830 in
1408 5792 1657 5850 corpore,
1686 5779 1790 5837 nisi

1886 3200 2119 3272 digitur,
2142 3199 2323 3271 ipsum
2347 3197 2508 3254 nobis
2541 3197 2596 3255 in
2624 3196 2804 3267 seipsa
2825 3193 3121 3251 videndum
3163 3194 3477 3252 sciendum.

1883 3290 2319 3363 qneexhibcrct.
2349 3290 2457 3347 Sed
2487 3304 2591 3349 nos
2617 3288 2687 3344 ita
2715 3290 2841 3347 caeci
2874 3302 3096 3347 eramus
3142 3299 3203 3344 ut
3249 3302 3359 3345 non
3385 3302 3478 3345 so-

1883 3382 1999 3437 lum
2022 3379 2115 3437 Dei
2143 3378 2405 3449 Verbum,
2438 3380 2533 3437 sed
2559 3396 2655 3436 nec
2684 3380 2980 3435 humanam
3016 3379 3258 3436 animam
3294 3380 3479 3436 videre

1885 3488 2196 3544 possemus,
2220 3473 2426 3533 idcirco
2449 3472 2693 3528 additum
2734 3480 2819 3528 est
2846 3472 3009 3528 etiam
3032 3486 3236 3543 corpus
3281 3471 3479 3530 homo.

1886 3580 2039 3620 num.
2075 3563 2226 3621 Pone
2245 3563 2393 3620 enim
2427 3554 2543 3620 hac
2571 3561 2694 3631 tria,
2730 3560 2823 3619 Dei
2868 3561 3129 3631 Verbum,
3173 3562 3485 3627 humanam

1886 3667 2145 3726 mentem,
2169 3672 2370 3729 corpus
2400 3657 2723 3712 hmnmium.
2752 3654 2808 3711 Si
2836 3656 3094 3727 primum,
3129 3655 3269 3712 bene
3291 3653 3487 3710 videre
3526 3660 3535 3669 '

1886 3765 2198 3821 possemus,
2221 3765 2330 3807 non
2365 3749 2738 3824 indigeremus
2769 3749 3034 3806 secundo.
3060 3745 3218 3814 Quod
3248 3746 3314 3803 si
3366 3747 3478 3803 sal—

1888 3851 1993 3898 tem
2013 3841 2318 3899 secundum
2343 3841 2676 3909 videremus,
2728 3855 2836 3896 non
2867 3839 3240 3912 indigeremus
3291 3838 3476 3895 tertio.

1888 3933 1996 3992 Sed
2031 3934 2160 4005 quia
2207 3948 2306 3992 nec
2350 3934 2610 4004 primum,
2642 3947 2745 3989 nec
2789 3924 3122 3999 secundum,
3150 3930 3205 3986 id
3251 3938 3479 3997 estnec

1888 4025 1985 4082 Dei
2015 4023 2275 4093 Verbum,
2304 4040 2405 4082 nec
2426 4026 2725 4085 humanam
2764 4031 3004 4080 mentem
3042 4021 3227 4079 videre
3253 4031 3478 4093 potera-

1888 4140 2034 4190 mus,
2057 4122 2301 4180 additum
2324 4131 2409 4180 est
2425 4121 2670 4191 tertium,
2696 4120 2750 4176 id
2780 4128 2869 4177 est
2896 4134 3100 4191 corpus
3148 4117 3475 4176 humanum.

1889 4217 2067 4286 Atque
2101 4214 2174 4270 ita
2199 4213 2438 4272 Verbum
2462 4228 2593 4271 caro
2623 4213 2828 4270 factum
2859 4220 2964 4281 est,
2986 4220 3044 4269 et
3084 4210 3351 4269 habitavit
3380 4227 3480 4265 no-

1889 4305 2099 4361 biscum
2124 4304 2307 4376 (Joan.
2337 4322 2376 4373 i,
2410 4305 2500 4376 14)
2532 4305 2587 4360 in
2626 4303 2993 4361 exterioribus
3032 4302 3260 4370 nostris,
3311 4310 3370 4357 ut
3394 4301 3482 4357 vel

1891 4396 1973 4453 sic
2019 4409 2124 4454 nos
2167 4396 2539 4455 introduceret
2578 4395 2877 4468 aliquando
2920 4394 2987 4452 ad
3040 4394 3303 4452 interiora
3354 4409 3476 4451 sua.

1821 4516 1864 4571 η
1891 4487 2088 4543 Anima
2120 4487 2307 4559 itaque
2345 4487 2653 4555 rationalis,
2683 4488 2893 4545 habens
2921 4501 3165 4555 carnem,
3191 4486 3375 4542 addita
3396 4495 3484 4542 est

1894 4574 2093 4644 Verbo,
2116 4592 2239 4647 qute
2267 4592 2361 4648 per
2412 4577 2591 4650 ipsam
2610 4593 2832 4634 carnem
2861 4576 3126 4648 quidquid
3172 4576 3330 4632 nobis
3376 4575 3481 4632 do-

1892 4667 2083 4724 cendis
2101 4680 2158 4723 et
2192 4669 2537 4740 corrigendis
2555 4668 2932 4729 necessarium
2959 4678 3098 4737 erat,
3123 4668 3365 4735 doceret,
3395 4666 3481 4723 [ειη

1892 4766 2060 4825 ceret,
2095 4765 2389 4828 pateretur.
2424 4758 2482 4814 lu
2510 4759 2600 4814 illa
2644 4760 2760 4816 sola
2806 4757 3208 4830 perfectissime
3234 4757 3480 4824 fuerunt,

1894 4864 2018 4920 quae
2043 4864 2209 4921 supra
2231 4850 2611 4919 tractavimus,
2638 4850 2691 4907 id
2714 4859 2800 4906 est
2815 4848 3033 4905 devotio
3068 4852 3136 4905 ad
3162 4848 3358 4918 Deum,
3383 4848 3481 4906 be-

1895 4940 2137 5013 nignitas
2163 4940 2231 4998 ad
2266 4942 2601 5014 proximum,
2622 4940 2895 4998 sobrietas
2933 4940 3003 4998 ad
3057 4940 3347 5001 mundum.
3385 4938 3485 4997 Nio

1893 5031 1969 5089 hil
1999 5032 2149 5088 enim
2174 5030 2288 5088 Deo
2308 5032 2569 5104 praetulit,
2605 5032 2744 5089 nihil
2768 5032 3026 5103 requavit,
3050 5032 3186 5087 nihil
3212 5047 3311 5104 pro
3333 5043 3487 5104 parte

1892 5126 2074 5197 aliqua
2098 5127 2455 5197 comparavit,
2485 5126 2622 5182 nihil
2650 5140 2751 5197 pro
2780 5132 3207 5197 quantacunque
3235 5133 3392 5196 parte
3416 5125 3488 5180 ad

1892 5219 2352 5291 comparationem
2405 5220 2576 5278 illius.
2617 5218 2773 5277 Unde
2809 5218 2888 5275 ait
2920 5237 2934 5274 :
2965 5217 3316 5275 Voluntateni
3342 5218 3486 5289 ejus,

1891 5312 1945 5367 id
1977 5319 2063 5367 est
2081 5308 2283 5379 Patris,
2305 5308 2449 5368 facio
2469 5326 2685 5383 semper
2696 5309 2753 5383 (J
2756 5327 2879 5366 oon.
2894 5327 3014 5381 vni,
3029 5309 3146 5383 29).
3163 5309 3485 5367 Proximum

1890 5416 2020 5458 vero
2049 5400 2446 5471 perfectissime
2472 5402 2662 5459 dilexit
2698 5403 2841 5459 sicut
2869 5403 3132 5475 seipsum.
3162 5400 3307 5457 Nulli
3336 5401 3485 5456 enim

1891 5514 1958 5555 ex
1990 5498 2059 5555 iis
2088 5512 2213 5569 quas
2229 5496 2372 5553 infra
2397 5513 2477 5565 se,
2513 5498 2564 5554 id
2590 5507 2676 5555 est
2700 5498 2843 5555 infra
2891 5480 3216 5555 rationalem
3243 5504 3487 5552 mentem

1890 5598 2067 5657 erant,
2127 5590 2504 5662 pepercit,sed
2556 5592 2743 5648 omnia
2785 5590 2855 5647 ad
2905 5590 3198 5646 utilitatem
3247 5585 3488 5659 proximi

1892 5686 2180 5755 convertit,
2205 5695 2260 5743 et
2282 5686 2471 5755 vitam,
2505 5688 2598 5745 sed
2626 5685 2960 5770 sensualem,
2984 5695 3037 5741 et
3063 5699 3186 5739 eam
3213 5696 3339 5753 qua:
3363 5696 3488 5737 car-

1890 5799 2018 5863 nem
2051 5791 2283 5856 vegetat,
2315 5792 2367 5840 ct
2398 5783 2574 5857 ipsam
2605 5798 2847 5840 carnem.
2886 5778 3024 5835 Nam
3047 5789 3101 5835 ct
3126 5778 3342 5837 dolores
3386 5794 3485 5851 pro
