3992 6486
367 419 374 426 .
474 374 574 432 631

1327 365 1652 423 GUIGONIS
1685 365 1706 419 Ι
1743 363 2168 424 (ιΑιιΤιιυδιλΕ
2207 363 2502 422 “MONS
2535 363 2816 422 PRIORIS
2853 365 2898 421 γ

474 486 638 542 nobis
665 481 929 538 sustinuit
985 481 1250 546 acriores,
1305 489 1362 535 et
1385 487 1616 534 mortem
1654 487 1846 534 contra
1895 478 2066 534 vitam
2097 479 2143 538 Α
2171 477 2353 548 ipsum
2381 473 2477 533 Dei
2507 475 2750 533 Verbum
2771 485 2828 534 et
2879 475 3161 548 Sapientia
3215 479 3520 552 triplicitcr,
3567 481 3623 538 id
3669 494 3768 540 est

471 575 848 648 vcgetabilem,
884 581 940 628 et
989 572 1215 628 vulnera
1237 579 1426 626 contra
1469 571 1646 640 ipsam
1695 583 1940 626 carnem.
1977 567 2062 626 Ad

473 669 742 724 mundum
769 675 951 722 autem
973 673 1182 722 tantam
1227 663 1938 733 sobrietatem,tantumque
1961 661 2064 716 ha-

475 760 597 815 buit
639 765 1038 827 contemptum,
1069 763 1130 810 ut
1173 769 1284 810 non
1308 753 1562 810 habuerit
1605 751 1780 810 Filius
1819 751 2062 808 hominis

477 852 570 906 ubi
597 851 793 906 saltem
821 857 984 919 caput
1008 846 1300 902 reclinaret
1343 859 1526 904 suum.
1553 843 1640 902 Nil
1679 845 1752 906 ab
1787 843 2063 900 inferiori-

473 944 600 1009 bus,
627 943 763 996 nihil
792 955 825 996 a
851 937 1069 1005 mediis,
1095 936 1192 994 sed
1217 943 1392 996 totum
1421 952 1453 992 a
1481 935 1878 1008 superioribus,
1905 935 1961 991 id
1977 944 2062 992 est

475 1032 572 1087 Dei
601 1031 800 1097 Verbo,
837 1027 926 1084 cui
952 1029 1020 1084 ad
1045 1027 1312 1084 unitatem
1337 1041 1586 1099 personae
1613 1026 1908 1096 conjuncta
1953 1035 2072 1092 est,

476 1121 740 1191 suscepit.
770 1117 890 1174 Non
921 1121 1308 1186 sacramentis,
1353 1133 1464 1172 non
1497 1117 1698 1183 verbis,
1737 1131 1848 1172 non
1871 1131 2062 1178 exem-

475 1214 600 1284 plis,
630 1212 724 1268 sed
751 1211 848 1266 Dei
885 1210 1266 1268 tantummodo
1295 1208 1458 1266 Verbi
1477 1209 1768 1282 praesentia
1799 1217 1886 1264 est
1903 1209 2062 1264 docta

477 1316 538 1362 ut
558 1303 901 1375 intelligeret,
925 1311 984 1358 et
1005 1317 1240 1362 accensa
1263 1309 1324 1360 ut
1351 1309 1580 1356 amaret.
1613 1299 1717 1356 Per
1752 1315 1874 1356 eam
1901 1300 2061 1356 nobis

2165 567 2545 636 sacramentis,
2563 568 2746 624 verbis
2763 577 2818 624 et
2844 569 3128 639 exemplis,
3153 570 3285 640 quid
3312 572 3766 646 agendum,quid

2167 661 2532 728 tolerandum,
2561 667 2612 716 et
2631 676 2730 732 per
2742 661 2874 732 quid
2891 669 3039 718 esset
3059 662 3318 719 ostendit.
3346 661 3466 718 Non
3489 665 3640 720 enim
3665 681 3768 722 se-

2166 751 2262 821 qui
2287 749 2455 806 homo
2508 751 2740 808 debebat
2799 752 2908 808 nisi
2961 751 3158 822 Deum,
3207 769 3308 810 nec
3371 765 3607 826 poterat,
3639 757 3766 814 nisi

2167 841 2465 898 hominem.
2495 841 2828 915 Assumptus
2849 851 2935 900 est
2981 845 3149 917 igitur
3180 846 3353 902 homo
3383 855 3464 915 ut,
3483 847 3618 904 dum
3665 863 3766 905 se-

2163 935 2356 1008 quitur
2369 951 2534 1006 quem
2555 943 2756 1006 potest,
2782 945 3048 1008 sequatur
3107 947 3164 994 et
3182 955 3348 1010 quem
3397 939 3577 996 debet.
3621 940 3766 996 Item

2163 1043 2276 1083 non
2301 1037 2515 1100 poterat
2538 1027 2874 1084 conformari
2919 1029 3028 1085 nisi
3080 1028 3215 1098 Deo,
3265 1031 3334 1086 ad
3357 1029 3516 1102 cujus
3557 1031 3768 1104 imagi-

2169 1136 2294 1177 nem
2327 1119 2506 1178 l'actus
2555 1129 2671 1189 est;
2724 1135 2829 1176 nec
2883 1129 3100 1192 poterat
3149 1121 3259 1178 nisi
3303 1121 3540 1178 homini.
3569 1121 3772 1192 Itaque

2170 1212 2315 1268 Deus
2333 1211 2513 1268 factus
2533 1219 2620 1267 est
2661 1211 2848 1278 homo,
2873 1221 2954 1275 ut,
2977 1212 3110 1268 dum
3141 1211 3522 1269 conformatur
3545 1213 3770 1268 homini

2170 1303 2260 1361 cui
2285 1311 2484 1374 potest,
2507 1301 2886 1363 conformetur
2901 1313 2956 1359 et
2969 1303 3104 1374 Deo,
3133 1303 3225 1360 cui
3249 1303 3496 1375 prodest.

478 1495 3768 1534 Μ

1655 1673 2578 1840 GUIGONIS

911 1961 1621 2058 EARTHUSDE
1691 1954 2206 2054 MAJORIS
2263 1958 2759 2056 PltIORIS
2830 1961 3264 2070 QUINTI

1455 2173 2803 2308 CONSUETUDINES.

669 2412 922 2482 (Annales
947 2413 1148 2472 ordinis
1179 2415 1596 2482 Gartlmst'ensis,
1632 2419 1862 2470 curante
1891 2412 1956 2467 I).
1985 2411 2304 2470 Innocentio
2335 2411 2632 2480 levasses,
2658 2411 2925 2468 Correrizc
2949 2413 3108 2478 I687,
3133 2412 3224 2469 fol.
3261 2424 3300 2468 t.
3323 2413 3368 2482 l,
3405 2430 3458 2486 ρ.
3487 2411 3610 2488 30.)

1843 2600 2464 2696 MONITUM.

1571 2793 1662 2850 AD
1697 2792 2023 2852 FRATRES
2065 2792 2662 2852 CARTIIUSIENSES.

549 3121 852 3206 Antequam
879 3132 948 3192 ad
982 3132 1398 3188 eiucidatioucm
1421 3141 1476 3186 ct
1495 3129 1909 3200 explicationem
1930 3130 2072 3186 Con-
2103 3135 2146 3195 Β
2173 3133 2324 3196 estis,
2359 3145 2457 3186 nec
2481 3146 2718 3201 unquam
2739 3133 2807 3192 ab
2837 3131 2983 3188 avita
3011 3131 3388 3190 Carthusiensi
3419 3137 3772 3202 observantia

478 3229 826 3290 suetutinum
857 3226 924 3280 Β.
962 3223 1140 3279 Patris
1175 3221 1438 3294 Guigonis
1483 3220 1862 3286 deveniamus,
1915 3220 2080 3275 debe-

478 3341 601 3380 mus
629 3333 685 3380 et
725 3336 825 3377 nos
869 3319 938 3375 ad
981 3317 1340 3372 imitationem
1390 3312 1522 3368 tanti
1551 3312 1652 3366 viri
1693 3327 1867 3382 pauca
1923 3311 2080 3366 vobis

477 3412 749 3486 proloqui,
783 3419 838 3464 ut
865 3405 1166 3479 perfectius,
1187 3403 1409 3475 possitis
1447 3401 1746 3472 intelligere
1779 3410 1889 3455 tum
1925 3413 2078 3454 men-

481 3519 591 3562 tem
619 3501 878 3566 auctoris,
909 3507 1022 3553 tum
1043 3496 1278 3566 suscepti
1297 3511 1326 3549 a
1345 3493 1498 3550 nobis
1513 3493 1694 3564 operis
1715 3491 2076 3562 propositum.

481 3599 610 3652 dum
663 3595 796 3650 istas
824 3589 1275 3656 Censuetudines,
1325 3602 1446 3658 qua:
1477 3599 1622 3640 nunc
1669 3583 1828 3654 vulgo
1875 3589 2075 3638 statuta

447 3681 458 3690 ’
479 3695 766 3752 vocantur,
799 3683 890 3740 hic
917 3681 1120 3738 referre
1145 3679 1288 3736 etde
1309 3691 1447 3732 novo
1471 3675 1708 3746 imprimi
1730 3689 2003 3730 curamus.

551 3779 656 3844 Qui
684 3777 812 3847 facit
835 3775 1108 3829 veritatem
1133 3770 1266 3826 venit
1289 3768 1360 3822 ad
1382 3767 1574 3834 lucem,
1597 3776 1652 3820 ut
1677 3763 2080 3827 manifestentur

481 3885 638 3940 opera
665 3869 781 3938 ejus
805 3865 990 3938 (Joan.
1021 3862 1128 3933 ιιι).
1153 3861 1268 3916 Hac
1296 3875 1426 3932 ergo
1445 3857 1648 3914 Christi
1669 3871 1802 3913 voce
1823 3855 2000 3912 edocti
2017 3855 2084 3910 ‘et

482 3960 698 4020 invitati
733 3960 1050 4016 thesaurum
1107 3962 1374 4018 nostrum,
1428 3951 1482 4006 id
1529 3959 1616 4006 est
1643 3950 1818 4020 prima
1849 3945 2082 4006 instituti

485 4054 658 4111 nostri
701 4051 1006 4108 rudimenta
1045 4055 1102 4103 et
1144 4047 1464 4102 documenta
1515 4044 1681 4100 veluti
1723 4045 1790 4100 de
1846 4042 2085 4097 tenebris

482 4148 747 4210 eruimus,
775 4158 842 4198 ne
864 4141 1014 4197 illum
1053 4137 1388 4194 abscondere
1429 4137 1568 4192 velle
1609 4136 1748 4192 ultra
1779 4136 2082 4200 videamur,

486 4240 572 4294 his
599 4234 904 4308 praesertim
934 4233 1001 4287 de
1023 4229 1234 4289 causis:

557 4327 763 4388 Primo,
789 4329 850 4378 ut
878 4320 950 4375 sit
973 4318 1128 4376 vobis
1161 4317 1330 4374 veluti
1361 4316 1582 4376 lucerna
1631 4329 1860 4372 accensa
1903 4324 1956 4371 ct
1981 4329 2082 4386 po-

487 4421 592 4473 sita
619 4430 786 4486 super
815 4411 1226 4477 candelabrum,
1259 4409 1415 4478 cujus
1457 4407 1722 4464 beneficio
1751 4406 1971 4479 possitis
2003 4406 2086 4460 in-

2183 3223 2563 3296 degenerandi.
2595 3221 2894 3279 Censorum
2918 3233 3073 3280 notas
3097 3225 3422 3296 praeviderat
3445 3232 3778 3290 reverendus

2181 3315 2342 3371 Pater
2362 3317 2556 3384 Luigo,
2581 3325 2636 3372 et
2655 3313 2798 3372 forte
2818 3314 2934 3384 jam
2968 3317 3084 3372 suis
3133 3317 3476 3387 temporibus
3521 3333 3778 3393 expertus

2181 3416 2320 3473 erat,
2349 3421 2513 3477 tuque
2539 3407 2660 3463 ideo
2711 3416 2928 3463 teneras
2973 3408 3238 3464 bonorum
3281 3409 3774 3470 Carthusianorum

2180 3498 2559 3564 conscientias,
2597 3513 2665 3554 ne
2689 3499 2813 3554 inde
2837 3499 2889 3554 in
2917 3501 3199 3570 scrupulos
3221 3500 3564 3568 deciderent,
3606 3517 3700 3560 aut
3727 3510 3776 3562 in

2180 3589 2342 3644 animi
2367 3588 2772 3659 perplexitates,
2804 3599 2994 3644 contra
3019 3591 3232 3645 illorum
3273 3593 3522 3664 argutias
3553 3611 3778 3664 praeran-

2181 3681 2301 3736 nire
2345 3679 2535 3746 voluit,
2578 3689 2638 3735 ut
2679 3695 2745 3736 cx
2787 3681 2952 3737 variis
2987 3681 3120 3737 locis
3158 3682 3312 3740 vobis
3357 3689 3668 3754 apparebit,
3725 3697 3780 3744 et

2183 3771 2418 3825 maxime
2446 3785 2513 3826 ex
2537 3770 2762 3841 cap.20,
2792 3781 2847 3826 et
2865 3787 2930 3826 ex
2944 3787 3066 3843 cap.
3097 3772 3188 3839 5'7,
3217 3790 3270 3828 η.
3303 3775 3360 3840 4,
3389 3787 3443 3831 et
3475 3777 3604 3832 aliis
3629 3777 3774 3834 locis.

2257 3861 2464 3927 Tertio,
2493 3871 2552 3916 ut
2579 3861 2792 3918 tandem
2817 3861 3086 3917 fervorem
3113 3879 3140 3917 ιι
3183 3863 3430 3934 pluribus
3455 3877 3776 3938 conceptum

2185 3959 2238 4008 et
2257 3953 2406 4008 varie
2429 3951 2732 4007 exhibitum
2761 3950 2907 4006 circa
2933 3952 3157 4023 antiqua
3173 3954 3381 4010 ordinis
3407 3967 3613 4014 statuta
3633 3973 3750 4015 com

2187 4057 2490 4114 pescamus,
2519 4057 2748 4111 quorum
2799 4041 2964 4112 aiiqui
2995 4059 3062 4098 ex
3091 4045 3403 4115 devotione,
3457 4063 3628 4118 quam
3677 4051 3776 4106 ba-

2186 4137 2314 4192 bent
2341 4151 2472 4207 erga
2493 4135 2736 4190 ordinem
2763 4176 2778 4198 ,
2820 4138 3068 4206 quaedam
3117 4141 3453 4210 exemplaria
3501 4159 3536 4198 c
3575 4143 3778 4202 cellulis

2187 4229 2389 4285 nostris
2411 4227 2646 4295 sublata,
2679 4243 2874 4300 magno
2897 4229 3072 4298 pretio
3104 4245 3134 4284 a
3181 4235 3588 4292 mercatoribus
3637 4255 3776 4296 eme-

2191 4329 2334 4386 runt,
2363 4319 2504 4376 illius
2533 4318 2696 4375 veluti
2719 4319 2986 4375 elementa
3014 4331 3067 4375 et
3089 4322 3192 4392 ipsi
3243 4339 3406 4380 nosse
3447 4329 3730 4398 cupientes
3752 4373 3774 4400 ,

2189 4412 2278 4468 atii
2305 4427 2436 4468 vero
2470 4427 2538 4468 ex
2560 4411 2691 4482 ipsis
2719 4412 2960 4483 antiquis
2986 4414 3209 4470 statutis
3230 4425 3422 4470 contra
3453 4431 3774 4488 praesentem

488 4504 846 4574 strui,dirigi,
875 4512 932 4558 et
951 4499 1196 4560 accendi.
1225 4499 1424 4555 lnstrui
1447 4501 1514 4556 de
1549 4500 1846 4570 primorum
1876 4496 2081 4553 ordinis
2109 4495 2154 4558 C
2183 4511 2386 4558 statum
2431 4503 2639 4558 ordinis
2693 4503 2948 4560 sinistras
3013 4504 3301 4576 Opiniones
3358 4507 3462 4562 sibi
3521 4507 3777 4572 formare-

490 4599 710 4654 I’ttrum
741 4594 990 4667 religiosa
1013 4592 1458 4656 conversatione;
1489 4590 1649 4662 dirigi
1685 4591 1738 4646 in
1769 4597 1963 4644 vestra:
1986 4602 2079 4643 vo-

487 4686 720 4743 cationis
741 4681 1104 4756 adimplenda:
1147 4683 1310 4740 modo
1331 4690 1388 4737 et
1420 4681 1705 4744 fideliiate;
1749 4679 1972 4736 accendi
2021 4679 2076 4732 in

489 4779 704 4836 illorum
729 4776 1043 4836 imitationis
1061 4783 1119 4832 et
1139 4773 1422 4830 charitatis
1437 4788 1542 4828 non
1565 4771 1702 4828 ficta:
1715 4771 2078 4827 azntulatione.

561 4871 836 4936 Secundo,
867 4878 928 4928 ut
948 4883 1018 4922 ex
1045 4867 1297 4921 veritatis
1325 4880 1512 4921 coram
1537 4863 1692 4919 vobis
1720 4863 1982 4935 exposita:
2007 4861 2076 4915 lu-

489 4965 662 5030 mine,
689 4977 798 5033 quo
829 4957 1083 5016 videbitis
1107 4957 1343 5029 qualiter
1363 4958 1500 5012 ordo
1525 4956 1576 5012 in
1601 4955 1784 5028 vigore
1811 4964 1868 5011 et
1887 4953 2079 5025 spiritu

492 5059 574 5112 sui
603 5053 859 5114 instituti,
883 5066 952 5106 ex
973 5049 1231 5122 singulari
1259 5049 1355 5105 Dei
1381 5049 1716 5122 protectione
1731 5055 2090 5102 conservatus

493 5149 682 5211 fuerit,
735 5145 1160 5200 consolationem
1187 5143 1502 5213 accipiatis:
1533 5149 1586 5197 et
1613 5139 1890 5209 dissipatis
1921 5138 2088 5193 nube-

493 5241 632 5296 culis
663 5234 1121 5308 inquietudinum,
1143 5250 1281 5304 quas
1312 5235 1366 5288 in
1389 5232 1746 5303 quorumdam
1767 5228 2090 5299 pusillorum

496 5333 708 5384 animos
753 5326 1002 5396 quaedam
1054 5325 1237 5395 opinio
1297 5325 1598 5394 ingesserat
1647 5321 1841 5377 decidii
1887 5320 2096 5376 ordinis

497 5419 922 5484 Cat-thusicusis,
953 5431 1149 5472 novum
1175 5403 1438 5470 fervorem
1469 5413 1788 5484 concipiatis
1822 5413 2090 5468 honoran-

498 5515 552 5569 di
582 5513 886 5570 institutum
909 5519 1153 5566 nostrum
1179 5517 1288 5564 tam
1311 5507 1570 5578 singulari
1611 5507 1706 5562 Dei
1755 5504 2092 5576 protectione

502 5608 848 5672 honoratum,
873 5609 929 5657 et
963 5601 1067 5656 huc
1091 5613 1266 5670 usque
1291 5607 1690 5664 conservatum,
1745 5607 1908 5667 atque
1935 5596 2098 5666 digne

503 5699 614 5758 Deo
639 5695 948 5754 ambulandi
983 5695 1034 5750 in
1063 5693 1164 5750 hac
1192 5700 1380 5750 saneta
1415 5691 1720 5756 vocatione,
1751 5706 1856 5768 qua
1913 5688 2090 5744 vocati

2185 4605 2330 4652 runt.
3405 4633 3414 4640 .

2257 4685 2410 4752 Quod
2435 4701 2568 4758 ergo
2592 4685 2991 4758 quodammodo
3019 4685 3242 4754 latebat,
3267 4688 3550 4760 publicum
3603 4693 3774 4748 reddi-

2195 4793 2334 4840 mus.
2367 4793 2436 4832 nc
2459 4777 2597 4832 ultra
2627 4779 2987 4850 quorumdam
3015 4779 3231 4836 animos
3257 4781 3448 4838 subeat
3497 4785 3774 4840 temeraria

2191 4867 2450 4938 suspicio,
2478 4883 2583 4938 qua
2623 4869 2792 4924 veluti
2819 4869 3116 4940 degeneres
3169 4871 3269 4928 filii
3319 4874 3648 4942 habeamur,
3689 4877 3776 4948 qui

2187 4959 2408 5015 Palmm
2437 4960 2694 5031 praeclara
2717 4971 2869 5033 gesta
2894 4962 3228 5019 abscondere
3253 4977 3546 5034 conantur,
3569 4987 3637 5024 ne
3663 4969 3776 5023 inde

2191 5048 2406 5104 illorum
2436 5059 2694 5120 appareat
2715 5053 3004 5107 decidium.
3047 5053 3142 5109 Sic
3192 5056 3340 5110 enim
3399 5058 3485 5112 his
3523 5061 3777 5116 extremis

2193 5140 2526 5210 temporibus
2556 5141 2725 5214 (quod
2747 5142 2995 5200 dolentes
3037 5153 3093 5200 et
3133 5148 3382 5216 lugentes
3431 5149 3775 5222 referimus),

2192 5233 2290 5298 sic,
2320 5234 2482 5290 amici
2509 5243 2564 5292 et
2589 5235 2788 5292 fratres
2821 5235 2876 5291 in
2911 5237 3129 5293 Christo
3165 5239 3504 5306 charissimi,
3551 5245 3776 5298 charitas

2165 5323 2478 5395 refriguit;
2516 5325 2625 5380 imo
2655 5341 2847 5380 aurum
2878 5327 3006 5382 illud
3027 5329 3292 5398 optimum
3323 5331 3640 5400 charitatis,
3685 5349 3778 5403 quo

2203 5423 2364 5484 caput
2385 5413 2621 5470 cceleslis
2645 5415 2838 5485 Sponsi
2863 5428 3110 5473 constare
3135 5419 3336 5474 asserit
3357 5435 3560 5490 sponsa
3583 5421 3776 5478 Cana'ci

2205 5505 2381 5576 (Cant.
2415 5506 2488 5576 γ),
2526 5508 2876 5564 obscuratum
2921 5519 3027 5576 est,
3082 5519 3138 5564 et
3184 5509 3336 5566 color
3385 5509 3506 5582 ejus
3553 5516 3776 5586 optimas

2205 5605 2465 5660 mutatus,
2511 5605 2572 5652 ut
2619 5613 2724 5654 non
2779 5607 2993 5654 tantum
3051 5615 3294 5670 quaerere
3346 5602 3688 5674 iniquitatem
3727 5605 3773 5660 Ιιι

2205 5690 2362 5746 domo
2383 5687 2534 5760 justi,
2570 5701 2623 5748 ct
2648 5701 2862 5749 vastare
2891 5693 3128 5764 requiem
3157 5692 3297 5763 ejus,
3329 5703 3524 5752 contra
3579 5697 3636 5755 S.
3665 5695 3770 5772 Spl~

3643 6369 3798 6381 1“
