  <div class='ocr_page' id='page_1' title='image "/cluster/home/n/w/nwhite01/storage/ocr_20150623/153/hvd.32044015473812/322.png"; bbox 0 0 3992 6398; ppageno 0'>
   <div class='ocr_carea' id='block_1_1' title="bbox 1526 366 2126 426">
    <p class='ocr_par' dir='ltr' id='par_1_1' title="bbox 1526 366 2126 426">
     <span class='ocr_line' id='line_1_1' title="bbox 1526 366 2126 426; baseline -0.003 0"><span class='ocrx_word' id='word_1_1' title='bbox 1526 366 2126 426; x_wconf 69' lang='grc' dir='ltr'><strong>οοΝευιετυυιΝΕδ.</strong></span> 
     </span>
    </p>
   </div>
   <div class='ocr_carea' id='block_1_2' title="bbox 3366 379 3473 436">
    <p class='ocr_par' dir='ltr' id='par_1_2' title="bbox 3366 379 3473 436">
     <span class='ocr_line' id='line_1_2' title="bbox 3366 379 3473 436; baseline 0 -2"><span class='ocrx_word' id='word_1_2' title='bbox 3366 379 3473 436; x_wconf 62' lang='grc'><strong>654</strong></span> 
     </span>
    </p>
   </div>
   <div class='ocr_carea' id='block_1_3' title="bbox 174 481 3474 564">
    <p class='ocr_par' dir='ltr' id='par_1_3' title="bbox 174 481 3474 564">
     <span class='ocr_line' id='line_1_3' title="bbox 174 481 3474 564; baseline 0.004 -30"><span class='ocrx_word' id='word_1_3' title='bbox 174 491 331 546; x_wconf 57' lang='lat' dir='ltr'><strong>ritus</strong></span> <span class='ocrx_word' id='word_1_4' title='bbox 374 494 592 542; x_wconf 75' lang='lat' dir='ltr'><strong>enatum</strong></span> <span class='ocrx_word' id='word_1_5' title='bbox 640 483 824 557; x_wconf 78' lang='grc' dir='ltr'><strong>(Ρι-ου,</strong></span> <span class='ocrx_word' id='word_1_6' title='bbox 875 486 1026 560; x_wconf 62' lang='grc' dir='ltr'><strong>χειν)</strong></span> <span class='ocrx_word' id='word_1_7' title='bbox 1053 525 1069 552; x_wconf 86' lang='grc'><em>,</em></span> <span class='ocrx_word' id='word_1_8' title='bbox 1120 484 1342 554; x_wconf 81' lang='lat' dir='ltr'><strong>quidam</strong></span> <span class='ocrx_word' id='word_1_9' title='bbox 1389 482 1599 540; x_wconf 84' lang='lat' dir='ltr'><strong>licitum</strong></span> <span class='ocrx_word' id='word_1_10' title='bbox 1639 501 1770 543; x_wconf 66' lang='lat' dir='ltr'><strong>esse</strong></span> <span class='ocrx_word' id='word_1_11' title='bbox 1796 492 1847 550; x_wconf 71' lang='grc' dir='ltr'>Α</span> <span class='ocrx_word' id='word_1_12' title='bbox 1872 483 2179 556; x_wconf 75' lang='lat' dir='ltr'><strong>vetuerunt.</strong></span> <span class='ocrx_word' id='word_1_13' title='bbox 2210 481 2337 538; x_wconf 83' lang='lat' dir='ltr'><strong>dum</strong></span> <span class='ocrx_word' id='word_1_14' title='bbox 2366 481 2598 539; x_wconf 89' lang='lat' dir='ltr'><strong>viderint</strong></span> <span class='ocrx_word' id='word_1_15' title='bbox 2627 499 2656 538; x_wconf 90' lang='lat' dir='ltr'><strong>a</strong></span> <span class='ocrx_word' id='word_1_16' title='bbox 2683 484 2838 542; x_wconf 86' lang='lat' dir='ltr'><strong>nobis</strong></span> <span class='ocrx_word' id='word_1_17' title='bbox 2863 486 2993 558; x_wconf 85' lang='lat' dir='ltr'><strong>ipsis</strong></span> <span class='ocrx_word' id='word_1_18' title='bbox 3019 489 3200 545; x_wconf 81' lang='lat' dir='ltr'><strong>omnia</strong></span> <span class='ocrx_word' id='word_1_19' title='bbox 3243 491 3474 564; x_wconf 87' lang='lat' dir='ltr'><strong>ingenue</strong></span> 
     </span>
    </p>
   </div>
   <div class='ocr_carea' id='block_1_4' title="bbox 169 574 1765 646">
    <p class='ocr_par' dir='ltr' id='par_1_4' title="bbox 169 574 1765 646">
     <span class='ocr_line' id='line_1_4' title="bbox 169 574 1765 646; baseline -0.002 -10"><span class='ocrx_word' id='word_1_20' title='bbox 169 581 485 642; x_wconf 66' lang='lat' dir='ltr'><strong>aestiment;</strong></span> <span class='ocrx_word' id='word_1_21' title='bbox 515 577 608 633; x_wconf 87' lang='lat' dir='ltr'><strong>sed</strong></span> <span class='ocrx_word' id='word_1_22' title='bbox 635 576 796 632; x_wconf 89' lang='lat' dir='ltr'><strong>etiam</strong></span> <span class='ocrx_word' id='word_1_23' title='bbox 825 589 892 632; x_wconf 86' lang='lat' dir='ltr'><strong>ea</strong></span> <span class='ocrx_word' id='word_1_24' title='bbox 920 591 1040 646; x_wconf 69' lang='lat' dir='ltr'><strong>quae</strong></span> <span class='ocrx_word' id='word_1_25' title='bbox 1083 576 1139 630; x_wconf 93' lang='lat' dir='ltr'><strong>in</strong></span> <span class='ocrx_word' id='word_1_26' title='bbox 1172 574 1356 646; x_wconf 88' lang='lat' dir='ltr'><strong>aliqua</strong></span> <span class='ocrx_word' id='word_1_27' title='bbox 1403 583 1562 645; x_wconf 79' lang='lat' dir='ltr'><strong>parte</strong></span> <span class='ocrx_word' id='word_1_28' title='bbox 1601 576 1765 633; x_wconf 81' lang='lat' dir='ltr'><strong>dubia</strong></span> 
     </span>
    </p>
   </div>
   <div class='ocr_carea' id='block_1_5' title="bbox 168 667 1766 738">
    <p class='ocr_par' dir='ltr' id='par_1_5' title="bbox 168 667 1766 738">
     <span class='ocr_line' id='line_1_5' title="bbox 168 667 1766 738; baseline -0.001 -12"><span class='ocrx_word' id='word_1_29' title='bbox 168 685 304 726; x_wconf 84' lang='lat' dir='ltr'><strong>esse</strong></span> <span class='ocrx_word' id='word_1_30' title='bbox 334 668 604 734; x_wconf 85' lang='lat' dir='ltr'><strong>videntur,</strong></span> <span class='ocrx_word' id='word_1_31' title='bbox 634 681 738 722; x_wconf 91' lang='lat' dir='ltr'><strong>non</strong></span> <span class='ocrx_word' id='word_1_32' title='bbox 771 667 824 723; x_wconf 90' lang='lat' dir='ltr'><strong>in</strong></span> <span class='ocrx_word' id='word_1_33' title='bbox 854 667 1136 723; x_wconf 82' lang='lat' dir='ltr'><strong>meliorem</strong></span> <span class='ocrx_word' id='word_1_34' title='bbox 1163 673 1374 738; x_wconf 87' lang='lat' dir='ltr'><strong>partem</strong></span> <span class='ocrx_word' id='word_1_35' title='bbox 1416 667 1766 736; x_wconf 74' lang='lat' dir='ltr'><strong>interpretari</strong></span> 
     </span>
    </p>
   </div>
   <div class='ocr_carea' id='block_1_6' title="bbox 168 755 1768 830">
    <p class='ocr_par' dir='ltr' id='par_1_6' title="bbox 168 755 1768 830">
     <span class='ocr_line' id='line_1_6' title="bbox 168 755 1768 830; baseline 0 -14"><span class='ocrx_word' id='word_1_36' title='bbox 168 761 270 816; x_wconf 86' lang='lat' dir='ltr'><strong>sed</strong></span> <span class='ocrx_word' id='word_1_37' title='bbox 296 761 351 815; x_wconf 91' lang='lat' dir='ltr'><strong>in</strong></span> <span class='ocrx_word' id='word_1_38' title='bbox 379 757 640 830; x_wconf 73' lang='lat' dir='ltr'><strong>peiorem,</strong></span> <span class='ocrx_word' id='word_1_39' title='bbox 667 755 946 827; x_wconf 86' lang='lat' dir='ltr'><strong>novojure</strong></span> <span class='ocrx_word' id='word_1_40' title='bbox 974 757 1304 822; x_wconf 87' lang='lat' dir='ltr'><strong>introducto,</strong></span> <span class='ocrx_word' id='word_1_41' title='bbox 1333 756 1480 828; x_wconf 92' lang='lat' dir='ltr'><strong>quod</strong></span> <span class='ocrx_word' id='word_1_42' title='bbox 1501 767 1654 814; x_wconf 89' lang='lat' dir='ltr'><strong>certe</strong></span> <span class='ocrx_word' id='word_1_43' title='bbox 1667 773 1768 816; x_wconf 87' lang='lat' dir='ltr'><strong>nec</strong></span> 
     </span>
    </p>
   </div>
   <div class='ocr_carea' id='block_1_7' title="bbox 170 846 1764 918">
    <p class='ocr_par' dir='ltr' id='par_1_7' title="bbox 170 846 1764 918">
     <span class='ocr_line' id='line_1_7' title="bbox 170 846 1764 918; baseline 0.001 -14"><span class='ocrx_word' id='word_1_44' title='bbox 170 850 269 905; x_wconf 86' lang='lat' dir='ltr'><strong>Dei</strong></span> <span class='ocrx_word' id='word_1_45' title='bbox 300 863 402 904; x_wconf 91' lang='lat' dir='ltr'><strong>nec</strong></span> <span class='ocrx_word' id='word_1_46' title='bbox 431 847 688 904; x_wconf 71' lang='lat' dir='ltr'><strong>Ecclesiae</strong></span> <span class='ocrx_word' id='word_1_47' title='bbox 713 856 822 912; x_wconf 89' lang='lat' dir='ltr'><strong>est,</strong></span> <span class='ocrx_word' id='word_1_48' title='bbox 840 846 956 916; x_wconf 87' lang='lat' dir='ltr'><strong>jam</strong></span> <span class='ocrx_word' id='word_1_49' title='bbox 978 847 1211 904; x_wconf 86' lang='lat' dir='ltr'><strong>liberum</strong></span> <span class='ocrx_word' id='word_1_50' title='bbox 1233 847 1339 904; x_wconf 85' lang='lat' dir='ltr'><strong>sibi</strong></span> <span class='ocrx_word' id='word_1_51' title='bbox 1366 863 1487 904; x_wconf 89' lang='lat' dir='ltr'><strong>esse</strong></span> <span class='ocrx_word' id='word_1_52' title='bbox 1507 849 1764 918; x_wconf 90' lang='lat' dir='ltr'><strong>credant;</strong></span> 
     </span>
    </p>
   </div>
   <div class='ocr_carea' id='block_1_8' title="bbox 171 940 1766 1012">
    <p class='ocr_par' dir='ltr' id='par_1_8' title="bbox 171 940 1766 1012">
     <span class='ocr_line' id='line_1_8' title="bbox 171 940 1766 1012; baseline 0.001 -16"><span class='ocrx_word' id='word_1_53' title='bbox 171 943 287 996; x_wconf 91' lang='lat' dir='ltr'><strong>imo</strong></span> <span class='ocrx_word' id='word_1_54' title='bbox 319 956 380 997; x_wconf 85' lang='lat' dir='ltr'><strong>ea</strong></span> <span class='ocrx_word' id='word_1_55' title='bbox 409 956 532 1011; x_wconf 79' lang='lat' dir='ltr'><strong>quze</strong></span> <span class='ocrx_word' id='word_1_56' title='bbox 551 955 678 996; x_wconf 82' lang='lat' dir='ltr'><strong>vere</strong></span> <span class='ocrx_word' id='word_1_57' title='bbox 696 949 752 996; x_wconf 88' lang='lat' dir='ltr'><strong>et</strong></span> <span class='ocrx_word' id='word_1_58' title='bbox 774 940 980 1012; x_wconf 84' lang='lat' dir='ltr'><strong>absque</strong></span> <span class='ocrx_word' id='word_1_59' title='bbox 1004 940 1110 996; x_wconf 90' lang='lat' dir='ltr'><strong>ulla</strong></span> <span class='ocrx_word' id='word_1_60' title='bbox 1158 941 1436 998; x_wconf 72' lang='lat' dir='ltr'><strong>dubietate</strong></span> <span class='ocrx_word' id='word_1_61' title='bbox 1460 941 1604 998; x_wconf 88' lang='lat' dir='ltr'><strong>bona</strong></span> <span class='ocrx_word' id='word_1_62' title='bbox 1619 953 1766 1009; x_wconf 83' lang='lat' dir='ltr'><strong>sunt,</strong></span> 
     </span>
    </p>
   </div>
   <div class='ocr_carea' id='block_1_9' title="bbox 166 1030 1770 1104">
    <p class='ocr_par' dir='ltr' id='par_1_9' title="bbox 166 1030 1770 1104">
     <span class='ocr_line' id='line_1_9' title="bbox 166 1030 1770 1104; baseline 0.006 -19"><span class='ocrx_word' id='word_1_63' title='bbox 166 1031 399 1087; x_wconf 85' lang='lat' dir='ltr'><strong>sinistra</strong></span> <span class='ocrx_word' id='word_1_64' title='bbox 429 1030 884 1102; x_wconf 90' lang='lat' dir='ltr'><strong>interpretatione</strong></span> <span class='ocrx_word' id='word_1_65' title='bbox 904 1031 1112 1103; x_wconf 89' lang='lat' dir='ltr'><strong>absque</strong></span> <span class='ocrx_word' id='word_1_66' title='bbox 1137 1032 1250 1088; x_wconf 85' lang='lat' dir='ltr'><strong>ulle</strong></span> <span class='ocrx_word' id='word_1_67' title='bbox 1277 1034 1556 1104; x_wconf 82' lang='lat' dir='ltr'><strong>scrupulo,</strong></span> <span class='ocrx_word' id='word_1_68' title='bbox 1600 1036 1770 1094; x_wconf 87' lang='lat' dir='ltr'><strong>veluti</strong></span> 
     </span>
    </p>
   </div>
   <div class='ocr_carea' id='block_1_10' title="bbox 164 1123 1773 1197">
    <p class='ocr_par' dir='ltr' id='par_1_10' title="bbox 164 1123 1773 1197">
     <span class='ocr_line' id='line_1_10' title="bbox 164 1123 1773 1197; baseline 0.005 -20"><span class='ocrx_word' id='word_1_69' title='bbox 164 1136 543 1192; x_wconf 78' lang='lat' dir='ltr'><strong>conspurcare</strong></span> <span class='ocrx_word' id='word_1_70' title='bbox 569 1136 729 1193; x_wconf 87' lang='lat' dir='ltr'><strong>posse</strong></span> <span class='ocrx_word' id='word_1_71' title='bbox 755 1131 967 1194; x_wconf 89' lang='lat' dir='ltr'><strong>putent,</strong></span> <span class='ocrx_word' id='word_1_72' title='bbox 1012 1133 1073 1179; x_wconf 91' lang='lat' dir='ltr'><strong>ut</strong></span> <span class='ocrx_word' id='word_1_73' title='bbox 1116 1123 1337 1182; x_wconf 65' lang='lat' dir='ltr'><strong>{retere</strong></span> <span class='ocrx_word' id='word_1_74' title='bbox 1371 1126 1663 1197; x_wconf 80' lang='lat' dir='ltr'><strong>incipiant;</strong></span> <span class='ocrx_word' id='word_1_75' title='bbox 1714 1137 1773 1185; x_wconf 90' lang='lat' dir='ltr'><strong>et</strong></span> 
     </span>
    </p>
   </div>
   <div class='ocr_carea' id='block_1_11' title="bbox 163 1212 1768 1287">
    <p class='ocr_par' dir='ltr' id='par_1_11' title="bbox 163 1212 1768 1287">
     <span class='ocr_line' id='line_1_11' title="bbox 163 1212 1768 1287; baseline 0.006 -22"><span class='ocrx_word' id='word_1_76' title='bbox 163 1213 268 1276; x_wconf 85' lang='lat' dir='ltr'><strong>sic,</strong></span> <span class='ocrx_word' id='word_1_77' title='bbox 308 1213 455 1282; x_wconf 91' lang='lat' dir='ltr'><strong>quod</strong></span> <span class='ocrx_word' id='word_1_78' title='bbox 479 1212 632 1282; x_wconf 87' lang='lat' dir='ltr'><strong>prius</strong></span> <span class='ocrx_word' id='word_1_79' title='bbox 682 1214 808 1270; x_wconf 88' lang='lat' dir='ltr'><strong>boni</strong></span> <span class='ocrx_word' id='word_1_80' title='bbox 851 1214 1038 1270; x_wconf 90' lang='lat' dir='ltr'><strong>oderis</strong></span> <span class='ocrx_word' id='word_1_81' title='bbox 1086 1223 1208 1272; x_wconf 89' lang='lat' dir='ltr'><strong>erat</strong></span> <span class='ocrx_word' id='word_1_82' title='bbox 1251 1223 1308 1271; x_wconf 90' lang='lat' dir='ltr'><strong>et</strong></span> <span class='ocrx_word' id='word_1_83' title='bbox 1348 1215 1768 1287; x_wconf 65' lang='lat' dir='ltr'><strong>aedificationis,</strong></span> 
     </span>
    </p>
   </div>
   <div class='ocr_carea' id='block_1_12' title="bbox 167 1305 1710 1377">
    <p class='ocr_par' dir='ltr' id='par_1_12' title="bbox 167 1305 1710 1377">
     <span class='ocr_line' id='line_1_12' title="bbox 167 1305 1710 1377; baseline 0.004 -20"><span class='ocrx_word' id='word_1_84' title='bbox 167 1320 438 1359; x_wconf 81' lang='lat' dir='ltr'><strong>nauseam</strong></span> <span class='ocrx_word' id='word_1_85' title='bbox 462 1305 704 1362; x_wconf 87' lang='lat' dir='ltr'><strong>excitare</strong></span> <span class='ocrx_word' id='word_1_86' title='bbox 732 1305 972 1377; x_wconf 86' lang='lat' dir='ltr'><strong>incipiat.</strong></span> <span class='ocrx_word' id='word_1_87' title='bbox 1706 1349 1710 1353; x_wconf 74' lang='lat'><strong>.</strong></span> 
     </span>
    </p>
   </div>
   <div class='ocr_carea' id='block_1_13' title="bbox 235 1393 1774 1469">
    <p class='ocr_par' dir='ltr' id='par_1_13' title="bbox 235 1393 1774 1469">
     <span class='ocr_line' id='line_1_13' title="bbox 235 1393 1774 1469; baseline 0.005 -20"><span class='ocrx_word' id='word_1_88' title='bbox 235 1393 520 1467; x_wconf 83' lang='lat' dir='ltr'><strong>Legantur</strong></span> <span class='ocrx_word' id='word_1_89' title='bbox 547 1396 861 1466; x_wconf 74' lang='lat' dir='ltr'><strong>Evangelia,</strong></span> <span class='ocrx_word' id='word_1_90' title='bbox 887 1398 1010 1453; x_wconf 85' lang='lat' dir='ltr'><strong>libri</strong></span> <span class='ocrx_word' id='word_1_91' title='bbox 1040 1397 1323 1469; x_wconf 84' lang='lat' dir='ltr'><strong>apostolici</strong></span> <span class='ocrx_word' id='word_1_92' title='bbox 1359 1408 1569 1457; x_wconf 87' lang='lat' dir='ltr'><strong>attente</strong></span> <span class='ocrx_word' id='word_1_93' title='bbox 1598 1402 1774 1459; x_wconf 82' lang='lat' dir='ltr'><strong>revol-</strong></span> 
     </span>
    </p>
   </div>
   <div class='ocr_carea' id='block_1_14' title="bbox 164 1486 1774 1562">
    <p class='ocr_par' dir='ltr' id='par_1_14' title="bbox 164 1486 1774 1562">
     <span class='ocr_line' id='line_1_14' title="bbox 164 1486 1774 1562; baseline 0.008 -23"><span class='ocrx_word' id='word_1_94' title='bbox 164 1495 403 1551; x_wconf 81' lang='lat' dir='ltr'><strong>vantur;</strong></span> <span class='ocrx_word' id='word_1_95' title='bbox 443 1487 520 1543; x_wconf 89' lang='lat' dir='ltr'><strong>ibi</strong></span> <span class='ocrx_word' id='word_1_96' title='bbox 567 1486 797 1560; x_wconf 77' lang='lat' dir='ltr'><strong>legimus</strong></span> <span class='ocrx_word' id='word_1_97' title='bbox 825 1506 841 1546; x_wconf 91' lang='lat'><strong>:</strong></span> <span class='ocrx_word' id='word_1_98' title='bbox 866 1488 1114 1547; x_wconf 72' lang='lat' dir='ltr'><strong>Charitas</strong></span> <span class='ocrx_word' id='word_1_99' title='bbox 1161 1508 1267 1548; x_wconf 82' lang='lat' dir='ltr'><strong>non</strong></span> <span class='ocrx_word' id='word_1_100' title='bbox 1315 1493 1620 1562; x_wconf 74' lang='lat' dir='ltr'><strong>mutatur,</strong></span> <span class='ocrx_word' id='word_1_101' title='bbox 1668 1513 1774 1556; x_wconf 86' lang='lat' dir='ltr'><strong>non</strong></span> 
     </span>
    </p>
   </div>
   <div class='ocr_carea' id='block_1_15' title="bbox 161 1577 1776 1658">
    <p class='ocr_par' dir='ltr' id='par_1_15' title="bbox 161 1577 1776 1658">
     <span class='ocr_line' id='line_1_15' title="bbox 161 1577 1776 1658; baseline 0.01 -30"><span class='ocrx_word' id='word_1_102' title='bbox 161 1577 275 1645; x_wconf 77' lang='lat' dir='ltr'><strong>agi!</strong></span> <span class='ocrx_word' id='word_1_103' title='bbox 303 1593 604 1648; x_wconf 73' lang='lat' dir='ltr'><strong>perperam,</strong></span> <span class='ocrx_word' id='word_1_104' title='bbox 632 1594 736 1635; x_wconf 88' lang='lat' dir='ltr'><strong>non</strong></span> <span class='ocrx_word' id='word_1_105' title='bbox 763 1581 960 1652; x_wconf 83' lang='lat' dir='ltr'><strong>cogitat</strong></span> <span class='ocrx_word' id='word_1_106' title='bbox 984 1581 1183 1638; x_wconf 80' lang='lat' dir='ltr'><strong>malum</strong></span> <span class='ocrx_word' id='word_1_107' title='bbox 1215 1582 1303 1656; x_wconf 96' lang='grc'><strong><em>(11</em></strong></span> <span class='ocrx_word' id='word_1_108' title='bbox 1345 1583 1472 1641; x_wconf 81' lang='lat' dir='ltr'><strong>Cor.</strong></span> <span class='ocrx_word' id='word_1_109' title='bbox 1523 1588 1666 1658; x_wconf 89' lang='lat' dir='ltr'><strong>xm),</strong></span> <span class='ocrx_word' id='word_1_110' title='bbox 1719 1598 1776 1646; x_wconf 89' lang='lat' dir='ltr'><strong>et</strong></span> 
     </span>
    </p>
   </div>
   <div class='ocr_carea' id='block_1_16' title="bbox 163 1667 1775 1744">
    <p class='ocr_par' dir='ltr' id='par_1_16' title="bbox 163 1667 1775 1744">
     <span class='ocr_line' id='line_1_16' title="bbox 163 1667 1775 1744; baseline 0.011 -25"><span class='ocrx_word' id='word_1_111' title='bbox 163 1667 271 1721; x_wconf 84' lang='lat' dir='ltr'><strong>alia</strong></span> <span class='ocrx_word' id='word_1_112' title='bbox 306 1667 468 1737; x_wconf 90' lang='lat' dir='ltr'><strong>plura</strong></span> <span class='ocrx_word' id='word_1_113' title='bbox 497 1669 717 1726; x_wconf 85' lang='lat' dir='ltr'><strong>similia.</strong></span> <span class='ocrx_word' id='word_1_114' title='bbox 747 1669 856 1729; x_wconf 85' lang='lat' dir='ltr'><strong>Sed</strong></span> <span class='ocrx_word' id='word_1_115' title='bbox 882 1673 1019 1728; x_wconf 89' lang='lat' dir='ltr'><strong>nihil</strong></span> <span class='ocrx_word' id='word_1_116' title='bbox 1061 1673 1405 1744; x_wconf 81' lang='lat' dir='ltr'><strong>reperiemus</strong></span> <span class='ocrx_word' id='word_1_117' title='bbox 1456 1678 1599 1734; x_wconf 86' lang='lat' dir='ltr'><strong>unde</strong></span> <span class='ocrx_word' id='word_1_118' title='bbox 1652 1680 1775 1736; x_wconf 91' lang='lat' dir='ltr'><strong>lici-</strong></span> 
     </span>
    </p>
   </div>
   <div class='ocr_carea' id='block_1_17' title="bbox 165 1761 1776 1838">
    <p class='ocr_par' dir='ltr' id='par_1_17' title="bbox 165 1761 1776 1838">
     <span class='ocr_line' id='line_1_17' title="bbox 165 1761 1776 1838; baseline 0.011 -26"><span class='ocrx_word' id='word_1_119' title='bbox 165 1769 280 1812; x_wconf 88' lang='lat' dir='ltr'><strong>tum</strong></span> <span class='ocrx_word' id='word_1_120' title='bbox 306 1773 440 1817; x_wconf 88' lang='lat' dir='ltr'><strong>esse</strong></span> <span class='ocrx_word' id='word_1_121' title='bbox 461 1761 763 1832; x_wconf 84' lang='lat' dir='ltr'><strong>probetur,</strong></span> <span class='ocrx_word' id='word_1_122' title='bbox 810 1762 1012 1820; x_wconf 87' lang='lat' dir='ltr'><strong>famam</strong></span> <span class='ocrx_word' id='word_1_123' title='bbox 1046 1765 1283 1837; x_wconf 79' lang='lat' dir='ltr'><strong>proximi</strong></span> <span class='ocrx_word' id='word_1_124' title='bbox 1337 1765 1568 1838; x_wconf 70' lang='lat' dir='ltr'><strong>laedere,</strong></span> <span class='ocrx_word' id='word_1_125' title='bbox 1612 1779 1670 1827; x_wconf 91' lang='lat' dir='ltr'><strong>et</strong></span> <span class='ocrx_word' id='word_1_126' title='bbox 1717 1781 1776 1830; x_wconf 93' lang='lat' dir='ltr'><strong>ut</strong></span> 
     </span>
    </p>
   </div>
   <div class='ocr_carea' id='block_1_18' title="bbox 1866 571 3474 648">
    <p class='ocr_par' dir='ltr' id='par_1_18' title="bbox 1866 571 3474 648">
     <span class='ocr_line' id='line_1_18' title="bbox 1866 571 3474 648; baseline 0.008 -22"><span class='ocrx_word' id='word_1_127' title='bbox 1866 579 1924 626; x_wconf 91' lang='lat' dir='ltr'><strong>et</strong></span> <span class='ocrx_word' id='word_1_128' title='bbox 1941 571 2151 626; x_wconf 85' lang='lat' dir='ltr'><strong>sincere</strong></span> <span class='ocrx_word' id='word_1_129' title='bbox 2163 571 2417 642; x_wconf 82' lang='lat' dir='ltr'><strong>proferri,</strong></span> <span class='ocrx_word' id='word_1_130' title='bbox 2437 578 2489 629; x_wconf 92' lang='lat' dir='ltr'><strong>in</strong></span> <span class='ocrx_word' id='word_1_131' title='bbox 2511 574 2679 631; x_wconf 87' lang='lat' dir='ltr'><strong>nihilo</strong></span> <span class='ocrx_word' id='word_1_132' title='bbox 2695 576 2993 648; x_wconf 89' lang='lat' dir='ltr'><strong>nobisipsis</strong></span> <span class='ocrx_word' id='word_1_133' title='bbox 3015 581 3312 648; x_wconf 85' lang='lat' dir='ltr'><strong>parcendo,</strong></span> <span class='ocrx_word' id='word_1_134' title='bbox 3337 585 3474 639; x_wconf 88' lang='lat' dir='ltr'><strong>nihil</strong></span> 
     </span>
    </p>
   </div>
   <div class='ocr_carea' id='block_1_19' title="bbox 1877 663 3474 746">
    <p class='ocr_par' dir='ltr' id='par_1_19' title="bbox 1877 663 3474 746">
     <span class='ocr_line' id='line_1_19' title="bbox 1877 663 3474 746; baseline 0.007 -26"><span class='ocrx_word' id='word_1_135' title='bbox 1877 663 2322 729; x_wconf 65' lang='lat' dir='ltr'><strong>ochdtando,sed</strong></span> <span class='ocrx_word' id='word_1_136' title='bbox 2334 667 2513 736; x_wconf 87' lang='lat' dir='ltr'><strong>petius</strong></span> <span class='ocrx_word' id='word_1_137' title='bbox 2526 669 3078 741; x_wconf 85' lang='lat' dir='ltr'><strong>uesipsos(quantum</strong></span> <span class='ocrx_word' id='word_1_138' title='bbox 3091 673 3474 746; x_wconf 84' lang='lat' dir='ltr'><strong>vcritas,justi-</strong></span> 
     </span>
    </p>
   </div>
   <div class='ocr_carea' id='block_1_20' title="bbox 1869 754 3475 837">
    <p class='ocr_par' dir='ltr' id='par_1_20' title="bbox 1869 754 3475 837">
     <span class='ocr_line' id='line_1_20' title="bbox 1869 754 3475 837; baseline 0.009 -27"><span class='ocrx_word' id='word_1_139' title='bbox 1869 754 1946 811; x_wconf 88' lang='lat' dir='ltr'><strong>tia</strong></span> <span class='ocrx_word' id='word_1_140' title='bbox 1959 764 2016 811; x_wconf 88' lang='lat' dir='ltr'><strong>et</strong></span> <span class='ocrx_word' id='word_1_141' title='bbox 2033 757 2274 813; x_wconf 79' lang='lat' dir='ltr'><strong>cbaritas</strong></span> <span class='ocrx_word' id='word_1_142' title='bbox 2295 759 2636 830; x_wconf 89' lang='lat' dir='ltr'><strong>permittunt)</strong></span> <span class='ocrx_word' id='word_1_143' title='bbox 2662 762 2784 816; x_wconf 88' lang='lat' dir='ltr'><strong>data</strong></span> <span class='ocrx_word' id='word_1_144' title='bbox 2806 762 3096 818; x_wconf 85' lang='lat' dir='ltr'><strong>occasione</strong></span> <span class='ocrx_word' id='word_1_145' title='bbox 3117 762 3475 837; x_wconf 77' lang='lat' dir='ltr'><strong>objurganda.</strong></span> 
     </span>
    </p>
   </div>
   <div class='ocr_carea' id='block_1_21' title="bbox 1939 845 3472 924">
    <p class='ocr_par' dir='ltr' id='par_1_21' title="bbox 1939 845 3472 924">
     <span class='ocr_line' id='line_1_21' title="bbox 1939 845 3472 924; baseline 0.006 -22"><span class='ocrx_word' id='word_1_146' title='bbox 1939 845 2156 902; x_wconf 85' lang='lat' dir='ltr'><strong>Absita</strong></span> <span class='ocrx_word' id='word_1_147' title='bbox 2188 847 2348 923; x_wconf 89' lang='lat' dir='ltr'><strong>nobis</strong></span> <span class='ocrx_word' id='word_1_148' title='bbox 2371 851 2818 917; x_wconf 82' lang='lat' dir='ltr'><strong>utsanctitatcm</strong></span> <span class='ocrx_word' id='word_1_149' title='bbox 2873 850 3047 919; x_wconf 81' lang='lat' dir='ltr'><strong>illam,</strong></span> <span class='ocrx_word' id='word_1_150' title='bbox 3103 869 3225 924; x_wconf 72' lang='lat' dir='ltr'><strong>qua:</strong></span> <span class='ocrx_word' id='word_1_151' title='bbox 3273 857 3472 911; x_wconf 90' lang='lat' dir='ltr'><strong>merito</strong></span> 
     </span>
    </p>
   </div>
   <div class='ocr_carea' id='block_1_22' title="bbox 1869 939 3474 1010">
    <p class='ocr_par' dir='ltr' id='par_1_22' title="bbox 1869 939 3474 1010">
     <span class='ocr_line' id='line_1_22' title="bbox 1869 939 3474 1010; baseline 0.005 -16"><span class='ocrx_word' id='word_1_152' title='bbox 1869 939 2063 1010; x_wconf 88' lang='lat' dir='ltr'><strong>primis</strong></span> <span class='ocrx_word' id='word_1_153' title='bbox 2111 940 2366 997; x_wconf 77' lang='lat' dir='ltr'><strong>Patribus</strong></span> <span class='ocrx_word' id='word_1_154' title='bbox 2416 943 2621 1000; x_wconf 87' lang='lat' dir='ltr'><strong>nostris</strong></span> <span class='ocrx_word' id='word_1_155' title='bbox 2665 944 2965 1010; x_wconf 88' lang='lat' dir='ltr'><strong>tribuitur,</strong></span> <span class='ocrx_word' id='word_1_156' title='bbox 3016 946 3175 1002; x_wconf 88' lang='lat' dir='ltr'><strong>nobis</strong></span> <span class='ocrx_word' id='word_1_157' title='bbox 3242 946 3474 1002; x_wconf 83' lang='lat' dir='ltr'><strong>velimus</strong></span> 
     </span>
    </p>
   </div>
   <div class='ocr_carea' id='block_1_23' title="bbox 1870 1033 3475 1109">
    <p class='ocr_par' dir='ltr' id='par_1_23' title="bbox 1870 1033 3475 1109">
     <span class='ocr_line' id='line_1_23' title="bbox 1870 1033 3475 1109; baseline 0.005 -22"><span class='ocrx_word' id='word_1_158' title='bbox 1870 1047 2164 1102; x_wconf 87' lang='lat' dir='ltr'><strong>usurpare;</strong></span> <span class='ocrx_word' id='word_1_159' title='bbox 2189 1033 2286 1090; x_wconf 89' lang='lat' dir='ltr'><strong>sed</strong></span> <span class='ocrx_word' id='word_1_160' title='bbox 2314 1034 2369 1089; x_wconf 91' lang='lat' dir='ltr'><strong>id</strong></span> <span class='ocrx_word' id='word_1_161' title='bbox 2397 1043 2604 1090; x_wconf 87' lang='lat' dir='ltr'><strong>tantum</strong></span> <span class='ocrx_word' id='word_1_162' title='bbox 2626 1035 3019 1095; x_wconf 88' lang='lat' dir='ltr'><strong>nebisconcedi</strong></span> <span class='ocrx_word' id='word_1_163' title='bbox 3046 1037 3304 1108; x_wconf 85' lang='lat' dir='ltr'><strong>petimus,</strong></span> <span class='ocrx_word' id='word_1_164' title='bbox 3327 1041 3475 1109; x_wconf 90' lang='lat' dir='ltr'><strong>quod</strong></span> 
     </span>
    </p>
   </div>
   <div class='ocr_carea' id='block_1_24' title="bbox 1872 1123 3475 1202">
    <p class='ocr_par' dir='ltr' id='par_1_24' title="bbox 1872 1123 3475 1202">
     <span class='ocr_line' id='line_1_24' title="bbox 1872 1123 3475 1202; baseline 0.004 -24"><span class='ocrx_word' id='word_1_165' title='bbox 1872 1138 1904 1178; x_wconf 92' lang='lat' dir='ltr'><strong>a</strong></span> <span class='ocrx_word' id='word_1_166' title='bbox 1939 1123 2180 1190; x_wconf 85' lang='lat' dir='ltr'><strong>nemine,</strong></span> <span class='ocrx_word' id='word_1_167' title='bbox 2216 1125 2309 1194; x_wconf 90' lang='lat' dir='ltr'><strong>qui</strong></span> <span class='ocrx_word' id='word_1_168' title='bbox 2331 1125 2559 1196; x_wconf 69' lang='lat' dir='ltr'><strong>iustitiae</strong></span> <span class='ocrx_word' id='word_1_169' title='bbox 2583 1141 2710 1183; x_wconf 87' lang='lat' dir='ltr'><strong>osor</strong></span> <span class='ocrx_word' id='word_1_170' title='bbox 2748 1143 2854 1182; x_wconf 92' lang='lat' dir='ltr'><strong>non</strong></span> <span class='ocrx_word' id='word_1_171' title='bbox 2905 1128 3002 1197; x_wconf 89' lang='lat' dir='ltr'><strong>sit,</strong></span> <span class='ocrx_word' id='word_1_172' title='bbox 3042 1137 3221 1202; x_wconf 84' lang='lat' dir='ltr'><strong>potest</strong></span> <span class='ocrx_word' id='word_1_173' title='bbox 3261 1131 3475 1202; x_wconf 70' lang='lat' dir='ltr'><strong>negari,</strong></span> 
     </span>
    </p>
   </div>
   <div class='ocr_carea' id='block_1_25' title="bbox 1871 1218 3473 1289">
    <p class='ocr_par' dir='ltr' id='par_1_25' title="bbox 1871 1218 3473 1289">
     <span class='ocr_line' id='line_1_25' title="bbox 1871 1218 3473 1289; baseline 0.003 -17"><span class='ocrx_word' id='word_1_174' title='bbox 1871 1231 2069 1287; x_wconf 88' lang='lat' dir='ltr'><strong>nempe</strong></span> <span class='ocrx_word' id='word_1_175' title='bbox 2099 1226 2162 1273; x_wconf 91' lang='lat' dir='ltr'><strong>ut</strong></span> <span class='ocrx_word' id='word_1_176' title='bbox 2183 1218 2402 1288; x_wconf 89' lang='lat' dir='ltr'><strong>corpori</strong></span> <span class='ocrx_word' id='word_1_177' title='bbox 2431 1219 2641 1275; x_wconf 82' lang='lat' dir='ltr'><strong>ordinis</strong></span> <span class='ocrx_word' id='word_1_178' title='bbox 2668 1228 2724 1276; x_wconf 88' lang='lat' dir='ltr'><strong>et</strong></span> <span class='ocrx_word' id='word_1_179' title='bbox 2761 1221 2979 1285; x_wconf 67' lang='lat' dir='ltr'><strong>animae,</strong></span> <span class='ocrx_word' id='word_1_180' title='bbox 3030 1229 3092 1280; x_wconf 83' lang='lat' dir='ltr'><strong>ut</strong></span> <span class='ocrx_word' id='word_1_181' title='bbox 3138 1221 3216 1277; x_wconf 89' lang='lat' dir='ltr'><strong>ita</strong></span> <span class='ocrx_word' id='word_1_182' title='bbox 3268 1224 3473 1289; x_wconf 87' lang='lat' dir='ltr'><strong>dicam,</strong></span> 
     </span>
    </p>
   </div>
   <div class='ocr_carea' id='block_1_26' title="bbox 1875 1309 3476 1386">
    <p class='ocr_par' dir='ltr' id='par_1_26' title="bbox 1875 1309 3476 1386">
     <span class='ocr_line' id='line_1_26' title="bbox 1875 1309 3476 1386; baseline 0.004 -22"><span class='ocrx_word' id='word_1_183' title='bbox 1875 1309 2110 1366; x_wconf 82' lang='lat' dir='ltr'><strong>instituti</strong></span> <span class='ocrx_word' id='word_1_184' title='bbox 2157 1311 2330 1367; x_wconf 87' lang='lat' dir='ltr'><strong>nostri</strong></span> <span class='ocrx_word' id='word_1_185' title='bbox 2375 1326 2482 1368; x_wconf 90' lang='lat' dir='ltr'><strong>non</strong></span> <span class='ocrx_word' id='word_1_186' title='bbox 2541 1312 2876 1382; x_wconf 83' lang='lat' dir='ltr'><strong>imputetur,</strong></span> <span class='ocrx_word' id='word_1_187' title='bbox 2919 1314 3068 1384; x_wconf 87' lang='lat' dir='ltr'><strong>quod</strong></span> <span class='ocrx_word' id='word_1_188' title='bbox 3117 1313 3476 1386; x_wconf 76' lang='lat' dir='ltr'><strong>singularium</strong></span> 
     </span>
    </p>
   </div>
   <div class='ocr_carea' id='block_1_27' title="bbox 1873 1402 3476 1475">
    <p class='ocr_par' dir='ltr' id='par_1_27' title="bbox 1873 1402 3476 1475">
     <span class='ocr_line' id='line_1_27' title="bbox 1873 1402 3476 1475; baseline 0.004 -18"><span class='ocrx_word' id='word_1_189' title='bbox 1873 1415 2232 1471; x_wconf 91' lang='lat' dir='ltr'><strong>personarum</strong></span> <span class='ocrx_word' id='word_1_190' title='bbox 2254 1402 2430 1472; x_wconf 92' lang='lat' dir='ltr'><strong>culpis</strong></span> <span class='ocrx_word' id='word_1_191' title='bbox 2453 1412 2663 1458; x_wconf 87' lang='lat' dir='ltr'><strong>tantum</strong></span> <span class='ocrx_word' id='word_1_192' title='bbox 2683 1403 2933 1470; x_wconf 89' lang='lat' dir='ltr'><strong>debetur,</strong></span> <span class='ocrx_word' id='word_1_193' title='bbox 2955 1420 2984 1460; x_wconf 90' lang='lat' dir='ltr'><strong>a</strong></span> <span class='ocrx_word' id='word_1_194' title='bbox 3009 1405 3208 1475; x_wconf 88' lang='lat' dir='ltr'><strong>quibus</strong></span> <span class='ocrx_word' id='word_1_195' title='bbox 3222 1407 3476 1464; x_wconf 87' lang='lat' dir='ltr'><strong>ordinem</strong></span> 
     </span>
    </p>
   </div>
   <div class='ocr_carea' id='block_1_28' title="bbox 1874 1494 3479 1580">
    <p class='ocr_par' dir='ltr' id='par_1_28' title="bbox 1874 1494 3479 1580">
     <span class='ocr_line' id='line_1_28' title="bbox 1874 1494 3479 1580; baseline 0.002 -30"><span class='ocrx_word' id='word_1_196' title='bbox 1874 1510 1977 1552; x_wconf 84' lang='lat' dir='ltr'><strong>nec</strong></span> <span class='ocrx_word' id='word_1_197' title='bbox 2011 1496 2129 1566; x_wconf 83' lang='lat' dir='ltr'><strong>ipse</strong></span> <span class='ocrx_word' id='word_1_198' title='bbox 2155 1496 2438 1552; x_wconf 88' lang='lat' dir='ltr'><strong>reverendi</strong></span> <span class='ocrx_word' id='word_1_199' title='bbox 2469 1495 2647 1552; x_wconf 86' lang='lat' dir='ltr'><strong>Patris</strong></span> <span class='ocrx_word' id='word_1_200' title='bbox 2692 1494 2959 1565; x_wconf 86' lang='lat' dir='ltr'><strong>Guigenis</strong></span> <span class='ocrx_word' id='word_1_201' title='bbox 2999 1506 3248 1580; x_wconf 73' lang='lat' dir='ltr'><strong>tempore</strong></span> <span class='ocrx_word' id='word_1_202' title='bbox 3293 1515 3479 1557; x_wconf 77' lang='lat' dir='ltr'><strong>axem.</strong></span> 
     </span>
    </p>
   </div>
   <div class='ocr_carea' id='block_1_29' title="bbox 1875 1585 3478 1657">
    <p class='ocr_par' dir='ltr' id='par_1_29' title="bbox 1875 1585 3478 1657">
     <span class='ocr_line' id='line_1_29' title="bbox 1875 1585 3478 1657; baseline 0.002 -18"><span class='ocrx_word' id='word_1_203' title='bbox 1875 1595 2027 1657; x_wconf 89' lang='lat' dir='ltr'><strong>ptum</strong></span> <span class='ocrx_word' id='word_1_204' title='bbox 2059 1585 2224 1641; x_wconf 87' lang='lat' dir='ltr'><strong>fuisse</strong></span> <span class='ocrx_word' id='word_1_205' title='bbox 2254 1586 2526 1642; x_wconf 82' lang='lat' dir='ltr'><strong>constabit</strong></span> <span class='ocrx_word' id='word_1_206' title='bbox 2553 1600 2618 1641; x_wconf 84' lang='lat' dir='ltr'><strong>ex</strong></span> <span class='ocrx_word' id='word_1_207' title='bbox 2645 1599 2767 1656; x_wconf 86' lang='lat' dir='ltr'><strong>cap.</strong></span> <span class='ocrx_word' id='word_1_208' title='bbox 2789 1585 2859 1638; x_wconf 84' lang='grc' dir='ltr'><strong>’Π</strong></span> <span class='ocrx_word' id='word_1_209' title='bbox 2899 1585 3127 1641; x_wconf 88' lang='lat' dir='ltr'><strong>istarum</strong></span> <span class='ocrx_word' id='word_1_210' title='bbox 3173 1587 3478 1646; x_wconf 87' lang='lat' dir='ltr'><strong>Censuetu-</strong></span> 
     </span>
    </p>
   </div>
   <div class='ocr_carea' id='block_1_30' title="bbox 1876 1675 3477 1748">
    <p class='ocr_par' dir='ltr' id='par_1_30' title="bbox 1876 1675 3477 1748">
     <span class='ocr_line' id='line_1_30' title="bbox 1876 1675 3477 1748; baseline 0.001 -14"><span class='ocrx_word' id='word_1_211' title='bbox 1876 1677 2086 1734; x_wconf 90' lang='lat' dir='ltr'><strong>dinum.</strong></span> <span class='ocrx_word' id='word_1_212' title='bbox 2117 1677 2368 1733; x_wconf 88' lang='lat' dir='ltr'><strong>Clamcnt</strong></span> <span class='ocrx_word' id='word_1_213' title='bbox 2397 1687 2661 1748; x_wconf 91' lang='lat' dir='ltr'><strong>quantum</strong></span> <span class='ocrx_word' id='word_1_214' title='bbox 2683 1675 2873 1741; x_wconf 83' lang='lat' dir='ltr'><strong>velint,</strong></span> <span class='ocrx_word' id='word_1_215' title='bbox 2904 1675 3076 1745; x_wconf 88' lang='lat' dir='ltr'><strong>Tolle,</strong></span> <span class='ocrx_word' id='word_1_216' title='bbox 3113 1677 3259 1744; x_wconf 90' lang='lat' dir='ltr'><strong>tolle,</strong></span> <span class='ocrx_word' id='word_1_217' title='bbox 3287 1688 3477 1736; x_wconf 81' lang='lat' dir='ltr'><strong>contra</strong></span> 
     </span>
    </p>
   </div>
   <div class='ocr_carea' id='block_1_31' title="bbox 1877 1767 3480 1840">
    <p class='ocr_par' dir='ltr' id='par_1_31' title="bbox 1877 1767 3480 1840">
     <span class='ocr_line' id='line_1_31' title="bbox 1877 1767 3480 1840; baseline 0.001 -16"><span class='ocrx_word' id='word_1_218' title='bbox 1877 1775 2211 1824; x_wconf 88' lang='lat' dir='ltr'><strong>statutorum</strong></span> <span class='ocrx_word' id='word_1_219' title='bbox 2236 1767 2447 1824; x_wconf 90' lang='lat' dir='ltr'><strong>ordinis</strong></span> <span class='ocrx_word' id='word_1_220' title='bbox 2471 1776 2907 1838; x_wconf 85' lang='lat' dir='ltr'><strong>transgressores</strong></span> <span class='ocrx_word' id='word_1_221' title='bbox 2932 1775 2984 1824; x_wconf 85' lang='lat' dir='ltr'><strong>et</strong></span> <span class='ocrx_word' id='word_1_222' title='bbox 3029 1767 3101 1824; x_wconf 88' lang='lat' dir='ltr'><strong>ab</strong></span> <span class='ocrx_word' id='word_1_223' title='bbox 3137 1767 3260 1838; x_wconf 87' lang='lat' dir='ltr'><strong>ejus</strong></span> <span class='ocrx_word' id='word_1_224' title='bbox 3283 1770 3480 1840; x_wconf 84' lang='lat' dir='ltr'><strong>spiritu</strong></span> 
     </span>
    </p>
   </div>
   <div class='ocr_carea' id='block_1_32' title="bbox 163 1846 1772 1934">
    <p class='ocr_par' dir='ltr' id='par_1_32' title="bbox 163 1849 1772 1934">
     <span class='ocr_line' id='line_1_32' title="bbox 163 1849 1772 1934; baseline 0.009 -30"><span class='ocrx_word' id='word_1_225' title='bbox 163 1849 329 1922; x_wconf 87' lang='lat' dir='ltr'><strong>longe</strong></span> <span class='ocrx_word' id='word_1_226' title='bbox 355 1852 578 1924; x_wconf 83' lang='lat' dir='ltr'><strong>lateque</strong></span> <span class='ocrx_word' id='word_1_227' title='bbox 603 1853 723 1924; x_wconf 80' lang='lat' dir='ltr'><strong>ejus</strong></span> <span class='ocrx_word' id='word_1_228' title='bbox 747 1854 994 1914; x_wconf 88' lang='lat' dir='ltr'><strong>defectus</strong></span> <span class='ocrx_word' id='word_1_229' title='bbox 1026 1858 1144 1915; x_wconf 87' lang='lat' dir='ltr'><strong>sive</strong></span> <span class='ocrx_word' id='word_1_230' title='bbox 1171 1859 1286 1915; x_wconf 83' lang='lat' dir='ltr'><strong>veri</strong></span> <span class='ocrx_word' id='word_1_231' title='bbox 1311 1861 1429 1916; x_wconf 86' lang='lat' dir='ltr'><strong>sive</strong></span> <span class='ocrx_word' id='word_1_232' title='bbox 1447 1859 1572 1918; x_wconf 81' lang='lat' dir='ltr'><strong>falsi</strong></span> <span class='ocrx_word' id='word_1_233' title='bbox 1618 1877 1772 1934; x_wconf 84' lang='lat' dir='ltr'><strong>spar-</strong></span> 
     </span>
    </p>
   </div>
   <div class='ocr_carea' id='block_1_33' title="bbox 1880 1846 3478 1934">
    <p class='ocr_par' dir='ltr' id='par_1_33' title="bbox 1880 1856 3478 1927">
     <span class='ocr_line' id='line_1_33' title="bbox 1880 1856 3478 1927; baseline 0.003 -14"><span class='ocrx_word' id='word_1_234' title='bbox 1880 1856 2213 1927; x_wconf 84' lang='lat' dir='ltr'><strong>aberrantes,</strong></span> <span class='ocrx_word' id='word_1_235' title='bbox 2243 1872 2352 1914; x_wconf 88' lang='lat' dir='ltr'><strong>non</strong></span> <span class='ocrx_word' id='word_1_236' title='bbox 2386 1859 2719 1926; x_wconf 88' lang='lat' dir='ltr'><strong>abnuemus;</strong></span> <span class='ocrx_word' id='word_1_237' title='bbox 2755 1858 2853 1916; x_wconf 89' lang='lat' dir='ltr'><strong>sed</strong></span> <span class='ocrx_word' id='word_1_238' title='bbox 2880 1867 2937 1915; x_wconf 92' lang='lat' dir='ltr'><strong>et</strong></span> <span class='ocrx_word' id='word_1_239' title='bbox 2975 1859 3435 1919; x_wconf 77' lang='lat' dir='ltr'><strong>succlamabilhus</strong></span> <span class='ocrx_word' id='word_1_240' title='bbox 3459 1880 3478 1918; x_wconf 87' lang='lat'><strong>:</strong></span> 
     </span>
    </p>
   </div>
   <div class='ocr_carea' id='block_1_34' title="bbox 164 1946 1776 2026">
    <p class='ocr_par' dir='ltr' id='par_1_34' title="bbox 164 1946 1776 2026">
     <span class='ocr_line' id='line_1_34' title="bbox 164 1946 1776 2026; baseline 0.008 -29"><span class='ocrx_word' id='word_1_241' title='bbox 164 1952 398 2012; x_wconf 85' lang='lat' dir='ltr'><strong>gantur,</strong></span> <span class='ocrx_word' id='word_1_242' title='bbox 425 1946 588 2016; x_wconf 80' lang='lat' dir='ltr'><strong>quasi</strong></span> <span class='ocrx_word' id='word_1_243' title='bbox 638 1961 806 2018; x_wconf 85' lang='lat' dir='ltr'><strong>super</strong></span> <span class='ocrx_word' id='word_1_244' title='bbox 833 1956 976 2006; x_wconf 90' lang='lat' dir='ltr'><strong>tecta</strong></span> <span class='ocrx_word' id='word_1_245' title='bbox 1003 1949 1324 2009; x_wconf 86' lang='lat' dir='ltr'><strong>ascendere.</strong></span> <span class='ocrx_word' id='word_1_246' title='bbox 1367 1952 1437 2010; x_wconf 81' lang='lat' dir='ltr'><strong>Si</strong></span> <span class='ocrx_word' id='word_1_247' title='bbox 1490 1954 1572 2010; x_wconf 88' lang='lat' dir='ltr'><strong>sic</strong></span> <span class='ocrx_word' id='word_1_248' title='bbox 1607 1968 1776 2026; x_wconf 85' lang='lat' dir='ltr'><strong>agere</strong></span> 
     </span>
    </p>
   </div>
   <div class='ocr_carea' id='block_1_35' title="bbox 166 2033 1775 2114">
    <p class='ocr_par' dir='ltr' id='par_1_35' title="bbox 166 2033 1775 2114">
     <span class='ocr_line' id='line_1_35' title="bbox 166 2033 1775 2114; baseline 0.009 -26"><span class='ocrx_word' id='word_1_249' title='bbox 166 2049 293 2090; x_wconf 89' lang='lat' dir='ltr'><strong>cum</strong></span> <span class='ocrx_word' id='word_1_250' title='bbox 319 2036 589 2108; x_wconf 80' lang='lat' dir='ltr'><strong>singulari</strong></span> <span class='ocrx_word' id='word_1_251' title='bbox 612 2033 846 2108; x_wconf 88' lang='lat' dir='ltr'><strong>persona</strong></span> <span class='ocrx_word' id='word_1_252' title='bbox 878 2039 1126 2097; x_wconf 90' lang='lat' dir='ltr'><strong>illicitum</strong></span> <span class='ocrx_word' id='word_1_253' title='bbox 1149 2057 1273 2100; x_wconf 88' lang='lat' dir='ltr'><strong>esse</strong></span> <span class='ocrx_word' id='word_1_254' title='bbox 1307 2043 1608 2114; x_wconf 67' lang='lat' dir='ltr'><strong>Scriptura:</strong></span> <span class='ocrx_word' id='word_1_255' title='bbox 1645 2061 1775 2102; x_wconf 88' lang='lat' dir='ltr'><strong>san-</strong></span> 
     </span>
    </p>
   </div>
   <div class='ocr_carea' id='block_1_36' title="bbox 165 2128 1776 2207">
    <p class='ocr_par' dir='ltr' id='par_1_36' title="bbox 165 2128 1776 2207">
     <span class='ocr_line' id='line_1_36' title="bbox 165 2128 1776 2207; baseline 0.009 -27"><span class='ocrx_word' id='word_1_256' title='bbox 165 2135 270 2180; x_wconf 81' lang='lat' dir='ltr'><strong>ctae</strong></span> <span class='ocrx_word' id='word_1_257' title='bbox 299 2128 626 2195; x_wconf 89' lang='lat' dir='ltr'><strong>decernant,</strong></span> <span class='ocrx_word' id='word_1_258' title='bbox 653 2129 787 2200; x_wconf 91' lang='lat' dir='ltr'><strong>quid</strong></span> <span class='ocrx_word' id='word_1_259' title='bbox 817 2130 884 2188; x_wconf 92' lang='lat' dir='ltr'><strong>de</strong></span> <span class='ocrx_word' id='word_1_260' title='bbox 902 2135 1318 2201; x_wconf 84' lang='lat' dir='ltr'><strong>communitate,</strong></span> <span class='ocrx_word' id='word_1_261' title='bbox 1341 2137 1474 2207; x_wconf 90' lang='lat' dir='ltr'><strong>quid</strong></span> <span class='ocrx_word' id='word_1_262' title='bbox 1496 2138 1563 2192; x_wconf 91' lang='lat' dir='ltr'><strong>de</strong></span> <span class='ocrx_word' id='word_1_263' title='bbox 1583 2137 1776 2194; x_wconf 86' lang='lat' dir='ltr'><strong>ordine</strong></span> 
     </span>
    </p>
   </div>
   <div class='ocr_carea' id='block_1_37' title="bbox 167 2219 1646 2296">
    <p class='ocr_par' dir='ltr' id='par_1_37' title="bbox 167 2219 1646 2296">
     <span class='ocr_line' id='line_1_37' title="bbox 167 2219 1646 2296; baseline 0.007 -23"><span class='ocrx_word' id='word_1_264' title='bbox 167 2219 408 2292; x_wconf 88' lang='lat' dir='ltr'><strong>integro,</strong></span> <span class='ocrx_word' id='word_1_265' title='bbox 437 2219 597 2290; x_wconf 83' lang='lat' dir='ltr'><strong>cujus</strong></span> <span class='ocrx_word' id='word_1_266' title='bbox 625 2221 768 2277; x_wconf 90' lang='lat' dir='ltr'><strong>fama</strong></span> <span class='ocrx_word' id='word_1_267' title='bbox 793 2222 1003 2296; x_wconf 87' lang='lat' dir='ltr'><strong>integra</strong></span> <span class='ocrx_word' id='word_1_268' title='bbox 1033 2234 1141 2292; x_wconf 89' lang='lat' dir='ltr'><strong>est,</strong></span> <span class='ocrx_word' id='word_1_269' title='bbox 1163 2227 1494 2284; x_wconf 91' lang='lat' dir='ltr'><strong>censendum</strong></span> <span class='ocrx_word' id='word_1_270' title='bbox 1527 2229 1646 2283; x_wconf 84' lang='lat' dir='ltr'><strong>est?</strong></span> 
     </span>
    </p>
   </div>
   <div class='ocr_carea' id='block_1_38' title="bbox 235 2310 1776 2392">
    <p class='ocr_par' dir='ltr' id='par_1_38' title="bbox 235 2310 1776 2392">
     <span class='ocr_line' id='line_1_38' title="bbox 235 2310 1776 2392; baseline 0.008 -27"><span class='ocrx_word' id='word_1_271' title='bbox 235 2310 453 2367; x_wconf 86' lang='lat' dir='ltr'><strong>Christi</strong></span> <span class='ocrx_word' id='word_1_272' title='bbox 475 2321 530 2368; x_wconf 92' lang='lat' dir='ltr'><strong>et</strong></span> <span class='ocrx_word' id='word_1_273' title='bbox 559 2327 843 2369; x_wconf 87' lang='lat' dir='ltr'><strong>sacrarum</strong></span> <span class='ocrx_word' id='word_1_274' title='bbox 874 2313 1280 2387; x_wconf 88' lang='lat' dir='ltr'><strong>Scripturarum</strong></span> <span class='ocrx_word' id='word_1_275' title='bbox 1305 2333 1529 2375; x_wconf 88' lang='lat' dir='ltr'><strong>sensum</strong></span> <span class='ocrx_word' id='word_1_276' title='bbox 1581 2335 1776 2392; x_wconf 88' lang='lat' dir='ltr'><strong>seque-</strong></span> 
     </span>
    </p>
   </div>
   <div class='ocr_carea' id='block_1_39' title="bbox 167 2401 1775 2486">
    <p class='ocr_par' dir='ltr' id='par_1_39' title="bbox 167 2401 1775 2486">
     <span class='ocr_line' id='line_1_39' title="bbox 167 2401 1775 2486; baseline 0.008 -30"><span class='ocrx_word' id='word_1_277' title='bbox 167 2401 333 2457; x_wconf 85' lang='lat' dir='ltr'><strong>batur</strong></span> <span class='ocrx_word' id='word_1_278' title='bbox 381 2403 445 2458; x_wconf 88' lang='lat' dir='ltr'><strong>D.</strong></span> <span class='ocrx_word' id='word_1_279' title='bbox 479 2403 740 2473; x_wconf 86' lang='lat' dir='ltr'><strong>Thomas,</strong></span> <span class='ocrx_word' id='word_1_280' title='bbox 792 2405 922 2462; x_wconf 92' lang='lat' dir='ltr'><strong>dum</strong></span> <span class='ocrx_word' id='word_1_281' title='bbox 971 2408 1346 2482; x_wconf 90' lang='lat' dir='ltr'><strong>paradigmate</strong></span> <span class='ocrx_word' id='word_1_282' title='bbox 1390 2411 1628 2469; x_wconf 89' lang='lat' dir='ltr'><strong>hominis</strong></span> <span class='ocrx_word' id='word_1_283' title='bbox 1680 2413 1775 2486; x_wconf 84' lang='lat' dir='ltr'><strong>qui</strong></span> 
     </span>
    </p>
   </div>
   <div class='ocr_carea' id='block_1_40' title="bbox 168 2492 1778 2572">
    <p class='ocr_par' dir='ltr' id='par_1_40' title="bbox 168 2492 1778 2572">
     <span class='ocr_line' id='line_1_40' title="bbox 168 2492 1778 2572; baseline 0.007 -25"><span class='ocrx_word' id='word_1_284' title='bbox 168 2493 401 2564; x_wconf 74' lang='lat' dir='ltr'><strong>triginta</strong></span> <span class='ocrx_word' id='word_1_285' title='bbox 424 2492 594 2551; x_wconf 81' lang='lat' dir='ltr'><strong>facies</strong></span> <span class='ocrx_word' id='word_1_286' title='bbox 623 2495 873 2564; x_wconf 86' lang='lat' dir='ltr'><strong>haberet,</strong></span> <span class='ocrx_word' id='word_1_287' title='bbox 902 2496 1108 2570; x_wconf 88' lang='lat' dir='ltr'><strong>quique</strong></span> <span class='ocrx_word' id='word_1_288' title='bbox 1130 2499 1186 2554; x_wconf 93' lang='lat' dir='ltr'><strong>in</strong></span> <span class='ocrx_word' id='word_1_289' title='bbox 1215 2500 1519 2572; x_wconf 89' lang='lat' dir='ltr'><strong>pulchriori</strong></span> <span class='ocrx_word' id='word_1_290' title='bbox 1570 2501 1642 2557; x_wconf 86' lang='lat' dir='ltr'><strong>ab</strong></span> <span class='ocrx_word' id='word_1_291' title='bbox 1693 2502 1778 2561; x_wconf 89' lang='lat' dir='ltr'><strong>in-</strong></span> 
     </span>
    </p>
   </div>
   <div class='ocr_carea' id='block_1_41' title="bbox 166 2587 1776 2663">
    <p class='ocr_par' dir='ltr' id='par_1_41' title="bbox 166 2587 1776 2663">
     <span class='ocr_line' id='line_1_41' title="bbox 166 2587 1776 2663; baseline 0.006 -22"><span class='ocrx_word' id='word_1_292' title='bbox 166 2587 456 2644; x_wconf 79' lang='lat' dir='ltr'><strong>tuentibus</strong></span> <span class='ocrx_word' id='word_1_293' title='bbox 475 2588 847 2660; x_wconf 89' lang='lat' dir='ltr'><strong>proculdubio</strong></span> <span class='ocrx_word' id='word_1_294' title='bbox 870 2589 1227 2663; x_wconf 88' lang='lat' dir='ltr'><strong>aspiceretur,</strong></span> <span class='ocrx_word' id='word_1_295' title='bbox 1259 2592 1534 2662; x_wconf 85' lang='lat' dir='ltr'><strong>utebatur,</strong></span> <span class='ocrx_word' id='word_1_296' title='bbox 1559 2602 1620 2650; x_wconf 94' lang='lat' dir='ltr'><strong>ut</strong></span> <span class='ocrx_word' id='word_1_297' title='bbox 1649 2608 1776 2651; x_wconf 85' lang='lat' dir='ltr'><strong>scn-</strong></span> 
     </span>
    </p>
   </div>
   <div class='ocr_carea' id='block_1_42' title="bbox 166 2684 1775 2758">
    <p class='ocr_par' dir='ltr' id='par_1_42' title="bbox 166 2684 1775 2758">
     <span class='ocr_line' id='line_1_42' title="bbox 166 2684 1775 2758; baseline 0.002 -20"><span class='ocrx_word' id='word_1_298' title='bbox 166 2697 288 2738; x_wconf 85' lang='lat' dir='ltr'><strong>sum</strong></span> <span class='ocrx_word' id='word_1_299' title='bbox 311 2696 480 2739; x_wconf 85' lang='lat' dir='ltr'><strong>suum</strong></span> <span class='ocrx_word' id='word_1_300' title='bbox 509 2698 676 2756; x_wconf 88' lang='lat' dir='ltr'><strong>super</strong></span> <span class='ocrx_word' id='word_1_301' title='bbox 713 2684 818 2742; x_wconf 86' lang='lat' dir='ltr'><strong>hac</strong></span> <span class='ocrx_word' id='word_1_302' title='bbox 847 2699 908 2742; x_wconf 87' lang='lat' dir='ltr'><strong>re</strong></span> <span class='ocrx_word' id='word_1_303' title='bbox 937 2686 1292 2756; x_wconf 80' lang='lat' dir='ltr'><strong>exprimeret,</strong></span> <span class='ocrx_word' id='word_1_304' title='bbox 1337 2699 1502 2758; x_wconf 89' lang='lat' dir='ltr'><strong>quem</strong></span> <span class='ocrx_word' id='word_1_305' title='bbox 1553 2701 1775 2744; x_wconf 90' lang='lat' dir='ltr'><strong>sensum</strong></span> 
     </span>
    </p>
   </div>
   <div class='ocr_carea' id='block_1_43' title="bbox 165 2774 1776 2848">
    <p class='ocr_par' dir='ltr' id='par_1_43' title="bbox 165 2774 1776 2848">
     <span class='ocr_line' id='line_1_43' title="bbox 165 2774 1776 2848; baseline 0.005 -20"><span class='ocrx_word' id='word_1_306' title='bbox 165 2774 432 2845; x_wconf 82' lang='lat' dir='ltr'><strong>amplecti</strong></span> <span class='ocrx_word' id='word_1_307' title='bbox 459 2775 593 2832; x_wconf 90' lang='lat' dir='ltr'><strong>etin</strong></span> <span class='ocrx_word' id='word_1_308' title='bbox 615 2776 871 2834; x_wconf 86' lang='lat' dir='ltr'><strong>omnibus</strong></span> <span class='ocrx_word' id='word_1_309' title='bbox 891 2779 1046 2848; x_wconf 85' lang='lat' dir='ltr'><strong>sequi</strong></span> <span class='ocrx_word' id='word_1_310' title='bbox 1072 2778 1354 2836; x_wconf 87' lang='lat' dir='ltr'><strong>debemus.</strong></span> <span class='ocrx_word' id='word_1_311' title='bbox 1385 2778 1503 2836; x_wconf 89' lang='lat' dir='ltr'><strong>Non</strong></span> <span class='ocrx_word' id='word_1_312' title='bbox 1535 2780 1682 2836; x_wconf 91' lang='lat' dir='ltr'><strong>enim</strong></span> <span class='ocrx_word' id='word_1_313' title='bbox 1707 2780 1776 2836; x_wconf 90' lang='lat' dir='ltr'><strong>ad</strong></span> 
     </span>
    </p>
   </div>
   <div class='ocr_carea' id='block_1_44' title="bbox 166 2864 1773 2937">
    <p class='ocr_par' dir='ltr' id='par_1_44' title="bbox 166 2864 1773 2937">
     <span class='ocr_line' id='line_1_44' title="bbox 166 2864 1773 2937; baseline 0.002 -17"><span class='ocrx_word' id='word_1_314' title='bbox 166 2864 614 2921; x_wconf 85' lang='lat' dir='ltr'><strong>succcnsendum</strong></span> <span class='ocrx_word' id='word_1_315' title='bbox 637 2865 721 2922; x_wconf 85' lang='lat' dir='ltr'><strong>bis</strong></span> <span class='ocrx_word' id='word_1_316' title='bbox 743 2869 835 2937; x_wconf 91' lang='lat' dir='ltr'><strong>qui</strong></span> <span class='ocrx_word' id='word_1_317' title='bbox 867 2866 935 2922; x_wconf 91' lang='lat' dir='ltr'><strong>de</strong></span> <span class='ocrx_word' id='word_1_318' title='bbox 963 2867 1120 2924; x_wconf 88' lang='lat' dir='ltr'><strong>nobis</strong></span> <span class='ocrx_word' id='word_1_319' title='bbox 1148 2869 1328 2924; x_wconf 86' lang='lat' dir='ltr'><strong>minus</strong></span> <span class='ocrx_word' id='word_1_320' title='bbox 1350 2867 1489 2924; x_wconf 89' lang='lat' dir='ltr'><strong>bene</strong></span> <span class='ocrx_word' id='word_1_321' title='bbox 1507 2869 1773 2936; x_wconf 87' lang='lat' dir='ltr'><strong>sentiunt,</strong></span> 
     </span>
    </p>
   </div>
   <div class='ocr_carea' id='block_1_45' title="bbox 170 2957 1774 3030">
    <p class='ocr_par' dir='ltr' id='par_1_45' title="bbox 170 2957 1774 3030">
     <span class='ocr_line' id='line_1_45' title="bbox 170 2957 1774 3030; baseline 0.006 -20"><span class='ocrx_word' id='word_1_322' title='bbox 170 2957 282 3011; x_wconf 61' lang='lat' dir='ltr'><strong>haec</strong></span> <span class='ocrx_word' id='word_1_323' title='bbox 319 2973 499 3027; x_wconf 88' lang='lat' dir='ltr'><strong>pauca</strong></span> <span class='ocrx_word' id='word_1_324' title='bbox 529 2959 598 3014; x_wconf 90' lang='lat' dir='ltr'><strong>de</strong></span> <span class='ocrx_word' id='word_1_325' title='bbox 627 2961 915 3016; x_wconf 88' lang='lat' dir='ltr'><strong>immutate</strong></span> <span class='ocrx_word' id='word_1_326' title='bbox 964 2960 1256 3017; x_wconf 87' lang='lat' dir='ltr'><strong>charitatis</strong></span> <span class='ocrx_word' id='word_1_327' title='bbox 1288 2962 1475 3019; x_wconf 91' lang='lat' dir='ltr'><strong>colore</strong></span> <span class='ocrx_word' id='word_1_328' title='bbox 1513 2962 1774 3030; x_wconf 81' lang='lat' dir='ltr'><strong>diximus,</strong></span> 
     </span>
    </p>
   </div>
   <div class='ocr_carea' id='block_1_46' title="bbox 166 3048 1776 3125">
    <p class='ocr_par' dir='ltr' id='par_1_46' title="bbox 166 3048 1776 3125">
     <span class='ocr_line' id='line_1_46' title="bbox 166 3048 1776 3125; baseline 0.005 -23"><span class='ocrx_word' id='word_1_329' title='bbox 166 3049 258 3102; x_wconf 85' lang='lat' dir='ltr'><strong>sed</strong></span> <span class='ocrx_word' id='word_1_330' title='bbox 288 3058 355 3103; x_wconf 89' lang='lat' dir='ltr'><strong>ut</strong></span> <span class='ocrx_word' id='word_1_331' title='bbox 398 3048 623 3105; x_wconf 86' lang='lat' dir='ltr'><strong>meliora</strong></span> <span class='ocrx_word' id='word_1_332' title='bbox 673 3051 1006 3108; x_wconf 89' lang='lat' dir='ltr'><strong>charismata</strong></span> <span class='ocrx_word' id='word_1_333' title='bbox 1054 3067 1273 3125; x_wconf 87' lang='lat' dir='ltr'><strong>semper</strong></span> <span class='ocrx_word' id='word_1_334' title='bbox 1315 3054 1668 3122; x_wconf 72' lang='lat' dir='ltr'><strong>aemulemur,</strong></span> <span class='ocrx_word' id='word_1_335' title='bbox 1721 3065 1776 3110; x_wconf 90' lang='lat' dir='ltr'><strong>et</strong></span> 
     </span>
    </p>
   </div>
   <div class='ocr_carea' id='block_1_47' title="bbox 167 3142 1771 3214">
    <p class='ocr_par' dir='ltr' id='par_1_47' title="bbox 167 3142 1771 3214">
     <span class='ocr_line' id='line_1_47' title="bbox 167 3142 1771 3214; baseline 0.004 -19"><span class='ocrx_word' id='word_1_336' title='bbox 167 3156 469 3196; x_wconf 87' lang='lat' dir='ltr'><strong>caveamus</strong></span> <span class='ocrx_word' id='word_1_337' title='bbox 501 3156 531 3196; x_wconf 89' lang='lat' dir='ltr'><strong>a</strong></span> <span class='ocrx_word' id='word_1_338' title='bbox 558 3157 726 3211; x_wconf 90' lang='lat' dir='ltr'><strong>prava</strong></span> <span class='ocrx_word' id='word_1_339' title='bbox 753 3142 1205 3214; x_wconf 87' lang='lat' dir='ltr'><strong>interpretatione</strong></span> <span class='ocrx_word' id='word_1_340' title='bbox 1238 3146 1531 3202; x_wconf 88' lang='lat' dir='ltr'><strong>verborum</strong></span> <span class='ocrx_word' id='word_1_341' title='bbox 1556 3147 1771 3202; x_wconf 88' lang='lat' dir='ltr'><strong>illorum</strong></span> 
     </span>
    </p>
   </div>
   <div class='ocr_carea' id='block_1_48' title="bbox 167 3233 1773 3309">
    <p class='ocr_par' dir='ltr' id='par_1_48' title="bbox 167 3233 1773 3309">
     <span class='ocr_line' id='line_1_48' title="bbox 167 3233 1773 3309; baseline 0.003 -21"><span class='ocrx_word' id='word_1_342' title='bbox 167 3234 420 3304; x_wconf 76' lang='lat' dir='ltr'><strong>Apostoli</strong></span> <span class='ocrx_word' id='word_1_343' title='bbox 451 3233 687 3291; x_wconf 82' lang='lat' dir='ltr'><strong>dicentis</strong></span> <span class='ocrx_word' id='word_1_344' title='bbox 715 3253 730 3290; x_wconf 89' lang='lat'><strong>:</strong></span> <span class='ocrx_word' id='word_1_345' title='bbox 761 3234 1068 3306; x_wconf 76' lang='lat' dir='ltr'><strong>Spiritualis</strong></span> <span class='ocrx_word' id='word_1_346' title='bbox 1089 3236 1300 3306; x_wconf 83' lang='lat' dir='ltr'><strong>judicat</strong></span> <span class='ocrx_word' id='word_1_347' title='bbox 1325 3239 1525 3304; x_wconf 83' lang='lat' dir='ltr'><strong>omnia,</strong></span> <span class='ocrx_word' id='word_1_348' title='bbox 1567 3249 1615 3293; x_wconf 90' lang='lat' dir='ltr'><strong>et</strong></span> <span class='ocrx_word' id='word_1_349' title='bbox 1660 3241 1773 3309; x_wconf 83' lang='lat' dir='ltr'><strong>ipse</strong></span> 
     </span>
    </p>
   </div>
   <div class='ocr_carea' id='block_1_49' title="bbox 168 3325 1773 3401">
    <p class='ocr_par' dir='ltr' id='par_1_49' title="bbox 168 3325 1773 3401">
     <span class='ocr_line' id='line_1_49' title="bbox 168 3325 1773 3401; baseline 0.005 -22"><span class='ocrx_word' id='word_1_350' title='bbox 168 3345 197 3379; x_wconf 91' lang='lat' dir='ltr'><strong>n</strong></span> <span class='ocrx_word' id='word_1_351' title='bbox 229 3328 445 3382; x_wconf 80' lang='lat' dir='ltr'><strong>nemine</strong></span> <span class='ocrx_word' id='word_1_352' title='bbox 461 3327 742 3397; x_wconf 85' lang='lat' dir='ltr'><strong>judicatur</strong></span> <span class='ocrx_word' id='word_1_353' title='bbox 767 3326 822 3400; x_wconf 94' lang='grc'><strong><em>(1</em></strong></span> <span class='ocrx_word' id='word_1_354' title='bbox 850 3325 973 3382; x_wconf 88' lang='lat' dir='ltr'><strong>Cor.</strong></span> <span class='ocrx_word' id='word_1_355' title='bbox 1011 3329 1110 3399; x_wconf 89' lang='grc' dir='ltr'>ιι),</span> <span class='ocrx_word' id='word_1_356' title='bbox 1143 3329 1342 3399; x_wconf 88' lang='lat' dir='ltr'><strong>quibus</strong></span> <span class='ocrx_word' id='word_1_357' title='bbox 1383 3345 1773 3401; x_wconf 88' lang='lat' dir='ltr'><strong>nonnunquam</strong></span> 
     </span>
    </p>
   </div>
   <div class='ocr_carea' id='block_1_50' title="bbox 169 3417 1772 3490">
    <p class='ocr_par' dir='ltr' id='par_1_50' title="bbox 169 3417 1772 3490">
     <span class='ocr_line' id='line_1_50' title="bbox 169 3417 1772 3490; baseline 0.004 -20"><span class='ocrx_word' id='word_1_358' title='bbox 169 3417 490 3486; x_wconf 85' lang='lat' dir='ltr'><strong>spiritualcs</strong></span> <span class='ocrx_word' id='word_1_359' title='bbox 510 3419 636 3486; x_wconf 86' lang='lat' dir='ltr'><strong>viri,</strong></span> <span class='ocrx_word' id='word_1_360' title='bbox 659 3419 882 3490; x_wconf 90' lang='lat' dir='ltr'><strong>proprio</strong></span> <span class='ocrx_word' id='word_1_361' title='bbox 923 3434 1087 3474; x_wconf 89' lang='lat' dir='ltr'><strong>sensu</strong></span> <span class='ocrx_word' id='word_1_362' title='bbox 1119 3421 1333 3490; x_wconf 88' lang='lat' dir='ltr'><strong>decepti</strong></span> <span class='ocrx_word' id='word_1_363' title='bbox 1387 3430 1444 3476; x_wconf 91' lang='lat' dir='ltr'><strong>et</strong></span> <span class='ocrx_word' id='word_1_364' title='bbox 1485 3421 1772 3488; x_wconf 70' lang='lat' dir='ltr'><strong>obcaecati,</strong></span> 
     </span>
    </p>
   </div>
   <div class='ocr_carea' id='block_1_51' title="bbox 169 3509 1257 3582">
    <p class='ocr_par' dir='ltr' id='par_1_51' title="bbox 169 3509 1257 3582">
     <span class='ocr_line' id='line_1_51' title="bbox 169 3509 1257 3582; baseline 0.005 -18"><span class='ocrx_word' id='word_1_365' title='bbox 169 3509 426 3564; x_wconf 90' lang='lat' dir='ltr'><strong>incidunt</strong></span> <span class='ocrx_word' id='word_1_366' title='bbox 454 3522 509 3565; x_wconf 88' lang='lat' dir='ltr'><strong>et</strong></span> <span class='ocrx_word' id='word_1_367' title='bbox 538 3510 639 3580; x_wconf 89' lang='lat' dir='ltr'><strong>ipsi</strong></span> <span class='ocrx_word' id='word_1_368' title='bbox 670 3511 724 3566; x_wconf 92' lang='lat' dir='ltr'><strong>in</strong></span> <span class='ocrx_word' id='word_1_369' title='bbox 752 3511 1008 3582; x_wconf 86' lang='lat' dir='ltr'><strong>laqueum</strong></span> <span class='ocrx_word' id='word_1_370' title='bbox 1033 3515 1257 3570; x_wconf 89' lang='lat' dir='ltr'><strong>diaboli.</strong></span> 
     </span>
    </p>
   </div>
   <div class='ocr_carea' id='block_1_52' title="bbox 238 3597 1777 3672">
    <p class='ocr_par' dir='ltr' id='par_1_52' title="bbox 238 3597 1777 3672">
     <span class='ocr_line' id='line_1_52' title="bbox 238 3597 1777 3672; baseline 0.007 -21"><span class='ocrx_word' id='word_1_371' title='bbox 238 3597 602 3656; x_wconf 85' lang='lat' dir='ltr'><strong>Tentatiencs</strong></span> <span class='ocrx_word' id='word_1_372' title='bbox 629 3602 942 3672; x_wconf 88' lang='lat' dir='ltr'><strong>spirituales</strong></span> <span class='ocrx_word' id='word_1_373' title='bbox 980 3617 1089 3660; x_wconf 87' lang='lat' dir='ltr'><strong>non</strong></span> <span class='ocrx_word' id='word_1_374' title='bbox 1123 3605 1303 3661; x_wconf 89' lang='lat' dir='ltr'><strong>minus</strong></span> <span class='ocrx_word' id='word_1_375' title='bbox 1353 3606 1614 3662; x_wconf 71' lang='lat' dir='ltr'><strong>cavenda:</strong></span> <span class='ocrx_word' id='word_1_376' title='bbox 1649 3617 1777 3664; x_wconf 85' lang='lat' dir='ltr'><strong>sunt</strong></span> 
     </span>
    </p>
   </div>
   <div class='ocr_carea' id='block_1_53' title="bbox 170 3691 1776 3768">
    <p class='ocr_par' dir='ltr' id='par_1_53' title="bbox 170 3691 1776 3768">
     <span class='ocr_line' id='line_1_53' title="bbox 170 3691 1776 3768; baseline 0.008 -24"><span class='ocrx_word' id='word_1_377' title='bbox 170 3705 337 3759; x_wconf 83' lang='lat' dir='ltr'><strong>quam</strong></span> <span class='ocrx_word' id='word_1_378' title='bbox 366 3691 642 3760; x_wconf 89' lang='lat' dir='ltr'><strong>carnales,</strong></span> <span class='ocrx_word' id='word_1_379' title='bbox 677 3695 786 3750; x_wconf 92' lang='lat' dir='ltr'><strong>imo</strong></span> <span class='ocrx_word' id='word_1_380' title='bbox 805 3694 963 3768; x_wconf 90' lang='lat' dir='ltr'><strong>longe</strong></span> <span class='ocrx_word' id='word_1_381' title='bbox 989 3699 1202 3754; x_wconf 85' lang='lat' dir='ltr'><strong>cautius</strong></span> <span class='ocrx_word' id='word_1_382' title='bbox 1227 3707 1282 3754; x_wconf 89' lang='lat' dir='ltr'><strong>et</strong></span> <span class='ocrx_word' id='word_1_383' title='bbox 1311 3699 1566 3756; x_wconf 89' lang='lat' dir='ltr'><strong>subtilius</strong></span> <span class='ocrx_word' id='word_1_384' title='bbox 1596 3742 1612 3767; x_wconf 96' lang='lat'><strong>,</strong></span> <span class='ocrx_word' id='word_1_385' title='bbox 1658 3718 1776 3756; x_wconf 80' lang='lat' dir='ltr'><strong>ma-</strong></span> 
     </span>
    </p>
   </div>
   <div class='ocr_carea' id='block_1_54' title="bbox 170 3785 1772 3863">
    <p class='ocr_par' dir='ltr' id='par_1_54' title="bbox 170 3785 1772 3863">
     <span class='ocr_line' id='line_1_54' title="bbox 170 3785 1772 3863; baseline 0.007 -25"><span class='ocrx_word' id='word_1_386' title='bbox 170 3785 320 3840; x_wconf 86' lang='lat' dir='ltr'><strong>xime</strong></span> <span class='ocrx_word' id='word_1_387' title='bbox 359 3800 388 3838; x_wconf 88' lang='lat' dir='ltr'><strong>a</strong></span> <span class='ocrx_word' id='word_1_388' title='bbox 420 3786 681 3843; x_wconf 65' lang='lat' dir='ltr'><strong>solitaria</strong></span> <span class='ocrx_word' id='word_1_389' title='bbox 705 3789 830 3845; x_wconf 68' lang='lat' dir='ltr'><strong>vitae</strong></span> <span class='ocrx_word' id='word_1_390' title='bbox 851 3791 1276 3861; x_wconf 86' lang='lat' dir='ltr'><strong>professoribus,</strong></span> <span class='ocrx_word' id='word_1_391' title='bbox 1305 3793 1432 3863; x_wconf 87' lang='lat' dir='ltr'><strong>quia</strong></span> <span class='ocrx_word' id='word_1_392' title='bbox 1461 3808 1493 3847; x_wconf 89' lang='lat' dir='ltr'><strong>a</strong></span> <span class='ocrx_word' id='word_1_393' title='bbox 1531 3794 1772 3849; x_wconf 90' lang='lat' dir='ltr'><strong>carnali-</strong></span> 
     </span>
    </p>
   </div>
   <div class='ocr_carea' id='block_1_55' title="bbox 172 3875 1777 3947">
    <p class='ocr_par' dir='ltr' id='par_1_55' title="bbox 172 3875 1777 3947">
     <span class='ocr_line' id='line_1_55' title="bbox 172 3875 1777 3947; baseline 0.011 -17"><span class='ocrx_word' id='word_1_394' title='bbox 172 3878 271 3930; x_wconf 86' lang='lat' dir='ltr'><strong>bus</strong></span> <span class='ocrx_word' id='word_1_395' title='bbox 323 3875 563 3945; x_wconf 84' lang='lat' dir='ltr'><strong>objectis</strong></span> <span class='ocrx_word' id='word_1_396' title='bbox 630 3888 687 3935; x_wconf 89' lang='lat' dir='ltr'><strong>et</strong></span> <span class='ocrx_word' id='word_1_397' title='bbox 743 3882 1027 3939; x_wconf 86' lang='lat' dir='ltr'><strong>desideriis</strong></span> <span class='ocrx_word' id='word_1_398' title='bbox 1076 3884 1334 3940; x_wconf 88' lang='lat' dir='ltr'><strong>abstracti</strong></span> <span class='ocrx_word' id='word_1_399' title='bbox 1381 3897 1777 3947; x_wconf 88' lang='lat' dir='ltr'><strong>evanescerent</strong></span> 
     </span>
    </p>
   </div>
   <div class='ocr_carea' id='block_1_56' title="bbox 173 3969 1772 4046">
    <p class='ocr_par' dir='ltr' id='par_1_56' title="bbox 173 3969 1772 4046">
     <span class='ocr_line' id='line_1_56' title="bbox 173 3969 1772 4046; baseline 0.008 -24"><span class='ocrx_word' id='word_1_400' title='bbox 173 3969 336 4026; x_wconf 83' lang='lat' dir='ltr'><strong>facile</strong></span> <span class='ocrx_word' id='word_1_401' title='bbox 363 3971 418 4025; x_wconf 92' lang='lat' dir='ltr'><strong>in</strong></span> <span class='ocrx_word' id='word_1_402' title='bbox 451 3972 875 4044; x_wconf 87' lang='lat' dir='ltr'><strong>cogitationibus</strong></span> <span class='ocrx_word' id='word_1_403' title='bbox 903 3977 1018 4032; x_wconf 89' lang='lat' dir='ltr'><strong>suis</strong></span> <span class='ocrx_word' id='word_1_404' title='bbox 1040 3985 1094 4033; x_wconf 92' lang='lat' dir='ltr'><strong>et</strong></span> <span class='ocrx_word' id='word_1_405' title='bbox 1120 3978 1173 4034; x_wconf 92' lang='lat' dir='ltr'><strong>in</strong></span> <span class='ocrx_word' id='word_1_406' title='bbox 1211 3976 1420 4046; x_wconf 88' lang='lat' dir='ltr'><strong>judicia</strong></span> <span class='ocrx_word' id='word_1_407' title='bbox 1482 3979 1772 4035; x_wconf 88' lang='lat' dir='ltr'><strong>temeraria</strong></span> 
     </span>
    </p>
   </div>
   <div class='ocr_carea' id='block_1_57' title="bbox 173 4059 1772 4143">
    <p class='ocr_par' dir='ltr' id='par_1_57' title="bbox 173 4059 1772 4143">
     <span class='ocr_line' id='line_1_57' title="bbox 173 4059 1772 4143; baseline 0.007 -27"><span class='ocrx_word' id='word_1_408' title='bbox 173 4059 508 4130; x_wconf 88' lang='lat' dir='ltr'><strong>inciderent,</strong></span> <span class='ocrx_word' id='word_1_409' title='bbox 541 4065 646 4121; x_wconf 90' lang='lat' dir='ltr'><strong>nisi</strong></span> <span class='ocrx_word' id='word_1_410' title='bbox 675 4081 706 4121; x_wconf 90' lang='lat' dir='ltr'><strong>a</strong></span> <span class='ocrx_word' id='word_1_411' title='bbox 732 4066 1000 4125; x_wconf 66' lang='lat' dir='ltr'><strong>daemonio</strong></span> <span class='ocrx_word' id='word_1_412' title='bbox 1049 4071 1351 4127; x_wconf 89' lang='lat' dir='ltr'><strong>meridiane</strong></span> <span class='ocrx_word' id='word_1_413' title='bbox 1387 4072 1621 4143; x_wconf 67' lang='lat' dir='ltr'><strong>propriae</strong></span> <span class='ocrx_word' id='word_1_414' title='bbox 1651 4072 1772 4142; x_wconf 87' lang='lat' dir='ltr'><strong>opi-</strong></span> 
     </span>
    </p>
   </div>
   <div class='ocr_carea' id='block_1_58' title="bbox 175 4154 1777 4235">
    <p class='ocr_par' dir='ltr' id='par_1_58' title="bbox 175 4154 1777 4235">
     <span class='ocr_line' id='line_1_58' title="bbox 175 4154 1777 4235; baseline 0.009 -28"><span class='ocrx_word' id='word_1_415' title='bbox 175 4154 382 4221; x_wconf 88' lang='lat' dir='ltr'><strong>nionis,</strong></span> <span class='ocrx_word' id='word_1_416' title='bbox 406 4165 464 4210; x_wconf 89' lang='lat' dir='ltr'><strong>et</strong></span> <span class='ocrx_word' id='word_1_417' title='bbox 491 4157 695 4227; x_wconf 92' lang='lat' dir='ltr'><strong>proprii</strong></span> <span class='ocrx_word' id='word_1_418' title='bbox 722 4158 914 4229; x_wconf 83' lang='lat' dir='ltr'><strong>judicii</strong></span> <span class='ocrx_word' id='word_1_419' title='bbox 949 4160 1175 4232; x_wconf 87' lang='lat' dir='ltr'><strong>laqueos</strong></span> <span class='ocrx_word' id='word_1_420' title='bbox 1202 4163 1333 4234; x_wconf 90' lang='lat' dir='ltr'><strong>ipsis</strong></span> <span class='ocrx_word' id='word_1_421' title='bbox 1363 4174 1616 4235; x_wconf 86' lang='lat' dir='ltr'><strong>ponente,</strong></span> <span class='ocrx_word' id='word_1_422' title='bbox 1672 4166 1777 4222; x_wconf 82' lang='lat' dir='ltr'><strong>sel-</strong></span> 
     </span>
    </p>
   </div>
   <div class='ocr_carea' id='block_1_59' title="bbox 175 4245 1775 4325">
    <p class='ocr_par' dir='ltr' id='par_1_59' title="bbox 175 4245 1775 4325">
     <span class='ocr_line' id='line_1_59' title="bbox 175 4245 1775 4325; baseline 0.009 -26"><span class='ocrx_word' id='word_1_423' title='bbox 175 4245 328 4303; x_wconf 86' lang='lat' dir='ltr'><strong>licite</strong></span> <span class='ocrx_word' id='word_1_424' title='bbox 358 4245 462 4302; x_wconf 89' lang='lat' dir='ltr'><strong>sibi</strong></span> <span class='ocrx_word' id='word_1_425' title='bbox 485 4257 763 4304; x_wconf 88' lang='lat' dir='ltr'><strong>caverent.</strong></span> <span class='ocrx_word' id='word_1_426' title='bbox 788 4249 907 4320; x_wconf 88' lang='lat' dir='ltr'><strong>Ipse</strong></span> <span class='ocrx_word' id='word_1_427' title='bbox 939 4252 1085 4308; x_wconf 92' lang='lat' dir='ltr'><strong>enim</strong></span> <span class='ocrx_word' id='word_1_428' title='bbox 1113 4252 1347 4311; x_wconf 89' lang='lat' dir='ltr'><strong>Satanas</strong></span> <span class='ocrx_word' id='word_1_429' title='bbox 1378 4255 1775 4325; x_wconf 84' lang='lat' dir='ltr'><strong>transﬁgurans</strong></span> 
     </span>
    </p>
   </div>
   <div class='ocr_carea' id='block_1_60' title="bbox 175 4339 1774 4416">
    <p class='ocr_par' dir='ltr' id='par_1_60' title="bbox 175 4339 1774 4416">
     <span class='ocr_line' id='line_1_60' title="bbox 175 4339 1774 4416; baseline 0.007 -23"><span class='ocrx_word' id='word_1_430' title='bbox 175 4353 232 4394; x_wconf 88' lang='lat' dir='ltr'><strong>se</strong></span> <span class='ocrx_word' id='word_1_431' title='bbox 263 4340 322 4394; x_wconf 89' lang='lat' dir='ltr'><strong>in</strong></span> <span class='ocrx_word' id='word_1_432' title='bbox 354 4339 607 4409; x_wconf 81' lang='lat' dir='ltr'><strong>angelum</strong></span> <span class='ocrx_word' id='word_1_433' title='bbox 631 4340 768 4396; x_wconf 91' lang='lat' dir='ltr'><strong>lucis</strong></span> <span class='ocrx_word' id='word_1_434' title='bbox 786 4343 967 4400; x_wconf 86' lang='lat' dir='ltr'><strong>minus</strong></span> <span class='ocrx_word' id='word_1_435' title='bbox 991 4355 1178 4400; x_wconf 89' lang='lat' dir='ltr'><strong>cautos</strong></span> <span class='ocrx_word' id='word_1_436' title='bbox 1203 4355 1258 4401; x_wconf 92' lang='lat' dir='ltr'><strong>ct</strong></span> <span class='ocrx_word' id='word_1_437' title='bbox 1289 4347 1342 4402; x_wconf 93' lang='lat' dir='ltr'><strong>in</strong></span> <span class='ocrx_word' id='word_1_438' title='bbox 1369 4348 1472 4402; x_wconf 90' lang='lat' dir='ltr'><strong>hac</strong></span> <span class='ocrx_word' id='word_1_439' title='bbox 1497 4357 1654 4416; x_wconf 91' lang='lat' dir='ltr'><strong>parte</strong></span> <span class='ocrx_word' id='word_1_440' title='bbox 1671 4348 1774 4404; x_wconf 89' lang='lat' dir='ltr'><strong>sibi</strong></span> 
     </span>
    </p>
   </div>
   <div class='ocr_carea' id='block_1_61' title="bbox 176 4429 1772 4509">
    <p class='ocr_par' dir='ltr' id='par_1_61' title="bbox 176 4429 1772 4509">
     <span class='ocr_line' id='line_1_61' title="bbox 176 4429 1772 4509; baseline 0.007 -25"><span class='ocrx_word' id='word_1_441' title='bbox 176 4429 311 4500; x_wconf 88' lang='lat' dir='ltr'><strong>ipsis</strong></span> <span class='ocrx_word' id='word_1_442' title='bbox 339 4429 570 4486; x_wconf 86' lang='lat' dir='ltr'><strong>fidentes</strong></span> <span class='ocrx_word' id='word_1_443' title='bbox 591 4431 813 4502; x_wconf 91' lang='lat' dir='ltr'><strong>decipit,</strong></span> <span class='ocrx_word' id='word_1_444' title='bbox 842 4449 908 4489; x_wconf 91' lang='lat' dir='ltr'><strong>ac</strong></span> <span class='ocrx_word' id='word_1_445' title='bbox 933 4435 987 4488; x_wconf 93' lang='lat' dir='ltr'><strong>in</strong></span> <span class='ocrx_word' id='word_1_446' title='bbox 1017 4450 1257 4491; x_wconf 87' lang='lat' dir='ltr'><strong>errorem</strong></span> <span class='ocrx_word' id='word_1_447' title='bbox 1308 4437 1475 4493; x_wconf 90' lang='lat' dir='ltr'><strong>semel</strong></span> <span class='ocrx_word' id='word_1_448' title='bbox 1509 4432 1772 4509; x_wconf 80' lang='lat' dir='ltr'><strong>dejectos,</strong></span> 
     </span>
    </p>
   </div>
   <div class='ocr_carea' id='block_1_62' title="bbox 1875 1948 3480 2020">
    <p class='ocr_par' dir='ltr' id='par_1_62' title="bbox 1875 1948 3480 2020">
     <span class='ocr_line' id='line_1_62' title="bbox 1875 1948 3480 2020; baseline 0.006 -16"><span class='ocrx_word' id='word_1_449' title='bbox 1875 1948 2216 2016; x_wconf 85' lang='lat' dir='ltr'><strong>Puaiantur,</strong></span> <span class='ocrx_word' id='word_1_450' title='bbox 2261 1949 2564 2020; x_wconf 87' lang='lat' dir='ltr'><strong>puniantur</strong></span> <span class='ocrx_word' id='word_1_451' title='bbox 2591 1989 2604 2006; x_wconf 93' lang='lat'><strong>.</strong></span> <span class='ocrx_word' id='word_1_452' title='bbox 2633 1949 2716 2006; x_wconf 88' lang='lat' dir='ltr'><strong>sic</strong></span> <span class='ocrx_word' id='word_1_453' title='bbox 2749 1949 2898 2006; x_wconf 85' lang='lat' dir='ltr'><strong>enim</strong></span> <span class='ocrx_word' id='word_1_454' title='bbox 2937 1961 3046 2009; x_wconf 81' lang='lat' dir='ltr'><strong>non</strong></span> <span class='ocrx_word' id='word_1_455' title='bbox 3092 1965 3220 2008; x_wconf 88' lang='lat' dir='ltr'><strong>cum</strong></span> <span class='ocrx_word' id='word_1_456' title='bbox 3265 1951 3480 2014; x_wconf 80' lang='lat' dir='ltr'><strong>medica</strong></span> 
     </span>
    </p>
   </div>
   <div class='ocr_carea' id='block_1_63' title="bbox 1877 2039 3477 2110">
    <p class='ocr_par' dir='ltr' id='par_1_63' title="bbox 1877 2039 3477 2110">
     <span class='ocr_line' id='line_1_63' title="bbox 1877 2039 3477 2110; baseline 0.001 -14"><span class='ocrx_word' id='word_1_457' title='bbox 1877 2047 2064 2096; x_wconf 85' lang='lat' dir='ltr'><strong>nostra</strong></span> <span class='ocrx_word' id='word_1_458' title='bbox 2115 2049 2175 2095; x_wconf 91' lang='lat' dir='ltr'><strong>et</strong></span> <span class='ocrx_word' id='word_1_459' title='bbox 2227 2039 2496 2097; x_wconf 90' lang='lat' dir='ltr'><strong>bonorum</strong></span> <span class='ocrx_word' id='word_1_460' title='bbox 2537 2039 2782 2096; x_wconf 88' lang='lat' dir='ltr'><strong>omnium</strong></span> <span class='ocrx_word' id='word_1_461' title='bbox 2833 2040 3233 2110; x_wconf 79' lang='lat' dir='ltr'><strong>consolatione,</strong></span> <span class='ocrx_word' id='word_1_462' title='bbox 3271 2040 3477 2098; x_wconf 89' lang='lat' dir='ltr'><strong>factum</strong></span> 
     </span>
    </p>
   </div>
   <div class='ocr_carea' id='block_1_64' title="bbox 1877 2129 3478 2202">
    <p class='ocr_par' dir='ltr' id='par_1_64' title="bbox 1877 2129 3478 2202">
     <span class='ocr_line' id='line_1_64' title="bbox 1877 2129 3478 2202; baseline 0.002 -17"><span class='ocrx_word' id='word_1_463' title='bbox 1877 2129 2046 2186; x_wconf 77' lang='lat' dir='ltr'><strong>fuisse</strong></span> <span class='ocrx_word' id='word_1_464' title='bbox 2067 2129 2122 2184; x_wconf 91' lang='lat' dir='ltr'><strong>in</strong></span> <span class='ocrx_word' id='word_1_465' title='bbox 2145 2129 2337 2186; x_wconf 84' lang='lat' dir='ltr'><strong>ordine</strong></span> <span class='ocrx_word' id='word_1_466' title='bbox 2364 2145 2396 2185; x_wconf 89' lang='lat' dir='ltr'><strong>a</strong></span> <span class='ocrx_word' id='word_1_467' title='bbox 2423 2129 2513 2186; x_wconf 90' lang='lat' dir='ltr'><strong>die</strong></span> <span class='ocrx_word' id='word_1_468' title='bbox 2540 2145 2653 2186; x_wconf 63' lang='lat' dir='ltr'><strong>suae</strong></span> <span class='ocrx_word' id='word_1_469' title='bbox 2685 2129 3044 2188; x_wconf 88' lang='lat' dir='ltr'><strong>institutionis</strong></span> <span class='ocrx_word' id='word_1_470' title='bbox 3075 2145 3250 2202; x_wconf 86' lang='lat' dir='ltr'><strong>usque</strong></span> <span class='ocrx_word' id='word_1_471' title='bbox 3269 2131 3336 2186; x_wconf 90' lang='lat' dir='ltr'><strong>ad</strong></span> <span class='ocrx_word' id='word_1_472' title='bbox 3361 2131 3478 2188; x_wconf 68' lang='lat' dir='ltr'><strong>haec</strong></span> 
     </span>
    </p>
   </div>
   <div class='ocr_carea' id='block_1_65' title="bbox 1877 2220 3478 2292">
    <p class='ocr_par' dir='ltr' id='par_1_65' title="bbox 1877 2220 3478 2292">
     <span class='ocr_line' id='line_1_65' title="bbox 1877 2220 3478 2292; baseline 0.001 -15"><span class='ocrx_word' id='word_1_473' title='bbox 1877 2229 2065 2277; x_wconf 89' lang='lat' dir='ltr'><strong>nostra</strong></span> <span class='ocrx_word' id='word_1_474' title='bbox 2091 2229 2332 2292; x_wconf 90' lang='lat' dir='ltr'><strong>tempera</strong></span> <span class='ocrx_word' id='word_1_475' title='bbox 2362 2222 2666 2292; x_wconf 84' lang='lat' dir='ltr'><strong>apparebit,</strong></span> <span class='ocrx_word' id='word_1_476' title='bbox 2695 2237 2792 2292; x_wconf 88' lang='lat' dir='ltr'><strong>per</strong></span> <span class='ocrx_word' id='word_1_477' title='bbox 2817 2220 3039 2280; x_wconf 90' lang='lat' dir='ltr'><strong>chartas</strong></span> <span class='ocrx_word' id='word_1_478' title='bbox 3066 2231 3124 2279; x_wconf 90' lang='lat' dir='ltr'><strong>et</strong></span> <span class='ocrx_word' id='word_1_479' title='bbox 3169 2221 3478 2279; x_wconf 88' lang='lat' dir='ltr'><strong>ordinatio-</strong></span> 
     </span>
    </p>
   </div>
   <div class='ocr_carea' id='block_1_66' title="bbox 1877 2311 3480 2384">
    <p class='ocr_par' dir='ltr' id='par_1_66' title="bbox 1877 2311 3480 2384">
     <span class='ocr_line' id='line_1_66' title="bbox 1877 2311 3480 2384; baseline 0.002 -17"><span class='ocrx_word' id='word_1_480' title='bbox 1877 2327 1976 2369; x_wconf 89' lang='lat' dir='ltr'><strong>nes</strong></span> <span class='ocrx_word' id='word_1_481' title='bbox 2001 2312 2361 2383; x_wconf 85' lang='lat' dir='ltr'><strong>capitulorum</strong></span> <span class='ocrx_word' id='word_1_482' title='bbox 2389 2311 2752 2384; x_wconf 75' lang='lat' dir='ltr'><strong>generalium,</strong></span> <span class='ocrx_word' id='word_1_483' title='bbox 2803 2328 2942 2383; x_wconf 87' lang='lat' dir='ltr'><strong>quas</strong></span> <span class='ocrx_word' id='word_1_484' title='bbox 2969 2313 3210 2383; x_wconf 85' lang='lat' dir='ltr'><strong>antiquis</strong></span> <span class='ocrx_word' id='word_1_485' title='bbox 3257 2314 3480 2370; x_wconf 74' lang='lat' dir='ltr'><strong>statutis</strong></span> 
     </span>
    </p>
   </div>
   <div class='ocr_carea' id='block_1_67' title="bbox 1877 2403 3476 2474">
    <p class='ocr_par' dir='ltr' id='par_1_67' title="bbox 1877 2403 3476 2474">
     <span class='ocr_line' id='line_1_67' title="bbox 1877 2403 3476 2474; baseline 0 -13"><span class='ocrx_word' id='word_1_486' title='bbox 1877 2419 1944 2461; x_wconf 80' lang='lat' dir='ltr'><strong>ex</strong></span> <span class='ocrx_word' id='word_1_487' title='bbox 1966 2403 2217 2474; x_wconf 89' lang='lat' dir='ltr'><strong>professo</strong></span> <span class='ocrx_word' id='word_1_488' title='bbox 2244 2405 2367 2460; x_wconf 85' lang='lat' dir='ltr'><strong>data</strong></span> <span class='ocrx_word' id='word_1_489' title='bbox 2397 2403 2689 2465; x_wconf 87' lang='lat' dir='ltr'><strong>occasione</strong></span> <span class='ocrx_word' id='word_1_490' title='bbox 2718 2411 3046 2471; x_wconf 73' lang='lat' dir='ltr'><strong>attexamus,</strong></span> <span class='ocrx_word' id='word_1_491' title='bbox 3075 2413 3134 2458; x_wconf 89' lang='lat' dir='ltr'><strong>ut</strong></span> <span class='ocrx_word' id='word_1_492' title='bbox 3179 2405 3296 2460; x_wconf 79' lang='lat' dir='ltr'><strong>ba:c</strong></span> <span class='ocrx_word' id='word_1_493' title='bbox 3336 2403 3476 2460; x_wconf 87' lang='lat' dir='ltr'><strong>scri-</strong></span> 
     </span>
    </p>
   </div>
   <div class='ocr_carea' id='block_1_68' title="bbox 1875 2494 3480 2566">
    <p class='ocr_par' dir='ltr' id='par_1_68' title="bbox 1875 2494 3480 2566">
     <span class='ocr_line' id='line_1_68' title="bbox 1875 2494 3480 2566; baseline 0.002 -16"><span class='ocrx_word' id='word_1_494' title='bbox 1875 2503 1968 2565; x_wconf 90' lang='lat' dir='ltr'><strong>pta</strong></span> <span class='ocrx_word' id='word_1_495' title='bbox 1990 2504 2040 2550; x_wconf 89' lang='lat' dir='ltr'><strong>et</strong></span> <span class='ocrx_word' id='word_1_496' title='bbox 2073 2494 2357 2566; x_wconf 80' lang='lat' dir='ltr'><strong>propalata</strong></span> <span class='ocrx_word' id='word_1_497' title='bbox 2385 2495 2626 2552; x_wconf 87' lang='lat' dir='ltr'><strong>existant</strong></span> <span class='ocrx_word' id='word_1_498' title='bbox 2665 2494 2722 2550; x_wconf 90' lang='lat' dir='ltr'><strong>in</strong></span> <span class='ocrx_word' id='word_1_499' title='bbox 2773 2494 3127 2565; x_wconf 87' lang='lat' dir='ltr'><strong>generatione</strong></span> <span class='ocrx_word' id='word_1_500' title='bbox 3177 2495 3373 2564; x_wconf 83' lang='lat' dir='ltr'><strong>altera,</strong></span> <span class='ocrx_word' id='word_1_501' title='bbox 3421 2506 3480 2554; x_wconf 86' lang='lat' dir='ltr'><strong>et</strong></span> 
     </span>
    </p>
   </div>
   <div class='ocr_carea' id='block_1_69' title="bbox 1875 2585 3476 2658">
    <p class='ocr_par' dir='ltr' id='par_1_69' title="bbox 1875 2585 3476 2658">
     <span class='ocr_line' id='line_1_69' title="bbox 1875 2585 3476 2658; baseline 0 -16"><span class='ocrx_word' id='word_1_502' title='bbox 1875 2586 2108 2658; x_wconf 91' lang='lat' dir='ltr'><strong>populus</strong></span> <span class='ocrx_word' id='word_1_503' title='bbox 2135 2587 2228 2656; x_wconf 91' lang='lat' dir='ltr'><strong>qui</strong></span> <span class='ocrx_word' id='word_1_504' title='bbox 2258 2586 2538 2643; x_wconf 89' lang='lat' dir='ltr'><strong>creabitur</strong></span> <span class='ocrx_word' id='word_1_505' title='bbox 2565 2585 2752 2642; x_wconf 87' lang='lat' dir='ltr'><strong>laudet</strong></span> <span class='ocrx_word' id='word_1_506' title='bbox 2805 2587 3114 2651; x_wconf 89' lang='lat' dir='ltr'><strong>Dominum,</strong></span> <span class='ocrx_word' id='word_1_507' title='bbox 3162 2587 3257 2658; x_wconf 85' lang='lat' dir='ltr'><strong>qui</strong></span> <span class='ocrx_word' id='word_1_508' title='bbox 3314 2587 3476 2655; x_wconf 79' lang='lat' dir='ltr'><strong>talem</strong></span> 
     </span>
    </p>
   </div>
   <div class='ocr_carea' id='block_1_70' title="bbox 1878 2677 3480 2748">
    <p class='ocr_par' dir='ltr' id='par_1_70' title="bbox 1878 2677 3480 2748">
     <span class='ocr_line' id='line_1_70' title="bbox 1878 2677 3480 2748; baseline -0.001 -13"><span class='ocrx_word' id='word_1_509' title='bbox 1878 2679 2080 2746; x_wconf 79' lang='lat' dir='ltr'><strong>zelum,</strong></span> <span class='ocrx_word' id='word_1_510' title='bbox 2126 2679 2568 2745; x_wconf 85' lang='lat' dir='ltr'><strong>unanimitatem,</strong></span> <span class='ocrx_word' id='word_1_511' title='bbox 2618 2677 2881 2748; x_wconf 88' lang='lat' dir='ltr'><strong>prepositi</strong></span> <span class='ocrx_word' id='word_1_512' title='bbox 2935 2677 3280 2733; x_wconf 84' lang='lat' dir='ltr'><strong>tenacitatem</strong></span> <span class='ocrx_word' id='word_1_513' title='bbox 3329 2679 3480 2735; x_wconf 90' lang='lat' dir='ltr'><strong>dedit</strong></span> 
     </span>
    </p>
   </div>
   <div class='ocr_carea' id='block_1_71' title="bbox 1877 2768 3477 2842">
    <p class='ocr_par' dir='ltr' id='par_1_71' title="bbox 1877 2768 3477 2842">
     <span class='ocr_line' id='line_1_71' title="bbox 1877 2768 3477 2842; baseline -0.001 -16"><span class='ocrx_word' id='word_1_514' title='bbox 1877 2771 2094 2828; x_wconf 82' lang='lat' dir='ltr'><strong>miseris</strong></span> <span class='ocrx_word' id='word_1_515' title='bbox 2120 2768 2596 2838; x_wconf 88' lang='lat' dir='ltr'><strong>homuncienibus,</strong></span> <span class='ocrx_word' id='word_1_516' title='bbox 2631 2768 2873 2835; x_wconf 83' lang='lat' dir='ltr'><strong>natione,</strong></span> <span class='ocrx_word' id='word_1_517' title='bbox 2924 2769 3271 2834; x_wconf 85' lang='lat' dir='ltr'><strong>educatione,</strong></span> <span class='ocrx_word' id='word_1_518' title='bbox 3315 2770 3477 2842; x_wconf 86' lang='lat' dir='ltr'><strong>genio</strong></span> 
     </span>
    </p>
   </div>
   <div class='ocr_carea' id='block_1_72' title="bbox 1877 2861 3479 2932">
    <p class='ocr_par' dir='ltr' id='par_1_72' title="bbox 1877 2861 3479 2932">
     <span class='ocr_line' id='line_1_72' title="bbox 1877 2861 3479 2932; baseline 0 -14"><span class='ocrx_word' id='word_1_519' title='bbox 1877 2861 2113 2918; x_wconf 82' lang='lat' dir='ltr'><strong>naturali</strong></span> <span class='ocrx_word' id='word_1_520' title='bbox 2141 2871 2250 2918; x_wconf 92' lang='lat' dir='ltr'><strong>tam</strong></span> <span class='ocrx_word' id='word_1_521' title='bbox 2281 2861 2534 2926; x_wconf 81' lang='lat' dir='ltr'><strong>diversis,</strong></span> <span class='ocrx_word' id='word_1_522' title='bbox 2558 2861 2723 2916; x_wconf 89' lang='lat' dir='ltr'><strong>etiam</strong></span> <span class='ocrx_word' id='word_1_523' title='bbox 2746 2869 2988 2932; x_wconf 86' lang='lat' dir='ltr'><strong>tempore</strong></span> <span class='ocrx_word' id='word_1_524' title='bbox 3017 2861 3130 2926; x_wconf 91' lang='lat' dir='ltr'><strong>illo,</strong></span> <span class='ocrx_word' id='word_1_525' title='bbox 3156 2871 3265 2932; x_wconf 84' lang='lat' dir='ltr'><strong>quo</strong></span> <span class='ocrx_word' id='word_1_526' title='bbox 3293 2862 3479 2918; x_wconf 81' lang='lat' dir='ltr'><strong>Eccle-</strong></span> 
     </span>
    </p>
   </div>
   <div class='ocr_carea' id='block_1_73' title="bbox 1877 2941 3477 3024">
    <p class='ocr_par' dir='ltr' id='par_1_73' title="bbox 1877 2941 3477 3024">
     <span class='ocr_line' id='line_1_73' title="bbox 1877 2941 3477 3024; baseline 0 -15"><span class='ocrx_word' id='word_1_527' title='bbox 1877 2953 1960 3010; x_wconf 87' lang='lat' dir='ltr'><strong>sia</strong></span> <span class='ocrx_word' id='word_1_528' title='bbox 1989 2953 2084 3008; x_wconf 89' lang='lat' dir='ltr'><strong>Dei</strong></span> <span class='ocrx_word' id='word_1_529' title='bbox 2111 2968 2210 3024; x_wconf 86' lang='lat' dir='ltr'><strong>per</strong></span> <span class='ocrx_word' id='word_1_530' title='bbox 2239 2941 2544 3009; x_wconf 71' lang='lat' dir='ltr'><strong>dedendum</strong></span> <span class='ocrx_word' id='word_1_531' title='bbox 2574 2950 2808 3010; x_wconf 80' lang='lat' dir='ltr'><strong>schisiua</strong></span> <span class='ocrx_word' id='word_1_532' title='bbox 2835 2952 2890 3008; x_wconf 88' lang='lat' dir='ltr'><strong>in</strong></span> <span class='ocrx_word' id='word_1_533' title='bbox 2931 2952 3118 3023; x_wconf 86' lang='lat' dir='ltr'><strong>plures</strong></span> <span class='ocrx_word' id='word_1_534' title='bbox 3167 2963 3353 3024; x_wconf 81' lang='lat' dir='ltr'><strong>partes</strong></span> <span class='ocrx_word' id='word_1_535' title='bbox 3396 2955 3477 3009; x_wconf 83' lang='lat' dir='ltr'><strong>di-</strong></span> 
     </span>
    </p>
   </div>
   <div class='ocr_carea' id='block_1_74' title="bbox 1879 3044 3477 3117">
    <p class='ocr_par' dir='ltr' id='par_1_74' title="bbox 1879 3044 3477 3117">
     <span class='ocr_line' id='line_1_74' title="bbox 1879 3044 3477 3117; baseline 0.003 -17"><span class='ocrx_word' id='word_1_536' title='bbox 1879 3046 2018 3112; x_wconf 90' lang='lat' dir='ltr'><strong>visa,</strong></span> <span class='ocrx_word' id='word_1_537' title='bbox 2043 3046 2292 3100; x_wconf 89' lang='lat' dir='ltr'><strong>ordinem</strong></span> <span class='ocrx_word' id='word_1_538' title='bbox 2314 3055 2562 3101; x_wconf 89' lang='lat' dir='ltr'><strong>nostrum</strong></span> <span class='ocrx_word' id='word_1_539' title='bbox 2585 3044 2640 3100; x_wconf 91' lang='lat' dir='ltr'><strong>in</strong></span> <span class='ocrx_word' id='word_1_540' title='bbox 2681 3053 2760 3100; x_wconf 93' lang='lat' dir='ltr'><strong>tot</strong></span> <span class='ocrx_word' id='word_1_541' title='bbox 2790 3055 2975 3117; x_wconf 88' lang='lat' dir='ltr'><strong>partes</strong></span> <span class='ocrx_word' id='word_1_542' title='bbox 3021 3047 3188 3103; x_wconf 85' lang='lat' dir='ltr'><strong>etiam</strong></span> <span class='ocrx_word' id='word_1_543' title='bbox 3243 3049 3477 3106; x_wconf 80' lang='lat' dir='ltr'><strong>scissura</strong></span> 
     </span>
    </p>
   </div>
   <div class='ocr_carea' id='block_1_75' title="bbox 1879 3135 3478 3205">
    <p class='ocr_par' dir='ltr' id='par_1_75' title="bbox 1879 3135 3478 3205">
     <span class='ocr_line' id='line_1_75' title="bbox 1879 3135 3478 3205; baseline 0.004 -15"><span class='ocrx_word' id='word_1_544' title='bbox 1879 3144 2001 3204; x_wconf 87' lang='lat' dir='ltr'><strong>post</strong></span> <span class='ocrx_word' id='word_1_545' title='bbox 2023 3150 2084 3191; x_wconf 91' lang='lat' dir='ltr'><strong>sc</strong></span> <span class='ocrx_word' id='word_1_546' title='bbox 2111 3143 2376 3200; x_wconf 81' lang='lat' dir='ltr'><strong>traxerat,</strong></span> <span class='ocrx_word' id='word_1_547' title='bbox 2399 3135 2500 3190; x_wconf 86' lang='lat' dir='ltr'><strong>sub</strong></span> <span class='ocrx_word' id='word_1_548' title='bbox 2527 3135 2688 3191; x_wconf 83' lang='lat' dir='ltr'><strong>finem</strong></span> <span class='ocrx_word' id='word_1_549' title='bbox 2709 3139 2893 3205; x_wconf 90' lang='lat' dir='ltr'><strong>quarti</strong></span> <span class='ocrx_word' id='word_1_550' title='bbox 2936 3139 3128 3195; x_wconf 89' lang='lat' dir='ltr'><strong>decimi</strong></span> <span class='ocrx_word' id='word_1_551' title='bbox 3182 3139 3367 3196; x_wconf 66' lang='lat' dir='ltr'><strong>saeculi</strong></span> <span class='ocrx_word' id='word_1_552' title='bbox 3421 3150 3478 3196; x_wconf 89' lang='lat' dir='ltr'><strong>et</strong></span> 
     </span>
    </p>
   </div>
   <div class='ocr_carea' id='block_1_76' title="bbox 1825 3225 3478 3294">
    <p class='ocr_par' dir='ltr' id='par_1_76' title="bbox 1825 3225 3478 3294">
     <span class='ocr_line' id='line_1_76' title="bbox 1825 3225 3478 3294; baseline 0.005 -14"><span class='ocrx_word' id='word_1_553' title='bbox 1825 3231 1846 3256; x_wconf 85' lang='grc'><strong><em>⁸</em></strong></span> <span class='ocrx_word' id='word_1_554' title='bbox 1879 3226 2092 3280; x_wconf 90' lang='lat' dir='ltr'><strong>initium</strong></span> <span class='ocrx_word' id='word_1_555' title='bbox 2122 3225 2317 3280; x_wconf 89' lang='lat' dir='ltr'><strong>decimi</strong></span> <span class='ocrx_word' id='word_1_556' title='bbox 2345 3225 2544 3294; x_wconf 92' lang='lat' dir='ltr'><strong>quinti,</strong></span> <span class='ocrx_word' id='word_1_557' title='bbox 2574 3225 2746 3280; x_wconf 86' lang='lat' dir='ltr'><strong>donec</strong></span> <span class='ocrx_word' id='word_1_558' title='bbox 2767 3229 3059 3286; x_wconf 90' lang='lat' dir='ltr'><strong>concilium</strong></span> <span class='ocrx_word' id='word_1_559' title='bbox 3101 3231 3356 3288; x_wconf 85' lang='lat' dir='ltr'><strong>Pisanum</strong></span> <span class='ocrx_word' id='word_1_560' title='bbox 3388 3247 3478 3288; x_wconf 81' lang='lat' dir='ltr'><strong>ce-</strong></span> 
     </span>
    </p>
   </div>
   <div class='ocr_carea' id='block_1_77' title="bbox 1878 3318 3476 3395">
    <p class='ocr_par' dir='ltr' id='par_1_77' title="bbox 1878 3318 3476 3395">
     <span class='ocr_line' id='line_1_77' title="bbox 1878 3318 3476 3395; baseline 0.003 -22"><span class='ocrx_word' id='word_1_561' title='bbox 1878 3318 2203 3383; x_wconf 88' lang='lat' dir='ltr'><strong>lebraretur,</strong></span> <span class='ocrx_word' id='word_1_562' title='bbox 2234 3325 2403 3373; x_wconf 89' lang='lat' dir='ltr'><strong>utsuo</strong></span> <span class='ocrx_word' id='word_1_563' title='bbox 2424 3318 2545 3375; x_wconf 90' lang='lat' dir='ltr'><strong>loco</strong></span> <span class='ocrx_word' id='word_1_564' title='bbox 2565 3319 2797 3376; x_wconf 89' lang='lat' dir='ltr'><strong>dicetur.</strong></span> <span class='ocrx_word' id='word_1_565' title='bbox 2823 3321 2880 3377; x_wconf 92' lang='lat' dir='ltr'><strong>ld</strong></span> <span class='ocrx_word' id='word_1_566' title='bbox 2907 3324 3054 3379; x_wconf 85' lang='lat' dir='ltr'><strong>velut</strong></span> <span class='ocrx_word' id='word_1_567' title='bbox 3075 3325 3278 3395; x_wconf 82' lang='lat' dir='ltr'><strong>grande</strong></span> <span class='ocrx_word' id='word_1_568' title='bbox 3307 3325 3476 3380; x_wconf 81' lang='lat' dir='ltr'><strong>mira-</strong></span> 
     </span>
    </p>
   </div>
   <div class='ocr_carea' id='block_1_78' title="bbox 1877 3411 3475 3487">
    <p class='ocr_par' dir='ltr' id='par_1_78' title="bbox 1877 3411 3475 3487">
     <span class='ocr_line' id='line_1_78' title="bbox 1877 3411 3475 3487; baseline 0.004 -21"><span class='ocrx_word' id='word_1_569' title='bbox 1877 3411 2060 3466; x_wconf 86' lang='lat' dir='ltr'><strong>culum</strong></span> <span class='ocrx_word' id='word_1_570' title='bbox 2092 3428 2120 3465; x_wconf 88' lang='lat' dir='ltr'><strong>a</strong></span> <span class='ocrx_word' id='word_1_571' title='bbox 2158 3412 2386 3468; x_wconf 89' lang='lat' dir='ltr'><strong>Domine</strong></span> <span class='ocrx_word' id='word_1_572' title='bbox 2409 3413 2611 3469; x_wconf 90' lang='lat' dir='ltr'><strong>factum</strong></span> <span class='ocrx_word' id='word_1_573' title='bbox 2631 3417 2806 3472; x_wconf 88' lang='lat' dir='ltr'><strong>oculis</strong></span> <span class='ocrx_word' id='word_1_574' title='bbox 2829 3417 3028 3472; x_wconf 90' lang='lat' dir='ltr'><strong>mentis</strong></span> <span class='ocrx_word' id='word_1_575' title='bbox 3051 3426 3296 3487; x_wconf 83' lang='lat' dir='ltr'><strong>apparet,</strong></span> <span class='ocrx_word' id='word_1_576' title='bbox 3327 3417 3475 3487; x_wconf 89' lang='lat' dir='ltr'><strong>quod</strong></span> 
     </span>
    </p>
   </div>
   <div class='ocr_carea' id='block_1_79' title="bbox 1878 3502 3476 3576">
    <p class='ocr_par' dir='ltr' id='par_1_79' title="bbox 1878 3502 3476 3576">
     <span class='ocr_line' id='line_1_79' title="bbox 1878 3502 3476 3576; baseline 0.003 -20"><span class='ocrx_word' id='word_1_577' title='bbox 1878 3502 2004 3556; x_wconf 87' lang='lat' dir='ltr'><strong>dum</strong></span> <span class='ocrx_word' id='word_1_578' title='bbox 2027 3502 2242 3558; x_wconf 83' lang='lat' dir='ltr'><strong>intueor</strong></span> <span class='ocrx_word' id='word_1_579' title='bbox 2269 3504 2594 3574; x_wconf 86' lang='lat' dir='ltr'><strong>ebstupesco</strong></span> <span class='ocrx_word' id='word_1_580' title='bbox 2618 3514 2674 3563; x_wconf 86' lang='lat' dir='ltr'><strong>et</strong></span> <span class='ocrx_word' id='word_1_581' title='bbox 2701 3506 2978 3562; x_wconf 87' lang='lat' dir='ltr'><strong>succlamo</strong></span> <span class='ocrx_word' id='word_1_582' title='bbox 3007 3524 3020 3562; x_wconf 88' lang='lat'><strong>:</strong></span> <span class='ocrx_word' id='word_1_583' title='bbox 3048 3506 3254 3576; x_wconf 78' lang='lat' dir='ltr'><strong>Digitus</strong></span> <span class='ocrx_word' id='word_1_584' title='bbox 3277 3506 3371 3562; x_wconf 90' lang='lat' dir='ltr'><strong>Dei</strong></span> <span class='ocrx_word' id='word_1_585' title='bbox 3391 3515 3476 3561; x_wconf 88' lang='lat' dir='ltr'><strong>est</strong></span> 
     </span>
    </p>
   </div>
   <div class='ocr_carea' id='block_1_80' title="bbox 1879 3592 3477 3667">
    <p class='ocr_par' dir='ltr' id='par_1_80' title="bbox 1879 3592 3477 3667">
     <span class='ocr_line' id='line_1_80' title="bbox 1879 3592 3477 3667; baseline 0.003 -21"><span class='ocrx_word' id='word_1_586' title='bbox 1879 3592 2016 3658; x_wconf 86' lang='lat' dir='ltr'><strong>iste;</strong></span> <span class='ocrx_word' id='word_1_587' title='bbox 2047 3607 2155 3648; x_wconf 89' lang='lat' dir='ltr'><strong>non</strong></span> <span class='ocrx_word' id='word_1_588' title='bbox 2178 3593 2323 3649; x_wconf 88' lang='lat' dir='ltr'><strong>enim</strong></span> <span class='ocrx_word' id='word_1_589' title='bbox 2349 3594 2555 3650; x_wconf 87' lang='lat' dir='ltr'><strong>similes</strong></span> <span class='ocrx_word' id='word_1_590' title='bbox 2579 3594 2790 3653; x_wconf 89' lang='lat' dir='ltr'><strong>fructus</strong></span> <span class='ocrx_word' id='word_1_591' title='bbox 2842 3597 3049 3667; x_wconf 87' lang='lat' dir='ltr'><strong>profert</strong></span> <span class='ocrx_word' id='word_1_592' title='bbox 3104 3605 3250 3654; x_wconf 87' lang='lat' dir='ltr'><strong>terra</strong></span> <span class='ocrx_word' id='word_1_593' title='bbox 3295 3596 3477 3658; x_wconf 84' lang='lat' dir='ltr'><strong>cordis</strong></span> 
     </span>
    </p>
   </div>
   <div class='ocr_carea' id='block_1_81' title="bbox 1878 3688 3474 3761">
    <p class='ocr_par' dir='ltr' id='par_1_81' title="bbox 1878 3688 3474 3761">
     <span class='ocr_line' id='line_1_81' title="bbox 1878 3688 3474 3761; baseline 0.004 -18"><span class='ocrx_word' id='word_1_594' title='bbox 1878 3688 2102 3743; x_wconf 86' lang='lat' dir='ltr'><strong>humani</strong></span> <span class='ocrx_word' id='word_1_595' title='bbox 2133 3691 2318 3758; x_wconf 87' lang='lat' dir='ltr'><strong>spinas</strong></span> <span class='ocrx_word' id='word_1_596' title='bbox 2344 3701 2400 3744; x_wconf 88' lang='lat' dir='ltr'><strong>et</strong></span> <span class='ocrx_word' id='word_1_597' title='bbox 2449 3689 2678 3746; x_wconf 87' lang='lat' dir='ltr'><strong>tribules</strong></span> <span class='ocrx_word' id='word_1_598' title='bbox 2699 3707 2763 3747; x_wconf 91' lang='lat' dir='ltr'><strong>ex</strong></span> <span class='ocrx_word' id='word_1_599' title='bbox 2794 3705 2852 3746; x_wconf 91' lang='lat' dir='ltr'><strong>se</strong></span> <span class='ocrx_word' id='word_1_600' title='bbox 2886 3699 3097 3745; x_wconf 88' lang='lat' dir='ltr'><strong>tantum</strong></span> <span class='ocrx_word' id='word_1_601' title='bbox 3140 3690 3474 3761; x_wconf 87' lang='lat' dir='ltr'><strong>germinans.</strong></span> 
     </span>
    </p>
   </div>
   <div class='ocr_carea' id='block_1_82' title="bbox 1876 3778 3474 3850">
    <p class='ocr_par' dir='ltr' id='par_1_82' title="bbox 1876 3778 3474 3850">
     <span class='ocr_line' id='line_1_82' title="bbox 1876 3778 3474 3850; baseline 0.003 -17"><span class='ocrx_word' id='word_1_602' title='bbox 1876 3778 2047 3834; x_wconf 85' lang='lat' dir='ltr'><strong>Porro</strong></span> <span class='ocrx_word' id='word_1_603' title='bbox 2083 3780 2149 3834; x_wconf 90' lang='lat' dir='ltr'><strong>de</strong></span> <span class='ocrx_word' id='word_1_604' title='bbox 2178 3779 2254 3834; x_wconf 87' lang='lat' dir='ltr'><strong>rei</strong></span> <span class='ocrx_word' id='word_1_605' title='bbox 2285 3780 2856 3848; x_wconf 87' lang='lat' dir='ltr'><strong>veritatcjudicabunt</strong></span> <span class='ocrx_word' id='word_1_606' title='bbox 2907 3781 3001 3850; x_wconf 91' lang='lat' dir='ltr'><strong>qui</strong></span> <span class='ocrx_word' id='word_1_607' title='bbox 3045 3795 3183 3850; x_wconf 82' lang='lat' dir='ltr'><strong>opus</strong></span> <span class='ocrx_word' id='word_1_608' title='bbox 3223 3781 3369 3837; x_wconf 89' lang='lat' dir='ltr'><strong>istud</strong></span> <span class='ocrx_word' id='word_1_609' title='bbox 3418 3781 3474 3838; x_wconf 90' lang='lat' dir='ltr'><strong>in</strong></span> 
     </span>
    </p>
   </div>
   <div class='ocr_carea' id='block_1_83' title="bbox 1878 3869 3481 3940">
    <p class='ocr_par' dir='ltr' id='par_1_83' title="bbox 1878 3869 3481 3940">
     <span class='ocr_line' id='line_1_83' title="bbox 1878 3869 3481 3940; baseline 0.004 -16"><span class='ocrx_word' id='word_1_610' title='bbox 1878 3883 2040 3925; x_wconf 89' lang='lat' dir='ltr'><strong>sensu</strong></span> <span class='ocrx_word' id='word_1_611' title='bbox 2070 3869 2287 3939; x_wconf 88' lang='lat' dir='ltr'><strong>pietatis</strong></span> <span class='ocrx_word' id='word_1_612' title='bbox 2313 3884 2368 3924; x_wconf 90' lang='lat' dir='ltr'><strong>et</strong></span> <span class='ocrx_word' id='word_1_613' title='bbox 2389 3871 2582 3940; x_wconf 87' lang='lat' dir='ltr'><strong>spiritu</strong></span> <span class='ocrx_word' id='word_1_614' title='bbox 2606 3871 2891 3926; x_wconf 90' lang='lat' dir='ltr'><strong>charitatis</strong></span> <span class='ocrx_word' id='word_1_615' title='bbox 2914 3871 3104 3926; x_wconf 90' lang='lat' dir='ltr'><strong>lecturi</strong></span> <span class='ocrx_word' id='word_1_616' title='bbox 3137 3882 3284 3927; x_wconf 90' lang='lat' dir='ltr'><strong>sunt.</strong></span> <span class='ocrx_word' id='word_1_617' title='bbox 3397 3919 3410 3930; x_wconf 61' lang='grc' dir='ltr'>ρ</span> <span class='ocrx_word' id='word_1_618' title='bbox 3479 3881 3481 3883; x_wconf 81' lang='grc'><strong>’</strong></span> 
     </span>
    </p>
   </div>
   <div class='ocr_carea' id='block_1_84' title="bbox 1947 3961 3475 4033">
    <p class='ocr_par' dir='ltr' id='par_1_84' title="bbox 1947 3961 3475 4033">
     <span class='ocr_line' id='line_1_84' title="bbox 1947 3961 3475 4033; baseline 0.003 -15"><span class='ocrx_word' id='word_1_619' title='bbox 1947 3963 2027 4018; x_wconf 87' lang='lat' dir='ltr'><strong>De</strong></span> <span class='ocrx_word' id='word_1_620' title='bbox 2050 3961 2371 4032; x_wconf 89' lang='lat' dir='ltr'><strong>quibusdam</strong></span> <span class='ocrx_word' id='word_1_621' title='bbox 2399 3963 2578 4019; x_wconf 86' lang='lat' dir='ltr'><strong>adhuc</strong></span> <span class='ocrx_word' id='word_1_622' title='bbox 2602 3964 2839 4020; x_wconf 91' lang='lat' dir='ltr'><strong>monitos</strong></span> <span class='ocrx_word' id='word_1_623' title='bbox 2861 3979 2955 4022; x_wconf 87' lang='lat' dir='ltr'><strong>vos</strong></span> <span class='ocrx_word' id='word_1_624' title='bbox 2982 3965 3276 4033; x_wconf 87' lang='lat' dir='ltr'><strong>essevelo,</strong></span> <span class='ocrx_word' id='word_1_625' title='bbox 3317 3975 3475 4023; x_wconf 51' lang='lat' dir='ltr'><strong>ante?</strong></span> 
     </span>
    </p>
   </div>
   <div class='ocr_carea' id='block_1_85' title="bbox 1877 4055 3474 4128">
    <p class='ocr_par' dir='ltr' id='par_1_85' title="bbox 1877 4055 3474 4128">
     <span class='ocr_line' id='line_1_85' title="bbox 1877 4055 3474 4128; baseline 0.001 -17"><span class='ocrx_word' id='word_1_626' title='bbox 1877 4073 2040 4128; x_wconf 89' lang='lat' dir='ltr'><strong>quam</strong></span> <span class='ocrx_word' id='word_1_627' title='bbox 2069 4058 2139 4111; x_wconf 87' lang='lat' dir='ltr'><strong>ad</strong></span> <span class='ocrx_word' id='word_1_628' title='bbox 2186 4055 2693 4126; x_wconf 84' lang='lat' dir='ltr'><strong>interpretationem</strong></span> <span class='ocrx_word' id='word_1_629' title='bbox 2739 4055 3206 4112; x_wconf 89' lang='lat' dir='ltr'><strong>Censuetudinum</strong></span> <span class='ocrx_word' id='word_1_630' title='bbox 3247 4058 3474 4112; x_wconf 83' lang='lat' dir='ltr'><strong>istarum</strong></span> 
     </span>
    </p>
   </div>
   <div class='ocr_carea' id='block_1_86' title="bbox 1879 4147 3477 4221">
    <p class='ocr_par' dir='ltr' id='par_1_86' title="bbox 1879 4147 3477 4221">
     <span class='ocr_line' id='line_1_86' title="bbox 1879 4147 3477 4221; baseline -0.001 -16"><span class='ocrx_word' id='word_1_631' title='bbox 1879 4149 1948 4205; x_wconf 74' lang='grc' dir='ltr'><strong>Β.</strong></span> <span class='ocrx_word' id='word_1_632' title='bbox 1973 4147 2150 4203; x_wconf 86' lang='lat' dir='ltr'><strong>Patris</strong></span> <span class='ocrx_word' id='word_1_633' title='bbox 2180 4149 2352 4204; x_wconf 89' lang='lat' dir='ltr'><strong>nostri</strong></span> <span class='ocrx_word' id='word_1_634' title='bbox 2380 4147 2643 4221; x_wconf 84' lang='lat' dir='ltr'><strong>Guigonis</strong></span> <span class='ocrx_word' id='word_1_635' title='bbox 2667 4149 3038 4215; x_wconf 75' lang='lat' dir='ltr'><strong>deveniamus,</strong></span> <span class='ocrx_word' id='word_1_636' title='bbox 3071 4150 3271 4221; x_wconf 90' lang='lat' dir='ltr'><strong>quibus</strong></span> <span class='ocrx_word' id='word_1_637' title='bbox 3301 4151 3477 4206; x_wconf 79' lang='lat' dir='ltr'><strong>moni-</strong></span> 
     </span>
    </p>
   </div>
   <div class='ocr_carea' id='block_1_87' title="bbox 1879 4242 3474 4314">
    <p class='ocr_par' dir='ltr' id='par_1_87' title="bbox 1879 4242 3474 4314">
     <span class='ocr_line' id='line_1_87' title="bbox 1879 4242 3474 4314; baseline 0.001 -16"><span class='ocrx_word' id='word_1_638' title='bbox 1879 4244 1948 4299; x_wconf 89' lang='lat' dir='ltr'><strong>tis</strong></span> <span class='ocrx_word' id='word_1_639' title='bbox 1971 4244 2040 4298; x_wconf 90' lang='lat' dir='ltr'><strong>ad</strong></span> <span class='ocrx_word' id='word_1_640' title='bbox 2069 4242 2367 4298; x_wconf 82' lang='lat' dir='ltr'><strong>faciliorem</strong></span> <span class='ocrx_word' id='word_1_641' title='bbox 2390 4242 2802 4314; x_wconf 90' lang='lat' dir='ltr'><strong>intelligentiam</strong></span> <span class='ocrx_word' id='word_1_642' title='bbox 2842 4258 3038 4300; x_wconf 90' lang='lat' dir='ltr'><strong>sensus</strong></span> <span class='ocrx_word' id='word_1_643' title='bbox 3083 4253 3140 4299; x_wconf 89' lang='lat' dir='ltr'><strong>et</strong></span> <span class='ocrx_word' id='word_1_644' title='bbox 3177 4244 3474 4301; x_wconf 88' lang='lat' dir='ltr'><strong>verborum</strong></span> 
     </span>
    </p>
   </div>
   <div class='ocr_carea' id='block_1_88' title="bbox 1875 4334 2806 4406">
    <p class='ocr_par' dir='ltr' id='par_1_88' title="bbox 1875 4334 2806 4406">
     <span class='ocr_line' id='line_1_88' title="bbox 1875 4334 2806 4406; baseline -0.001 -17"><span class='ocrx_word' id='word_1_645' title='bbox 1875 4335 2104 4406; x_wconf 91' lang='lat' dir='ltr'><strong>piissimi</strong></span> <span class='ocrx_word' id='word_1_646' title='bbox 2141 4335 2426 4405; x_wconf 85' lang='lat' dir='ltr'><strong>scriptoris</strong></span> <span class='ocrx_word' id='word_1_647' title='bbox 2455 4334 2806 4406; x_wconf 79' lang='lat' dir='ltr'><strong>perveniatis.</strong></span> 
     </span>
    </p>
   </div>
   <div class='ocr_carea' id='block_1_89' title="bbox 1947 4427 3474 4498">
    <p class='ocr_par' dir='ltr' id='par_1_89' title="bbox 1947 4427 3474 4498">
     <span class='ocr_line' id='line_1_89' title="bbox 1947 4427 3474 4498; baseline 0.001 -16"><span class='ocrx_word' id='word_1_648' title='bbox 1947 4427 2131 4484; x_wconf 87' lang='lat' dir='ltr'><strong>Primo</strong></span> <span class='ocrx_word' id='word_1_649' title='bbox 2161 4443 2289 4498; x_wconf 80' lang='lat' dir='ltr'><strong>ergo</strong></span> <span class='ocrx_word' id='word_1_650' title='bbox 2318 4429 2616 4484; x_wconf 86' lang='lat' dir='ltr'><strong>notandum</strong></span> <span class='ocrx_word' id='word_1_651' title='bbox 2651 4440 2735 4482; x_wconf 89' lang='lat' dir='ltr'><strong>est</strong></span> <span class='ocrx_word' id='word_1_652' title='bbox 2765 4427 2914 4482; x_wconf 90' lang='lat' dir='ltr'><strong>illum</strong></span> <span class='ocrx_word' id='word_1_653' title='bbox 2967 4427 3246 4483; x_wconf 89' lang='lat' dir='ltr'><strong>succincte</strong></span> <span class='ocrx_word' id='word_1_654' title='bbox 3287 4429 3474 4485; x_wconf 89' lang='lat' dir='ltr'><strong>adme-</strong></span> 
     </span>
    </p>
   </div>
   <div class='ocr_carea' id='block_1_90' title="bbox 175 4517 1772 4600">
    <p class='ocr_par' dir='ltr' id='par_1_90' title="bbox 175 4522 1772 4600">
     <span class='ocr_line' id='line_1_90' title="bbox 175 4522 1772 4600; baseline 0.008 -25"><span class='ocrx_word' id='word_1_655' title='bbox 175 4522 403 4593; x_wconf 86' lang='lat' dir='ltr'><strong>preprie</strong></span> <span class='ocrx_word' id='word_1_656' title='bbox 434 4537 598 4578; x_wconf 89' lang='lat' dir='ltr'><strong>sensu</strong></span> <span class='ocrx_word' id='word_1_657' title='bbox 628 4522 824 4579; x_wconf 91' lang='lat' dir='ltr'><strong>deinde</strong></span> <span class='ocrx_word' id='word_1_658' title='bbox 852 4527 1157 4582; x_wconf 66' lang='lat' dir='ltr'><strong>obcmcates</strong></span> <span class='ocrx_word' id='word_1_659' title='bbox 1185 4568 1198 4593; x_wconf 89' lang='lat'><strong>,</strong></span> <span class='ocrx_word' id='word_1_660' title='bbox 1232 4529 1476 4584; x_wconf 87' lang='lat' dir='ltr'><strong>strictius</strong></span> <span class='ocrx_word' id='word_1_661' title='bbox 1504 4530 1637 4600; x_wconf 89' lang='lat' dir='ltr'><strong>ligat</strong></span> <span class='ocrx_word' id='word_1_662' title='bbox 1657 4541 1712 4586; x_wconf 90' lang='lat' dir='ltr'><strong>et</strong></span> <span class='ocrx_word' id='word_1_663' title='bbox 1741 4547 1772 4586; x_wconf 90' lang='lat' dir='ltr'><strong>a</strong></span> 
     </span>
    </p>
   </div>
   <div class='ocr_carea' id='block_1_91' title="bbox 1880 4517 3472 4600">
    <p class='ocr_par' dir='ltr' id='par_1_91' title="bbox 1880 4517 3472 4582">
     <span class='ocr_line' id='line_1_91' title="bbox 1880 4517 3472 4582; baseline 0.001 -10"><span class='ocrx_word' id='word_1_664' title='bbox 1880 4517 2004 4572; x_wconf 91' lang='lat' dir='ltr'><strong>dum</strong></span> <span class='ocrx_word' id='word_1_665' title='bbox 2038 4517 2302 4582; x_wconf 86' lang='lat' dir='ltr'><strong>scribere,</strong></span> <span class='ocrx_word' id='word_1_666' title='bbox 2338 4526 2448 4572; x_wconf 91' lang='lat' dir='ltr'><strong>tum</strong></span> <span class='ocrx_word' id='word_1_667' title='bbox 2476 4528 2536 4574; x_wconf 90' lang='lat' dir='ltr'><strong>ut</strong></span> <span class='ocrx_word' id='word_1_668' title='bbox 2565 4518 2820 4573; x_wconf 82' lang='lat' dir='ltr'><strong>exhibeat</strong></span> <span class='ocrx_word' id='word_1_669' title='bbox 2842 4532 2902 4572; x_wconf 90' lang='lat' dir='ltr'><strong>se</strong></span> <span class='ocrx_word' id='word_1_670' title='bbox 2923 4517 2978 4572; x_wconf 92' lang='lat' dir='ltr'><strong>in</strong></span> <span class='ocrx_word' id='word_1_671' title='bbox 3001 4519 3290 4573; x_wconf 89' lang='lat' dir='ltr'><strong>scribendo</strong></span> <span class='ocrx_word' id='word_1_672' title='bbox 3305 4521 3472 4574; x_wconf 86' lang='lat' dir='ltr'><strong>etiam</strong></span> 
     </span>
    </p>
   </div>
   <div class='ocr_carea' id='block_1_92' title="bbox 175 4612 1592 4681">
    <p class='ocr_par' dir='ltr' id='par_1_92' title="bbox 175 4612 1592 4681">
     <span class='ocr_line' id='line_1_92' title="bbox 175 4612 1592 4681; baseline 0.011 -15"><span class='ocrx_word' id='word_1_673' title='bbox 175 4612 522 4668; x_wconf 91' lang='lat' dir='ltr'><strong>correctione</strong></span> <span class='ocrx_word' id='word_1_674' title='bbox 547 4612 765 4668; x_wconf 88' lang='lat' dir='ltr'><strong>tandem</strong></span> <span class='ocrx_word' id='word_1_675' title='bbox 788 4614 902 4670; x_wconf 90' lang='lat' dir='ltr'><strong>fere</strong></span> <span class='ocrx_word' id='word_1_676' title='bbox 927 4617 1167 4673; x_wconf 89' lang='lat' dir='ltr'><strong>totalitcr</strong></span> <span class='ocrx_word' id='word_1_677' title='bbox 1186 4618 1392 4675; x_wconf 86' lang='lat' dir='ltr'><strong>alienos</strong></span> <span class='ocrx_word' id='word_1_678' title='bbox 1411 4619 1592 4681; x_wconf 78' lang='lat' dir='ltr'><strong>cilicii.</strong></span> 
     </span>
    </p>
   </div>
   <div class='ocr_carea' id='block_1_93' title="bbox 243 4703 1777 4780">
    <p class='ocr_par' dir='ltr' id='par_1_93' title="bbox 243 4703 1777 4780">
     <span class='ocr_line' id='line_1_93' title="bbox 243 4703 1777 4780; baseline 0.006 -22"><span class='ocrx_word' id='word_1_679' title='bbox 243 4703 312 4758; x_wconf 80' lang='lat' dir='ltr'><strong>Hi</strong></span> <span class='ocrx_word' id='word_1_680' title='bbox 340 4713 473 4759; x_wconf 88' lang='lat' dir='ltr'><strong>sunt</strong></span> <span class='ocrx_word' id='word_1_681' title='bbox 500 4705 685 4761; x_wconf 89' lang='lat' dir='ltr'><strong>miseri</strong></span> <span class='ocrx_word' id='word_1_682' title='bbox 707 4706 908 4776; x_wconf 86' lang='lat' dir='ltr'><strong>gradus</strong></span> <span class='ocrx_word' id='word_1_683' title='bbox 936 4707 1328 4776; x_wconf 85' lang='lat' dir='ltr'><strong>descensienis,</strong></span> <span class='ocrx_word' id='word_1_684' title='bbox 1363 4725 1501 4780; x_wconf 88' lang='lat' dir='ltr'><strong>quos</strong></span> <span class='ocrx_word' id='word_1_685' title='bbox 1544 4711 1648 4766; x_wconf 90' lang='lat' dir='ltr'><strong>sibi</strong></span> <span class='ocrx_word' id='word_1_686' title='bbox 1696 4712 1777 4767; x_wconf 87' lang='lat' dir='ltr'><strong>fa-</strong></span> 
     </span>
    </p>
   </div>
   <div class='ocr_carea' id='block_1_94' title="bbox 177 4794 1778 4872">
    <p class='ocr_par' dir='ltr' id='par_1_94' title="bbox 177 4794 1778 4872">
     <span class='ocr_line' id='line_1_94' title="bbox 177 4794 1778 4872; baseline 0.005 -22"><span class='ocrx_word' id='word_1_687' title='bbox 177 4794 396 4852; x_wconf 89' lang='lat' dir='ltr'><strong>bricant</strong></span> <span class='ocrx_word' id='word_1_688' title='bbox 447 4797 770 4868; x_wconf 89' lang='lat' dir='ltr'><strong>Spirituales</strong></span> <span class='ocrx_word' id='word_1_689' title='bbox 819 4813 850 4852; x_wconf 86' lang='lat' dir='ltr'><strong>a</strong></span> <span class='ocrx_word' id='word_1_690' title='bbox 892 4800 1109 4870; x_wconf 90' lang='lat' dir='ltr'><strong>proprie</strong></span> <span class='ocrx_word' id='word_1_691' title='bbox 1133 4799 1339 4872; x_wconf 83' lang='lat' dir='ltr'><strong>judicio</strong></span> <span class='ocrx_word' id='word_1_692' title='bbox 1367 4816 1473 4856; x_wconf 92' lang='lat' dir='ltr'><strong>non</strong></span> <span class='ocrx_word' id='word_1_693' title='bbox 1500 4800 1604 4856; x_wconf 90' lang='lat' dir='ltr'><strong>sibi</strong></span> <span class='ocrx_word' id='word_1_694' title='bbox 1640 4803 1778 4858; x_wconf 89' lang='lat' dir='ltr'><strong>satis</strong></span> 
     </span>
    </p>
   </div>
   <div class='ocr_carea' id='block_1_95' title="bbox 178 4891 1776 4960">
    <p class='ocr_par' dir='ltr' id='par_1_95' title="bbox 178 4891 1776 4960">
     <span class='ocr_line' id='line_1_95' title="bbox 178 4891 1776 4960; baseline 0.005 -18"><span class='ocrx_word' id='word_1_695' title='bbox 178 4897 337 4943; x_wconf 87' lang='lat' dir='ltr'><strong>caute</strong></span> <span class='ocrx_word' id='word_1_696' title='bbox 407 4898 698 4956; x_wconf 89' lang='lat' dir='ltr'><strong>caventes,</strong></span> <span class='ocrx_word' id='word_1_697' title='bbox 756 4905 786 4946; x_wconf 90' lang='lat' dir='ltr'><strong>a</strong></span> <span class='ocrx_word' id='word_1_698' title='bbox 822 4891 1018 4960; x_wconf 90' lang='lat' dir='ltr'><strong>quibus</strong></span> <span class='ocrx_word' id='word_1_699' title='bbox 1066 4893 1224 4959; x_wconf 83' lang='lat' dir='ltr'><strong>longe</strong></span> <span class='ocrx_word' id='word_1_700' title='bbox 1296 4893 1658 4960; x_wconf 86' lang='lat' dir='ltr'><strong>distabimus,</strong></span> <span class='ocrx_word' id='word_1_701' title='bbox 1728 4894 1776 4950; x_wconf 91' lang='lat' dir='ltr'><strong>si</strong></span> 
     </span>
    </p>
   </div>
   <div class='ocr_carea' id='block_1_96' title="bbox 178 4981 1778 5051">
    <p class='ocr_par' dir='ltr' id='par_1_96' title="bbox 178 4981 1778 5051">
     <span class='ocr_line' id='line_1_96' title="bbox 178 4981 1778 5051; baseline 0.003 -16"><span class='ocrx_word' id='word_1_702' title='bbox 178 4995 398 5051; x_wconf 90' lang='lat' dir='ltr'><strong>semper</strong></span> <span class='ocrx_word' id='word_1_703' title='bbox 427 4981 498 5036; x_wconf 92' lang='lat' dir='ltr'><strong>ob</strong></span> <span class='ocrx_word' id='word_1_704' title='bbox 523 4983 713 5038; x_wconf 90' lang='lat' dir='ltr'><strong>oculos</strong></span> <span class='ocrx_word' id='word_1_705' title='bbox 767 4983 1066 5039; x_wconf 89' lang='lat' dir='ltr'><strong>habeamus</strong></span> <span class='ocrx_word' id='word_1_706' title='bbox 1108 4983 1196 5038; x_wconf 89' lang='lat' dir='ltr'><strong>illa</strong></span> <span class='ocrx_word' id='word_1_707' title='bbox 1224 4981 1429 5038; x_wconf 88' lang='lat' dir='ltr'><strong>Christi</strong></span> <span class='ocrx_word' id='word_1_708' title='bbox 1479 4983 1778 5040; x_wconf 87' lang='lat' dir='ltr'><strong>Salvateris</strong></span> 
     </span>
    </p>
   </div>
   <div class='ocr_carea' id='block_1_97' title="bbox 181 5073 1779 5148">
    <p class='ocr_par' dir='ltr' id='par_1_97' title="bbox 181 5073 1779 5148">
     <span class='ocr_line' id='line_1_97' title="bbox 181 5073 1779 5148; baseline 0.001 -18"><span class='ocrx_word' id='word_1_709' title='bbox 181 5074 352 5130; x_wconf 81' lang='lat' dir='ltr'><strong>nostri</strong></span> <span class='ocrx_word' id='word_1_710' title='bbox 390 5073 557 5130; x_wconf 88' lang='lat' dir='ltr'><strong>verba</strong></span> <span class='ocrx_word' id='word_1_711' title='bbox 586 5092 601 5129; x_wconf 91' lang='lat'><strong>:</strong></span> <span class='ocrx_word' id='word_1_712' title='bbox 626 5074 810 5130; x_wconf 82' lang='lat' dir='ltr'><strong>Nolite</strong></span> <span class='ocrx_word' id='word_1_713' title='bbox 846 5075 1120 5147; x_wconf 84' lang='lat' dir='ltr'><strong>judicare,</strong></span> <span class='ocrx_word' id='word_1_714' title='bbox 1149 5086 1197 5131; x_wconf 88' lang='lat' dir='ltr'><strong>et</strong></span> <span class='ocrx_word' id='word_1_715' title='bbox 1250 5093 1354 5131; x_wconf 84' lang='lat' dir='ltr'><strong>non</strong></span> <span class='ocrx_word' id='word_1_716' title='bbox 1400 5077 1779 5148; x_wconf 82' lang='lat' dir='ltr'><strong>judicabiniini</strong></span> 
     </span>
    </p>
   </div>
   <div class='ocr_carea' id='block_1_98' title="bbox 179 5164 1776 5240">
    <p class='ocr_par' dir='ltr' id='par_1_98' title="bbox 179 5164 1776 5240">
     <span class='ocr_line' id='line_1_98' title="bbox 179 5164 1776 5240; baseline 0.004 -22"><span class='ocrx_word' id='word_1_717' title='bbox 179 5164 332 5236; x_wconf 83' lang='lat' dir='ltr'><strong>(Lac.</strong></span> <span class='ocrx_word' id='word_1_718' title='bbox 358 5167 471 5236; x_wconf 72' lang='lat' dir='ltr'><strong>vr);</strong></span> <span class='ocrx_word' id='word_1_719' title='bbox 501 5175 554 5220; x_wconf 92' lang='lat' dir='ltr'><strong>et</strong></span> <span class='ocrx_word' id='word_1_720' title='bbox 582 5165 670 5220; x_wconf 89' lang='lat' dir='ltr'><strong>illa</strong></span> <span class='ocrx_word' id='word_1_721' title='bbox 705 5167 767 5222; x_wconf 89' lang='lat' dir='ltr'><strong>D.</strong></span> <span class='ocrx_word' id='word_1_722' title='bbox 795 5166 950 5222; x_wconf 88' lang='lat' dir='ltr'><strong>Pauli</strong></span> <span class='ocrx_word' id='word_1_723' title='bbox 981 5186 996 5222; x_wconf 88' lang='lat'><strong>:</strong></span> <span class='ocrx_word' id='word_1_724' title='bbox 1031 5168 1163 5234; x_wconf 81' lang='lat' dir='ltr'><strong>Quis</strong></span> <span class='ocrx_word' id='word_1_725' title='bbox 1208 5184 1262 5223; x_wconf 82' lang='lat' dir='ltr'><strong>es</strong></span> <span class='ocrx_word' id='word_1_726' title='bbox 1309 5177 1367 5222; x_wconf 88' lang='lat' dir='ltr'><strong>tu</strong></span> <span class='ocrx_word' id='word_1_727' title='bbox 1423 5168 1515 5240; x_wconf 87' lang='lat' dir='ltr'><strong>qui</strong></span> <span class='ocrx_word' id='word_1_728' title='bbox 1558 5169 1776 5238; x_wconf 81' lang='lat' dir='ltr'><strong>judicas</strong></span> 
     </span>
    </p>
   </div>
   <div class='ocr_carea' id='block_1_99' title="bbox 180 5256 1775 5331">
    <p class='ocr_par' dir='ltr' id='par_1_99' title="bbox 180 5256 1775 5331">
     <span class='ocr_line' id='line_1_99' title="bbox 180 5256 1775 5331; baseline 0.003 -22"><span class='ocrx_word' id='word_1_729' title='bbox 180 5273 388 5310; x_wconf 76' lang='lat' dir='ltr'><strong>servum</strong></span> <span class='ocrx_word' id='word_1_730' title='bbox 418 5256 690 5311; x_wconf 81' lang='lat' dir='ltr'><strong>alienum?</strong></span> <span class='ocrx_word' id='word_1_731' title='bbox 717 5258 942 5314; x_wconf 85' lang='lat' dir='ltr'><strong>Domino</strong></span> <span class='ocrx_word' id='word_1_732' title='bbox 982 5276 1078 5314; x_wconf 82' lang='lat' dir='ltr'><strong>suo</strong></span> <span class='ocrx_word' id='word_1_733' title='bbox 1117 5270 1218 5314; x_wconf 81' lang='lat' dir='ltr'><strong>stat</strong></span> <span class='ocrx_word' id='word_1_734' title='bbox 1259 5269 1353 5314; x_wconf 89' lang='lat' dir='ltr'><strong>aut</strong></span> <span class='ocrx_word' id='word_1_735' title='bbox 1405 5260 1549 5314; x_wconf 84' lang='lat' dir='ltr'><strong>cadit</strong></span> <span class='ocrx_word' id='word_1_736' title='bbox 1599 5259 1775 5331; x_wconf 81' lang='lat' dir='ltr'><strong>(Rom.</strong></span> 
     </span>
    </p>
   </div>
   <div class='ocr_carea' id='block_1_100' title="bbox 181 5349 1778 5423">
    <p class='ocr_par' dir='ltr' id='par_1_100' title="bbox 181 5349 1778 5423">
     <span class='ocr_line' id='line_1_100' title="bbox 181 5349 1778 5423; baseline 0.004 -21"><span class='ocrx_word' id='word_1_737' title='bbox 181 5349 318 5419; x_wconf 82' lang='lat' dir='ltr'><strong>xiv).</strong></span> <span class='ocrx_word' id='word_1_738' title='bbox 351 5349 594 5420; x_wconf 87' lang='lat' dir='ltr'><strong>Itemque</strong></span> <span class='ocrx_word' id='word_1_739' title='bbox 621 5367 635 5404; x_wconf 87' lang='lat'><strong>:</strong></span> <span class='ocrx_word' id='word_1_740' title='bbox 674 5349 852 5405; x_wconf 80' lang='lat' dir='ltr'><strong>Nolite</strong></span> <span class='ocrx_word' id='word_1_741' title='bbox 872 5361 992 5406; x_wconf 84' lang='lat' dir='ltr'><strong>ante</strong></span> <span class='ocrx_word' id='word_1_742' title='bbox 1006 5361 1207 5420; x_wconf 75' lang='lat' dir='ltr'><strong>tempus</strong></span> <span class='ocrx_word' id='word_1_743' title='bbox 1220 5352 1490 5423; x_wconf 79' lang='lat' dir='ltr'><strong>judicare,</strong></span> <span class='ocrx_word' id='word_1_744' title='bbox 1511 5354 1778 5416; x_wconf 81' lang='lat' dir='ltr'><strong>quoadus-</strong></span> 
     </span>
    </p>
   </div>
   <div class='ocr_carea' id='block_1_101' title="bbox 180 5438 1774 5511">
    <p class='ocr_par' dir='ltr' id='par_1_101' title="bbox 180 5438 1774 5511">
     <span class='ocr_line' id='line_1_101' title="bbox 180 5438 1774 5511; baseline 0.004 -20"><span class='ocrx_word' id='word_1_745' title='bbox 180 5455 279 5507; x_wconf 81' lang='lat' dir='ltr'><strong>que</strong></span> <span class='ocrx_word' id='word_1_746' title='bbox 302 5439 476 5492; x_wconf 79' lang='lat' dir='ltr'><strong>veniat</strong></span> <span class='ocrx_word' id='word_1_747' title='bbox 503 5438 779 5507; x_wconf 78' lang='lat' dir='ltr'><strong>Dominus,</strong></span> <span class='ocrx_word' id='word_1_748' title='bbox 801 5443 892 5511; x_wconf 85' lang='lat' dir='ltr'><strong>qui</strong></span> <span class='ocrx_word' id='word_1_749' title='bbox 921 5441 1237 5499; x_wconf 85' lang='lat' dir='ltr'><strong>illuminabit</strong></span> <span class='ocrx_word' id='word_1_750' title='bbox 1277 5443 1586 5500; x_wconf 79' lang='lat' dir='ltr'><strong>abscondita</strong></span> <span class='ocrx_word' id='word_1_751' title='bbox 1629 5454 1774 5497; x_wconf 78' lang='lat' dir='ltr'><strong>tene-</strong></span> 
     </span>
    </p>
   </div>
   <div class='ocr_carea' id='block_1_102' title="bbox 182 5529 1776 5599">
    <p class='ocr_par' dir='ltr' id='par_1_102' title="bbox 182 5529 1776 5599">
     <span class='ocr_line' id='line_1_102' title="bbox 182 5529 1776 5599; baseline 0.004 -18"><span class='ocrx_word' id='word_1_752' title='bbox 182 5529 422 5594; x_wconf 83' lang='lat' dir='ltr'><strong>brarum,</strong></span> <span class='ocrx_word' id='word_1_753' title='bbox 451 5540 497 5588; x_wconf 80' lang='lat' dir='ltr'><strong>et</strong></span> <span class='ocrx_word' id='word_1_754' title='bbox 522 5530 876 5599; x_wconf 78' lang='lat' dir='ltr'><strong>manifestabit</strong></span> <span class='ocrx_word' id='word_1_755' title='bbox 902 5533 1124 5589; x_wconf 82' lang='lat' dir='ltr'><strong>consilia</strong></span> <span class='ocrx_word' id='word_1_756' title='bbox 1148 5537 1484 5590; x_wconf 64' lang='lat' dir='ltr'><strong>cordiumnt</strong></span> <span class='ocrx_word' id='word_1_757' title='bbox 1513 5546 1637 5590; x_wconf 83' lang='lat' dir='ltr'><strong>tunc</strong></span> <span class='ocrx_word' id='word_1_758' title='bbox 1657 5533 1776 5589; x_wconf 81' lang='lat' dir='ltr'><strong>laus</strong></span> 
     </span>
    </p>
   </div>
   <div class='ocr_carea' id='block_1_103' title="bbox 182 5620 1143 5696">
    <p class='ocr_par' dir='ltr' id='par_1_103' title="bbox 182 5620 1143 5696">
     <span class='ocr_line' id='line_1_103' title="bbox 182 5620 1143 5696; baseline 0.009 -25"><span class='ocrx_word' id='word_1_759' title='bbox 182 5620 278 5672; x_wconf 86' lang='lat' dir='ltr'><strong>erit</strong></span> <span class='ocrx_word' id='word_1_760' title='bbox 309 5621 591 5690; x_wconf 83' lang='lat' dir='ltr'><strong>unicuique</strong></span> <span class='ocrx_word' id='word_1_761' title='bbox 619 5637 652 5675; x_wconf 89' lang='lat' dir='ltr'><strong>a</strong></span> <span class='ocrx_word' id='word_1_762' title='bbox 676 5621 785 5676; x_wconf 84' lang='lat' dir='ltr'><strong>Deo</strong></span> <span class='ocrx_word' id='word_1_763' title='bbox 815 5622 864 5692; x_wconf 89' lang='lat' dir='ltr'><strong>(l</strong></span> <span class='ocrx_word' id='word_1_764' title='bbox 897 5623 1017 5678; x_wconf 86' lang='lat' dir='ltr'><strong>Cor.</strong></span> <span class='ocrx_word' id='word_1_765' title='bbox 1045 5626 1143 5696; x_wconf 87' lang='lat' dir='ltr'><strong>tv).</strong></span> 
     </span>
    </p>
   </div>
   <div class='ocr_carea' id='block_1_104' title="bbox 255 5708 1774 5789">
    <p class='ocr_par' dir='ltr' id='par_1_104' title="bbox 255 5708 1774 5789">
     <span class='ocr_line' id='line_1_104' title="bbox 255 5708 1774 5789; baseline 0.007 -26"><span class='ocrx_word' id='word_1_766' title='bbox 255 5708 414 5765; x_wconf 80' lang='lat' dir='ltr'><strong>Nunc</strong></span> <span class='ocrx_word' id='word_1_767' title='bbox 442 5727 572 5782; x_wconf 85' lang='lat' dir='ltr'><strong>ergo</strong></span> <span class='ocrx_word' id='word_1_768' title='bbox 599 5713 903 5782; x_wconf 88' lang='lat' dir='ltr'><strong>quiescent,</strong></span> <span class='ocrx_word' id='word_1_769' title='bbox 929 5725 990 5770; x_wconf 91' lang='lat' dir='ltr'><strong>ut</strong></span> <span class='ocrx_word' id='word_1_770' title='bbox 1015 5732 1319 5786; x_wconf 81' lang='lat' dir='ltr'><strong>speramus,</strong></span> <span class='ocrx_word' id='word_1_771' title='bbox 1351 5718 1442 5789; x_wconf 87' lang='lat' dir='ltr'><strong>qui</strong></span> <span class='ocrx_word' id='word_1_772' title='bbox 1477 5728 1624 5773; x_wconf 88' lang='lat' dir='ltr'><strong>tanta</strong></span> <span class='ocrx_word' id='word_1_773' title='bbox 1665 5719 1774 5774; x_wconf 85' lang='lat' dir='ltr'><strong>avi-</strong></span> 
     </span>
    </p>
   </div>
   <div class='ocr_carea' id='block_1_105' title="bbox 186 5801 1776 5884">
    <p class='ocr_par' dir='ltr' id='par_1_105' title="bbox 186 5801 1776 5884">
     <span class='ocr_line' id='line_1_105' title="bbox 186 5801 1776 5884; baseline 0.006 -25"><span class='ocrx_word' id='word_1_774' title='bbox 186 5801 357 5860; x_wconf 85' lang='lat' dir='ltr'><strong>ditate</strong></span> <span class='ocrx_word' id='word_1_775' title='bbox 387 5813 590 5865; x_wconf 87' lang='lat' dir='ltr'><strong>statuta</strong></span> <span class='ocrx_word' id='word_1_776' title='bbox 617 5807 826 5865; x_wconf 90' lang='lat' dir='ltr'><strong>ordinis</strong></span> <span class='ocrx_word' id='word_1_777' title='bbox 856 5811 1050 5878; x_wconf 89' lang='lat' dir='ltr'><strong>nostri,</strong></span> <span class='ocrx_word' id='word_1_778' title='bbox 1084 5821 1176 5866; x_wconf 84' lang='lat' dir='ltr'><strong>aut</strong></span> <span class='ocrx_word' id='word_1_779' title='bbox 1206 5810 1404 5882; x_wconf 69' lang='lat' dir='ltr'><strong>legere,</strong></span> <span class='ocrx_word' id='word_1_780' title='bbox 1430 5820 1522 5868; x_wconf 87' lang='lat' dir='ltr'><strong>aut</strong></span> <span class='ocrx_word' id='word_1_781' title='bbox 1554 5825 1776 5884; x_wconf 79' lang='lat' dir='ltr'><strong>Carpere</strong></span> 
     </span>
    </p>
   </div>
   <div class='ocr_carea' id='block_1_106' title="bbox 1881 4607 3476 4679">
    <p class='ocr_par' dir='ltr' id='par_1_106' title="bbox 1881 4607 3476 4679">
     <span class='ocr_line' id='line_1_106' title="bbox 1881 4607 3476 4679; baseline 0.001 -18"><span class='ocrx_word' id='word_1_782' title='bbox 1881 4607 2028 4678; x_wconf 85' lang='lat' dir='ltr'><strong>leges</strong></span> <span class='ocrx_word' id='word_1_783' title='bbox 2055 4607 2256 4664; x_wconf 91' lang='lat' dir='ltr'><strong>silentii</strong></span> <span class='ocrx_word' id='word_1_784' title='bbox 2279 4623 2500 4664; x_wconf 89' lang='lat' dir='ltr'><strong>servare</strong></span> <span class='ocrx_word' id='word_1_785' title='bbox 2531 4609 2690 4676; x_wconf 90' lang='lat' dir='ltr'><strong>velle,</strong></span> <span class='ocrx_word' id='word_1_786' title='bbox 2725 4610 2850 4663; x_wconf 90' lang='lat' dir='ltr'><strong>dum</strong></span> <span class='ocrx_word' id='word_1_787' title='bbox 2883 4607 3154 4679; x_wconf 85' lang='lat' dir='ltr'><strong>superflua</strong></span> <span class='ocrx_word' id='word_1_788' title='bbox 3182 4611 3348 4663; x_wconf 84' lang='lat' dir='ltr'><strong>verba</strong></span> <span class='ocrx_word' id='word_1_789' title='bbox 3387 4625 3476 4663; x_wconf 85' lang='lat' dir='ltr'><strong>rc-</strong></span> 
     </span>
    </p>
   </div>
   <div class='ocr_carea' id='block_1_107' title="bbox 1876 4699 3472 4770">
    <p class='ocr_par' dir='ltr' id='par_1_107' title="bbox 1876 4699 3472 4770">
     <span class='ocr_line' id='line_1_107' title="bbox 1876 4699 3472 4770; baseline 0.003 -16"><span class='ocrx_word' id='word_1_790' title='bbox 1876 4713 2065 4754; x_wconf 86' lang='lat' dir='ltr'><strong>secare</strong></span> <span class='ocrx_word' id='word_1_791' title='bbox 2093 4701 2292 4765; x_wconf 90' lang='lat' dir='ltr'><strong>studet,</strong></span> <span class='ocrx_word' id='word_1_792' title='bbox 2321 4710 2379 4757; x_wconf 89' lang='lat' dir='ltr'><strong>et</strong></span> <span class='ocrx_word' id='word_1_793' title='bbox 2403 4716 2465 4756; x_wconf 91' lang='lat' dir='ltr'><strong>ea</strong></span> <span class='ocrx_word' id='word_1_794' title='bbox 2499 4710 2707 4755; x_wconf 90' lang='lat' dir='ltr'><strong>tantum</strong></span> <span class='ocrx_word' id='word_1_795' title='bbox 2735 4699 2982 4770; x_wconf 87' lang='lat' dir='ltr'><strong>proferre</strong></span> <span class='ocrx_word' id='word_1_796' title='bbox 3016 4716 3136 4770; x_wconf 75' lang='lat' dir='ltr'><strong>qua:</strong></span> <span class='ocrx_word' id='word_1_797' title='bbox 3163 4701 3472 4758; x_wconf 88' lang='lat' dir='ltr'><strong>necessaria</strong></span> 
     </span>
    </p>
   </div>
   <div class='ocr_carea' id='block_1_108' title="bbox 1879 4792 3476 4866">
    <p class='ocr_par' dir='ltr' id='par_1_108' title="bbox 1879 4792 3476 4866">
     <span class='ocr_line' id='line_1_108' title="bbox 1879 4792 3476 4866; baseline 0.002 -20"><span class='ocrx_word' id='word_1_798' title='bbox 1879 4792 2150 4858; x_wconf 90' lang='lat' dir='ltr'><strong>videntur,</strong></span> <span class='ocrx_word' id='word_1_799' title='bbox 2185 4803 2296 4849; x_wconf 92' lang='lat' dir='ltr'><strong>tum</strong></span> <span class='ocrx_word' id='word_1_800' title='bbox 2327 4796 2456 4866; x_wconf 86' lang='lat' dir='ltr'><strong>quia</strong></span> <span class='ocrx_word' id='word_1_801' title='bbox 2478 4796 2822 4851; x_wconf 88' lang='lat' dir='ltr'><strong>Carthusiani</strong></span> <span class='ocrx_word' id='word_1_802' title='bbox 2861 4795 3122 4866; x_wconf 86' lang='lat' dir='ltr'><strong>propositi</strong></span> <span class='ocrx_word' id='word_1_803' title='bbox 3153 4793 3476 4850; x_wconf 88' lang='lat' dir='ltr'><strong>observate-</strong></span> 
     </span>
    </p>
   </div>
   <div class='ocr_carea' id='block_1_109' title="bbox 1881 4882 3474 4954">
    <p class='ocr_par' dir='ltr' id='par_1_109' title="bbox 1881 4882 3474 4954">
     <span class='ocr_line' id='line_1_109' title="bbox 1881 4882 3474 4954; baseline 0.004 -18"><span class='ocrx_word' id='word_1_804' title='bbox 1881 4882 2031 4937; x_wconf 91' lang='lat' dir='ltr'><strong>ribus</strong></span> <span class='ocrx_word' id='word_1_805' title='bbox 2062 4883 2276 4947; x_wconf 89' lang='lat' dir='ltr'><strong>scribit,</strong></span> <span class='ocrx_word' id='word_1_806' title='bbox 2300 4883 2392 4954; x_wconf 90' lang='lat' dir='ltr'><strong>qui</strong></span> <span class='ocrx_word' id='word_1_807' title='bbox 2429 4885 2548 4940; x_wconf 92' lang='lat' dir='ltr'><strong>ideo</strong></span> <span class='ocrx_word' id='word_1_808' title='bbox 2571 4901 2679 4941; x_wconf 91' lang='lat' dir='ltr'><strong>uno</strong></span> <span class='ocrx_word' id='word_1_809' title='bbox 2704 4885 2808 4951; x_wconf 89' lang='lat' dir='ltr'><strong>vel,</strong></span> <span class='ocrx_word' id='word_1_810' title='bbox 2863 4894 2924 4940; x_wconf 91' lang='lat' dir='ltr'><strong>ut</strong></span> <span class='ocrx_word' id='word_1_811' title='bbox 2950 4885 3022 4940; x_wconf 90' lang='lat' dir='ltr'><strong>ita</strong></span> <span class='ocrx_word' id='word_1_812' title='bbox 3065 4885 3268 4952; x_wconf 89' lang='lat' dir='ltr'><strong>dicam,</strong></span> <span class='ocrx_word' id='word_1_813' title='bbox 3314 4886 3474 4942; x_wconf 61' lang='lat' dir='ltr'><strong>dimi.</strong></span> 
     </span>
    </p>
   </div>
   <div class='ocr_carea' id='block_1_110' title="bbox 1879 4973 3475 5046">
    <p class='ocr_par' dir='ltr' id='par_1_110' title="bbox 1879 4973 3475 5046">
     <span class='ocr_line' id='line_1_110' title="bbox 1879 4973 3475 5046; baseline 0.003 -16"><span class='ocrx_word' id='word_1_814' title='bbox 1879 4973 2024 5030; x_wconf 85' lang='lat' dir='ltr'><strong>diale</strong></span> <span class='ocrx_word' id='word_1_815' title='bbox 2053 4974 2220 5030; x_wconf 85' lang='lat' dir='ltr'><strong>verbo</strong></span> <span class='ocrx_word' id='word_1_816' title='bbox 2251 4977 2512 5046; x_wconf 88' lang='lat' dir='ltr'><strong>quidquid</strong></span> <span class='ocrx_word' id='word_1_817' title='bbox 2535 4978 2640 5032; x_wconf 89' lang='lat' dir='ltr'><strong>sibi</strong></span> <span class='ocrx_word' id='word_1_818' title='bbox 2672 4978 2890 5032; x_wconf 87' lang='lat' dir='ltr'><strong>volebat</strong></span> <span class='ocrx_word' id='word_1_819' title='bbox 2932 4979 3260 5035; x_wconf 77' lang='lat' dir='ltr'><strong>reverendus</strong></span> <span class='ocrx_word' id='word_1_820' title='bbox 3311 4979 3475 5034; x_wconf 83' lang='lat' dir='ltr'><strong>Pater</strong></span> 
     </span>
    </p>
   </div>
   <div class='ocr_carea' id='block_1_111' title="bbox 1877 5065 3470 5141">
    <p class='ocr_par' dir='ltr' id='par_1_111' title="bbox 1877 5065 3470 5141">
     <span class='ocr_line' id='line_1_111' title="bbox 1877 5065 3470 5141; baseline 0.004 -22"><span class='ocrx_word' id='word_1_821' title='bbox 1877 5065 2468 5138; x_wconf 79' lang='lat' dir='ltr'><strong>Guigointclligcbant,</strong></span> <span class='ocrx_word' id='word_1_822' title='bbox 2517 5085 2618 5125; x_wconf 90' lang='lat' dir='ltr'><strong>nec</strong></span> <span class='ocrx_word' id='word_1_823' title='bbox 2643 5069 2957 5141; x_wconf 79' lang='lat' dir='ltr'><strong>indigebant</strong></span> <span class='ocrx_word' id='word_1_824' title='bbox 2981 5078 3042 5126; x_wconf 92' lang='lat' dir='ltr'><strong>ut</strong></span> <span class='ocrx_word' id='word_1_825' title='bbox 3084 5071 3267 5126; x_wconf 87' lang='lat' dir='ltr'><strong>omnia</strong></span> <span class='ocrx_word' id='word_1_826' title='bbox 3309 5072 3470 5128; x_wconf 85' lang='lat' dir='ltr'><strong>veluti</strong></span> 
     </span>
    </p>
   </div>
   <div class='ocr_carea' id='block_1_112' title="bbox 1879 5156 3470 5234">
    <p class='ocr_par' dir='ltr' id='par_1_112' title="bbox 1879 5156 3470 5234">
     <span class='ocr_line' id='line_1_112' title="bbox 1879 5156 3470 5234; baseline 0.007 -24"><span class='ocrx_word' id='word_1_827' title='bbox 1879 5156 2565 5230; x_wconf 83' lang='lat' dir='ltr'><strong>minutatimexprimeret.</strong></span> <span class='ocrx_word' id='word_1_828' title='bbox 2606 5160 3040 5218; x_wconf 88' lang='lat' dir='ltr'><strong>Consuetudines</strong></span> <span class='ocrx_word' id='word_1_829' title='bbox 3086 5179 3216 5234; x_wconf 79' lang='lat' dir='ltr'><strong>ergo</strong></span> <span class='ocrx_word' id='word_1_830' title='bbox 3263 5174 3470 5221; x_wconf 88' lang='lat' dir='ltr'><strong>tantum</strong></span> 
     </span>
    </p>
   </div>
   <div class='ocr_carea' id='block_1_113' title="bbox 1879 5247 3472 5322">
    <p class='ocr_par' dir='ltr' id='par_1_113' title="bbox 1879 5247 3472 5322">
     <span class='ocr_line' id='line_1_113' title="bbox 1879 5247 3472 5322; baseline 0.007 -22"><span class='ocrx_word' id='word_1_831' title='bbox 1879 5247 2040 5302; x_wconf 81' lang='lat' dir='ltr'><strong>veluti</strong></span> <span class='ocrx_word' id='word_1_832' title='bbox 2068 5251 2479 5318; x_wconf 65' lang='lat' dir='ltr'><strong>substantiales,</strong></span> <span class='ocrx_word' id='word_1_833' title='bbox 2510 5251 2732 5322; x_wconf 89' lang='lat' dir='ltr'><strong>majoris</strong></span> <span class='ocrx_word' id='word_1_834' title='bbox 2769 5263 2821 5308; x_wconf 90' lang='lat' dir='ltr'><strong>et</strong></span> <span class='ocrx_word' id='word_1_835' title='bbox 2852 5254 3128 5322; x_wconf 69' lang='lat' dir='ltr'><strong>primariae</strong></span> <span class='ocrx_word' id='word_1_836' title='bbox 3171 5255 3472 5311; x_wconf 64' lang='lat' dir='ltr'><strong>Carthasim</strong></span> 
     </span>
    </p>
   </div>
   <div class='ocr_carea' id='block_1_114' title="bbox 1877 5337 3470 5414">
    <p class='ocr_par' dir='ltr' id='par_1_114' title="bbox 1877 5337 3470 5414">
     <span class='ocr_line' id='line_1_114' title="bbox 1877 5337 3470 5414; baseline 0.004 -22"><span class='ocrx_word' id='word_1_837' title='bbox 1877 5337 2041 5392; x_wconf 87' lang='lat' dir='ltr'><strong>sociis</strong></span> <span class='ocrx_word' id='word_1_838' title='bbox 2070 5349 2122 5394; x_wconf 89' lang='lat' dir='ltr'><strong>et</strong></span> <span class='ocrx_word' id='word_1_839' title='bbox 2145 5341 2406 5396; x_wconf 77' lang='lat' dir='ltr'><strong>fratribus</strong></span> <span class='ocrx_word' id='word_1_840' title='bbox 2431 5342 2817 5408; x_wconf 85' lang='lat' dir='ltr'><strong>communicat,</strong></span> <span class='ocrx_word' id='word_1_841' title='bbox 2847 5343 2897 5396; x_wconf 92' lang='lat' dir='ltr'><strong>id</strong></span> <span class='ocrx_word' id='word_1_842' title='bbox 2921 5361 2950 5398; x_wconf 90' lang='lat' dir='ltr'><strong>a</strong></span> <span class='ocrx_word' id='word_1_843' title='bbox 2969 5360 3028 5400; x_wconf 91' lang='lat' dir='ltr'><strong>se</strong></span> <span class='ocrx_word' id='word_1_844' title='bbox 3046 5344 3470 5414; x_wconf 82' lang='lat' dir='ltr'><strong>postulantibus,</strong></span> 
     </span>
    </p>
   </div>
   <div class='ocr_carea' id='block_1_115' title="bbox 1879 5432 3538 5508">
    <p class='ocr_par' dir='ltr' id='par_1_115' title="bbox 1879 5432 3538 5508">
     <span class='ocr_line' id='line_1_115' title="bbox 1879 5432 3538 5508; baseline 0.006 -26"><span class='ocrx_word' id='word_1_845' title='bbox 1879 5439 1937 5483; x_wconf 93' lang='lat' dir='ltr'><strong>ut</strong></span> <span class='ocrx_word' id='word_1_846' title='bbox 1967 5432 2311 5490; x_wconf 78' lang='lat' dir='ltr'><strong>uniformitas</strong></span> <span class='ocrx_word' id='word_1_847' title='bbox 2341 5434 2450 5503; x_wconf 84' lang='lat' dir='ltr'><strong>illa,</strong></span> <span class='ocrx_word' id='word_1_848' title='bbox 2483 5451 2604 5506; x_wconf 67' lang='lat' dir='ltr'><strong>qua:</strong></span> <span class='ocrx_word' id='word_1_849' title='bbox 2633 5438 2700 5492; x_wconf 90' lang='lat' dir='ltr'><strong>ab</strong></span> <span class='ocrx_word' id='word_1_850' title='bbox 2732 5438 2887 5494; x_wconf 89' lang='lat' dir='ltr'><strong>initio</strong></span> <span class='ocrx_word' id='word_1_851' title='bbox 2909 5450 2964 5493; x_wconf 89' lang='lat' dir='ltr'><strong>et</strong></span> <span class='ocrx_word' id='word_1_852' title='bbox 2991 5440 3248 5508; x_wconf 82' lang='lat' dir='ltr'><strong>deinceps</strong></span> <span class='ocrx_word' id='word_1_853' title='bbox 3290 5439 3345 5492; x_wconf 90' lang='lat' dir='ltr'><strong>in</strong></span> <span class='ocrx_word' id='word_1_854' title='bbox 3384 5453 3474 5492; x_wconf 91' lang='lat' dir='ltr'><strong>er-</strong></span> <span class='ocrx_word' id='word_1_855' title='bbox 3535 5455 3538 5458; x_wconf 69' lang='grc'><strong>’</strong></span> 
     </span>
    </p>
   </div>
   <div class='ocr_carea' id='block_1_116' title="bbox 1878 5522 3473 5601">
    <p class='ocr_par' dir='ltr' id='par_1_116' title="bbox 1878 5522 3473 5601">
     <span class='ocr_line' id='line_1_116' title="bbox 1878 5522 3473 5601; baseline 0.006 -25"><span class='ocrx_word' id='word_1_856' title='bbox 1878 5522 2005 5580; x_wconf 89' lang='lat' dir='ltr'><strong>dine</strong></span> <span class='ocrx_word' id='word_1_857' title='bbox 2037 5524 2138 5580; x_wconf 91' lang='lat' dir='ltr'><strong>fuit</strong></span> <span class='ocrx_word' id='word_1_858' title='bbox 2174 5526 2227 5582; x_wconf 92' lang='lat' dir='ltr'><strong>in</strong></span> <span class='ocrx_word' id='word_1_859' title='bbox 2257 5537 2408 5585; x_wconf 90' lang='lat' dir='ltr'><strong>tante</strong></span> <span class='ocrx_word' id='word_1_860' title='bbox 2451 5531 2626 5601; x_wconf 85' lang='lat' dir='ltr'><strong>pretio</strong></span> <span class='ocrx_word' id='word_1_861' title='bbox 2656 5530 2842 5587; x_wconf 90' lang='lat' dir='ltr'><strong>habita</strong></span> <span class='ocrx_word' id='word_1_862' title='bbox 2892 5540 2948 5586; x_wconf 90' lang='lat' dir='ltr'><strong>et</strong></span> <span class='ocrx_word' id='word_1_863' title='bbox 2978 5531 3235 5587; x_wconf 89' lang='lat' dir='ltr'><strong>continuo</strong></span> <span class='ocrx_word' id='word_1_864' title='bbox 3289 5529 3473 5586; x_wconf 88' lang='lat' dir='ltr'><strong>studio</strong></span> 
     </span>
    </p>
   </div>
   <div class='ocr_carea' id='block_1_117' title="bbox 1879 5620 2608 5684">
    <p class='ocr_par' dir='ltr' id='par_1_117' title="bbox 1879 5620 2608 5684">
     <span class='ocr_line' id='line_1_117' title="bbox 1879 5620 2608 5684; baseline 0.005 -12"><span class='ocrx_word' id='word_1_865' title='bbox 1879 5627 2110 5684; x_wconf 84' lang='lat' dir='ltr'><strong>servata,</strong></span> <span class='ocrx_word' id='word_1_866' title='bbox 2129 5620 2567 5678; x_wconf 83' lang='lat' dir='ltr'><strong>introduceretur</strong></span> <span class='ocrx_word' id='word_1_867' title='bbox 2595 5640 2608 5676; x_wconf 91' lang='lat'>:</span> 
     </span>
    </p>
   </div>
   <div class='ocr_carea' id='block_1_118' title="bbox 1951 5710 3472 5786">
    <p class='ocr_par' dir='ltr' id='par_1_118' title="bbox 1951 5710 3472 5786">
     <span class='ocr_line' id='line_1_118' title="bbox 1951 5710 3472 5786; baseline 0.001 -22"><span class='ocrx_word' id='word_1_868' title='bbox 1951 5710 2223 5780; x_wconf 79' lang='lat' dir='ltr'><strong>Secundo,</strong></span> <span class='ocrx_word' id='word_1_869' title='bbox 2255 5714 2410 5784; x_wconf 86' lang='lat' dir='ltr'><strong>plura</strong></span> <span class='ocrx_word' id='word_1_870' title='bbox 2437 5729 2558 5786; x_wconf 64' lang='lat' dir='ltr'><strong>quae</strong></span> <span class='ocrx_word' id='word_1_871' title='bbox 2581 5713 2634 5769; x_wconf 92' lang='lat' dir='ltr'><strong>in</strong></span> <span class='ocrx_word' id='word_1_872' title='bbox 2665 5713 2904 5783; x_wconf 88' lang='lat' dir='ltr'><strong>antiquis</strong></span> <span class='ocrx_word' id='word_1_873' title='bbox 2933 5711 3151 5769; x_wconf 87' lang='lat' dir='ltr'><strong>statutis</strong></span> <span class='ocrx_word' id='word_1_874' title='bbox 3188 5711 3472 5768; x_wconf 79' lang='lat' dir='ltr'><strong>continen-</strong></span> 
     </span>
    </p>
   </div>
   <div class='ocr_carea' id='block_1_119' title="bbox 1882 5803 3471 5876">
    <p class='ocr_par' dir='ltr' id='par_1_119' title="bbox 1882 5803 3471 5876">
     <span class='ocr_line' id='line_1_119' title="bbox 1882 5803 3471 5876; baseline -0.001 -16"><span class='ocrx_word' id='word_1_875' title='bbox 1882 5816 1968 5865; x_wconf 88' lang='lat' dir='ltr'><strong>tur</strong></span> <span class='ocrx_word' id='word_1_876' title='bbox 1993 5825 2090 5864; x_wconf 85' lang='lat' dir='ltr'><strong>nec</strong></span> <span class='ocrx_word' id='word_1_877' title='bbox 2125 5807 2176 5867; x_wconf 88' lang='lat' dir='ltr'><strong>in</strong></span> <span class='ocrx_word' id='word_1_878' title='bbox 2216 5803 2713 5867; x_wconf 77' lang='lat' dir='ltr'><strong>Censuetudiuibus</strong></span> <span class='ocrx_word' id='word_1_879' title='bbox 2758 5803 2822 5858; x_wconf 76' lang='grc' dir='ltr'><strong>Β.</strong></span> <span class='ocrx_word' id='word_1_880' title='bbox 2858 5803 2914 5876; x_wconf 75' lang='grc' dir='ltr'><strong>Ρ.</strong></span> <span class='ocrx_word' id='word_1_881' title='bbox 2969 5803 3233 5875; x_wconf 77' lang='lat' dir='ltr'><strong>Guigouis</strong></span> <span class='ocrx_word' id='word_1_882' title='bbox 3286 5803 3471 5876; x_wconf 62' lang='lat' dir='ltr'><strong>expre-</strong></span> 
     </span>
    </p>
   </div>
  </div>
