1950 3148
250 178 307 212 835

667 172 829 204 GUIGONIS
855 171 866 199 Ι
883 167 1062 199 εΑιιτθυει

1113 166 1257 196 usionis
1275 164 1412 194 rmonts
1435 163 1457 193 v
1827 165 1867 202 go

252 242 375 272 munitur,
397 243 455 266 non
469 237 531 265 ideo
542 233 671 263 novitatis
691 232 789 260 debere
814 227 902 264 argui,
930 227 992 261 quia
1015 226 1047 252 tt.
1062 228 1086 256 Α
1100 229 1155 252 sint
1169 223 1334 251 sufﬁcienter
1345 221 1490 272 explicata.
1506 219 1630 272 utpossit
1640 218 1869 271 “lotamlotam

253 285 298 313 ille
309 270 391 311 Pater
407 283 511 310 nullum
531 281 564 308 de
581 280 633 307 illis
660 276 824 304 mentionem
847 272 922 305 facit,
943 271 990 299 sed
1011 270 1046 298 ad

251 330 387 357 rationem
402 326 606 355 condendorum
620 326 784 350 statutorum
803 318 956 354 pertinere;
986 324 1048 344 cre-

251 378 346 402 scente
359 373 432 400 enim
444 377 556 398 numero
570 369 710 396 domorum
724 370 754 393 et
774 370 954 400 personarum
973 362 1048 389 ordi-

252 420 294 447 nis
309 439 316 452 ,
342 425 403 445 eum
436 419 536 443 statuta
564 416 654 440 essent
673 411 813 438 condenda
833 416 892 444 quae
911 407 1048 442 simplices

251 462 464 491 consuetudines
474 460 502 486 in
515 457 648 493 quasdam
660 456 743 483 veluti
764 455 832 482 ﬁxas
855 453 963 489 regulus
986 460 1048 480 ver—

253 513 353 541 terent,
367 511 396 534 et
409 512 470 540 quae
485 508 562 530 actus
579 502 724 528 multorum
745 499 886 528 hominum
910 499 937 526 in
964 497 1048 525 variis

253 554 365 589 agendis
380 553 407 579 in
423 548 730 577 uuam'eonsonantiam
746 551 774 574 et
787 546 881 582 praxis
906 544 1049 573 uniformi-

254 604 336 626 tatem
347 596 521 626 adducerent,
537 598 566 620 ut
583 594 608 620 in
624 593 748 620 eamdem
760 592 844 620 vcluti
859 590 980 626 regulam
995 589 1050 618 col-

253 645 390 674 limarcnt,
402 646 515 668 necesse
526 645 639 674 prorsus
648 643 710 665 erat
731 642 761 664 ut
785 636 954 664 euucleatior
973 635 1050 662 ﬁeret

252 687 390 722 expressio
403 685 571 720 singulorum
587 683 764 718 agendorum,
781 686 809 709 et
824 681 896 708 modi
920 689 974 715 quo
993 681 1050 709 sin-

252 733 313 769 gula
328 737 407 760 erant
419 731 533 766 agenda,
551 738 584 757 ne
598 730 624 757 iu
641 729 692 756 hac
704 728 876 756 multitudine
905 734 939 754 ex
959 727 1050 761 singu-

253 781 339 806 larum
352 785 529 814 personarum
540 775 729 803 abundantiori
743 773 963 808 multiplicatione
975 780 1050 800 com-

254 825 355 860 posita,
367 824 473 851 facilior
487 827 593 858 pateret
606 822 695 849 aditus
706 820 892 856 singularibus
916 819 1049 854 personis,

255 871 288 898 ail
306 870 428 905 quaedam
451 868 600 896 secundum
623 867 763 902 proprium
791 873 900 894 sensum
923 865 1052 899 interpre-

1097 277 1195 298 sensus
1209 269 1270 303 capi
1284 268 1318 296 ab
1330 268 1374 295 his
1387 266 1434 302 qui
1450 266 1519 296 ritus
1543 265 1740 297 Carthusiauos

1097 315 1153 342 xim
1169 322 1223 342 non
1234 318 1346 346 norunt,
1369 312 1477 341 etiamsi
1489 313 1546 340 sint
1560 312 1629 340 alias
1644 311 1719 340 docti
1739 311 1872 347 etiam

1098 361 1159 389 viri.
1175 360 1238 388 lude
1248 360 1337 387 oritur
1350 359 1421 387 ratio
1436 359 1593 394 iudulgeudi
1606 358 1651 387 his
1667 357 1827 394 qui-vellent
1836 365 1871 393 gs-

1098 406 1216 435 cundum
1227 412 1306 432 suum
1317 411 1427 432 sensum
1439 404 1505 431 istas
1519 402 1771 431 Consuetudinesin

1099 453 1162 480 dam
1177 452 1245 480 locis
1256 450 1407 485 intelligere
1420 454 1449 477 et
1462 449 1610 484 applicare,
1640 449 1741 484 quibus
1754 448 1813 477 ideo
1823 448 1874 476 illud
1884 474 1900 485 ι,

1099 496 1277 532 apostolicum
1289 478 1381 531 posset
1395 496 1420 523 in
1435 478 1581 528 hom-salva
1598 478 1708 523 illoium
1732 478 1891 532 revelatio:

1100 515 1243 578 applicari,
1259 515 1311 568 no;
1324 515 1509 576 intelligente;
1539 548 1622 575 neque
1635 540 1670 566 de
1679 523 1774 575 quibus

1101 594 1153 621 tur,
1173 595 1256 624 neque
1272 588 1306 615 de
1319 587 1412 623 quibus
1423 587 1553 622 afﬁrmant
1565 585 1590 621 (ι
1602 585 1671 613 Tim.
1684 585 1716 620 ι).
1732 599 1738 610 ς
1859 593 1862 595 λ
1885 591 1891 617 '.

1136 634 1222 661 Porro
1238 633 1310 661 circa
1326 638 1431 667 tempus
1445 640 1499 667 quo
1514 632 1550 659 Β.
1565 631 1595 659 Ρ.
1608 630 1700 666 Guigo
1714 630 1767 658 has
1776 628 1877 663 Quinte-

1102 680 1213 709 tudiues
1227 679 1347 713 scripsit,
1358 679 1424 706 nihil
1439 682 1529 713 potest
1541 677 1726 706 certissimum
1742 675 1875 711 assignari;

1102 726 1149 753 sed
1173 725 1342 760 supputando
1366 732 1454 752 annos
1469 724 1504 752 ab
1530 730 1642 752 accessu
1659 722 1691 750 S.
1705 721 1791 750 Patris
1810 722 1877 750 nutri

1103 770 1236 798 Brunonis
1248 769 1282 796 ad
1292 776 1374 803 rupes
1384 768 1548 800 Carthusim.
1567 775 1615 795 eas
1636 765 1878 802 scripsisse-videtur

1103 815 1136 842 ιι
1158 819 1206 842 aut
1225 815 1259 842 45
1275 815 1384 842 circiter
1406 814 1486 846 annis
1511 818 1571 847 post
1594 813 1747 847 inceptum
1766 811 1876 843 adiutem

1137 860 1232 887 Adhuc
1242 859 1315 886 enim
1330 859 1439 887 vivebat
1456 858 1485 886 S.
1503 857 1580 893 Hugo
1595 849 1877 892 episcopnsﬂt‘ltiuo-

257 901 337 943 lauda
354 920 385 943 et
408 913 603 948 detorquenda,
620 901 690 940 unde
704 911 918 939 uuiformitatein
933 910 960 937 in
972 905 1050 945 praxi
1070 901 1090 929 Β
1105 905 1249 939 politanus,
1263 908 1293 932 ut
1308 912 1342 932 ex
1359 904 1418 940 ipso
1431 904 1538 939 Prologi
1552 907 1630 931 textu
1641 902 1800 933 innotescik
1811 901 1877 935 δην.

255 970 337 990 sensu
349 960 550 996 dcpravandam
565 959 634 991 fore,
647 966 728 985 nemo
744 965 798 985 non
809 957 893 984 videt.

289 1006 393 1039 Tertio,
410 1012 532 1034 sancitum
552 1005 627 1033 illum
640 1005 740 1036 virum,
753 1004 798 1038 qui
812 1007 872 1030 erat
886 1003 912 1030 in
932 1004 1053 1036 utrisque

255 1053 353 1081 litteris
366 1053 466 1080 divinis
489 1056 517 1079 et
543 1051 669 1078 humanis
694 1050 817 1085 apprime
836 1049 967 1080 eruditus,
992 1047 1053 1082 styli

254 1099 427 1135 elegantiam,
440 1105 521 1133 quam
533 1098 566 1124 ad
581 1105 690 1124 manum
705 1096 832 1129 habebat,
859 1101 1053 1128 nonnunquam

255 1145 420 1176 deseruisse,
436 1144 503 1170 utin
519 1143 672 1170 scribendis
685 1141 934 1169 Consuetudinibus
951 1140 1054 1167 ordinis

257 1190 460 1225 simplicitatem
487 1194 661 1221 sectaretur,
682 1192 710 1215 et
736 1188 799 1215 inde
830 1195 879 1214 nos
909 1187 1055 1214 instrueret

257 1241 388 1271 quantum
402 1243 417 1262 a
433 1235 559 1270 loquendi
572 1238 618 1262 aut
633 1233 770 1261 scribendi
785 1233 881 1265 modis,
899 1232 944 1267 qui
955 1232 1054 1258 fastum

257 1283 375 1318 aliquem
399 1281 542 1313 redolent,
571 1280 709 1307 abstinere
738 1279 894 1306 debeamus.
926 1277 1056 1305 Scintillae

257 1334 348 1356 autent
363 1328 483 1356 caelestis
496 1326 658 1361 eloquentiae
673 1325 753 1352 simul
765 1329 792 1351 ct
808 1325 946 1355 humana),
957 1323 1055 1358 quibus

258 1374 376 1409 pollebat
390 1373 467 1408 quasi
479 1373 542 1400 aeris
553 1371 707 1403 candentis,
730 1377 763 1397 ex
780 1370 854 1397 illius
881 1369 1056 1397 nihilominus

257 1420 362 1447 calamo
381 1427 434 1447 non
451 1426 514 1446 raro
528 1421 722 1453 proruperunt,
738 1421 767 1443 ut
787 1416 880 1443 videre
903 1420 945 1443 est
959 1416 986 1442 in
1012 1415 1056 1442 illo

258 1465 374 1492 mirabili
391 1464 509 1499 capitulo
537 1463 575 1490 De
596 1463 655 1490 vitm
680 1462 804 1489 solitariaa
823 1461 1054 1495 commendatione,

257 1517 291 1537 ex
308 1517 362 1544 quo
377 1509 505 1536 discimus
517 1512 647 1542 quantum
664 1511 788 1534 versatus
804 1510 877 1534 esset
891 1507 917 1533 in
932 1506 1057 1541 colligen-

258 1556 300 1583 dis
315 1563 349 1582 ex
364 1559 519 1582 sanctarum
535 1554 738 1588 Scripturarum
756 1559 852 1587 campo
875 1551 998 1585 ﬂoribus,
1024 1558 1057 1578 ex

258 1602 356 1635 quibus
366 1601 513 1635 prudenter
524 1598 644 1627 collectis
655 1603 682 1626 et
697 1601 810 1625 venuste
827 1597 963 1625 contextis
984 1601 1055 1625 serta

259 1654 423 1681 componere
448 1649 560 1674 noverat
589 1644 726 1672 etelestem
755 1644 866 1671 odorem
890 1643 1055 1671 exhalantia.

260 1693 336 1721 Unde
350 1692 432 1720 etiam
443 1684 601 1719 instruimur
612 1691 639 1718 in
655 1690 729 1718 nullo
744 1697 794 1717 nos
809 1690 907 1717 laedere
922 1689 1055 1723 simplici-

260 1743 342 1765 tatem
356 1737 576 1769 Carthusianam,
589 1737 611 1764 si
623 1743 765 1764 sacrorum
784 1736 897 1763 istorum
925 1734 1056 1761 librorum

258 1784 441 1819 eloquentiam
457 1783 639 1814 addiscaiuus,
654 1786 683 1809 ut
693 1781 738 1816 qui
748 1781 805 1815 jam
826 1788 875 1815 per
893 1780 1056 1808 consolatio-

260 1837 321 1857 nem
332 1829 533 1863 Scripturarum
544 1836 618 1862 spem
631 1828 772 1860 habemus,
787 1827 814 1854 in
826 1826 960 1861 loquendo
973 1826 1056 1853 etiam

259 1875 366 1910 eloquia
381 1874 425 1901 illa
443 1874 549 1902 Domini
565 1878 639 1900 casta
656 1877 782 1900 eructare
796 1871 964 1903 aemulemur,
976 1875 1003 1898 et
1018 1870 1057 1898 sic

259 1921 417 1956 optatumB.
426 1920 498 1947 Petri
506 1919 619 1954 apostoli
630 1919 654 1946 in
664 1919 742 1946 nobis
748 1918 916 1952 compleatur
923 1916 1037 1944 dicentis
1049 1925 1054 1942 :

261 1966 292 1994 Si
318 1968 375 2002 quis
400 1967 525 2001 loquitur,
553 1966 628 2000 quasi
653 1974 784 1992 sermones
805 1965 853 1992 Dei
877 1964 907 1998 (Ι
921 1963 1055 1998 Pelian).

295 2012 409 2045 Quarto,
422 2012 499 2047 plura
527 2011 641 2046 reperiri
664 2011 690 2038 iu
721 2011 786 2046 ipsis
808 2010 1055 2038 Consuetudinibus

260 2066 321 2093 quzc
345 2067 359 2085 a
387 2058 452 2086 solis
482 2057 654 2085 Carthusiani
680 2057 809 2092 propositi
834 2055 1057 2084 obscrvatoribus

260 2109 374 2139 possunt
385 2105 452 2131 bene
466 2103 590 2137 intelligi,
603 2111 664 2130 cum
676 2102 765 2130 verbis
778 2102 844 2130 satis
859 2101 982 2129 barbaris
992 2108 1057 2128 non-

262 2157 398 2184 nunquam
412 2150 467 2177 sint
480 2156 620 2184 expressa,
634 2153 671 2181 et,
695 2152 724 2175 ut
741 2156 823 2183 supra
847 2147 975 2180 diximus,
1001 2154 1053 2174 non

268 2235 1370 2251 ~.—_———_——————————-—————'—-

1106 950 1195 977 Bruno
1219 950 1252 978 ad
1278 958 1399 978 eremum
1424 950 1578 978 Carthusiaa
1598 952 1711 977 venerat

1105 1004 1176 1024 anno
1189 997 1299 1024 circiter
1312 997 1391 1029 1084,
1406 1001 1434 1025 et
1447 1004 1462 1024 a
1472 996 1516 1025 die
1536 996 1578 1024 sui
1593 997 1739 1028 adventus
1754 994 1880 1029 usquead

1105 1042 1163 1076 ejus
1178 1043 1281 1071 obitum
1295 1042 1458 1071 eflluxerunt
1475 1043 1506 1070 Π
1519 1043 1596 1070 anni.
1611 1042 1712 1070 Decem
1723 1040 1880 1076 quidem-au-

1106 1087 1147 1114 nis
1161 1088 1267 1123 praefuit
1283 1089 1310 1116 in
1323 1089 1403 1116 domo
1414 1088 1566 1116 Carthusize
1575 1087 1606 1115 Β.
1624 1088 1880 1120 [ιιιιιιιιιίιιιιεγιιιιισ

1106 1142 1121 1161 e
1134 1135 1229 1167 sociis;
1244 1135 1292 1162 sed
1307 1135 1336 1162 S.
1353 1135 1445 1162 Bruno
1459 1134 1487 1161 in
1501 1134 1629 1162 Calabria
1640 1134 1755 1169 degens.
1774 1132 1851 1162 adhuc
1861 1132 1880 1160 in

1106 1180 1175 1207 vivis
1190 1186 1258 1213 erat,
1271 1180 1419 1215 supervixit
1433 1180 1506 1208 enim
1525 1179 1554 1206 Β.
1568 1179 1722 1212 Lauduino,
1744 1179 1816 1207 inter
1825 1184 1882 1210 utar-

1114 1233 1189 1263 tyrcs
1203 1228 1301 1255 merito
1314 1227 1481 1259 collocando,
1499 1227 1604 1262 integro
1620 1233 1694 1254 anno
1711 1230 1742 1253 et
1753 1225 1784 1253 I9

1143 1274 1191 1301 Cui
1207 1273 1237 1300 Β.
1254 1274 1396 1301 Lauduiuo
1409 1273 1542 1301 successit
1568 1273 1602 1300 R.
1612 1272 1699 1300 Pater
1711 1270 1884 1303 Penneltun-

1107 1326 1166 1352 cus,
1185 1324 1212 1346 ct
1224 1320 1247 1346 is
1262 1320 1341 1347 annis
1358 1324 1463 1346 tantum
1476 1319 1582 1346 duobus
1594 1317 1705 1353 praefuit
1721 1316 1817 1352 :eique
1834 1324 1883 1346 suc-

1108 1366 1189 1393 cessit
1202 1366 1234 1393 R.
1251 1365 1281 1392 P.
1302 1366 1332 1392 Ι).
1347 1365 1466 1393 Joannes
1482 1366 1598 1401 primus,
1613 1364 1658 1399 qui
1673 1362 1883 1398 B.P.Guigonatn

1109 1411 1236 1439 Ecclesia:
1253 1411 1512 1446 Gratianopolitanae
1523 1411 1656 1438 decanum
1669 1409 1774 1444 recepit
1784 1408 1886 1438 inordi-

1109 1466 1153 1491 ne,
1169 1459 1214 1486 ubi
1232 1463 1335 1486 tantum
1350 1459 1475 1494 profecit,
1497 1462 1527 1484 ut
1549 1461 1609 1492 post
1636 1461 1694 1484 tres
1718 1459 1885 1489 antiquatum

1109 1511 1195 1530 annos
1206 1504 1232 1530 in
1243 1504 1360 1538 priorem
1377 1502 1537 1535 Cartbusiae,
1550 1509 1622 1529 anno
1641 1499 1885 1533 videlicetlﬁprdi-

1110 1550 1152 1577 nis
1167 1550 1233 1582 nati,
1252 1550 1356 1578 electus
1369 1550 1415 1577 sit.
1723 1567 1726 1569 λ
1793 1567 1806 1577 ιι

1146 1596 1194 1623 llis
1206 1604 1271 1631 ergo
1285 1597 1318 1623 26
1329 1596 1408 1623 anuis
1420 1595 1443 1623 si
1462 1596 1495 1623 18
1520 1599 1567 1622 aut
1588 1594 1624 1621 .19
1653 1591 1885 1626 addantur,,_dottoc

1110 1642 1184 1677 prior
1199 1643 1318 1670 existens
1331 1642 1472 1676 scripserit
1484 1640 1712 1668 Consuetudiues
1732 1640 1809 1672 istas,
1828 1645 1886 1672 anno

1110 1687 1145 1714 44
1159 1692 1206 1714 aut
1219 1688 1254 1715 45
1269 1692 1329 1722 post
1341 1688 1466 1715 ordinem
1491 1691 1595 1718 natum,
1620 1689 1650 1711 ut
1671 1692 1754 1719 supra
1775 1682 1886 1714 diximus,

1111 1740 1158 1760 cas
1171 1733 1285 1768 scriptas
1299 1734 1383 1760 fuisse
1398 1732 1541 1760 constabit.
1563 1731 1604 1758 Ex
1620 1730 1663 1758 his
1689 1730 1772 1758 etiam
1794 1730 1887 1764 apparet

1111 1779 1427 1815 RJ‘atremGuigonem
1448 1778 1558 1806 venisse
1576 1777 1611 1804 ad
1636 1776 1763 1804 ordinem
1785 1775 1887 1810 quinque

1110 1832 1156 1855 aut
1175 1834 1222 1854 scx
1238 1830 1344 1853 tantum
1360 1824 1438 1852 anuis
1451 1827 1512 1858 post
1526 1826 1642 1850 mortem
1670 1821 1701 1850 S.
1713 1820 1853 1854 Bromia,
1865 1824 1887 1846 et

1111 1880 1166 1901 tum
1181 1880 1229 1908 per
1241 1879 1336 1906 opera.
1350 1876 1405 1897 tum
1421 1878 1469 1905 per
1484 1869 1577 1901 verba,
1591 1868 1626 1896 ab
1639 1867 1699 1902 ejus
1711 1864 1885 1902 discipuliaqui

1109 1919 1191 1945 etiam
1211 1925 1272 1945 cum
1289 1916 1318 1943 S.
1344 1915 1497 1943 institutore
1515 1914 1641 1941 vixerant
1667 1920 1699 1940 ea
1726 1911 1813 1946 omnia
1829 1909 1886 1941 didi-

1110 1965 1191 1996 cisse,
1207 1970 1267 1998 quae
1279 1963 1305 1988 in
1322 1962 1382 1989 istis
1393 1961 1503 1996 scriptis
1520 1959 1768 1995 Consuetudinibus
1786 1955 1886 1993 posteris

1112 2009 1232 2043 reliquit,
1249 2015 1308 2042 qua:
1322 2006 1555 2035 Consuetudinum
1579 2012 1680 2033 nomen
1698 2011 1751 2032 non
1772 2008 1887 2031 mereren-

1112 2060 1164 2087 tur,
1180 2054 1231 2082 nisi
1243 2061 1257 2080 θ
1274 2053 1396 2088 pluribus
1407 2053 1462 2087 jam
1477 2052 1556 2079 anuis
1583 2051 1711 2078 instituta
1734 2048 1849 2082 fuissent,
1864 2050 1886 2075 et

1111 2100 1232 2128 moribus
1250 2098 1383 2126 utentium
1397 2096 1545 2132 approbata
1555 2100 1583 2123 et
1595 2095 1767 2124 conﬁrmata.
1779 2092 1885 2128 Hispu-

1110 2145 1209 2174 nolatis
1224 2151 1296 2171 nunc
1310 2144 1343 2170 ad
1359 2151 1414 2170 rem
1430 2142 1580 2170 veniamus.

1377 2225 1873 2244 -ιμι--ι--α

736 2312 1050 2360 PROLOGUS
1089 2313 1144 2356 D.
1186 2308 1497 2358 GUIGONIS.

455 2411 573 2450 Incipit
588 2409 743 2449 Prologus
759 2409 1046 2442 Cousuetudinum
1063 2407 1185 2439 domini
1204 2405 1363 2445 Guigonis
1382 2411 1498 2445 prlOl‘lS
1524 2402 1722 2444 sarthusia):

1024 2492 1141 2499 ...-

299 2537 324 2564 Ι.
341 2536 442 2563 Amicls
456 2539 482 2563 et
499 2533 629 2562 n-atribus
641 2534 668 2562 in
689 2534 800 2578 Christo
813 2533 1008 2567 dilectissimis,
1022 2533 1167 2560 Banuanoo
1181 2530 1333 2562 Portarum,
1348 2531 1499 2559 Huuasnro
1518 2531 1547 2558 S.
1564 2529 1685 2566 Sulpitii,
1699 2529 1798 2558 Mitem
1813 2528 1885 2563 mlo-

262 2582 325 2610 nevi
342 2581 477 2617 prioribus
494 2587 522 2610 et
538 2581 674 2609 universis
686 2575 732 2616 qui
748 2587 809 2608 cum
824 2580 865 2607 eis
879 2579 934 2607 Deo
947 2578 1070 2607 serviunt
1088 2576 1231 2610 fratribus,
1243 2576 1398 2604 Carthasim
1411 2577 1486 2611 prior
1503 2581 1615 2604 vocatus
1635 2576 1725 2604 Gutco‘
1745 2580 1780 2604 ett
1792 2575 1884 2611 qui‘se‘
1908 2590 1911 2593 ~

263 2636 324 2655 cum
336 2632 399 2656 sunt
413 2627 522 2662 fratres,
536 2632 693 2664 perpetuam
712 2626 739 2654 in
756 2625 869 2654 Domino
883 2627 1007 2653 salutem.

296 2674 325 2701 2.
340 2672 498 2701 Cliarissimi
518 2680 551 2700 ac
567 2671 787 2699 revereudissimi
801 2670 879 2697 nobis
893 2669 982 2697 Patris
995 2667 1115 2703 liugonis
1128 2666 1373 2703 Gratianopolitaui
1384 2667 1514 2702 episcopi,
1530 2666 1608 2702 cujus
1620 2666 1756 2694 voluntati
1771 2664 1885 2693 tum

263 2719 304 2748 fas
319 2726 371 2747 non
386 2716 620 2753 habemus,jussis
633 2720 660 2743 et
671 2714 782 2743 monitis
793 2714 1023 2749 obtemperantes,
1041 2713 1114 2748 quod
1125 2718 1217 2741 vestra
1231 2719 1285 2741 non
1309 2712 1394 2741 semel
1420 2712 1530 2740 dilectio
1543 2707 1884 2748 postulavit,

938 2768 1226 2799 COMMENTARIUM.

298 2831 532 2862 nouom—Num.
549 2831 576 2858 ἓ.
593 2828 800 2858 εοιιειιειιιάὶιιιιε
815 2827 908 2855 domus
926 2831 1054 2855 uostrw...

264 2880 375 2915 Laqueo
387 2886 403 2907 a
420 2879 449 2907 S.
466 2878 545 2909 Patre
567 2877 694 2905 Bruuone
713 2873 834 2902 instituta
856 2877 944 2905 erant.
959 2877 986 2901 et
1000 2880 1057 2902 scr-

1112 2831 1172 2854 vata
1195 2826 1291 2853 lun'ab
1317 2825 1363 2853 illo
1376 2830 1432 2853 tum
1456 2833 1471 2852 ει
1493 2824 1575 2853 sociis
1591 2824 1617 2852 in
1638 2811 1720 2852 domo
1737 2808 1882 2866 seuLpouus

1110 2870 1264 2900 cremitorio
1278 2870 1438 2905 Carlhusiuc,
1455 2879 1468 2898 ει
1482 2869 1684 2899 successoribus
1697 2865 1799 2899 illorum
1812 2865 1872 2896 fideli
