3992 6404
519 336 630 396 039
1359 337 1684 398 GUlGONIS
1719 338 1739 395 Ι
1773 336 1960 396 CART
1974 335 2126 392 HUSI

2253 331 2544 410 MAJOIKIS
2583 329 2860 390 PliIORlS
2898 331 2939 387 γ
3697 329 3788 388 NO

526 442 563 454 ’“
585 450 644 507 4.
671 447 872 508 Verum
895 451 1026 523 quia
1059 457 1332 508 laetor-mu
1359 451 1614 524 precibus
1639 459 1689 508 el
1719 448 2055 514 auctoritati,
2080 448 2204 522 sive
2223 445 2526 512 dilectioni,
2559 445 2820 502 resistere
2857 458 2968 500 non
3024 440 3308 528 debemus,
3349 444 3497 514 quod
3548 442 3790 502 Dominus

515 547 751 614 dederit,
775 551 966 606 eodem
996 551 1115 620 ipso
1134 549 1383 618 iuvante,
1410 548 1692 616 dicamus;
1721 557 1826 606 eta
1851 548 2086 621 digniori
2115 558 2300 620 parte,
2330 545 2513 605 olilcio
2537 543 2795 602 videlicet
2837 542 3022 600 divino
3067 541 3347 628 sumentes
3391 538 3696 624 exordia,
3741 537 3790 628 in

515 655 628 713 quo
645 656 770 698 cum
802 643 1018 700 eteteris
1045 641 1354 710 monachis,
1375 641 1629 708 multum,
1655 642 1894 698 maxime
1918 642 1976 698 in
2003 640 2314 714 Psalmodia
2343 639 2600 714 regulari,
2617 631 2926 716 concordes
2963 627 3304 694 inveniamur
3326 629 3432 720 [aL
3457 627 3790 704 invenimur].

1832 805 2476 907 INCIP'IUNT

1077 1026 2280 1212 CONSUETUDINES
2343 1028 2482 1138 D.
2530 1021 3284 1210 GUIGONIS.

1797 1269 2202 1330 CAPITULUM
2241 1269 2534 1328 PRIMUM.

1899 1407 1981 1464 De
2011 1406 2176 1478 ofﬁcio
2205 1405 2406 1464 divino.
2455 1429 2458 1432 ί

587 1547 640 1602 Ι.
672 1546 718 1602 Α
743 1544 1002 1602 Kalendis
1025 1545 1210 1616 itaque
1233 1543 1556 1602 Novembris
1583 1559 1758 1616 usque
1786 1544 1854 1602 ad
1875 1551 2098 1600 octavas
2125 1543 2502 1608 Pentecostcs,
2521 1540 2670 1598 omni
2696 1540 2806 1608 die,
2833 1539 3078 1612 exceptis
3091 1537 3378 1596 duodecim
3401 1535 3698 1596 lectionum
3715 1553 3794 1596 so-

515 1638 906 1704 lemnitatibus,
935 1648 1050 1694 tres
1069 1638 1332 1695 lectiones
1361 1653 1485 1694 cum
1537 1637 1712 1693 tribus
1757 1633 2119 1707 responsoriis
2147 1633 2419 1701 dicimus;
2455 1633 2588 1692 illud
2633 1633 2988 1690 observantes
3015 1640 3074 1688 ut
3116 1631 3163 1688 si
3189 1639 3318 1688 ante
3342 1630 3599 1701 quintam
3625 1629 3794 1688 ierim

513 1731 762 1802 prmdicli
805 1730 1014 1787 mensis
1047 1730 1302 1788 Kalendas
1347 1730 1698 1802 contigerint,
1737 1728 1790 1786 in
1831 1727 2160 1798 pratcedenti
2205 1727 2486 1782 Dominica
2518 1723 2868 1795 responsoria
2893 1731 2950 1780 et
2989 1720 3284 1796 prophetas
3321 1721 3692 1794 incipiamus;
3717 1734 3792 1778 se-

515 1818 704 1889 quenti
733 1829 786 1874 et
816 1817 1076 1892 deinceps
1105 1821 1244 1876 feria
1275 1829 1388 1878 tres
1416 1821 1677 1878 lectiones
1702 1833 1824 1875 eum
1853 1818 2220 1890 responsoriis
2247 1818 2320 1874 de
2349 1818 2506 1876 libris
2537 1817 2743 1874 eisdem
2783 1815 3100 1874 recitantes.

585 1911 644 1965 2.
677 1908 776 1964 Sin
803 1919 988 1966 autem
1031 1911 1224 1980 quinta
1245 1911 1332 1969 vel
1361 1921 1486 1984 post
1523 1910 1796 1984 quintam,
1825 1910 2077 1982 sequenti
2121 1909 2404 1968 Dominica
2440 1911 2662 1966 eosdem
2691 1909 2992 1982 prophetas
3030 1925 3156 1966 cum
3195 1909 3312 1966 suis
3335 1907 3703 1980 responsurus
3727 1905 3795 1962 in-

515 2000 777 2056 choemus
798 2015 814 2066 ;
837 1999 1052 2056 dierum
1077 2001 1170 2074 qui
1201 2001 1346 2058 inter
1372 2001 1647 2060 Kalendas
1678 2011 1738 2062 et
1755 2001 2098 2060 Dominicam
2149 2009 2300 2068 sunt,
2347 2000 2580 2058 alterum
2605 2015 2730 2060 cum
2761 1999 2936 2058 tribus
2981 2010 3208 2076 propter
3241 2008 3550 2074 martyres,
3587 1999 3798 2058 alterum

520 2105 646 2146 cum
687 2105 794 2146 una
823 2090 1058 2148 lectione
1082 2095 1482 2168 transigentes.

1897 2182 2306 2256 carrruwn
2349 2183 2412 2240 ιι.

1800 2309 1810 2316 -
1855 2273 1987 2333 Item
2036 2278 2100 2334 de
2147 2279 2328 2346 eadem
2376 2293 2448 2334 re.

591 2393 642 2448 1.
687 2391 927 2450 Sabbato
949 2393 1144 2463 prima:
1177 2393 1447 2448 adventus
1474 2391 1766 2446 Dominicae
1813 2390 2110 2448 coliterenti
2142 2399 2717 2448 commemorationem
2755 2393 2823 2448 de
2853 2403 3236 2463 crucibusque
3265 2390 3336 2448 ad
3369 2389 3669 2448 secundam
3693 2393 3798 2458 post

516 2491 738 2541 octavas
780 2484 1004 2542 Pascha:
1051 2484 1300 2552 Feriam;
1331 2483 1398 2542 de
1441 2491 1633 2540 saneta
1667 2497 1798 2542 vero
1837 2483 2010 2540 Maria
2059 2497 2236 2554 usque
2275 2483 2344 2538 ad
2381 2483 2615 2554 primam
2653 2493 2781 2556 post
2815 2493 3042 2542 octavas
3087 2485 3409 2559 Epiphania:
3451 2485 3605 2542 diem
3647 2484 3798 2542 inter

517 2574 804 2632 mittimus.

585 2663 643 2718 2.
681 2661 740 2718 1η
778 2662 1038 2734 praedicta
1071 2663 1356 2738 Dominica
1399 2665 1572 2722 ﬁnitis
1597 2641 1884 2722 Ezechiele
1909 2675 1964 2721 et
2006 2663 2294 2722 duodecim
2335 2666 2617 2738 prophetis
2645 2666 2796 2740 (nam
2839 2668 3122 2728 Danielem’
3142 2669 3197 2726 in
3227 2669 3532 2738 refectorio
3571 2667 3797 2740 legimus)

515 2753 712 2810 Isaiam
737 2755 1046 2826 incipimus.
1085 2773 1259 2828 usque
1285 2759 1355 2814 ad
1384 2759 1624 2830 vigiliam
1653 2756 1964 2816 Nativitatis
1987 2773 2053 2814 eo
2073 2758 2339 2814 contenti.
2370 2756 2430 2814 lu
2465 2771 2574 2830 quo
2619 2769 2732 2816 toto
2767 2762 2946 2831 spatio
2993 2760 3264 2832 capitulis,
3297 2761 3556 2818 versibus
3603 2768 3658 2816 et
3689 2773 3797 2814 ora-

519 2845 760 2902 tionibus
807 2846 876 2906 ad
931 2847 1230 2906 adventum
1277 2850 1685 2924 pertinentibus
1727 2849 1954 2916 utimur,
1982 2845 2167 2903 Gloria
2213 2848 2271 2902 in
2313 2846 2532 2903 excelsis
2564 2863 2736 2920 usque
2777 2851 2844 2906 ad
2891 2851 3124 2921 primam
3183 2854 3238 2909 in
3263 2852 3568 2910 Nativitate
3599 2850 3800 2908 missam

517 2944 780 3000 tacentes.

1879 3029 2462 3116 COMMENTARIUM.

521 3195 736 3261 Icmper
762 3205 1028 3262 quaerere,
1059 3205 1244 3247 amare
1273 3189 1341 3246 ab
1381 3190 1692 3247 nominibus
1713 3189 1915 3247 nesciri
1946 3197 2001 3245 et
2021 3203 2122 3261 pro
2149 3197 2200 3257 Α
2228 3191 2382 3248 cibus
2407 3205 2528 3262 qua:
2555 3189 2625 3246 ab
2649 3190 2890 3248 Ecclesia
2919 3190 3268 3259 Lugdunensi
3302 3189 3358 3246 in
3388 3199 3642 3248 nostrum
3663 3203 3802 3244 usum

521 3281 692 3338 nihilo
717 3283 975 3353 reputari,
1016 3291 1072 3340 et
1102 3281 1367 3354 quidquid
1409 3283 1478 3338 ad
1503 3297 1686 3338 veram
1713 3293 1768 3338 et
1794 3281 2120 3353 profundam
2231 3291 2449 3339 constat
2475 3279 2646 3340 fuisse
2678 3289 3042 3352 transumpta.

524 3375 886 3434 litnuilitatem
925 3378 1202 3446 conducit,
1233 3379 1476 3434 omnium
1503 3377 1768 3434 virtutum
1798 3377 2036 3434 radicem
2066 3383 2121 3436 et
2293 3373 2429 3430 CAP.
2456 3372 2574 3429 l.—
2603 3373 2930 3445 Capitulum.
2965 3371 3078 3428 Hoc
3111 3371 3360 3438 verbum,
3387 3387 3500 3444 quo
3531 3373 3587 3428 in
3609 3369 3798 3428 statutis

523 3469 688 3523 \eluli
721 3467 886 3526 fontis
909 3472 1104 3541 gratiae
1131 3471 1226 3526 Dei
1252 3471 1520 3536 canalem,
1545 3471 1600 3526 in
1643 3471 1898 3538 omnibus
1917 3470 2122 3542 ample-
2224 3464 2426 3521 nostris
2474 3459 2751 3522 distinctio
2803 3465 3155 3519 materiarum
3202 3473 3448 3532 notatur,
3491 3479 3642 3520 nunc
3673 3478 3798 3520 com-

525 3561 619 3622 cti,
654 3561 755 3617 hoc
785 3561 1018 3618 instituti
1047 3561 1397 3618 Carthusiani
1427 3578 1640 3618 summa
1667 3569 1724 3618 et
1766 3560 1888 3617 linis
1908 3571 2014 3618 est.

595 3651 754 3708 Num.
792 3651 846 3708 4.
887 3649 1082 3707 Verum
1115 3653 1240 3724 quia
1289 3660 1557 3706 tantorum
1592 3651 1855 3722 precibus.
1895 3649 1998 3708 Hic
2027 3651 2124 3706 ha-

525 3747 620 3802 bes
645 3747 870 3801 formam
898 3753 1103 3802 sanctae
1131 3743 1396 3800 libertatis
1421 3741 1779 3812 adimplenda:
1807 3751 1862 3798 et
1883 3741 2123 3800 obstina”-

527 3838 692 3894 tionis
723 3838 777 3894 in
803 3853 905 3894 suo
950 3852 1114 3894 sensu
1135 3851 1168 3891 a
1189 3833 1571 3893 Carthasianis
1599 3833 1887 3906 fugiendas,
1903 3841 1974 3890 'et
1993 3851 2124 3908 qua-

527 3925 651 3982 liter
671 3928 914 3984 charitas
940 3935 995 3984 et
1023 3926 1356 3994 obedientia,
1393 3925 1624 3982 scientia
1649 3935 1704 3981 et
1747 3926 2029 3982 humilitas
2067 3925 2122 3981 in

527 4021 654 4075 vitm
685 4020 944 4075 solitariae
977 4028 1148 4088 statu,
1179 4017 1344 4076 simul
1376 4019 1587 4090 possint
1611 4028 1668 4074 et
1709 4020 1942 4076 debeant
1966 4035 1996 4073 a
2027 4033 2125 4073 no-

529 4109 616 4166 bis
636 4109 982 4175 concordari,
1003 4117 1066 4168 et
1089 4109 1216 4166 inde
1241 4109 1566 4182 simplicitas
1591 4107 1954 4166 Cartltusiana
1977 4124 2126 4166 com-

529 4200 678 4270 poni,
711 4207 770 4254 ut
799 4198 934 4254 nihil
961 4215 1200 4268 unquam
1241 4209 1520 4270 qumratur
1540 4216 1570 4254 a
1601 4214 1732 4256 vero
1765 4199 2127 4256 Cartltusiano

531 4307 598 4346 ex
629 4289 862 4360 propriae
889 4287 1184 4345 voluntatis
1209 4289 1581 4360 instigatioue,
1608 4289 1751 4361 quod
1785 4303 1818 4343 a
1854 4289 1978 4346 vitae
2000 4289 2127 4344 abs-

529 4383 765 4440 conditae
803 4391 992 4439 centro
1042 4381 1193 4438 illum
1243 4383 1518 4448 retrahat;
1550 4383 1645 4438 sed
1697 4382 1830 4438 nihil
1856 4381 2128 4439 obstinato

529 4477 715 4532 animo
751 4475 1006 4547 fugiatur,
1029 4475 1248 4546 quando
1279 4475 1348 4529 ad
1377 4473 1645 4545 agendum
1674 4485 1770 4529 aut
1798 4474 2126 4546 loquendum

2224 3557 2463 3612 muniter
2485 3572 2582 3626 per
2611 3557 2834 3612 verbum
2856 3553 3024 3626 Caput
3056 3556 3420 3626 exprimitur;
3447 3557 3546 3612 sed
3575 3557 3644 3612 ad
3673 3568 3800 3610 rere-

2224 3646 2454 3700 rentiam
2484 3643 2704 3700 Patrum
2733 3647 3082 3716 antiquorum
3110 3647 3213 3702 hoc
3259 3646 3484 3702 verbum
3536 3646 3594 3702 in
3635 3645 3800 3700 ordine

2223 3737 2566 3800 retinuimus,
2591 3737 2731 3792 sicut
2750 3748 2804 3794 et
2834 3739 2937 3792 alia
2961 3737 3159 3793 similia
3187 3757 3199 3792 :
3239 3738 3349 3794 imo
3367 3747 3422 3794 et
3441 3737 3642 3794 modos
3661 3749 3800 3807 quos-

2225 3832 2348 3886 dam
2377 3829 2785 3902 pronuntiaudi,
2811 3830 2902 3902 qui
2929 3831 3094 3884 etiam
3126 3830 3179 3886 in
3207 3830 3446 3902 antiquis
3477 3831 3695 3885 statutis
3719 3845 3800 3884 ex-

2224 3938 2412 3994 presse
2457 3924 2917 3994 designabantur,
2962 3925 3098 3980 adeo
3157 3939 3374 3995 semper
3419 3927 3568 3995 apud
3623 3940 3714 3982 nos
3755 3925 3798 3977 iu

2225 4018 2402 4090 pretio
2419 4017 2599 4074 habita
2625 4026 2708 4076 est
2728 4017 3039 4074 stabilitatis
3059 4027 3114 4074 et
3129 4017 3473 4088 antiquitatis
3499 4015 3800 4074 veneranda

2231 4111 2516 4168 tenacitas.

2300 4203 2461 4258 Num.
2492 4203 2540 4257 1.
2567 4203 2610 4258 Α
2637 4201 2913 4258 Kalendis.
2964 4201 3160 4256 Totum
3193 4201 3297 4256 hoc
3325 4201 3628 4274 capitulum
3671 4214 3800 4272 τερος

2231 4297 2368 4352 ritur
2421 4296 2812 4366 transcriptum
2870 4296 2923 4349 in
2969 4295 3144 4366 prima
3195 4305 3350 4368 parte
3373 4295 3582 4354 Statur.
3625 4294 3799 4362 antiq.,

2231 4403 2350 4460 cap.
2383 4388 2476 4456 2|,
2505 4403 2560 4444 n.
2591 4387 2624 4444 8
2651 4396 2704 4444 et
2733 4387 2788 4452 9,
2816 4397 2871 4442 et
2895 4387 3042 4444 nulla
3091 4397 3176 4444 est
3202 4386 3514 4444 differentia
3553 4388 3654 4442 nisi
3679 4383 3798 4456 quod

2233 4494 2296 4534 ea
2327 4495 2446 4550 quae
2473 4481 2560 4536 hic
2585 4480 2862 4536 succincte
2879 4479 3158 4546 dicuntur,
3176 4481 3250 4536 ibi
3273 4481 3436 4536 latius
3456 4478 3800 4549 explicantur,

529 4587 596 4626 ex
621 4543 974 4639 Superiorum
1007 4543 1214 4638 judicio
1256 4543 1572 4639 impellitur.
1605 4565 1761 4635 Quod
1791 4543 1970 4622 adhuc
2013 4567 2130 4622 evi-
2159 4543 2204 4602 ³⁵
2234 4543 2396 4644 prout
2438 4573 2578 4628 ratio
2617 4569 3022 4627 condendorum
3063 4543 3392 4626 statutorum
3432 4543 3626 4642 exi-git.
3675 4565 3798 4622 idem

531 4663 746 4718 dentius
768 4659 974 4733 patebit
1001 4659 1166 4728 infra,
1197 4661 1286 4718 ubi
1326 4661 1392 4718 de
1421 4657 1731 4718 obedientia
1765 4657 2125 4716 Carthasiana

531 4763 743 4823 agetur.

603 4846 735 4900 lhid.
766 4862 836 4902 ..n
861 4861 964 4916 quo
1000 4859 1120 4902 cum
1162 4845 1450 4900 celeria...
1493 4842 1737 4898 multum.
1770 4841 1889 4900 Non
1916 4841 2044 4898 dicit
2072 4843 2128 4895 in

529 4949 732 5001 totum,
775 4940 904 5008 quia
955 4951 1144 4996 revera
1193 4935 1247 4992 in
1285 4935 1678 5006 componendo
1719 4934 1903 4990 divino
1953 4933 2129 4989 oﬂicio

531 5027 896 5082 Carthusiano
941 5027 1077 5083 ritus
1122 5025 1344 5100 quidem
1384 5025 1722 5081 monasticus
1757 5023 1812 5078 in
1841 5023 2125 5079 duodecim

533 5117 790 5190 psallitis,
833 5117 1005 5176 tribus
1045 5117 1273 5174 canticis
1320 5125 1378 5174 et
1413 5115 1482 5171 l2
1527 5114 1853 5172 lectionibus
1903 5123 1958 5171 et
2003 5113 2128 5170 aliis

531 5207 801 5264 similibus
829 5216 1138 5278 assumptus
1163 5216 1271 5274 est,
1297 5207 1394 5264 sed
1423 5221 1530 5262 non
1558 5221 1742 5277 pauca.
1760 5205 1926 5262 etiam
1956 5205 2006 5259 ei
2034 5205 2129 5259 ad-

507 5301 716 5370 .juncla
748 5297 964 5354 l’ueruuI
995 5313 1063 5354 ex
1095 5298 1290 5356 ritibus
1311 5309 1425 5353 tum
1447 5297 1702 5355 Ecclesia:
1731 5295 2128 5370 Lugdunensis,

535 5403 647 5448 tum
678 5387 1219 5462 Gratiandpolitante,
1243 5389 1298 5446 in
1323 5390 1480 5463 cujus
1502 5391 1726 5448 (Ιίωοθεί
1751 5393 1855 5446 sita
1883 5397 1966 5444 est
1995 5385 2130 5444 Car-

537 5483 736 5549 thusia,
759 5491 819 5536 ut
849 5480 1070 5552 probari
1098 5489 1277 5552 potest
1305 5497 1368 5538 ex
1412 5483 1653 5554 antiquis
1683 5479 1990 5536 Missalibus
2018 5479 2124 5534 Ec-

534 5576 713 5632 clesia:
741 5573 1277 5647 Gratianopolitanat,
1300 5584 1356 5630 et
1384 5575 1542 5631 modo
1569 5573 1876 5630 celebrandi
1904 5573 2126 5627 missam

535 5679 664 5728 huic
691 5667 765 5727 ibi
795 5669 1018 5736 usitato,
1051 5685 1172 5740 quae
1204 5667 1256 5724 in
1295 5665 1498 5723 nostris
1531 5667 1599 5722 ad
1631 5681 1864 5736 unguem
1903 5665 2016 5720 fere
2045 5681 2128 5720 re-

535 5762 816 5833 feruntur;
837 5761 1073 5833 itemque
1103 5777 1171 5818 ex
1198 5759 1473 5820 veteribus
1502 5757 1908 5832 Antiphonariis
1923 5767 1978 5814 et
2005 5771 2130 5830 prc-
2221 5769 2224 5774 ‘

2233 4680 2459 4736 prorsus
2481 4665 2777 4719 etiamnum
2800 4679 2830 4718 a
2872 4663 3032 4720 nobis
3059 4663 3399 4720 observatur.

2304 4757 2434 4813 CAP.
2479 4755 2540 4811 ll.
2583 4786 2652 4795 —
2685 4753 2832 4811 Idem
2872 4753 3180 4826 Capilulum
3241 4749 3513 4824 reperitur
3569 4745 3800 4805 transcri-

2237 4863 2409 4926 ptum,
2441 4868 2561 4924 cap.
2587 4851 2645 4918 2,
2671 4867 2690 4906 ι
2716 4860 2858 4924 part.
2890 4849 3063 4924 antiq.
3096 4848 3324 4917 Statut.,
3362 4863 3512 4904 num.
3539 4847 3598 4915 5,
3625 4845 3676 4910 5,
3695 4841 3742 4908 6,
3769 4839 3798 4894 8

2223 4947 2290 5002 ’ct
2311 4946 2365 5002 9.
2479 5015 2482 5018 ἢ

2317 5035 2474 5092 Num.
2516 5035 2572 5092 2.
2593 5033 2777 5091 Gloria
2815 5035 2871 5089 in
2904 5029 3121 5089 excelsis
3144 5072 3159 5096 ,
3196 5043 3367 5100 usque
3389 5027 3528 5084 ad...
3575 5031 3796 5082 tacentes.

2237 5127 2316 5184 Ex
2347 5127 2448 5183 hoc
2479 5127 2598 5182 loco
2619 5135 2673 5180 et
2701 5125 2824 5182 aliis
2853 5123 2990 5179 infra
3019 5119 3275 5177 notandis
3305 5119 3532 5191 patebit,
3565 5131 3666 5172 non
3685 5115 3800 5169 bcuo

2225 5221 2445 5293 ‘opinari
2471 5235 2563 5275 eos
2585 5218 2677 5290 qui
2694 5225 2884 5290 putant
2903 5215 3045 5288 quod
3066 5213 3194 5270 olim
3221 5213 3275 5268 in
3305 5213 3496 5268 ordine
3517 5223 3640 5265 raro
3658 5207 3796 5260 missa

2239 5331 2268 5370 a
2302 5311 2506 5370 nostris
2546 5311 2944 5368 celebrabatur.
2977 5307 3196 5363 Certum
3245 5313 3332 5360 est
3363 5301 3485 5359 illos
3537 5311 3658 5356 tunc
3695 5305 3798 5351 tan-

2243 5417 2355 5462 tum
2397 5396 2652 5460 liabuisse
2681 5419 2846 5459 unum
2891 5401 3092 5468 altare,
3135 5407 3192 5455 et
3241 5412 3367 5454 raro
3403 5395 3544 5462 duo;
3573 5389 3702 5462 quod
3743 5399 3796 5440 ex

2237 5499 2426 5554 charta
2459 5512 2579 5568 cap.
2628 5493 2902 5570 generalis
2941 5491 3070 5547 anni
3110 5489 3249 5547 1250
3279 5487 3559 5559 probatur,
3587 5481 3671 5538 ubi
3691 5473 3800 5533 dici-

2223 5585 2332 5644 'tur
2365 5605 2378 5641 :
2411 5587 2486 5644 De
2514 5587 2717 5644 duobus
2740 5587 2995 5642 altaribus
3017 5581 3363 5655 suscipiendis
3385 5577 3674 5646 requiratur
3693 5583 3795 5624 cou-

2240 5701 2422 5742 scnsus
2471 5692 2834 5742 conrenluum.
2893 5680 3193 5738 Raritatcm
3241 5691 3372 5746 ergo
3409 5674 3566 5731 istam
3608 5681 3702 5724 non
3739 5657 3792 5714 ad
