3992 6402
223 432 328 488 stt
715 382 720 387 1
1294 381 1298 384 7
1519 378 1522 385 ί
1558 377 1847 508 cousuE'

1986 425 2156 494 lNES.
2396 487 2401 490 _
2803 503 2805 506 g
3412 432 3519 485 eis

301 543 357 599 3.
393 542 733 614 Antiphonas
771 543 816 598 0
853 541 1132 612 sapientia,
1177 555 1301 596 cum
1343 538 1463 594 aliis
1492 552 1609 604 sex,
1635 547 1688 594 et
1716 537 2045 608 autiphonas
2081 539 2332 610 proprias
2373 539 2437 593 ad
2471 539 2771 599 matutinas
2801 540 2991 599 laudes
3021 542 3096 598 ita
3122 540 3430 614 incipimus,
3460 553 3521 598 ut

226 637 321 692 die
343 646 472 690 ante
501 636 738 705 vigiliam
772 635 982 692 Natalis
1009 635 1221 691 Domini
1247 635 1525 690 liniantur.
2421 703 2426 708 _

302 725 354 780 4.
403 724 640 794 Singulas
670 725 935 780 adventus
965 724 1257 780 Dominicae
1288 724 1522 795 prepriis
1566 721 1928 792 responsoriis
1955 729 2011 787 et
2046 722 2365 794 antipbouis
2392 723 2456 777 ad
2497 726 2790 782 matutinas
2833 727 3020 785 laudes
3047 730 3393 794 decorantur,
3423 725 3518 784 sed

225 829 287 875 et
313 817 528 873 czeteris
562 816 754 875 diebus
781 831 996 889 semper
1026 816 1092 873 ad
1120 816 1434 887 Magniﬁcat
1452 824 1506 872 et
1533 812 1845 870 Benedictus
1872 814 2202 884 antipbonas
2231 816 2298 876 de
2331 817 2566 870 adventu
2598 817 2847 874 dicimus.

1615 907 1812 963 CAPIT
1823 905 2014 962 ULUM
2055 906 2140 962 Ill.

1584 997 1721 1053 Item
1780 998 1918 1053 unde
1974 1013 2159 1068 supra.

309 1103 360 1156 l.
385 1101 442 1156 In
476 1100 718 1157 Sabbato
740 1099 1072 1170 jejuniorum
1103 1097 1479 1168 temporalium
1510 1105 1719 1152 sextam
1745 1105 1799 1152 et
1849 1097 2072 1152 missam
2107 1110 2228 1150 cum
2276 1095 2533 1164 quinque,
2562 1106 2785 1167 excepta
2815 1093 3064 1164 cpistola,
3092 1094 3438 1164 lectionibus,
3465 1106 3522 1154 et

228 1194 432 1249 deinde
456 1209 656 1249 nonam
683 1190 1044 1248 eontinuatim
1079 1189 1131 1244 in
1169 1187 1405 1244 ecclesia
1447 1195 1771 1253 cantamus;
1812 1185 1954 1241 idem
1995 1185 2050 1240 in
2083 1187 2302 1241 caneris
2325 1183 2547 1256 jejuniis
2593 1186 2863 1242 similibus
2913 1186 3192 1255 facientes,
3243 1187 3345 1242 nisi
3375 1189 3521 1258 quod

229 1282 290 1336 in
315 1297 503 1337 mense
537 1283 714 1351 primo
735 1289 856 1351 post
884 1292 1079 1334 nonam
1109 1285 1330 1348 propter
1371 1276 1881 1345 Quadragesimam.
2246 1271 2248 1273 ’
3405 1262 3407 1264 ’

305 1374 362 1428 2.
404 1373 460 1428 ln
489 1371 728 1429 Sabbato
763 1370 900 1427 infra
923 1377 1148 1426 octavas
1182 1368 1533 1424 Pentecostes
1565 1369 1705 1423 inter
1743 1368 1963 1422 tertiam
1994 1375 2050 1423 et
2075 1375 2309 1434 sextam,
2334 1375 2389 1423 et
2429 1369 2482 1424 in
2511 1385 2699 1425 mense
2738 1370 2968 1438 septimo
2991 1380 3115 1441 post
3156 1382 3362 1428 sextam
3390 1369 3524 1427 mis“

228 1481 353 1524 sam
379 1466 548 1538 ipsam
575 1464 936 1531 celebramus,
967 1475 1164 1518 nonam
1196 1475 1367 1531 usque
1385 1469 1508 1532 post
1538 1460 1920 1516 dormitionem
1956 1459 2008 1513 in
2058 1457 2269 1514 cellulis
2299 1459 2583 1515 dicendam
2613 1447 2945 1516 dill‘erentes.

1461 1571 1463 1573 ί
1613 1545 2014 1603 CAPITULUM
2053 1548 2144 1603 IV.
2344 1562 2346 1565 ·
2404 1559 2406 1561 ’

1613 1548 2014 1606 CAPITULUM
2053 1548 2144 1604 IV.
2344 1562 2346 1565 ‘
2404 1559 2406 1561 ’

1251 1691 1253 1693 ,
1572 1641 1706 1698 Item
1766 1641 1907 1696 unde
1967 1638 2148 1710 supra.

307 1749 362 1803 1.
396 1746 442 1802 Α
471 1755 668 1818 quarto
695 1741 878 1798 Nonas
901 1739 1148 1796 Januarii
1191 1753 1365 1808 usque
1404 1737 1471 1792 ad
1511 1735 2007 1820 Septuagesimum,
2037 1734 2181 1788 beati
2214 1733 2365 1788 Pauli
2395 1733 2622 1804 apostoli
2655 1732 2924 1803 Epistolas
2952 1728 3196 1806 legimus.

259 1880 262 1882 ν
303 1844 364 1898 2.
399 1814 676 1899 Ab-altera
717 1851 834 1912 post
871 1848 1096 1895 octavas
1124 1837 1442 1908 Epiphania:
1475 1835 1565 1890 die
1599 1814 1782 1903 usque
1819 1833 1890 1887 ad
1920 1828 2417 1902 Septuagesimum.
2450 1829 2658 1884 ferialia
2688 1829 2920 1884 dicimus
2949 1814 3314 1912 responset-ia,
3346 1833 3522 1905 prima

224 1947 360 2010 post
385 1938 534 2010 ipsas
566 1937 847 1992 Dominica
870 1934 1119 1999 Domine,
1148 1947 1212 1986 ne
1237 1931 1292 1984 in
1321 1932 1405 1984 ira
1441 1939 1533 1984 tua
1565 1927 1910 1997 incipientes.
2346 1945 2348 1948 ν
3067 1923 3069 1925 ’

307 2038 363 2092 5.
391 2036 446 2091 In
478 2033 716 2090 Sabbato
738 2031 884 2100 quod
912 2029 1146 2100 primam
1175 2026 1602 2097 Septuagesimce
1644 2022 1981 2078 Dominicam
2012 2021 2306 2087 antecedit,
2336 2021 2405 2076 ad
2437 2035 2693 2090 vesperas
2733 2027 2940 2074 tantum
2997 2020 3228 2077 dicimus
3267 2023 3519 2090 Alleluia,

226 2135 306 2190 ad
335 2133 559 2190 Missam
590 2127 843 2186 similiter
877 2125 1051 2181 sancti
1088 2123 1313 2180 Sabbati
1347 2121 1644 2192 recepturi.
2101 2122 2106 2127 “

307 2227 368 2282 4.
400 2227 485 2283 Ab
515 2225 634 2292 ipsa
662 2232 844 2279 autem
875 2221 1155 2278 Dominica
1186 2234 1359 2290 usque
1389 2219 1460 2273 ad
1493 2217 1830 2273 Dominicam
1859 2217 1926 2271 de
1955 2217 2218 2272 Passione
2241 2214 2458 2278 Domini
2497 2213 2842 2285 lleplatieum
2877 2221 2985 2268 tam
3009 2211 3062 2270 in
3088 2213 3317 2272 ecelesm
3358 2229 3519 2284 quam

231 2327 296 2382 in
334 2325 631 2380 refectorio
655 2321 908 2394 legimus,
931 2319 1110 2390 prima
1133 2325 1190 2374 et
1215 2315 1454 2373 secunda
1486 2313 1794 2380 Dominica,
1813 2313 1878 2368 In
1896 2313 2180 2385 principio,
2209 2311 2426 2367 caeteris
2460 2325 2589 2366 vero
2616 2308 2914 2364 Dominicis
2934 2308 3133 2364 usitata
3157 2305 3522 2375 Responsoria

231 2419 620 2474 decantantes.
3017 2461 3022 2465 .

309 2517 367 2571 5.
397 2515 454 2570 In
494 2513 688 2586 Capite
709 2510 903 2583 jejunii
941 2508 1178 2582 capitula
1219 2516 1488 2566 nocturna
1518 2515 1573 2564 et
1599 2507 1815 2572 diurna,
1842 2513 1904 2562 et
1928 2505 2209 2564 orationes
2237 2513 2515 2561 mutamus
2540 2521 2556 2558 :
2581 2512 2790 2560 sextam
2822 2511 2882 2558 et
2962 2502 3132 2557 issam
3159 2508 3218 2556 et
3243 2510 3442 2553 nonam
3466 2495 3522 2551 in

232 2609 474 2666 ecclesia
513 2617 819 2666 cantamus.

317 2708 375 2762 6.
410 2705 524 2763 Hac
563 2705 652 2762 die
678 2719 871 2764 cruces
897 2704 1242 2776 cooperimus
1281 2701 1334 2757 in
1364 2701 1669 2757 Parasceve
1701 2699 2055 2770 detegendas.
2414 2702 2418 2706 '
3040 2733 3045 2739 -

313 2805 372 2859 7.
395 2805 539 2862 Ante
567 2803 749 2860 missa!
776 2802 990 2858 initium
1041 2800 1180 2858 cinis
1210 2807 1331 2870 post
1361 2797 1756 2856 confessionem
1787 2795 2056 2853 sacerdoti
2086 2789 2780 2855 benedicendus'oﬂ‘ertur;
2823 2801 2933 2859 quo
2967 2780 3260 2843 benedicto
3297 2790 3356 2836 et
3380 2791 3526 2850 aqua

236 2905 435 2954 sancta
471 2911 742 2968 resperso,
772 2911 966 2954 omnes
993 2911 1091 2968 per
1130 2895 1378 2952 ordinem
1415 2895 1646 2966 genibus
1692 2901 1821 2949 ante
1876 2892 2257 2964 presbyterum
2311 2887 2468 2945 flexis
2515 2885 2870 2957 participant,
2897 2882 3114 2938 dicente
3158 2882 3276 2952 ipso
3317 2896 3330 2934 :
3362 2875 3528 2968 Reae:

237 3010 456 3065 gnosce,
479 2965 656 3064 homo,
681 2994 809 3067 quia
837 2965 1007 3064 pulvis
1027 3010 1103 3059 es,
1131 3003 1179 3048 et
1224 2993 1279 3047 in
1307 2991 1570 3061 pulverem
1611 2991 1882 3046 reverteris
1907 3006 1927 3055 ;
1959 2987 2174 3044 caeteris
2208 2999 2340 3042 vero
2375 2984 2719 3056 Antiphonas
2749 2982 2882 3036 istas
2910 2975 3234 3036 canentibus
3259 2988 3274 3027 :
3311 2965 3528 3024 Exaudi

242 3105 367 3154 nos,
388 3085 648 3156 Domine;
678 3088 846 3145 Juxta
875 3089 1208 3154 vestibulum,
1239 3097 1346 3144 etc.
1379 3087 1586 3155 Quibus
1617 3086 1785 3142 [initis
1816 3085 1999 3141 subdit
2020 3083 2310 3139 sacerdos:
2333 3083 2591 3136 Dominus
2618 3081 2904 3145 vobiscum,
2925 3087 2982 3134 et
3018 3076 3180 3132 istam
3224 3069 3528 3128 orationem

243 3177 489 3238 Concede
509 3182 680 3249 nobis,
715 3181 965 3248 Domine;
991 3181 1178 3237 eadem
1205 3182 1338 3237 hora
1365 3179 1573 3236 duobus
1597 3178 1957 3249 sequentibus
1988 3174 2181 3232 diebus
2211 3173 2406 3230 Missas
2444 3173 2700 3229 facimus.

319 3282 377 3338 8.
405 3279 704 3337 Sabbatum
731 3293 968 3350 sequens
1007 3279 1172 3335 missa
1216 3286 1386 3333 caret.

320 3375 381 3434 9.
414 3375 474 3433 in
502 3377 609 3434 hoc
637 3375 880 3432 Sabbato
902 3375 1260 3431 Dominicalia
1289 3373 1530 3444 capitula
1559 3380 1834 3428 mutamus
1862 3370 1931 3426 ad
1961 3383 2242 3441 vesperas.

318 3469 414 3526 10.
439 3469 775 3541 Capitulum,
807 3471 1054 3538 Domine,
1080 3469 1326 3525 miserere
1358 3443 1559 3537 nostri,
1587 3469 1642 3523 in
1691 3466 2120 3539 Quadragesima
2164 3473 2219 3523 et
2247 3464 2303 3521 in
2335 3457 2836 3518 Adventu'festivis
2864 3455 3056 3512 diebus
3085 3453 3153 3510 ad
3191 3451 3423 3526 primam
3449 3443 3532 3503 di-

246 3567 455 3623 cimus.
3109 3595 3112 3598 ~

263 3696 266 3698 η
318 3658 413 3714 11.
440 3660 485 3715 Δ
511 3663 767 3734 sequenti
795 3665 1032 3721 secutula
1060 3663 1197 3720 feria
1222 3677 1397 3735 usque
1423 3662 1493 3720 ad
1536 3662 1761 3720 Coenam
1800 3660 2017 3718 Domini
2047 3669 2254 3732 septem
2289 3658 2532 3732 psalmos
2572 3669 2698 3712 eum
2727 3651 2913 3708 Iitania
2937 3655 3060 3724 post
3080 3644 3313 3720 primam
3344 3638 3397 3694 in
3423 3632 3537 3692 ce!-

247 3753 378 3810 lulis
414 3759 684 3830 quotidie,
715 3761 962 3834 exceptis
985 3759 1272 3818 duodecim
1301 3760 1598 3818 lectionum
1627 3759 1804 3828 festis,
1841 3759 2197 3817 exsolvimus.

1591 3903 2176 3966 COMMENTARIUM.

247 4035 1008 4104 conventuales'missas,‘sed
1052 4039 1119 4093 ad
1145 4037 1399 4109 ,privatas
1439 4044 1646 4092 tantum
1677 4035 1834 4106 perti-
1871 4047 1922 4103 Α
1952 4042 2036 4090 ter
2071 4032 2244 4089 ollieia
2273 4032 2455 4088 divma
2500 4026 2871 4101 singularibus
2901 4023 3093 4081 diebus
3130 4018 3404 4091 assignata
3451 4027 3542 4072 re-

249 4128 442 4183 nuisse
472 4137 745 4198 putamus,
779 4143 900 4198 qua:
930 4143 961 4183 a
1011 4128 1293 4184 monachis
1326 4126 1701 4184 sacerdotibus
1729 4133 1842 4182 sta-
1947 4125 2222 4183 censetur.

249 4219 384 4274 tutis
417 4227 630 4274 tantum
660 4220 849 4276 diebus
883 4219 1320 4277 celebrabantur.
1345 4219 1540 4276 Totum
1561 4233 1692 4291 ergo
1740 4218 1844 4274 boc
2017 4217 2145 4274 Car.
2169 4217 2259 4272 IV.
2281 4247 2352 4257 —
2372 4215 2579 4271 Testus
2603 4212 2786 4284 'lmjus
2831 4206 3055 4282 capituli
3103 4219 3280 4277 usque
3327 4203 3394 4259 ad
3445 4201 3541 4256 illa

247 4311 547 4381 capitulum
579 4311 681 4368 fuit
707 4312 763 4369 in
789 4314 1009 4384 antiqua
1047 4322 1249 4368 statuta
1279 4311 1630 4370 transfusum.
1944 4310 2135 4373 verba,
2168 4305 2454 4362 Sabbatum
2495 4321 2736 4377 sequens,
2761 4313 2897 4367 etc.,
2928 4302 2997 4356 de
3021 4298 3193 4354 verbo
3215 4297 3283 4351 ad
3313 4295 3539 4348 verbum

320 4422 451 4479 Car.
479 4422 566 4479 lll.
591 4454 663 4464 —
689 4423 827 4478 Item
865 4423 1003 4479 unde
1023 4441 1205 4494 supra.
1226 4421 1282 4479 Id
1309 4433 1390 4480 est
1421 4425 1488 4481 de
1509 4393 1700 4480 eadem
1730 4437 1846 4478 ma-

1985 4399 2185 4456 efertur
2217 4414 2336 4470 cap.
2382 4398 2416 4452 5
2454 4400 2659 4468 primae,
2693 4395 2866 4466 partis
2929 4392 3102 4462 antiq.
3149 4388 3535 4494 Statutornmn.

253 4501 414 4580 teria,
449 4516 516 4571 de
543 4531 649 4586 qua
666 4513 784 4585 jam
814 4515 1068 4586 superius
1098 4523 1279 4571 actum
1310 4523 1416 4573 est.

1990 4531 2006 4547 .
2033 4490 2140 4558 56;
2179 4506 2299 4560 cap.
2353 4489 2407 4554 7,
2440 4506 2494 4543 n.
2543 4490 2775 4558 l;_cap_.
2823 4485 2878 4550 9,
2911 4483 3022 4539 u.l
3057 4490 3115 4536 et
3149 4480 3218 4546 2;
3271 4493 3394 4548 cap.
3443 4474 3534 4541 10,

1948 4601 2044 4640 nn.
2068 4585 2122 4648 1,
2153 4583 2211 4649 2,
2242 4585 2277 4638 '5
2303 4591 2358 4637 et
2393 4581 2447 4635 4.

2017 4674 2181 4729 Num.
2227 4673 2280 4729 5.
2313 4671 2529 4727 Sectam
2569 4670 2876 4724 et'rmissam
2913 4677 2960 4723 et
3001 4679 3216 4720 nonam.
3244 4661 3345 4717 Hic
3373 4659 3542 4714 etiam

1950 4765 2018 4822 de
2042 4765 2210 4821 missa
2231 4763 2390 4835 quasi
2423 4761 2673 4817 ordinate
2711 4759 3034 4817 celebranda
3063 4757 3122 4810 tit
3152 4752 3376 4809 mentio.

2020 4856 2183 4912 Num.
2208 4855 2264 4910 8.
2294 4853 2582 4912 Sabbatum
2612 4869 2830 4925 sequens
2853 4853 3016 4906 missa
3044 4856 3206 4903 caret.
3237 4845 3539 4901 Hic‘autem

1951 4949 2104 5006 locus
2145 4947 2228 5004 sic
2260 4946 2837 5018 exprimiturtrpart”
2887 4957 3008 5013 cap.
3052 4942 3140 5006 ll,
3167 4957 3224 4995 n.
3270 4940 3326 5006 1,
3364 4936 3537 5005 antiq.

1952 5041 2159 5098 Statut.
2208 5039 2378 5095 Missa
2417 5039 2632 5110 propria
2671 5048 2836 5104 caret,
2889 5046 2937 5092 et
2977 5044 3226 5090 cantatur
3274 5032 3436 5086 missa
3477 5029 3543 5083 de

325 5112 525 5170 Totum
565 5128 704 5190 ergo
736 5113 1032 5185 capitulum
1077 5115 1219 5170 istud
1244 5113 1349 5170 fuit
1377 5113 1432 5170 in
1478 5121 1682 5171 statuta
1710 5113 1847 5170 anti-

1985 5130 2020 5185 l.
2053 5129 2238 5185 Maria
2271 5129 2333 5184 in
2377 5129 2669 5194 concentui;
2705 5127 2907 5198 quibus
2934 5125 3116 5180 verbis
3151 5137 3351 5178 sensus
3375 5118 3445 5174 Β.
3477 5117 3542 5173 P.

254 5221 362 5278 qua
398 5207 775 5272 transfusum,
803 5215 861 5261 et
893 5207 1084 5261 eadem
1133 5221 1362 5276 prorsus
1397 5222 1543 5262 nunc
1587 5207 1847 5263 observa-

1985 5222 2215 5293 inigoiiis
2241 5219 2448 5277 clarius
2494 5219 2824 5290 exprimitur
2859 5217 3006 5275 circa
3054 5216 3276 5272 missam
3303 5215 3370 5268 de
3403 5209 3541 5281 jeju-

255 5310 382 5350 mus
403 5335 419 5360 ,
452 5304 682 5364 excepta
707 5294 1038 5350 dormitione
1061 5294 1278 5362 diurna,
1306 5309 1429 5365 quas
1446 5303 1544 5354 ,est
1565 5295 1847 5366 abrogata.

1985 5315 2073 5380 tio,
2103 5329 2228 5385 qua:
2256 5314 2426 5370 etiam
2469 5327 2613 5369 nunc
2636 5315 2796 5368 vacat
2818 5312 2872 5367 in
2906 5311 3108 5367 nostris
3133 5306 3458 5370 Missalibus,
3486 5311 3544 5356 et

329 5383 495 5438 Num.
521 5383 586 5437 1..
606 5383 676 5438 In
697 5399 872 5438 mense
892 5383 1086 5453 primo,
1122 5393 1230 5441 etc.
1258 5383 1398 5440 Hine
1423 5385 1690 5457 probatur
1711 5387 1847 5455 quod

1985 5383 2257 5464 :elebratio
2281 5405 2464 5463 missae
2487 5405 2556 5461 de
2575 5405 2735 5462 beata
2762 5403 2930 5461 Maria
2958 5401 3204 5474 Virgine,
3220 5399 3326 5465 diei
3351 5397 3424 5453 illi
3450 5407 3545 5450 ἐιε-

259 5476 468 5571 mensis
525 5475 763 5571 Martius
811 5485 954 5571 tunc
984 5476 1163 5571 adhuc
1207 5477 1419 5571 primus
1450 5479 1846 5548 reputabatur,
1963 5501 2232 5571 signatur,

259 5585 387 5624 nam
425 5569 482 5624 in
519 5577 708 5625 mense
750 5568 856 5624 isto
881 5566 1088 5639 jejunia
1129 5569 1453 5642 temporalia
1491 5571 1855 5628 communiter
2015 5566 2188 5645 'Num,
2213 5588 2268 5647 9_
2295 5588 2363 5645 1,.
2403 5586 2790 5655 hoc-suun“,
2821 5601 2994 5659 usque
3034 5585 3103 5640 ad
3147 5585 3265 5638 haec
3302 5579 3464 5635 verba
3497 5577 3542 5632 si

260 5665 582 5714 οοευτηιηι·
1959 5685 2314 5740 sacerdotum.
2344 5682 2490 5738 Idem
2524 5690 2710 5738 textus
2736 5679 2974 5736 refertur
3009 5679 3076 5732 de
3111 5676 3277 5732 verbo
3301 5673 3369 5729 ad
3415 5687 3542 5726 ver-

332 5770 498 5825 Num.
527 5771 594 5825 2..
615 5770 836 5826 Missam
878 5771 1223 5827 celebramus.
1260 5772 1402 5828 Ecce
1452 5773 1544 5829 hic
1587 5774 1763 5829 adhuc
1794 5773 1856 5829 fit
1962 5779 2093 5832 bum
2113 5791 2234 5849 cap.
2266 5777 2328 5832 11
2370 5775 2562 5848 prima:
2591 5772 2767 5846 partis
2791 5779 2906 5827 ant.
2939 5768 3167 5837 Statut.,
3197 5783 3288 5822 nu.
3332 5765 3390 5836 2,
3422 5763 3477 5831 3,
3505 5762 3546 5820 5

261 5863 447 5921 missa:
495 5864 712 5926 mentio,
747 5878 868 5936 qua:
905 5864 1268 5921 communiter
1294 5864 1628 5939 celebratur,
1661 5873 1717 5922 et
1757 5865 1843 5923 iu-
1954 5876 2007 5924 et
2041 5867 2126 5923 l0.

325 4629 533 4687 Tcxtus
561 4631 723 4701 hujus
751 4629 984 4702 Capituli
1028 4630 1300 4702 reperitur
1321 4629 1390 4686 de
1414 4629 1582 4686 verbo
1610 4628 1680 4683 ad
1723 4642 1846 4682 ver-

247 4722 384 4778 bum
419 4723 624 4778 relatus
645 4737 767 4794 cap.
805 4721 858 4785 5,
895 4737 912 4776 ι
941 4731 1082 4792 part.
1119 4720 1294 4791 antiq.
1328 4718 1556 4787 Statut.,
1588 4734 1742 4774 num.
1769 4718 1844 4785 8;

251 4832 378 4888 cap.
413 4818 498 4882 11,
529 4831 547 4871 ι
578 4825 747 4888 part.,
790 4832 941 4871 num.
975 4816 1065 4883 10,
1091 4830 1212 4886 cap.
1258 4816 1348 4882 19,
1391 4815 1633 4888 ejusdem
1679 4815 1850 4888 partis

251 4925 409 4964 num.
445 4908 498 4976 7,
567 4919 625 4964 et
667 4922 790 4978 cap.
819 4908 916 4975 27,
945 4924 1097 4978 num.
1144 4907 1201 4964 5.
1247 4907 1326 4965 De
1360 4909 1674 4965 dormitione
1705 4909 1848 4965 idem

251 5001 498 5058 refertur
522 5014 643 5071 cap.
678 5000 748 5055 ’54
770 4999 1014 5071 ejusdem
1039 4999 1235 5072 partis.
