3900 6296
3345 271 3374 288 ,—

470 313 570 371 613
1316 312 1639 370 GUIGONIS
1679 313 1697 369 l
1733 313 1817 370 CA
1827 312 1968 371 RTH
1979 316 2010 374 Ε

2149 316 2157 372 ἒ
2202 317 2494 378 MAJOIHS
2533 322 2806 383 PRIOIHS
2848 329 2887 385 ν
3127 365 3131 368 <
3608 352 3689 408 6η

540 430 630 486 η.
669 425 882 497 Nonum
908 430 1213 500 etmissam
1243 443 1367 484 cum
1399 429 1720 498 praefatione
1749 430 1816 484 de
1861 429 2290 504 Quadragesima
2346 445 2401 493 et
2435 453 2694 510 vesperas
2738 442 2885 498 omni
2910 443 2997 499 die
3027 445 3078 500 in
3118 449 3349 505 ccc.esia
3374 464 3688 531 cantamus,si

469 526 816 586 sacerdotum
853 526 994 582 adsit
1025 527 1201 598 capia,
1234 523 1320 578 vel
1343 525 1434 594 qui
1485 524 1686 580 adsunt
1728 524 1910 596 aliqua
1936 528 2246 586 rationabili
2278 547 2386 587 non
2422 532 2792 604 impediantur
2819 539 2885 594 de
2915 555 3100 597 causa.

483 632 495 644 ‘
539 627 628 684 15.
663 626 951 682 Dominica
1003 625 1069 678 de
1114 622 1371 679 Passione
1420 621 1656 692 capitula
1707 631 2007 692 mutamus,
2038 637 2302 684 consueta
2357 629 2620 704 suﬂ'ragia
2669 649 2844 705 usque
2895 637 2962 692 ad
3011 641 3306 698 secundam
3353 658 3467 714 post
3509 661 3690 716 octava.

467 710 688 776 Pascha:
738 718 929 774 feriam
964 717 1402 782 intermittimus;
1439 733 1467 771 a
1495 733 1604 787 quo
1633 719 1721 774 die
1766 735 1940 795 usque
1969 722 2039 780 ad
2080 722 2307 796 Coenam
2336 723 2629 784 Jeremiam
2669 731 2870 802 partim
2906 733 2960 788 in
3011 735 3266 807 ecclesia,
3293 749 3500 814 partim
3541 752 3588 811 in
3627 772 3691 812 re,

465 816 714 882 fectorio,
741 824 966 885 propter
998 812 1236 867 noctium
1268 811 1601 880 brevitatem
1625 813 1874 885 legimus.
1909 817 1964 872 ln
1996 834 2104 889 quo
2134 822 2394 892 temporis
2419 824 2616 893 Spatio,
2651 827 2754 882 nisi
2784 827 3072 886 duodecim
3107 811 3400 893 lectionum
3427 811 3690 902 solemnitas

467 912 704 976 intersit,
742 913 810 965 ad
845 909 1212 964 invitatorium
1239 920 1291 962 et
1324 910 1390 964 ad
1419 909 1785 980 Responsoria
1815 922 1870 968 et
1900 915 1968 970 ad
2003 916 2287 973 introitum
2327 919 2570 976 Gloriam
2596 939 2702 978 non
2740 925 2990 983 dicimus.
3279 933 3284 938 '

541 1004 630 1058 14.
665 1002 742 1056 De
776 999 914 1054 festo
953 999 1113 1052 trium
1153 997 1447 1070 lectionum
1485 1006 2063 1080 commemorationem
2101 1016 2311 1065 tantum
2344 1010 2598 1072 facimus.

540 1098 630 1156 15.
663 1096 904 1152 Sabbato
925 1094 1065 1164 quod
1092 1093 1386 1150 Dominica:
1416 1095 1726 1152 Palmarum
1748 1096 2021 1172 jungitur,
2055 1103 2275 1175 missam
2306 1121 2414 1162 non
2445 1108 2698 1165 dicimus.
2823 1176 2838 1189 .

541 1197 628 1249 ili.
657 1194 735 1246 Ad
768 1205 1028 1260 vesperas
1068 1191 1386 1260 capitulum,
1418 1193 1535 1247 Iloc
1568 1197 1778 1261 sentite,
1813 1199 2246 1268 responsorium,
2274 1199 2498 1260 Fratres
2531 1207 2654 1271 mei,
2700 1222 2872 1278 usque
2901 1210 2968 1265 ad
2995 1211 3246 1272 Cmam.

535 1289 620 1342 l7.
649 1286 931 1340 Dominica
979 1287 1033 1342 in
1068 1287 1272 1344 Palmis
1323 1299 1540 1346 cantata
1565 1293 1754 1360 tertia,
1790 1304 1846 1350 et
1880 1296 2068 1352 induto
2101 1299 2282 1353 casula
2315 1303 2624 1366 sacerdote,
2657 1315 2776 1372 post
2804 1307 3208 1367 confessionem
3237 1316 3378 1370 rami
3406 1318 3690 1379 benedicun-

464 1393 569 1450 tur,
618 1385 934 1454 aspersique
965 1399 1105 1454 aqua
1160 1385 1444 1442 benedicta
1476 1390 1730 1446 omnibus
1759 1407 1789 1446 a
1824 1393 2111 1448 sacerdote
2163 1398 2483 1463 traduntur;
2517 1409 2573 1453 et
2608 1400 2824 1457 interim
2862 1414 3118 1462 cantatur
3145 1409 3472 1480 antipbona,
3500 1415 3695 1490 Collega-

461 1487 617 1540 runt;
646 1477 895 1547 sequitur
926 1477 1186 1533 Dominus
1216 1481 1478 1536 vobiscum
1503 1493 1559 1538 et
1587 1485 1763 1540 oratio
1801 1487 1903 1542 ista
1937 1505 1951 1542 :
1979 1488 2329 1560 Omnipotens
2381 1496 2694 1563 sempiterna
2720 1496 2885 1554 Deus.

534 1576 624 1630 18.
654 1575 711 1630 Si
745 1575 1112 1631 Annuntiatio
1139 1577 1221 1631 vel
1255 1577 1524 1636 festivitas
1555 1583 1725 1637 sancti
1757 1581 2037 1641 Benedicti
2080 1599 2330 1656 quartam
2355 1589 2518 1662 hujus
2555 1591 2914 1651 hebdomadas
2942 1598 3263 1656 transierint
3295 1599 3506 1670 feriam,
3529 1607 3692 1664 nullam

460 1677 649 1738 postea
677 1669 745 1725 de
779 1670 914 1739 ipsis
938 1673 1172 1730 facimus
1215 1676 1567 1734 mentionem.
3085 1692 3087 1694 ’
3303 1707 3306 1709 ‘

518 1764 626 1819 19.
658 1765 715 1818 lu
747 1763 915 1820 Omna
959 1765 1157 1823 festum
1183 1768 1435 1836 facimus,
1471 1789 1664 1830 novem
1693 1777 1837 1833 sicut
1879 1778 2066 1836 clerici
2103 1779 2432 1838 lectionibus
2459 1785 2726 1852 contenti,
2758 1791 2827 1842 ad
2870 1785 3188 1846 Benedictus
3219 1803 3497 1847 mmmam
3523 1795 3692 1850 exstin-

462 1860 704 1928 guimus,
735 1861 992 1918 Ecclesiae
1021 1881 1225 1921 morem
1257 1869 1460 1924 tantilla
1495 1887 1561 1926 ex
1598 1882 1753 1942 parte
1782 1875 2082 1933 imitantes.

531 1955 622 2010 20.
653 1957 736 2010 Ad
768 1959 1004 2026 primam
1041 1963 1418 2031 convenimus,
1448 1975 1572 2038 post
1600 1970 1895 2038 capitulum
1934 1973 2150 2028 tertiam
2195 1974 2251 2029 in
2290 1976 2442 2032 cellis
2471 1977 2704 2035 dicimus
2727 2018 2742 2044 ,
2793 1989 2850 2035 et
2898 1982 3196 2040 munditias
3243 1983 3445 2054 singuli
3480 1983 3691 2041 facimus.

457 2055 666 2100 sextam
696 2064 910 2119 quoque
941 2053 1142 2121 ibidem
1170 2068 1477 2126 cantantes,
1503 2078 1702 2118 nonam
1727 2066 1800 2125 Iet
1829 2066 2050 2123 missam
2076 2077 2131 2124 et
2153 2085 2410 2140 vesperas
2447 2073 2501 2128 in
2535 2074 2767 2131 ecclesia
2799 2075 3163 2134 celebramus.

526 2144 616 2200 2|.
649 2147 703 2200 lu
735 2147 922 2215 missa,
954 2151 1133 2207 hostia
1164 2153 1433 2212 Dominici
1464 2161 1714 2229 corporis
1751 2161 1966 2232 integra
1998 2165 2050 2218 in
2079 2164 2386 2222 Parasceve
2415 2182 2447 2222 a
2483 2171 2768 2227 sacerdote
2801 2173 3061 2229 sumenda
3105 2186 3375 2230 servatur.

524 2241 619 2298 22.
645 2245 774 2300 Post
795 2245 1148 2304 refectionem
1210 2265 1422 2321 omnes,
1457 2255 1510 2310 in
1551 2265 1813 2326 quantum
1862 2260 2121 2329 possibile
2155 2270 2272 2328 est,
2312 2265 2566 2322 monachi
2606 2275 2663 2322 et
2689 2265 2816 2322 laici
2863 2269 2931 2324 ad
2979 2268 3298 2324 mandatum
3336 2267 3694 2338 iu‘capitulum

459 2339 844 2408 convenimus,
875 2343 1060 2416 ibique
1090 2348 1256 2418 pedes
1288 2352 1502 2408 cunctis
1533 2368 1561 2408 a
1593 2355 1774 2424 priore
1802 2357 1889 2413 vel
1917 2358 2004 2414 cui
2050 2361 2158 2416 hoc
2198 2362 2314 2432 ipse
2342 2361 2659 2432 injunxerit,
2685 2365 2897 2436 ipsique
2925 2366 2994 2421 ab
3017 2381 3082 2422 eo
3117 2365 3211 2437 qui
3242 2366 3395 2437 prior
3419 2374 3501 2422 est
3539 2369 3696 2423 ordine

458 2433 778 2506 abluuntur,
801 2443 1119 2514 terguntur,
1147 2448 1484 2517 osculantur,
1518 2452 1732 2508 caeteris
1771 2458 2045 2525 congruas
2091 2457 2421 2528 antiphonas
2467 2433 2825 2516 canentibus.
2859 2460 3068 2517 Dehinc
3108 2433 3294 2532 priore
3318 2471 3517 2528 aquam
3552 2457 3698 2514 infun-

455 2529 639 2597 dente,
667 2533 792 2591 lotis
818 2540 1058 2596 omnium
1095 2544 1362 2610 manibus,
1396 2562 1622 2605 accensa
1650 2551 1874 2608 candela
1904 2554 2247 2626 evangelium
2291 2556 2510 2629 legitur,
2539 2559 2811 2616 stantibus
2852 2559 3064 2616 cunctis
3092 2573 3266 2631 usque
3293 2561 3362 2616 ad
3389 2558 3465 2625 id,
3493 2557 3610 2613 Cum
3633 2573 3699 2611 re-

457 2627 723 2686 cubuisset
750 2633 964 2691 iterum.

514 2728 625 2784 85.
656 2731 694 2784 Α
724 2731 976 2802 (ιυσιοοο
1016 2741 1266 2795 eamdem
1303 2741 1596 2799 lectionem
1635 2746 2188 2818 sedentes'audimus,
2227 2767 2402 2823 usque
2439 2753 2565 2808 dum
2614 2754 2850 2819 dicatur,
2885 2764 3100 2824 uurgrte
3123 2795 3138 2822 ,
3179 2769 3364 2809 eamus
3405 2753 3540 2808 hinc.
3575 2751 3699 2808 Tunc

455 2829 625 2892 enim,
667 2833 1004 2899 praecedente
1052 2835 1299 2902 diacono,
1371 2840 1424 2896 in
1471 2841 1819 2899 refectorium
1861 2849 2157 2918 pergimus,
2214 2851 2357 2920 quod
2421 2859 2670 2920 superest
2717 2851 2969 2906 lectionis
3029 2851 3282 2909 sedentes
3327 2853 3581 2916 audituri;
3614 2865 3698 2928 qua

461 2924 618 2982 finita
650 2928 836 2984 viuum
865 2945 892 2985 a
923 2932 1192 2990 ministris
1226 2937 1515 3008 apponitur
1544 2941 1796 3012 singulis.
1829 2943 2081 3015 Dutaque'
2121 2961 2152 3001 a
2200 2947 2482 3003 sacerdote
2524 2948 2924 3010 benedictione.
2953 2947 3190 3004 bibimus
3217 2955 3274 3005 et
3314 2946 3544 3002 abimus.
3591 2925 3698 2998 Post

452 3031 575 3087 qua:
603 3022 841 3078 nudatur
874 3027 1066 3084 altare.
1695 3054 1698 3056 '

525 3114 617 3169 24.
653 3117 762 3175 llac
805 3122 893 3178 die
919 3133 1040 3194 post
1081 3129 1395 3198 prandium,
1428 3129 1546 3188 swe'
1570 3143 1691 3204 post
1724 3138 2061 3202 mamlatum,
2116 3138 2346 3194 duorum
2381 3139 2723 3207 sequentium
2769 3137 3031 3195 lectiones
3069 3135 3141 3196 et
3169 3134 3518 3209 responsoris
3541 3130 3700 3204 prefi-

455 3206 584 3262 deut
614 3210 831 3283 fratres,
859 3225 1118 3292 tanquam
1153 3240 1326 3296 usque
1350 3226 1418 3282 ad
1449 3228 1756 3287 Sabbatum
1789 3243 1911 3304 post
1949 3234 2326 3304 refeCtionem,
2357 3237 2424 3292 ad
2459 3237 2760 3294 claustrum
2797 3251 2904 3292 non
2943 3235 3242 3292 reversuri.

1830 3329 2413 3389 COMMENTARIUM.

470 3425 475 3430 -
523 3398 683 3454 Num.
723 3403 812 3460 η.
846 3405 908 3462 Si
931 3410 1261 3467 sacerdotum
1285 3413 1423 3470 adsit
1454 3420 1725 3488 copia,ch
1739 3423 1830 3493 qui
1851 3425 2044 3478 adsunt
2071 3429 2119 3488 Α
2150 3425 2470 3480 brevitatem
2519 3423 2950 3489 ordinabantur,
3006 3431 3061 3478 et
3107 3420 3376 3476 lectiones
3417 3417 3700 3518 longiores.

470 3490 633 3518 ἠ’-Μ
674 3496 978 3518 unum”,
1027 3517 1031 3518 ί
1171 3507 1180 3516 _
1325 3508 1357 3518 __
1585 3511 1597 3518 _
1919 3515 1958 3518 Α,
2215 3517 2224 3518 ,
2274 3517 2280 3518 ,
2409 3516 2418 3518 Α
2593 3515 2609 3518 -
2654 3517 2662 3518 ,
2829 3516 2839 3518 _
3109 3513 3121 3518 _
3165 3513 3177 3518 _
3303 3511 3316 3518 _
3594 3515 3602 3518 _

445 3490 634 3561 aliqua
674 3496 978 3553 rationabili
1021 3517 1123 3557 non
1164 3507 1522 3576 impediantur
1562 3511 1626 3564 de
1681 3490 1864 3570 causa.
1917 3515 2042 3573 [hec
2145 3517 2228 3571 vel
2273 3516 2552 3572 breviores
2582 3515 2783 3572 fiebant
2826 3516 2878 3570 in
2930 3513 3251 3577 matutinis,
3296 3511 3450 3580 juxta
3493 3506 3702 3608 noctium

454 3583 616 3608 ..Α-ι.-
649 3588 773 3608 '_-_
837 3603 923 3608 --μ
946 3605 958 3608 -
999 3592 1013 3605 ο
1097 3603 1109 3608 -
1225 3597 1238 3608 .
1421 3601 1433 3608 .
1517 3602 1530 3608 -
1776 3607 1784 3608 ,
1913 3607 1916 3608 ,
2529 3607 2532 3608 ,
2598 3607 2604 3608 ,
2938 3603 2951 3608 _
2979 3604 2991 3608 -
3073 3603 3087 3608 -
3152 3601 3174 3608 Α
3283 3599 3313 3608 Α
3417 3600 3429 3608 .
3668 3607 3672 3608 ,

454 3583 618 3639 verba
649 3588 778 3643 "non
836 3592 1183 3660 reperiuntur
1223 3597 1279 3652 in
1323 3601 1560 3672 antiquis
1599 3607 1818 3662 'statutis
1841 3607 2040 3675 relata,
2143 3608 2480 3679 qualitatem.
2509 3607 2702 3678 Agitur
2729 3615 2913 3662 autem
2938 3603 3029 3660 hic
3055 3603 3122 3660 de
3145 3601 3252 3658 line
3275 3596 3698 3669 Quadragesim‘m.

455 3689 524 3728 ex
554 3677 751 3747 quibus
777 3689 833 3735 et
860 3684 1178 3743 conditione
1223 3693 1467 3760 apposita
1500 3695 1772 3766 colligitur
1811 3699 1956 3768 quod
1994 3702 2039 3756 si
2143 3677 2251 3766 quo
2295 3705 2542 3768 tempore
2567 3677 2806 3752 constat
2848 3694 2966 3753 dies
3007 3692 3124 3748 ﬁeri
3155 3690 3431 3762 longiores
3465 3696 3518 3742 et
3543 3692 3700 3742 nocte!

452 3780 645 3825 omnes
693 3773 950 3828 monachi
991 3783 1235 3848 tempore
1265 3779 1332 3836 Β.
1360 3781 1420 3838 Ρ.
1452 3784 1716 3856 Guigouis
1742 3789 1810 3846 ad
1859 3804 2043 3858 saccr-
2143 3787 2442 3842 breviores.
2475 3787 2550 3842 De
2590 3786 2710 3842 istis
2735 3782 2936 3857 vigiliis
2968 3781 3108 3837 infra
3138 3789 3333 3852 agetur
3357 3793 3456 3834 suo
3482 3777 3609 3831 loco.

451 3859 660 3916 dolium
685 3866 924 3922 nondum
950 3880 1133 3926 essent
1155 3876 1410 3944 promoti,
1440 3878 1622 3949 plures
1647 3889 1824 3938 tamen
1861 3894 2039 3951 erant,
2213 3877 2372 3932 Num.
2407 3876 2495 3933 19.
2528 3873 2749 3931 Novem.
2771 3911 2785 3930 .
2807 3913 2824 3929 .
2863 3869 3455 3973 lectionibusncontenti.
3484 3865 3700 3973 liis'vel':

452 3968 509 4015 et
535 3975 732 4019 omnes
759 3967 828 4020 ad
878 3967 1198 4026 clericatum
1228 3971 1429 4036 idonei,
1457 3980 1516 4030 "ut
1544 3988 1611 4030 ex
1652 3989 1774 4046 cap.
1803 3976 1873 4030 73
1908 3977 2040 4033 ista—
2141 3969 2228 4025 bis
2265 3968 2386 4024 νυιῑ
2425 3967 2755 4068 exprimere.
2784 3965 2872 4068 bis
2903 3970 3111 4068 tantum
3155 3959 3362 4068 diebus.
3400 3959 3698 4068 austeriolsf

452 4064 574 4105 rum
600 4052 1063 4115 Consuetudinum
1103 4063 1330 4131 patebit.
1358 4064 1436 4119 Ex
1463 4067 1923 4136 praetermissione
1942 4083 1992 4124 at

2157 4061 2356 4133 vigilias
2389 4076 2422 4116 a
2447 4061 2606 4117 nobis
2635 4058 2912 4130 paululum
2941 4055 3202 4121 relaxari,
3332 4051 3625 4158 lampadem
3643 4046 3697 4158 ad

453 4147 564 4196 tem
615 4145 905 4202 verborum
963 4149 1228 4219 istorum,
1268 4153 1339 4208 in
1365 4156 1628 4226 antiquis
1670 4159 1890 4213 statutis
1932 4145 2062 4214 non.
2142 4153 2458 4210 Benedictus
2481 4151 2794 4222 exstingui;
2826 4148 3216 4249 sicquetribus
3239 4144 3347 4249 illis
3375 4143 3702 4249 diebus,

454 4232 774 4302 relatorum,
803 4238 855 4292 id
901 4248 1111 4296 tantum
1163 4243 1440 4316 colligitur
1466 4249 1608 4317 quod
1655 4256 1906 4322 [empore
1931 4265 2040 4322 quo
2142 4253 2271 4300 sunt
2297 4242 2504 4298 tantilla
2525 4257 2651 4313 pars
2671 4249 2921 4314 respectu
2939 4239 3111 4296 totius
3135 4238 3517 4304 anni,nostras
3547 4240 3701 4287 matu-

450 4333 656 4382 statuta
684 4331 906 4400 antiqua
933 4333 1148 4390 condita
1172 4335 1414 4405 fuerunt,
1441 4340 1582 4409 apud
1609 4355 1709 4396 nos
1730 4344 2042 4399 sacerdotes
2144 4336 2285 4390 “MS
2312 4333 2569 4413 Εοειεδίω
2604 4331 2723 4388 "Sili
2743 4328 3223 4434 .essefonfﬂfnef-
3381 4421 3398 4434 Δ
3507 4417 3541 4434 μ

451 4418 650 4488 sapius
681 4421 1033 4480 celebrabant
1057 4441 1218 4495 quam
1245 4437 1485 4500 tempore
1523 4430 1590 4484 Β.
1627 4430 1690 4486 Ρ.
1741 4433 1991 4504 Guigonis

2214 4426 2372 4482 Num.
2403 4427 2493 4482 20.
2524 4425 2817 4480 Munditias
2846 4421 3041 4494 singuli
3077 4421 3330 4492 facimus.
3369 4421 3410 4475 Α
3445 4417 3570 4474 solis
3595 4415 3701 4470 Car-

453 4511 596 4566 unde
620 4513 984 4570 conditionem
1008 4516 1154 4572 illam
1180 4534 1383 4589 ponere
1406 4520 1519 4589 jam
1549 4523 1666 4580 fere
1708 4525 1993 4594 superflqu

2167 4517 2410 4574 husianis
2435 4517 2488 4573 id
2527 4525 2705 4588 potest
2753 4513 3002 4586 intelligi,
3048 4523 3104 4571 et
3147 4512 3419 4585 signiﬁcat
3447 4518 3700 4614 consuetu-

451 4618 572 4661 esse
598 4607 774 4661 visum
803 4608 924 4663 fuit.
943 4609 1017 4664 De
1041 4626 1204 4667 causa
1229 4611 1655 4670 illa'rationabili
1689 4615 1991 4688 impedituet

2165 4610 2322 4665 linem
2358 4623 2479 4679 qua:
2505 4608 2785 4677 hucusque
2815 4605 2868 4660 in
2890 4604 3081 4661 ordine
3104 4610 3427 4658 conservata
3449 4610 3532 4657 est
3559 4600 3608 4654 in
3634 4598 3705 4652 die

452 4704 565 4750 tum
605 4696 866 4755 afferente
893 4715 994 4756 suo
1019 4701 1136 4759 loco
1167 4712 1378 4774 agetur.
1435 4722 1438 4723 ν
2033 4747 2035 4749 ι
2072 4769 2114 4798 D
2141 4701 2324 4758 (ἶαδιιω
2366 4699 2610 4798 ροιηῖηῖι
2641 4709 2701 4753 ιιι
2748 4697 3086 4798 Ρτῖνθῑῖῐηβη
3131 4696 3285 4798 {Quis
3315 4696 3482 4798 Ροάςξ
3509 4691 3706 4798 "Mf"?

466 4813 471 4821 ι
519 4785 726 4842 Caetera
758 4787 951 4846 iisdem
976 4789 1092 4848 fere
1115 4769 1297 4850 verbis
1334 4792 1645 4850 referuntur
1675 4795 1850 4866 prima
1881 4806 2000 4867 part

2201 4809 2265 4848 us
2293 4802 2348 4848 et
2371 4791 2612 4847 lavemus
2634 4799 2922 4860 antequam
2953 4789 3019 4843 ad
3047 4787 3366 4858 capitulum,
3391 4784 3480 4840 ubi
3500 4801 3527 4838 a
3549 4783 3706 4886 priore

448 4877 654 4934 statur.
699 4881 910 4942 auria”
958 4897 1077 4955 cap,
1119 4884 1484 4953 11,12,43,
1523 4886 1626 4955 14,
1669 4886 1738 4942 15
1831 4889 1922 4953 17,
1966 4887 2034 4945 18
2143 4883 2310 4938 lavari
2368 4882 2588 4948 debent,
2626 4879 2932 4935 veniamus.
2983 4877 3036 4933 ld
3076 4875 3332 4932 vocat'R.
3366 4875 3530 4931 Pater
3557 4873 3707 4944 Guigo

443 4981 496 5026 et
541 4971 625 5028 19.
2145 4974 2427 5032 munditias
2461 4973 2652 5045 facere.
2770 4994 2772 4997 ·
3086 5061 3118 5073 η
3279 5060 3292 5073 ⁸
3374 5059 3388 5073 .

517 5064 680 5119 Num.
712 5067 800 5122 l3.
834 5067 1060 5124 Partim'
1086 5071 1144 5126 in
1183 5071 1439 5140 ecclesia,
1466 5075 1670 5144 partim
1710 5074 1766 5130 in
1813 5075 2032 5144 refecto-

2213 5065 2375 5122 Num.
2404 5065 2499 5120 24.
2537 5062 2654 5117 Hac
2675 5062 2762 5116 die
2789 5070 2905 5132 post
2927 5061 3212 5130 prandium
3244 5059 3406 5130 εἰπέ.
3425 5095 3442 5113 .
3481 5055 3552 5114 ad
3573 5053 3708 5110 clau-

444 5156 544 5210 rio.
603 5157 947 5217 lunoteseere
994 5162 1184 5234 incipit
1233 5179 1396 5233 usus,
1443 5168 1536 5237 qui
1587 5181 1804 5239 semper
1846 5167 1899 5223 in
1949 5183 2040 5225 or-
2140 5168 2308 5214 “Tum
2349 5173 2453 5211 ηοη
2494 5153 2774 5254 reversuri:
2807 5151 2908 5254 Ηίξ
2939 5151 3403 5254 οινξθυῗθῇῖιξάίοξῐ
3445 5163 3597 5254 “Sum
3631 5161 3710 5254 τέ’

443 5247 570 5304 dine
597 5249 800 5318 viguit,
832 5261 892 5307 ut
937 5254 1106 5310 Biblia
1157 5257 1273 5313 sive
1307 5259 1358 5313 in
1406 5258 1671 5326 ecclesia,
1713 5261 1828 5316 sive
1859 5261 1911 5315 in
1952 5275 2038 5315 re-
2140 5247 2556 5312 ευτάιιίοηυιη,
2597 5257 2718 5312 qui?
2759 5241 2815 5297 in
2861 5241 3124 5297 ειῦιιείῗσ
3155 5240 3379 5307 “ﬁliam,
3409 5253 3570 5311 quem
3613 5253 3709 5333 “9"

451 5338 680 5378 [nmini-in
733 5346 850 5378 ciens
882 5343 1230 5378 tundimus.
1262 5348 1491 5378 -:.......I:.
1527 5350 1681 5378 -....:-
1705 5376 1709 5378 .
1729 5365 1791 5378 ..-
1827 5351 2035 5378 an-..“
2138 5341 2296 5378 nlnnn
2323 5337 2581 5378 ριηι-ἰπιίί
2609 5335 2733 5378 nnis:
2767 5349 2857 5378 me
2885 5340 3004 5378 erat
3031 5332 3342 5378 aninmnniu
3371 5342 3430 5378 et
3475 5340 3593 5378 nota
3641 5325 3709 5378 lus

449 5338 702 5407 fectorio,
731 5346 851 5400 sive
881 5343 1232 5418 iu-wlloquio
1261 5348 1493 5420 singulis
1527 5350 1791 5416 aunis,-ex
1825 5351 2036 5422 integro
2138 5341 2296 5412 P'ene
2323 5337 2736 5438 exP'i'ﬂitfllii'a
2767 5349 2857 5438 ftis
2885 5337 3346 5438 eraicommun'is‘
3371 5342 3430 5388 et

447 5431 715 5502 legantur.
1995 5454 1997 5456 ·
2139 5433 2207 5486 ad
2245 5445 2380 5500 quos
2409 5427 2701 5492 scribebat,
2731 5433 2789 5482 et
2809 5424 2938 5480 inde
2968 5423 3143 5528 eluce-t
3175 5423 3415 5528 qualiter
3439 5435 3528 5528 res

519 5522 654 5576 Ibid.
735 5524 966 5596 Propter
1034 5529 1268 5584 noctium
1333 5527 1654 5583 brevitatem.
1741 5527 1894 5596 Quod
1965 5529 2033 5586 de

2161 5523 2433 5593 lliquando
2478 5521 2707 5576 innuero
2763 5518 3057 5574 contentus
3104 5515 3274 5571 fuerit
3327 5517 3397 5571 Β.
3439 5513 3501 5570 Ρ.
3553 5513 3701 5618 Guigo

447 5614 690 5669 noctium
721 5615 989 5674 brevitate
1039 5619 1128 5673 hic
1171 5617 1344 5682 dicit,
1384 5617 1619 5672 refertur
1664 5621 1734 5674 ad
1773 5620 2028 5688 vigilias,
2133 5630 2296 5686 quam
2327 5613 2447 5669 illas
2494 5611 2603 5666 late
2638 5609 2932 5714 explicare.
2985 5608 3701 5714 Puid‘essent‘autemﬂisif

446 5719 568 5774 quae
595 5705 723 5763 olim
755 5707 810 5763 in
848 5709 1042 5766 ordine
1073 5708 1230 5778 juxta
1253 5707 1491 5764 noctium
1525 5707 1913 5779 longitudinem
1938 5725 1986 5768 at

2157 5706 2566 5776 'eeordationes,
2596 5712 2654 5764 et
2684 5701 2961 5776 quomodo
2983 5699 3099 5759 ﬁeri
3130 5699 3417 5768 deberent,
3443 5699 3540 5757 sub
3569 5690 3697 5751 titulo
