3992 6396
159 393 275 448 6ιῦ

133 551 138 578 ,
238 506 340 563 25.
384 504 814 580 Completorium
857 503 1011 580 poste
1038 515 1286 564 sonatur.

239 604 338 660 26.
371 605 427 660 ln
457 605 758 662 Parasceve
793 619 968 678 genua
1006 603 1294 672 ﬂectimus,
1334 602 1587 662 Miserere
1614 608 1741 675 mei,
1775 608 1942 676 Deus,
1970 609 2222 666 dicimus.

237 701 338 757 27.
367 701 628 774 Totisque
651 697 739 760 bis
768 703 945 758 tribus
975 702 1168 758 diebus
1198 717 1390 772 preces
1421 703 1618 773 singuli
1663 705 1866 778 quique
1896 706 1949 762 in
1991 706 2210 762 silentio
2240 707 2471 763 dicimus
2501 708 2554 763 in
2588 710 2842 766 omnibus
2867 712 3042 778 horis,
3068 711 3171 768 hac
3199 730 3301 768 una
3329 731 3453 771 ora-

164 798 325 854 tione
359 799 624 863 contenti,
660 797 896 868 Respice,
945 814 1270 869 qua'sumus,
1313 779 1576 865 Domine
1620 806 1899 871 totumque
1939 800 2054 858 fere
2097 801 2331 858 ollicium
2377 798 2895 874 juxta'clericorum
2946 826 3153 866 morem
3200 816 3453 883 exsequi-

168 905 323 944 mur.
369 890 697 947 Psalterium
743 893 867 950 aliis
910 893 1128 950 omissis
1169 893 1424 965 operibus
1474 896 1919 968 frequentamus;
1958 914 1988 953 a
2025 900 2258 955 sacrista
2304 900 2461 958 laicis
2501 901 2824 972 juvantibus
2869 907 3163 964 mundatur
3200 910 3451 966 ecclesia.

169 987 353 1060 Signo
384 988 665 1061 aliquanto
692 991 900 1047 tardius
927 1006 1090 1062 quam
1122 991 1261 1048 solet
1281 992 1431 1060 dato,
1457 1005 1612 1051 sexta
1643 1005 1698 1051 et
1731 997 2266 1068 nonazcontinuatim
2299 998 2353 1054 in
2384 999 2536 1055 cellis
2564 999 2841 1067 dicuntur,
2873 1011 2925 1057 et
2952 1003 3167 1060 interim
3199 1009 3456 1062 sacerdos

169 1082 450 1148 induitur,
477 1082 711 1152 datoque
750 1083 946 1138 iterum
979 1084 1134 1155 signo
1164 1085 1229 1139 ad
1258 1086 1550 1142 ecclesiam
1592 1089 1982 1146 convenientes
2009 1089 2247 1146 cilicium
2273 1105 2342 1148 ex
2389 1108 2543 1148 more
2578 1094 2935 1151 celebramus.
2977 1096 3241 1155 Praecedit
3270 1100 3453 1167 lectio,

170 1177 431 1248 sequitur
461 1183 668 1232 tractus
702 1188 758 1232 et
785 1178 961 1234 oratio
992 1178 1135 1233 Deus
1181 1198 1212 1234 a
1251 1199 1354 1252 quo
1386 1192 1432 1236 et
1485 1181 1693 1251 ludas;
1729 1185 1994 1244 itemalia
2034 1185 2220 1254 lectio,
2251 1195 2307 1244 et
2337 1197 2568 1255 tractus,
2599 1191 2790 1245 deinde
2817 1192 2996 1260 passio
3041 1197 3244 1265 absque
3279 1196 3458 1252 Domi-

172 1289 278 1327 nus
325 1273 626 1340 vobiscum,
656 1281 780 1347 post
808 1290 974 1344 quam
1010 1275 1328 1344 orationes;
1363 1279 1560 1349 quibus
1599 1280 1770 1337 ﬁnitis
1804 1274 2022 1338 exuitur
2059 1284 2317 1341 sacerdos
2348 1285 2555 1354 casula,
2591 1288 2860 1343 nudamus
2888 1292 3074 1358 pedes,
3111 1291 3459 1363 oblatamque

172 1381 204 1419 a
239 1365 481 1422 diacono
508 1382 728 1424 crucem
769 1371 1158 1428 venerabiliter
1195 1375 1529 1444 osculantur,
1559 1377 1805 1434 dicentes
1854 1381 1997 1434 intra
2035 1395 2135 1435 nos
2170 1380 2368 1451 singuli
2404 1399 2416 1435 :
2446 1381 2746 1437 Adoramus
2778 1393 2846 1449 te,
2879 1381 3084 1442 Christe
3108 1427 3122 1453 ,
3171 1397 3217 1442 et
3249 1387 3460 1441 benedi-

170 1466 349 1518 cimus
387 1465 508 1531 tibi,
536 1466 661 1536 quia
684 1484 777 1536 per
814 1458 1052 1524 sanctam
1082 1487 1288 1526 crucem
1321 1483 1466 1527 luam
1512 1475 1779 1529 redemisti
1813 1478 2096 1531 mundum.
2126 1476 2350 1532 Interim
2391 1489 2691 1534 conventus
2735 1490 2920 1536 cantat
2947 1484 3315 1562 antipbonam,
3347 1481 3459 1537 Nos

172 1566 359 1611 autem
391 1557 614 1627 gloriari
658 1574 876 1628 oportet,
920 1576 976 1620 et
1013 1566 1403 1636 Resuonsoria,
1449 1569 1652 1642 Popule
1681 1590 1828 1628 meus
1856 1581 1912 1629 et
1939 1573 2189 1645 Expandi
2217 1593 2405 1632 manus
2437 1595 2603 1632 meas.
2636 1577 2768 1632 Post
2811 1593 2932 1649 qua:
2963 1581 3029 1635 ad
3061 1583 3237 1638 locum
3270 1559 3459 1655 pristi-

172 1674 311 1739 num
345 1675 513 1716 cruce
541 1659 738 1732 relata,
769 1668 1029 1724 sacerdos
1053 1668 1181 1726 lotis
1221 1670 1472 1728 manibus
1501 1673 1794 1744 casulaque
1824 1674 2068 1741 indutus,
2101 1674 2330 1732 calicem
2377 1692 2498 1731 cum
2530 1675 2658 1730 vino
2687 1692 2916 1749 corpore
2957 1678 3166 1732 Domini
3198 1694 3462 1753 superpo-

164 1747 308 1822 'sito,
343 1773 378 1812 a
408 1759 642 1817 diacono
671 1762 919 1832 suscipit,
969 1764 1261 1820 inchoante
1291 1769 1482 1823 eodem
1533 1770 1996 1836 communionem,
2033 1770 2150 1825 Hoc
2195 1788 2406 1842 corpus.
2433 1772 2639 1840 Quibus
2676 1774 2729 1828 in
2779 1775 2938 1830 altari
2973 1778 3310 1847 compositis,
3344 1787 3468 1848 post

176 1849 464 1908 modicum
513 1855 786 1912 silentium
838 1860 1031 1931 incipit
1077 1861 1177 1928 sic,
1221 1861 1483 1931 Oremus,
1525 1866 1799 1935 prreceptis
1851 1866 2175 1921 salutaribus
2218 1869 2426 1924 moniti.
2465 1868 2648 1939 Agnus
2695 1868 2791 1924 Dei
2833 1885 2938 1924 non
2977 1873 3214 1937 dicitur,
3264 1890 3365 1930 nec
3409 1874 3466 1930 in

175 1945 451 2006 Sabbato.
487 1952 753 2024 Percepto
779 1965 962 2011 autem
1001 1973 1032 2013 a
1069 1960 1358 2015 sacerdote
1389 1961 1601 2028 Domini
1633 1978 1885 2034 corpore,
1917 1979 2178 2033 vesperas
2212 1964 2538 2020 alterutrum
2571 1981 2694 2021 cum
2725 1966 2940 2023 silentio
2977 1969 3225 2024 dicimus.

243 2041 344 2096 28.
380 2043 644 2113 Sabbato,
671 2052 906 2107 cantatis
955 2053 1009 2108 in
1054 2055 1266 2111 cellulis
1293 2066 1443 2112 sexta
1486 2065 1541 2112 et
1576 2075 1740 2125 nona,
1774 2070 1830 2115 et
1864 2060 2084 2115 interim
2129 2063 2417 2118 sacerdote
2451 2063 2664 2131 induto,
2705 2065 2771 2118 ad
2801 2065 3084 2120 ecclesiam
3131 2065 3464 2136 congregati,

178 2140 493 2206 praemissis
519 2155 756 2216 quatuor
797 2147 1123 2207 lectionibus
1150 2167 1273 2206 cum
1309 2153 1479 2208 tribus
1507 2154 1769 2210 tractibus
1795 2164 1852 2217 et
1883 2155 2068 2217 litania
2107 2156 2379 2225 perbrevi,
2404 2156 2645 2224 Imissam
2675 2172 2706 2211 a
2735 2155 2900 2228 Kyrie
2933 2157 3126 2211 eleison
3157 2149 3468 2212 solemniter

177 2233 553 2305 inchoamus;
587 2241 770 2298 Gloria
805 2247 860 2301 in
889 2247 1105 2304 excelsis
1137 2249 1246 2320 Deo
1285 2252 1534 2322 dicimus,
1574 2256 1710 2312 duas
1753 2255 2006 2313 candelas
2045 2255 2412 2322 accendimus,
2439 2271 2626 2326 pacem
2653 2257 2952 2328 accipimus
2976 2295 2992 2321 ,
3023 2258 3300 2313 incensum
3337 2271 3466 2312 vero

179 2347 289 2387 non
344 2337 646 2398 adolemus.
711 2341 920 2408 Quibus
973 2345 1206 2416 expletis
1255 2347 1468 2418 pulsato
1516 2349 1884 2406 tintinnabulo
1923 2363 2180 2420 vesperas
2217 2351 2372 2422 juxta
2421 2365 2628 2406 morem
2672 2351 3049 2407 monachicum
3072 2349 3468 2405 solemnissime

178 2437 500 2488 cantamus.

1492 390 2089 452 GONSUETUDINES.
2423 442 2426 444 .
3342 381 3468 471 eis

246 2526 348 2582 29.
399 2529 454 2584 ln
485 2535 572 2588 die
604 2547 793 2595 sancto
839 2541 1066 2601 Pascha:
1104 2546 1248 2603 inter
1285 2547 1579 2602 matutinas
1622 2555 1678 2604 et
1711 2548 1965 2618 primam,
1995 2549 2227 2614 cunctis,
2282 2547 2336 2602 in
2387 2556 2651 2617 quantum
2681 2562 2869 2610 eorum
2901 2548 3088 2602 sinunt
3124 2543 3466 2608 obedientize,

179 2614 344 2675 laicis
372 2628 732 2690 prmsentibus
763 2639 818 2686 et
858 2636 1408 2703 communicantibus,
1440 2653 1502 2692 ea
1550 2614 1867 2695 celebritate
1910 2614 2014 2708 qua
2068 2637 2367 2694 Dominicis
2393 2614 2533 2694 solet
2561 2637 2749 2694 diebus
2775 2633 2937 2693 missa
2965 2645 3232 2702 cantatur,
3261 2637 3469 2694 duobus

179 2716 261 2769 vel
298 2718 482 2774 tribus
512 2726 900 2784 monachorum
930 2733 1272 2788 sacerdotem
1305 2733 1646 2802 juva'ntibus.

247 2811 350 2868 50.
377 2815 432 2871 ln
459 2818 650 2889 majori
681 2826 846 2880 missa
871 2829 1244 2885 communicat
1269 2840 1592 2896 conventus,
1607 2840 1669 2887 et
1693 2831 1785 2901 qui
1813 2832 1882 2887 de
1911 2830 2070 2886 laicis
2099 2837 2551 2885 communicatur:
2580 2837 2728 2884 sunt.

247 2909 346 2962 51.
382 2909 551 2969 Totos
579 2925 813 2984 quatuor
852 2921 950 2976 bos
987 2923 1103 2978 dies
1147 2924 1536 2981 celeberrimos
1565 2928 1836 2982 ducimus.
1868 2927 2028 2982 Feria
2075 2927 2335 2982 secunda.
2373 2926 2553 2989 tertia,
2589 2934 2780 2994 quarta
2824 2925 2877 2979 in
2912 2926 3192 2980 matutinis
3221 2923 3474 2982 laudibus

181 3002 320 3058 duas
355 3010 612 3067 candelas
664 3020 1015 3078 accendimus
1064 3024 1460 3096 incensumque
1494 3027 1796 3082 oﬂ‘erimus.
1839 3027 2000 3083 Feria
2039 3036 2234 3097 quarta
2286 3027 2548 3082 recedunt
2577 3026 2720 3081 laici.
2752 3026 2970 3094 Quinta,
2998 3038 3170 3093 sexta,
3203 3026 3470 3095 Sabbato,

180 3108 398 3155 sextam
447 3102 498 3157 in
550 3109 781 3167 ecclesia
814 3124 1096 3173 cantantes
1147 3120 1309 3174 simul
1361 3123 1656 3177 relicimns.
1703 3123 2180 3178 “ebdomadarum
2214 3123 2438 3178 Paschae
2471 3132 2525 3178 et
2561 3123 2914 3179 Pentecostes
2960 3121 3233 3192 prioribus
3279 3118 3470 3174 diebus

182 3207 433 3265 quatuor
459 3203 680 3262 nullum.
714 3211 939 3267 omnino
979 3223 1293 3270 sanctorum
1347 3215 1544 3271 festum
1597 3217 1960 3273 celebramus.
2004 3218 2204 3273 Tribus
2232 3233 2362 3273 vero
2393 3217 2810 3288 posterioribus,
2862 3217 2907 3274 si
2947 3217 3124 3272 'trimn
3173 3215 3466 3271 lectionum

181 3292 389 3352 festum
421 3305 754 3371 occurrerit,
786 3309 957 3363 solam
990 3313 1596 3380 commemorationem”,
1628 3313 1930 3369 sin-autem
1976 3314 2283 3379 duodecim,
2316 3322 2488 3370 totum
2519 3312 2770 3370 facimus.
2804 3312 3164 3384 Responsoria
3192 3307 3464 3381 paschalia

182 3396 605 3460 quattuordecim
652 3403 840 3459 diebus
886 3416 1191 3464 cantamus.
2867 3424 2870 3430 ’

249 3491 352 3547 52.
381 3492 548 3549 Actus
592 3495 958 3567 apdstolorum
1005 3505 1178 3562 tribus
1212 3508 1658 3577 hebdomadibus,
1705 3511 2000 3566 canonicas
2046 3525 2175 3566 vero
2210 3508 2481 3581 Epistolas
2509 3510 2705 3567 exinde
2745 3525 2917 3580 usque
2953 3509 3018 3564 ad
3047 3507 3462 3568 Ascensionem;

189 3590 243 3633 et
269 3583 349 3637 ab
372 3587 709 3649 Ascensione
734 3612 906 3654 usuue
936 3603 1003 3656 ad
1027 3601 1382 3660 Pentecoslen
1407 3607 1784 3678 Apocalypsim
1816 3593 2226 3677 tantummodo,
2265 3608 2465 3681 partim
2499 3608 2554 3664 iu
2584 3607 2836 3677 ecclesia,
2862 3608 3055 3680 partim
3093 3607 3149 3661 in
3181 3602 3469 3661 refectorio

183 3677 542 3752 perlegimus.
1611 3677 1619 3678 ί
2027 3713 2029 3716 ·

253 3776 354 3833 55.
385 3780 545 3840 Feria
584 3789 742 3846 tertia
774 3790 1134 3863 [legationum
1167 3799 1338 3854 semel
1375 3802 1675 3871 rellcimus,
1707 3802 1808 3859 sed
1852 3805 2143 3874 coquinam
2175 3806 2427 3863 facimus.

182 3966 410 4062 speciali
444 3984 562 4041 cap.
607 3971 680 4027 55
725 3976 915 4060 prith
943 3979 1115 4049 partis
1145 3982 1492 4053 antiquorum
1535 3893 2310 4060 ῗίξῖυέζρπθη
2363 3991 2550 4062 incipit
2603 4007 2732 4048 usus
2785 3993 3043 4049 festorum
3101 3991 3464 4062 solemnium,
3515 4016 3519 4022 ·

183 4070 304 4110 rum
339 4056 457 4113 fuse
479 4075 792 4130 expressum
823 4051 1072 4135 habetur,
1117 4051 1444 4141 proutvratio
1467 4076 1779 4134 condendo-

185 4162 310 4203 rum
344 4157 675 4209 statutorum
701 4159 888 4229 exigit.
921 4160 1169 4218 Monachi
1198 4164 1249 4219 in
1294 4164 1590 4222 claustrum
1621 4169 1781 4226 simul

183 4240 588 4320 conveniebant
644 4251 809 4304 certis
862 4251 1096 4317 diebus,
1149 4263 1206 4311 et
1251 4255 1358 4312 alia
1407 4257 1678 4316 faciebant
1715 4261 1782 4318 de

184 4331 387 4400 quibus
421 4350 520 4389 suo
549 4330 668 4394 leco
713 4349 926 4412 agetur.
960 4342 1059 4400 llic
1094 4353 1303 4402 tantum
1350 4349 1672 4422 adnotamus
1699 4352 1780 4424 ni:

187 4421 258 4475 hil
312 4424 439 4478 novi
474 4426 673 4484 debere
705 4430 961 4502 imputari
991 4449 1057 4491 ex
1089 4437 1192 4492 hoc
1223 4437 1342 4494 loco
1382 4421 1780 4512 posterioribus

188 4511 251 4567 R.
288 4515 442 4604 Patri
472 4519 716 4594 ,Guigoni
748 4523 1025 4594 Patribus,
1061 4531 1152 4600 qui
1203 4531 1257 4586 in
1295 4511 1535 4604 antiquis
1563 4536 1781 4592 statutis

187 4601 423 4677 egerunt
455 4609 522 4666 de
562 4615 1030 4688 recordationibus
1066 4639 1079 4674 :
1111 4637 1235 4676 nam
1282 4622 1390 4678 late
1429 4601 1638 4679 tantum
1686 4640 1781 4680 ex-

188 4699 398 4769 plicant
445 4711 497 4756 et
539 4704 758 4786 ﬁrmant
793 4725 949 4766 usum
1000 4713 1285 4799 antiquum
1318 4715 1778 4783 recordationum,

187 4795 274 4863 qui
311 4795 403 4849 hic
450 4784 805 4868 indigitatur;
840 4803 936 4858 sed
987 4787 1215 4872 clarius,
1257 4800 1533 4863 succincte
1576 4816 1777 4878 tamen,

186 4888 514 4958 exprimitur
550 4889 690 4945 inl'ra
723 4905 843 4962 cap.
870 4892 922 4949 9.

257 4969 435 5033 Num.
462 4979 549 5036 28.
585 4979 815 5036 Sabbnto
847 4977 1165 5040 cantatis'iu
1191 4985 1400 5042 cellula.
1449 4985 1506 5043 ld
1541 4995 1626 5044 est
1649 5003 1777 5060 per-

187 5069 382 5148 solutis
409 5112 424 5137 ,
467 5087 591 5125 nam
621 5081 772 5126 extra
799 5074 1026 5129 chorum
1055 5077 1196 5146 apud
1226 5092 1325 5132 nos
1356 5094 1633 5150 nunquam
1662 5079 1778 5137 olli-

189 5163 270 5215 cia
301 5163 489 5218 divina
521 5163 734 5220 fuerunt
762 5155 1002 5232 cantata,
1027 5175 1082 5224 et
1109 5170 1385 5240 piissimus
1408 5172 1642 5244 scriptor
1663 5171 1779 5230 fere

188 5254 390 5325 ubique
421 5255 647 5310 verbum
675 5252 892 5312 cantare
910 5273 1011 5330 pro
1030 5261 1322 5330 persolvere
1349 5273 1594 5334 usurpat.

258 5343 422 5400 Num.
463 5345 554 5401 29.
608 5347 826 5403 Duobus
865 5351 945 5405 σει
967 5352 1134 5408 tribus
1189 5331 1566 5410 monac/torum
1609 5372 1778 5412 sacer-
1806 5331 1854 5397 Β

188 5433 359 5490 dotem
393 5437 754 5507 juvautt'btts.~
789 5440 917 5498 lude
973 5452 1198 5514 apparet
1245 5446 1390 5516 quod
1449 5455 1580 5508 tunc
1628 5456 1779 5506 recto

193 5533 401 5583 tantum
431 5538 561 5586 tono
591 5532 811 5589 missam
849 5533 1010 5590 istam
1046 5545 1368 5603 cantarent;
1409 5555 1555 5597 nunc
1588 5557 1780 5599 mona-

192 5618 278 5674 chi
308 5635 502 5678 omnes
529 5624 657 5680 huic
689 5626 868 5682 missa:
916 5627 1201 5689 assistunt.
1232 5639 1289 5688 et
1325 5646 1449 5688 cum
1470 5658 1477 5666 -
1499 5634 1642 5691 notis
1684 5636 1778 5693 de-

194 5721 432 5768 cantant.

267 5801 420 5862 Nmu.
450 5806 539 5863 5|.
575 5805 733 5866 Feriu
755 5812 1008 5883 secunda,
1042 5821 1172 5881 etc.,
1201 5816 1334 5873 duas
1365 5819 1632 5891 candelas,
1665 5832 1771 5879 etc.

1882 4094 2003 4150 qua:
2029 4081 2150 4136 ideo
2193 4083 2532 4138 candelarum
2567 4086 2620 4140 in
2654 4083 2893 4156 antiquis
2927 4088 3146 4143 statutis
3193 4096 3245 4143 et
3273 4089 3468 4143 veteri-

1880 4170 1984 4228 bus
2032 4171 2187 4228 libris
2233 4174 2441 4230 ordinis
2473 4174 2833 4246 appellantur,
2882 4176 3008 4248 quia
3037 4177 3089 4232 in
3133 4177 3346 4246 signum
3379 4193 3470 4232 sn-

1882 4260 2076 4319 leinnis
2103 4265 2285 4336 gaudii
2309 4265 2362 4321 in
2386 4267 2670 4323 matutinis
2708 4278 2764 4324 et
2783 4269 3027 4341 vesperis
3071 4269 3284 4324 illarum
3315 4269 3480 4326 testim

1881 4354 2111 4410 vitatum
2138 4359 2278 4412 cerei
2303 4359 2762 4416 accendebantur.

1950 4444 2107 4501 Num.
2135 4447 2225 4502 55.
2251 4447 2414 4503 Feria
2439 4451 2593 4504 tertia
2622 4449 2972 4521 [legationum
3000 4453 3164 4507 semel
3180 4451 3464 4521 reﬁcimus,

1879 4538 1972 4592 sed
2009 4541 2288 4610 coquinum
2316 4541 2562 4611 facinms.
2598 4542 2657 4599 In
2705 4545 2947 4616 antiquis
2999 4545 3228 4602 Stalutis
3269 4561 3286 4600 ι
3322 4554 3475 4615 part.

1881 4644 2000 4700 cap.
2029 4632 2120 4696 17,-
2144 4649 2199 4688 n.
2227 4632 2282 4699 6,
2307 4634 2503 4706 legitur
2528 4653 2544 4690 ε
2573 4633 2735 4690 Feria
2761 4638 2917 4692 tertia
2940 4647 2988 4693 et
3023 4639 3252 4692 secunda
3284 4639 3478 4710 Rogac-

1882 4727 2090 4782 tionum
2115 4724 2274 4780 semel
2306 4725 2597 4794 reﬁcimus,
2623 4726 2714 4780 sed
2739 4727 2874 4796 feria
2903 4730 3057 4782 tertia
3087 4745 3238 4784 caseo
3265 4739 3316 4788 et
3337 4733 3470 4786 ‘ovis

1881 4816 1998 4873 licet
2048 4819 2145 4872 uti.
2189 4816 2271 4872 Ad
2321 4815 2724 4888 intelligendum
2777 4827 2959 4874 autem
3017 4820 3146 4890 quid
3191 4821 3294 4877 sibi
3334 4823 3464 4878 velit

1880 4907 1948 4962 Β.
1979 4907 2040 4964 Ρ.
2083 4907 2257 4982 Guigo
2298 4907 2467 4964 verbo
2511 4910 2750 4980 coquinae
2792 4909 2848 4965 in
2887 4911 2992 4968 hoc
3039 4919 3096 4966 et
3145 4913 3268 4968 aliis
3309 4915 3466 4981 locis,

1881 5001 2158 5058 sciendum
2189 5009 2274 5058 est
2303 5012 2432 5058 tunc
2462 5000 2632 5056 fuisse
2659 5001 2714 5056 in
2740 5017 2839 5059 usu
2864 5005 3005 5074 apud
3027 5019 3146 5066 nos,
3180 5007 3341 5079 idque
3371 5025 3468 5080 per

1879 5093 2034 5165 plura
2058 5094 2254 5150 saecula
2284 5094 2659 5150 continuatum
2687 5094 2878 5163 fuisse,
2899 5106 2962 5152 ut
2975 5101 3224 5155 monachi
3256 5111 3464 5171 partem

1879 5186 2054 5243 victus
2069 5187 2152 5243 sui
2173 5187 2276 5243 sibi
2299 5197 2596 5258 coquerent
2618 5188 2672 5244 in
2695 5190 2911 5261 propria
2939 5191 3246 5258 cella,oﬂ‘as
3273 5199 3466 5266 nempe

1881 5286 1937 5334 et
1973 5280 2219 5350 quaedam
2249 5279 2520 5351 legumina
2549 5280 2740 5352 eisque
2765 5289 2976 5339 tantum
3006 5283 3410 5343 ministraretur
3431 5305 3472 5344 at

1879 5369 2219 5440 eoquinario,
2260 5378 2314 5427 et
2340 5358 2715 5441 dispensatore
2759 5376 3034 5433 communi
3073 5379 3248 5447 panis,
3277 5382 3462 5434 vinum

1880 5471 1936 5520 et
1966 5463 2020 5517 id
2050 5463 2194 5534 quod
2230 5464 2284 5519 in
2327 5464 2602 5537 plerisque
2646 5465 2780 5523 locis
2808 5469 3268 5526 Consuetudinum
3298 5472 3364 5527 R.
3398 5473 3468 5530 P.-

1881 5552 2145 5626 Guigonis
2175 5558 2402 5626 pitantia
2451 5560 2774 5630 appellatur.
2805 5563 3105 5634 Coquiuam
3137 5580 3266 5634 ergo
3297 5566 3460 5622 istam

1879 5657 2096 5712 semper
2124 5644 2226 5700 sibi
2273 5643 2546 5704 faciebant
2577 5651 2820 5721 exceptis
2857 5652 3046 5707 diebus
3095 5653 3456 5720 abstinentim,

1879 5742 1934 5788 et
1963 5733 2152 5792 diebus
2181 5735 2476 5807 refectorii,
2507 5740 2704 5811 quibus
2740 5750 2867 5798 tunc
2891 5743 3052 5798 simul
3084 5743 3136 5797 in
3171 5743 3458 5804 reiectorio

1877 5827 2249 5885 comedebant.
2301 5829 2474 5888 Locus
2517 5833 2864 5905 antiquorum
2917 5842 3242 5892 statutorutn
3277 5840 3460 5913 expri-
