3992 6408
535 353 642 413 6ιῖ

1385 355 1710 414 cntcoms
1746 357 1763 410 l
1803 356 2101 430 cantus:

2221 358 2228 409 ἱ
2269 353 2564 412 ΜνΑιοιιιδ
2603 355 2879 413 PRIORIS
2920 355 2959 407 V
3691 358 3771 414 {iis

604 471 694 526 51.
725 470 781 526 ln
807 469 994 542 vigilia
1031 471 1389 530 Ascensionis
1437 480 1648 526 sextam
1684 479 1740 528 et
1765 471 1988 527 missam
2019 471 2074 527 in
2116 470 2353 527 ecclesia
2397 479 2719 546 cantamus;
2745 470 3145 526 Ascensioncm
3173 477 3526 527 ceteuer't‘mre
3563 470 3768 525 colimus.

603 565 696 620 55.
731 564 788 620 ln
823 565 1003 636 vigilia
1040 565 1398 620 Pentecostes
1429 580 1628 620 nonam
1658 573 1714 620 et
1758 564 1980 620 missam
2013 565 2068 620 in
2103 564 2336 620 ecclesia
2369 563 2627 628 dicimus,
2666 572 2945 634 totamque
2986 563 3383 619 hebdomadam
3414 562 3554 616 sicut
3578 561 3772 619 Pastin-

530 663 638 718 lem
667 662 1030 726 decurrimus,
1074 662 1178 717 nisi
1212 662 1358 731 quod
1411 660 1546 715 feria
1578 641 1865 730 quartaet
1895 659 2160 726 Sabhato,
2189 668 2403 717 sextam
2444 667 2569 730 post
2597 659 2820 714 missam
2864 657 2984 714 sine
3029 657 3317 712 intervallo
3363 667 3653 711 cantamus.
3686 656 3772 711 ll.c

529 758 729 830 quippe
759 759 1094 816 ltebdomada
1125 757 1335 830 jejunia
1375 756 1625 824 Quatuor
1665 757 1999 829 Temporum
2037 756 2291 811 facimus.

1914 847 2316 906 CAPITULUM
2356 849 2422 905 ν.

1841 940 1980 996 Item
2045 942 2186 995 unde
2253 957 2438 1012 supra.

625 1029 678 1083 1.
709 1028 832 1086 l’ost
858 1029 1251 1086 hebdomadam
1283 1031 1448 1097 hanc,
1479 1031 1566 1087 die
1587 1023 1929 1103 quacunque
1949 1031 2147 1087 festum
2175 1032 2503 1100 occurrerit,
2535 1031 2705 1088 libros
2731 1030 2937 1104 Regum
2965 1031 3276 1104 incipimus,
3302 1023 3638 1103 responsorta
3670 1048 3773 1090 vero

527 1117 765 1189 ejusdem
798 1124 1036 1179 historiae
1065 1125 1314 1194 sequenti
1352 1124 1675 1181 Dominica.
1721 1127 1723 1130 ’

599 1219 654 1272 2.
685 1221 726 1272 A
758 1219 1266 1293 KalendisAngusti
1292 1237 1464 1294 usque
1495 1222 1558 1276 ad
1586 1219 1865 1277 Kalendas
1905 1219 2271 1292 Septembris,
2309 1218 2630 1290 Parabolas,
2655 1221 3042 1288 Ecclesiasten,
3081 1221 3281 1278 librum
3320 1221 3631 1293 Sapientia),
3655 1231 3701 1276 et
3722 1222 3772 1277 dc

522 1311 914 1380 Ecclesiastico.
932 1327 1194 1389 quantum
1224 1331 1437 1390 tempus
1465 1318 1755 1389 permittit,
1781 1315 2038 1388 legimus.

591 1405 648 1460 5.
688 1408 961 1464 Kalendas
1002 1409 1380 1480 Septembris,
1427 1409 1531 1465 Job
1575 1407 1786 1464 duabus
1835 1406 2155 1478 septimanis
2205 1407 2321 1463 sive
2373 1408 2583 1476 tribus,
2643 1408 2854 1466 duabus
2899 1408 3253 1480 sequentibus
3295 1407 3526 1465 Tobiam
3554 1447 3570 1473 ,
3601 1404 3770 1472 Iudith,

520 1503 745 1561 Esther.

545 1595 558 1603 ’
590 1595 647 1651 4.
679 1597 721 1649 Α
750 1592 1010 1649 Kalendis
1039 1593 1294 1650 Octobris
1337 1609 1513 1666 usque
1557 1593 1625 1649 ad
1666 1579 2056 1658 Novembrem,
2081 1591 2516 1649 Machabaeorum
2545 1594 2742 1649 libros.

548 1695 553 1700 ’
593 1694 649 1747 5.
681 1691 930 1760 Totoque
971 1691 1075 1747 hoc
1113 1701 1379 1766 tempore,
1411 1692 1462 1746 id
1493 1699 1577 1748 est
1599 1707 1626 1746 a
1654 1691 1979 1746 Pentecoste
2019 1705 2192 1760 usque
2223 1691 2290 1746 ad
2318 1689 2644 1747 Novembris
2687 1687 2980 1757 Kalendas,
3010 1705 3145 1758 una,
3173 1689 3279 1746 nisi
3321 1687 3530 1744 festum
3577 1686 3773 1754 intersit,

518 1779 774 1852 lectione,
805 1788 948 1842 sicut
985 1784 1166 1841 caeteri
1206 1783 1480 1848 monachi,
1521 1781 1763 1836 contenti
1803 1796 2013 1835 sumus.

546 1893 550 1903 '
595 1885 648 1938 6.
674 1884 960 1954 Nunquam
1005 1888 1183 1935 autem
1212 1894 1310 1950 pro
1339 1879 1502 1934 trium
1545 1877 1839 1932 lectionum
1877 1875 2039 1943 festo,
2065 1876 2328 1932 lectiones
2353 1876 2610 1932 Historiae
2646 1877 2994 1942 dimittimus,
3026 1875 3132 1932 nisi
3169 1875 3224 1930 in
3249 1873 3434 1947 vigilia
3471 1871 3668 1928 Natalis
3689 1871 3773 1926 Do-

520 1981 676 2044 mini,
707 1990 760 2034 et
785 1980 972 2034 tribus
1003 1987 1127 2047 post
1156 1975 1355 2030 festum
1382 1973 1736 2030 lnnocentum
1771 1973 1965 2029 diebus
1995 1981 2049 2028 et
2073 1972 2526 2030 hebdomadibus
2562 1971 2792 2028 Pascha:
2839 1979 2895 2028 et
2919 1971 3301 2038 Pentecostes,
3323 1980 3381 2026 et
3416 1969 3565 2026 infra
3593 1979 3775 2024 octavas

519 2074 926 2148 Assntnptionis
956 2074 1131 2128 beata:
1163 2070 1370 2125 Mariae.

589 2160 1052 2224 7.1nvitatoriunt
1094 2167 1256 2238 igitur
1283 2172 1494 2219 tantum
1541 2169 1598 2217 et
1633 2160 1913 2228 versiculi,
1947 2169 2000 2216 et
2029 2161 2386 2242 responsoria
2434 2171 2492 2216 et
2534 2162 2833 2230 orationes,
2869 2173 2926 2218 et
2967 2162 3252 2216 matutina:
3285 2159 3508 2224 laudes,
3541 2157 3630 2215 sed
3656 2165 3705 2212 et
3724 2155 3777 2210 ad

513 2263 750 2333 primam
778 2265 1096 2334 antiphona,
1124 2263 1191 2318 ad
1225 2262 1442 2318 tertiam
1476 2275 1692 2331 quoque
1719 2271 1775 2314 et
1812 2269 2046 2327 sextam,
2081 2260 2128 2315 si
2160 2259 2329 2315 semel
2351 2261 2732 2330 prandendum
2761 2271 2869 2329 est,
2896 2261 2980 2318 sin
3010 2271 3195 2317 autem
3217 2259 3303 2315 bis
3340 2258 3411 2315 ad
3441 2259 3658 2316 tertiam
3679 2265 3775 2312 tan-

523 2370 661 2426 tum,
689 2363 1020 2431 antiphouze,
1064 2375 1255 2415 versus
1283 2368 1339 2414 et
1376 2357 1653 2413 orationes
1685 2370 1785 2426 pro
1817 2355 1908 2410 tali
1938 2355 2076 2411 festo
2107 2356 2385 2412 dicuntur.

585 2459 640 2514 8.
671 2457 932 2534 Dominus
975 2459 1206 2528 regnavit
1240 2473 1347 2511 non
1380 2454 1554 2510 solum
1587 2453 1642 2507 in
1672 2453 1870 2509 talibus
1914 2453 2090 2519 festis,
2119 2455 2213 2509 sed
2245 2454 2410 2510 etiam
2445 2470 2477 2510 a
2513 2454 2808 2510 Nativitate
2833 2469 3005 2525 usque
3032 2456 3101 2511 ad
3139 2464 3367 2512 octavas
3392 2449 3716 2525 Epiphania,
3735 2455 3778 2503 et

516 2565 548 2606 a
582 2552 793 2610 Pascha
823 2569 994 2624 usque
1025 2553 1091 2606 ad
1133 2560 1356 2607 octavas
1383 2549 1756 2614 Pentecostes,
1789 2547 1858 2603 ad
1886 2549 2182 2604 matutinas
2220 2549 2409 2606 laudes
2445 2551 2692 2621 quotidie
2729 2549 2985 2606 dicimus.

1884 2635 2286 2696 CAPITULUM
2327 2638 2414 2695 νι.

1864 2725 2001 2782 Item
2065 2728 2204 2782 unde
2253 2744 2435 2800 supra.

585 2826 656 2882 Et
717 2825 821 2881 hoc
881 2822 1162 2879 sciendum
1221 2821 1364 2894 quod
1406 2820 1462 2876 in
1519 2818 1664 2874 nulla
1709 2818 2056 2876 solemnitate
2103 2824 2507 2891 processionem
2547 2823 2819 2896 facimus,
2855 2842 2955 2883 uec
2999 2827 3168 2884 ullum
3210 2828 3410 2886 festum
3447 2828 3535 2886 vel
3573 2826 3777 2900 vigilia

510 2927 964 2979 transmutamus.

1885 2987 2295 3085 CAPITULUM
2334 3006 2448 3066 vn.

1841 3099 1920 3154 De
1952 3101 2120 3171 oﬂicio
2153 3101 2498 3158 Dominirali.‘

577 3197 632 3252 1.
671 3195 830 3253 Omni
860 3193 1106 3252 Sabbato
1135 3201 1255 3264 post
1283 3208 1482 3249 nonam
1516 3192 1570 3249 in
1594 3192 1894 3249 claustrum
1941 3195 2296 3252 convenimus
2324 3212 2339 3264 ;
2375 3197 2642 3255 lectiones
2669 3207 2726 3256 et
2749 3209 2947 3256 caetera
2972 3201 3282 3257 necessaria
3310 3201 3628 3257 recolimus.

577 3288 633 3343 2.
673 3287 739 3343 Et
768 3288 896 3360 quia
946 3295 1058 3343 tota
1081 3285 1420 3341 hebdomada
1456 3284 1511 3339 in
1541 3284 1696 3342 cellis
1728 3285 2009 3342 silentium
2059 3297 2329 3356 tenemus,
2360 3297 2584 3358 peccata
2631 3299 2817 3349 nostra
2855 3292 3047 3363 priori,
3077 3294 3163 3350 vel
3191 3293 3393 3364 quibus
3419 3296 3494 3350 ab
3530 3311 3598 3350 en
3627 3292 3781 3364 injun-

508 3389 656 3437 ctum
689 3389 794 3445 est,
822 3377 1165 3433 conﬁtemur.

578 3471 636 3526 5.
674 3469 830 3537 Quod
857 3468 904 3525 si
930 3482 1070 3525 nova
1097 3464 1445 3538 responsoria
1467 3463 1772 3520 inchoanda
1802 3473 1950 3535 sunt,
1982 3481 2238 3540 magnum
2265 3471 2672 3540 responsorium
2700 3471 2758 3529 in
2779 3474 3025 3546 vesperis
3065 3483 3382 3532 cantamus.

1856 3575 2447 3642 COMMENTARIUM.

508 3699 611 3756 mit
635 3704 845 3754 tantum
886 3693 1030 3765 quod
1059 3692 1149 3750 hic
1192 3689 1538 3756 subauditur,
1575 3689 1671 3746 sed
1713 3690 1769 3746 in
1795 3690 1918 3747 aliis
1961 3691 2097 3750 locis
2123 3703 2172 3764 Α
2202 3699 2338 3770 tiqu.
2365 3699 2593 3767 Statut.,
2615 3651 2680 3759 in.
2718 3699 2808 3758 16.
2836 3702 2992 3760 Nunc
3014 3703 3224 3775 aliquas
3253 3701 3638 3776 processiones
3671 3700 3786 3758 faci-

507 3790 975 3850 Consuetudinum
1002 3787 1071 3842 lt.
1101 3785 1162 3840 P.
1191 3784 1455 3855 Guigonis
1497 3782 1638 3842 idem
1665 3785 1804 3840 satis
1842 3785 2106 3856 exprimi-

509 3893 620 3951 tur,
657 3884 748 3940 ubi
777 3881 1081 3952 explicatur
1119 3879 1338 3950 quando
1359 3878 1478 3935 ovis
1501 3887 1558 3936 et
1588 3894 1750 3937 caseo
1780 3882 1857 3937 uti
1891 3881 2100 3938 licitum

507 3985 674 4034 esset.

579 4067 782 4122 Eadem
838 4079 960 4135 qua:
1007 4064 1063 4120 in
1093 4063 1199 4119 hoc
1249 4062 1490 4133 capitulo
1537 4063 1888 4118 continentur
1935 4062 2102 4121 etiam

510 4174 656 4215 nunc
704 4159 1089 4221 observantur,
1123 4155 1233 4210 imo
1279 4155 1532 4224 rigidius,
1581 4156 1709 4225 quia
1764 4171 1894 4210 usus
1941 4157 2104 4212 simul

511 4252 867 4309 conveniendi
893 4251 948 4306 in
978 4249 1273 4306 claustrum
1303 4249 1372 4303 ad
1394 4250 1798 4304 recordationes
1827 4248 2106 4308 faciendas

513 4347 810 4415 abrogatus
840 4349 946 4398 est.

534 4483 536 4486 ,
583 4430 1171 4502 Ctr.V.—Quidquid
1193 4430 1282 4486 hic
1305 4429 1559 4498 habetur,
1596 4429 1762 4486 etiam
1788 4431 1842 4486 in
1866 4432 2105 4503 antiquis

511 4527 744 4584 Statutis
782 4526 1070 4596 reperitur,
1101 4539 1222 4595 cap.
1256 4525 1321 4580 2|
1355 4526 1516 4594 prim.
1544 4531 1717 4595 part.,
1747 4540 1842 4580 nn.
1887 4526 1942 4592 l,
1985 4526 2043 4592 2,
2069 4528 2106 4583 5

507 4631 565 4677 et
589 4619 644 4676 4.
669 4619 912 4688 Itemque
937 4631 1062 4688 cap.
1085 4617 1177 4684 20,
1208 4632 1266 4672 n.
1302 4618 1328 4672 1
1347 4633 1366 4684 ;
1388 4632 1510 4690 cap.
1533 4618 1630 4686 21,
1655 4633 1713 4674 n.
1737 4619 1804 4676 15
1826 4634 1844 4686 ;
1865 4627 1983 4691 cap.
2011 4619 2103 4684 50,

508 4727 566 4767 n.
596 4711 658 4777 1;
683 4725 807 4782 cap.
846 4708 903 4776 5,
929 4724 984 4764 n.
1007 4707 1113 4773 ης
1146 4724 1270 4780 cap.
1303 4708 1360 4776 4,
1389 4725 1446 4765 n.
1479 4709 1536 4764 4.

594 4802 756 4858 Num.
803 4803 858 4858 7.
906 4801 972 4858 Si
1027 4801 1189 4857 semel
1225 4801 1593 4873 prandendum
1631 4811 1747 4867 est,
1801 4803 1886 4858 sin
1930 4813 2108 4858 autem

511 4896 612 4951 bis.
643 4895 699 4950 ια
731 4895 898 4951 estsi
943 4895 1019 4952 sit
1061 4895 1180 4951 dies
1227 4909 1335 4966 qua
1363 4894 1449 4950 bis
1481 4894 1838 4960 comedatur,
1869 4905 1926 4950 et
1949 4909 2106 4952 cinna
2185 4925 2189 4930 -

513 4989 655 5044 sicut
685 4995 742 5043 et
787 4989 1076 5058 prandium
1130 4986 1508 5054 ministretur,
1553 4987 1741 5058 sicque
1785 4988 1912 5044 bina
1969 4989 2108 5046 refe-

2204 3807 2350 3858 mns,
2379 3801 2490 3848 tum
2513 3809 2580 3849 ex
2620 3796 2934 3866 praescripto
2961 3793 3253 3862 Ecclesia,
3283 3805 3342 3852 ut
3374 3798 3429 3851 in
3455 3796 3782 3853 solemnitate

2203 3883 2461 3956 Corporis
2506 3885 2728 3952 Christi,
2781 3896 2893 3944 tum
2941 3887 3234 3959 aliquando
3272 3903 3338 3942 ex
3381 3889 3699 3955 devotione;
3736 3895 3784 3940 et

2204 3975 2311 4032 hoc
2344 3977 2528 4047 potius
2571 3977 2640 4032 ad
2685 3977 2902 4047 pietatis
2951 3987 3300 4050 augmentum
3339 3981 3598 4050 pertinet,
3641 3991 3782 4050 quam

2203 4069 2273 4124 ad
2305 4070 2596 4126 defectum.

2275 4189 2406 4248 CAP.
2437 4191 2784 4248 VIl.—Num.
2810 4194 2861 4249 1.
2883 4192 3040 4250 Omni
3066 4192 3298 4249 Sabbato
3323 4202 3440 4263 post
3468 4202 3783 4255 nonam,e'.c.

2205 4283 2263 4341 ln
2280 4286 2511 4342 Statutis
2530 4286 2791 4356 antiquis,
2805 4301 2924 4354 cap.
2946 4285 3038 4352 55,
3056 4285 3134 4342 sic
3157 4285 3384 4357 legitur:
3411 4283 3572 4340 Omni
3591 4284 3785 4338 sabbato

2094 4383 2095 4386 “
2204 4385 2253 4431 et
2277 4377 2331 4431 in
2351 4376 2543 4446 vigiliis
2575 4377 2827 4446 festorum
2850 4377 3124 4431 duodecim
3157 4375 3440 4430 lectionum
3473 4387 3523 4430 et
3553 4377 3606 4429 in
3629 4371 3785 4444 uigilis

2205 4463 2367 4520 Coma
2414 4465 2650 4521 Domini.
2696 4465 2843 4520 ldem
2892 4474 3077 4520 autem
3115 4462 3374 4534 exprimit
3429 4463 3572 4518 infra
3622 4462 3688 4518 ll.
3730 4459 3782 4514 P.

2205 4555 2401 4627 Gttigo,
2444 4565 2564 4628 Cap.
2595 4555 2649 4623 9,
2707 4573 2767 4612 ιι.
2799 4557 2854 4613 5.
2909 4555 3017 4612 Sed
3065 4556 3156 4612 hic
3186 4557 3252 4611 de
3293 4554 3538 4611 Sabbato
3595 4561 3784 4609 tantum

2205 4651 2541 4707 mentionem
2586 4649 2716 4706 facit
2767 4649 2834 4705 ad
2887 4647 3298 4720 exprimendum
3344 4647 3492 4717 quod
3549 4647 3700 4701 fieret
3739 4643 3785 4696 in

2207 4740 2449 4797 Sabbato
2488 4742 2668 4813 primo
2699 4740 3026 4809 recordatio,
3060 4755 3127 4796 ac
3174 4739 3372 4794 deinde
3405 4736 3678 4795 confessio
3712 4747 3787 4788 sa-

2207 4835 2574 4892 cramentalis.

2279 4959 2441 5016 Num.
2462 4959 2516 5015 2.
2549 4957 2616 5013 Et
2653 4958 2780 5030 quia
2826 4966 2939 5014 tota
2975 4956 3305 5013 hebdomade
3351 4956 3411 5012 in
3463 4954 3607 5012 cellis
3649 4950 3788 5007 silen-

514 5041 626 5134 ὲιὲσ
677 5041 974 5145 habeatur;
990 5041 1506 5136 *....'*i.‘..a{..'
1537 5041 2110 5149 ιίέέιζίηὲεῆιῂείξιῖι
2138 5065 2184 5122 B
2209 5053 2365 5149 τέξειν.
2417 5049 2828 5149 ειελδὶιιηιξάἰ,
2861 5047 2967 5149 nisi
2996 5062 3128 5149 ea...
3154 5047 3460 5149 advenerit,
3509 5059 3618 5149 qn?
3648 5041 3787 5149 is“.

513 5168 858 5239 dias-quibus
883 5183 991 5225 non
1020 5169 1320 5242 ieiunatur,
1346 5173 1464 5230 dies
1502 5173 1644 5230 binae
1673 5172 1984 5229 refectionis
2009 5189 2108 5228 vo-

562 5278 730 5317 εηιιιτ.

515 5271 730 5320 cuntur.
1508 5304 1510 5308 .

473 5336 478 5341 ’
585 5354 749 5410 Num.
775 5354 833 5411 8.
857 5353 1116 5411 Dominus
1141 5357 1372 5428 regnauit
1392 5399 1408 5426 ,
1435 5366 1568 5425 etc.,
1591 5358 1661 5413 ad
1681 5358 1968 5413 matutinas
1989 5355 2110 5411 lau-

514 5446 626 5503 des.
661 5445 936 5503 lliclocus
961 5447 1164 5503 indicat
1195 5448 1346 5504 illum
1387 5450 1534 5522 loqui
1563 5451 1633 5508 de
1662 5449 1793 5507 solis
1822 5449 2100 5516 laudibus,

513 5540 734 5612 quando
762 5539 892 5598 alibi
915 5539 1004 5597 his
1027 5539 1210 5598 verbis
1235 5539 1427 5609 utitur,
1446 5557 1663 5614 nempe,
1687 5541 1961 5598 matutinis
1989 5539 2108 5594 (auo

515 5632 692 5688 dibus.

533 5761 538 5768 -
585 5723 715 5781 Cn.
742 5724 827 5782 Vl.
857 5754 928 5770 -—
954 5725 1100 5784 Idem
1137 5725 1374 5785 refertur
1415 5741 1535 5798 cap.
1565 5727 1602 5781 9
1639 5726 1796 5798 prim.
1842 5733 1984 5798 part.
2009 5739 2110 5781 an-

2215 5146 2458 5216 ejusdem
2496 5144 2562 5200 Β.
2584 5142 2763 5198 Patris
2787 5141 3049 5214 Guigonis
3070 5139 3507 5197 Consuetudines
3529 5134 3785 5194 silentium

2215 5239 2387 5310 frangi
2418 5235 2777 5309 permittitur,
2801 5243 2865 5291 ut
2893 5232 3035 5290 inira
3064 5230 3361 5318 notabitur.
3399 5229 3544 5286 idem
3570 5225 3788 5283 refertur

2213 5344 2338 5400 cap.
2368 5329 2459 5398 11,
2489 5343 2527 5383 ll
2554 5335 2700 5397 part.
2737 5325 2918 5396 antiq.
2955 5323 3158 5380 Statut.

2282 5450 2417 5508 Ibid.
2468 5449 2649 5506 Priori
2696 5450 2778 5506 uel
2819 5448 3012 5520 quibus
3038 5447 3103 5502 ab
3135 5462 3197 5503 eo
3223 5444 3519 5516 iniunctum
3542 5449 3639 5497 est.
3668 5435 3787 5494 lude

2211 5549 2364 5613 patet
2387 5541 2532 5612 quod
2573 5549 2703 5595 tunc
2734 5539 2996 5609 temporis
3023 5537 3428 5608 deputabuntur
3469 5529 3682 5603 quid:
3726 5522 3785 5579 ad

2213 5634 2587 5691 confessiones
2624 5632 2954 5698 audiendas,
2987 5638 3149 5702 prout
3180 5642 3327 5684 nunc
3352 5625 3436 5692 fit,
3475 5633 3527 5680 et
3576 5621 3784 5677 libertas

2217 5727 2448 5784 dabatur
2464 5725 2873 5798 paenitentibus,
2901 5737 3064 5794 quem
3103 5720 3305 5777 vellent
3327 5714 3581 5793 eligendi.
