3992 6436
190 402 302 460 689

1506 398 2102 460 CONSUETUDINES.

3346 408 3454 467 650

269 513 325 569 ι.
368 513 668 575 Dominica,
698 519 819 584 post
856 512 1107 583 primam,
1133 512 1423 583 capitulum
1473 523 1738 569 tenemus.
1769 510 1898 567 Inde
1946 510 2207 567 fratribus
2249 511 2316 566 ad
2357 510 2521 567 cellas
2573 511 2941 585 redeuntibus,
2975 517 3018 572 si
3068 518 3230 575 missa
3263 535 3325 575 ca
3376 524 3466 583 die

189 606 458 661 cantanda
486 614 591 671 est,
620 604 674 660 id
712 615 800 661 est
827 604 873 660 si
920 606 1177 660 sacerdos
1209 606 1290 660 vel
1323 605 1635 661 sacerdotes
1683 601 1987 657 rationabili
2029 615 2134 657 non
2184 601 2546 671 impediantur
2571 602 2640 659 de
2674 620 2860 673 causa,
2883 610 3067 665 statim
3102 611 3313 683 signum
3347 617 3467 687 ραι..

188 706 346 752 satur
372 713 387 762 ;
412 695 549 751 alias
572 695 717 751 enim
752 709 1036 765 usquequo
1079 695 1240 751 tertia
1281 695 1353 750 sit
1390 694 1618 750 dicenda
1650 691 1936 748 diﬁertur:
1968 691 2113 761 quod
2158 691 2419 763 spatium,
2446 702 2714 762 quantum
2768 698 3057 757 inﬁrmitas
3105 704 3466 764 necessitasve

190 785 495 857 permittit,
518 784 893 856 spiritualibus
919 785 1251 857 profectibus
1292 785 1625 840 attribuitur.

259 880 296 935 5
334 880 466 936 Best
491 882 607 936 huic
636 880 912 942 sacerdos,
939 892 1182 949 tempore
1216 891 1456 947 congruo
1478 876 1546 931 ad
1577 874 1862 930 ecclesiam
1904 889 2173 939 reversus,
2221 873 2480 940 induitur,
2526 874 2789 945 signoque
2830 878 2987 934 tertia
3034 878 3130 952 [αι.
3158 883 3332 956 terna]
3382 885 3465 940 in-

187 973 401 1030 cisione
429 974 663 1046 pulsato,
685 973 1047 1043 prementibus
1073 970 1287 1027 cunctis
1316 984 1458 1040 aqua
1493 978 1761 1025 sacratur.
1784 967 1956 1036 Quam
1989 968 2242 1023 sacerdos
2267 968 2590 1040 spargendo,
2614 968 2784 1024 aLare
2810 970 3117 1039 circuiens;
3141 981 3266 1029 ante
3289 975 3462 1046 ipsum

188 1066 365 1122 altare
391 1066 695 1135 monachis,
722 1066 788 1120 ad
816 1065 1015 1121 ostium
1042 1064 1196 1120 chori
1227 1062 1380 1118 laicis
1402 1060 1685 1132 dispergit,
1719 1059 2044 1116 canentibus
2095 1060 2311 1115 caeteris
2358 1060 2729 1130 antiphouam,
2763 1062 3014 1133 Asperges
3043 1079 3154 1129 me;
3190 1080 3466 1123 reversus-

188 1168 295 1224 que
315 1153 385 1207 ad
409 1154 695 1209 tectorium
740 1153 889 1208 addit
915 1167 1154 1223 precem,
1199 1149 1427 1206 Ostende
1462 1150 1634 1215 nobis,
1688 1149 1927 1213 Domine,
1966 1149 2384 1204 misericordiam
2442 1159 2609 1216 tuam,
2643 1152 2853 1221 deinde,
2911 1153 3162 1212 Dominus
3198 1158 3465 1214 vobiscum

186 1254 242 1299 et
270 1244 577 1300 orationem
607 1245 777 1310 hanc,
814 1244 1026 1298 Exaudi
1056 1260 1171 1309 nos,
1206 1244 1445 1306 Domine,
1460 1253 1635 1297 sancte
1662 1241 1841 1296 Pater.
1866 1240 2019 1307 Post,
2053 1242 2269 1297 tertiam
2311 1242 2548 1307 inchoat,
2581 1258 2741 1313 quant
2767 1247 3015 1316 sequitur
3041 1248 3222 1303 missa.
3257 1305 3261 1308 ,

253 1335 311 1389 6.
353 1335 537 1391 Gloria
569 1336 624 1390 in
646 1333 833 1390 excisis
857 1335 962 1389 Deo
990 1338 1042 1390 in
1074 1335 1325 1392 omnibus
1359 1332 1810 1400 solemnitatibus,
1845 1344 2045 1404 praeter
2066 1334 2368 1390 Adventum
2397 1343 2451 1391 et
2482 1334 2965 1408 Septuagesimum,
2991 1349 3289 1397 cantamus.

259 1423 314 1477 7.
359 1423 531 1479 Credo
567 1423 623 1478 in
652 1439 817 1478 unum
848 1424 1015 1480 Deum
1038 1436 1146 1483 tam
1179 1428 1233 1482 in
1261 1425 1559 1482 Dominicis
1582 1425 1774 1480 diebus
1797 1439 1964 1496 quam
2006 1425 2061 1480 in
2086 1425 2341 1490 caeteris,
2372 1427 2622 1498 exceptis
2664 1429 3035 1486 confessorum
3080 1441 3136 1489 et
3165 1443 3465 1506 martyrum

183 1514 599 1591 feuivitatibus,
621 1522 677 1570 et
702 1515 874 1570 tribus
895 1516 1086 1575 diebus
1114 1517 1336 1573 Pascha;
1361 1526 1417 1571 et
1452 1516 1832 1582 Pentecostes,
1865 1513 2118 1571 dicimus.
3441 1526 3447 1539 ‘

249 1608 308 1666 8.
343 1608 475 1665 Post
503 1609 725 1665 missam
749 1608 816 1664 ad
842 1606 1008 1665 cellas
1046 1621 1244 1676 aquam
1272 1614 1516 1662 sanctam
1558 1602 1821 1671 ferentes,
1855 1594 2080 1674 parium
2121 1604 2360 1661 facimus
2412 1606 2784 1675 intervallum;
2817 1609 3011 1667 deinde
3052 1613 3207 1685 signo
3249 1615 3464 1686 pulsato

181 1699 249 1755 ad
285 1700 576 1757 ecclesiam
610 1701 897 1756 redeuntes
937 1707 1149 1755 sextam
1186 1707 1468 1753 cantamus
1498 1710 1513 1760 ;
1544 1702 1600 1750 et
1623 1696 1702 1751 sic
1726 1693 1778 1749 in
1809 1694 2155 1750 refectorium
2183 1696 2477 1766 pergimus,
2521 1698 2822 1754 animarum
2851 1701 3054 1771 pariter
3081 1712 3135 1758 et
3177 1719 3464 1775 corporum

178 1804 369 1845 escam
403 1790 689 1862 sumpturi.
721 1789 992 1845 Exeuntes
1017 1797 1199 1844 autem
1250 1788 1316 1843 de
1339 1785 1628 1843 refectorio
1662 1800 1692 1841 a
1735 1784 1992 1841 Kalendis
2019 1783 2344 1842 Novembris
2374 1803 2545 1858 usque.
2571 1789 2636 1843 ad
2665 1787 3102 1849 Puriﬁcationcm
3150 1793 3329 1851 Beata:
3356 1795 3466 1850 Ma-

181 1882 278 1938 ria:
305 1882 499 1938 statim
528 1893 727 1936 nonam
751 1886 1053 1944 cantamus,
1087 1892 1157 1934 ex
1182 1892 1290 1948 quo
1321 1877 1408 1933 die
1444 1890 1617 1946 usque
1645 1876 1712 1930 ad
1749 1874 1976 1937 Pascha,
2005 1875 2239 1946 spatium
2266 1876 2410 1934 ottod
2441 1877 2536 1942 ibi.
2579 1880 2629 1933 id
2661 1890 2745 1936 est
2784 1880 2925 1934 inter
2959 1882 3244 1948 prandium
3273 1891 3328 1938 et
3371 1900 3468 1938 no-

178 1990 332 2039 uam,
375 1973 627 2041 facimus,
660 1969 877 2028 lectioni
902 1969 984 2025 vel
1006 1967 1275 2039 aliquibus
1302 1965 1502 2023 talibus
1525 1963 1803 2022 exercitiis
1832 1964 2140 2034 deputatur.
2172 1964 2380 2021 Exinde
2425 1974 2534 2021 tota
2567 1975 2776 2028 testate,
2805 1980 2903 2023 pro
2934 1967 3140 2022 dierum
3164 1971 3467 2040 quantitate

180 2082 331 2125 nunc
352 2066 596 2136 brevius,
625 2079 773 2122 nunc
801 2064 1014 2134 longius
1041 2060 1210 2134 quieti
1243 2060 1423 2116 datur.

1535 2208 2109 2269 COMMENTARIUS.

250 2335 423 2393 Nunt.
458 2334 515 2391 4.
555 2332 619 2392 Si
668 2335 830 2390 missa
867 2348 929 2388 ea
965 2332 1050 2386 die
1084 2328 1351 2386 cantanda
1390 2335 1500 2391 est,
1530 2333 1637 2380 etc.
1683 2322 1779 2379 llic
1806 2326 1855 2387 Α
1883 2332 1942 2379 ιιι
2000 2323 2341 2379 observantia
2390 2321 2685 2394 regularis,
2718 2333 2776 2377 et
2814 2323 2893 2380 sic
2929 2325 3136 2390 stricte,
3166 2335 3225 2381 ut
3256 2326 3322 2381 de
3366 2327 3468 2385 hac

176 2429 338 2486 locus
368 2428 635 2484 obscurus
653 2434 898 2498 apparet.
928 2426 998 2479 At
1022 2422 1092 2478 ibi
1134 2422 1202 2477 de
1236 2420 1401 2475 missa
1427 2414 1774 2474 conventuali

178 2536 285 2577 non
314 2521 522 2592 agitur,
550 2519 647 2576 sed
670 2518 738 2574 de
781 2517 949 2572 missa
996 2514 1230 2584 privata,
1251 2526 1372 2581 qua:
1403 2509 1492 2565 illa
1521 2507 1609 2563 die
1633 2507 1776 2562 ultra

178 2612 452 2684 majorem
474 2611 592 2666 sive
641 2606 1056 2667 conventualem
1076 2602 1361 2661 ‘ttelebrari
1398 2607 1774 2680 consueverat,

174 2705 327 2775 quod
371 2702 508 2759 satis
535 2701 795 2774 probatur
829 2714 926 2771 per
954 2697 1117 2755 verba
1146 2693 1425 2766 sequentia
1459 2708 1473 2746 :
1509 2689 1634 2745 Post
1667 2690 1777 2745 lucc

180 2794 436 2850 sacerdos
470 2804 697 2862 ternporc
736 2806 987 2862 congruo.
1021 2789 1096 2843 Ex
1129 2786 1327 2858 quibus
1360 2791 1510 2855 patet
1530 2780 1779 2851 superius

176 2885 331 2942 dicta
365 2898 492 2941 esse
515 2882 741 2939 omnino
783 2871 1055 2938 diversas
1085 2879 1247 2934 missa
1284 2871 1650 2938 eonventuali,
1678 2886 1778 2927 cu-

168 2974 264 3044 jus
311 2975 619 3032 celebratio
645 2981 702 3029 et
751 2973 944 3030 modus
972 2984 1092 3027 eam
1127 2964 1435 3025 celebrandi
1462 2978 1672 3020 necnon
1698 2959 1779 3018 of-

181 3069 305 3125 ﬁcia
340 3075 469 3138 post
510 3067 729 3124 missum
757 3063 1010 3130 dicenda,
1036 3061 1144 3117 llse
1165 3059 1520 3129 designantur
1548 3070 1566 3110 :
1609 3055 1705 3110 sed
1727 3052 1781 3108 id

179 3157 422 3229 amplius
442 3156 709 3227 probatur
741 3170 810 3210 ex
850 3171 905 3209 ιι.
941 3153 997 3219 4,
1028 3166 1149 3221 cap.
1180 3150 1236 3215 8,
1268 3147 1360 3203 ubi
1397 3145 1598 3202 dicitur
1627 3160 1643 3197 :
1685 3143 1783 3200 Se-

174 3250 422 3305 cundam
450 3250 669 3304 missam
690 3256 804 3318 post
822 3247 1109 3302 matutinas
1137 3242 1320 3297 laudes
1341 3239 1618 3310 incipiente
1644 3236 1779 3303 luce,

174 3344 316 3409 sicut
340 3341 462 3411 fieri
478 3340 611 3397 solet
640 3342 698 3396 in
716 3338 1009 3396 Dominicis
1040 3336 1244 3401 diebus,
1272 3342 1567 3388 cantamus.

250 3432 400 3487 Ibid.
439 3431 495 3486 4.
550 3431 704 3497 Quod
735 3430 987 3502 spatium,
1010 3435 1262 3498 quantum
1298 3421 1577 3492 inﬁrmitas
1611 3435 1782 3475 neces-

175 3522 378 3577 sitasoe
392 3510 674 3591 permittit,
702 3518 1064 3589 spirituulibus
1091 3513 1477 3587 profectibus...
1502 3510 1630 3567 lude
1652 3509 1784 3565 inci-

180 3614 260 3682 pit
289 3626 583 3683 apparere,
631 3612 775 3683 quod
823 3609 1033 3682 plenius
1071 3624 1140 3665 ex
1180 3604 1532 3677 sequentibus
1559 3601 1781 3675 patebit,

1878 2431 1940 2473 re
1965 2416 2190 2486 loquens
2217 2415 2280 2469 Β.
2301 2412 2548 2484 P.Guigo
2570 2429 2691 2485 cap.
2714 2414 2807 2481 29,
2829 2433 2882 2471 n.
2900 2417 2952 2482 5,
2982 2418 3157 2474 dicat:
3182 2418 3302 2485 Non
3328 2422 3465 2475 enim

1878 2523 2151 2562 monentur
2194 2504 2386 2568 solum,
2428 2507 2520 2560 sed
2561 2515 2609 2559 et
2641 2506 2890 2576 jubentttr
2942 2508 3083 2563 horis
3130 2510 3200 2563 ad
3245 2510 3466 2578 quietem

1879 2597 2164 2668 deputatis,
2211 2596 2519 2651 dormitioni
2564 2612 2815 2666 magnum
2869 2597 3164 2668 impendere
3208 2600 3464 2655 studium.

1882 2684 2035 2743 Unde
2066 2696 2214 2758 patet
2260 2701 2457 2765 magna
2510 2686 2729 2741 Patrum
2782 2686 3059 2755 discretio,
3088 2689 3179 2760 qui
3212 2690 3469 2747 nolebant

1880 2778 2081 2848 aliquid
2111 2794 2207 2849 per
2236 2779 2511 2849 propriam
2541 2777 2870 2834 voluntatem
2902 2778 3111 2835 detrahi
3139 2796 3206 2835 ex
3230 2779 3317 2837 his
3348 2796 3468 2852 quae

1881 2870 1949 2926 ad
1978 2871 2124 2926 vires
2150 2877 2262 2925 tum
2285 2853 2532 2942 corporis
2575 2879 2687 2925 tum
2717 2870 2885 2925 animi
2928 2872 3327 2927 conservandus
3367 2887 3477 2926 net

1881 2961 2121 3018 cessaris
2146 2976 2267 3018 esse
2292 2962 2554 3017 sciebant.

1951 3052 2109 3109 Circa
2134 3052 2263 3109 illud
2290 3053 2502 3125 longius
2530 3052 2616 3110 vd
2642 3053 2860 3110 brevius
2893 3054 3127 3125 spatium
3157 3054 3468 3111 dormitioni

1883 3147 2336 3220 impendendum,
2375 3147 2575 3218 aliquid
2626 3149 2812 3219 procul
2876 3148 3040 3205 dubio
3092 3150 3495 3222 praescriptum-

1881 3248 2020 3305 erat,
2048 3254 2158 3310 quo
2194 3253 2384 3296 omnes
2435 3248 2656 3310 possent
2705 3256 2764 3297 se
2809 3241 3154 3297 uniformitcr
3190 3244 3465 3300 ordinare.

1881 3332 1954 3387 At
1982 3329 2117 3387 nihil
2146 3330 2214 3386 de
2242 3330 2342 3386 hac
2364 3344 2424 3385 re
2455 3331 2719 3400 scriptum
2753 3332 3072 3402 reperimus,
3106 3342 3162 3387 et
3207 3333 3328 3388 ideo
3360 3343 3473 3389 tra-

1884 3421 2070 3477 ditioni
2101 3421 2348 3478 relictum
2393 3418 2561 3477 fuisse
2609 3431 2888 3493 putamus,
2922 3423 3066 3493 rpted
3116 3422 3170 3478 iu
3198 3425 3474 3496 plerisque

1883 3511 2045 3567 etiam
2068 3510 2187 3568 aliis
2211 3511 2459 3568 evenisse
2484 3510 2842 3567 indubitatum
2868 3521 2973 3568 est.
3000 3512 3105 3567 Pro
3133 3513 3380 3586 exemplo
3403 3516 3474 3571 sit

1886 3602 2209 3660 abstinentia
2231 3617 2262 3658 a
2290 3603 2564 3669 carnibus,
2581 3604 2745 3661 etiam
2775 3605 2827 3659 in
2852 3606 3074 3674 morbis,
3103 3606 3168 3660 de
3192 3621 3295 3676 qua
3326 3608 3471 3663 nulla

180 3680 399 3775 primos
458 3680 665 3759 nostri
695 3680 955 3774 propositi
1014 3700 1355 3756 institutores
1397 3693 1781 3752 discretionem
1816 3714 1860 3774 Β
1889 3697 1944 3749 tit
1975 3695 2177 3750 mentio
2203 3695 2344 3765 apud
2368 3693 2434 3748 Β.
2462 3680 2676 3751 Patrem
2699 3694 3020 3768 Guigonem.
3058 3695 3228 3753 Porro
3267 3698 3474 3767 dormi:-

184 3808 410 3865 sentper
440 3792 493 3847 in
534 3792 710 3862 pretio
761 3791 1033 3853 habuisse,
1080 3788 1241 3843 veluti
1283 3786 1541 3841 solitaria:
1577 3784 1701 3837 vitae
1727 3781 1782 3836 in

184 3886 387 3958 primis
437 3884 820 3950 necessariam,
853 3883 1038 3953 sicque
1075 3883 1144 3936 ah
1175 3879 1426 3935 omnibus
1471 3873 1786 3933 excessibus

185 3976 720 4034 ct'extremttatibus
748 3975 853 4031 sibi
883 3990 949 4029 ac
986 3971 1392 4030 successoribus
1436 3970 1550 4025 suis
1592 3980 1785 4023 cavere

184 4069 455 4134 voluisse,
485 4077 543 4123 ut
573 4067 754 4124 omnia
793 4065 996 4120 viribus
1021 4062 1274 4118 humanis
1315 4061 1503 4132 gratia:
1546 4056 1784 4113 caelesti!

183 4160 405 4215 auxilio
453 4159 674 4230 adiutis,
700 4168 755 4214 et
808 4158 994 4212 habita
1035 4168 1386 4226 personarum
1425 4151 1704 4231 qualitate,
1730 4156 1789 4203 ut

186 4252 394 4324 sapius
429 4251 727 4316 insinuant,
750 4258 933 4306 essent
975 4246 1403 4303 accommodata.
1452 4239 1787 4299 inﬁrmitatis

182 4357 320 4412 ergo
364 4350 465 4395 aut
518 4339 864 4396 necessitatis
917 4351 1204 4403 mensum,
1258 4337 1568 4391 mensuram
1622 4331 1787 4387 etiam

182 4428 982 4499 esercitiorumspiritualium
1021 4426 1212 4482 volunt
1241 4423 1509 4494 adaptari.

251 4519 429 4575 Num.
454 4519 509 4575 8.
541 4518 805 4573 Exeuntes
828 4528 1001 4572 autem
1041 4517 1105 4571 de
1142 4511 1668 4587 refectorio...statim
1693 4527 1788 4564 tto-

188 4619 476 4677 nam,ete.
510 4610 565 4664 Id
612 4618 823 4664 tantum
871 4624 1016 4663 nunc
1060 4608 1414 4662 observamus
1441 4603 1631 4658 diebus
1682 4616 1787 4656 non

187 4701 355 4758 festis
380 4700 529 4755 intra
552 4699 787 4756 Octavus
820 4698 1126 4755 Nativitatis
1152 4696 1375 4754 Christi.
1422 4695 1646 4750 (laeteris
1692 4708 1789 4747 au-

191 4799 303 4846 tem
358 4790 516 4846 festis
537 4790 683 4847 intra
744 4789 884 4846 idettt
928 4786 1587 4857 tempus-occurrentibus
1644 4782 1785 4836 idem

187 4880 552 4938 intervallum
581 4880 830 4949 facimus,
860 4881 1002 4952 quod
1058 4886 1245 4950 postea
1283 4875 1348 4929 li.
1393 4875 1453 4930 Ρ.
1484 4872 1656 4927 ῦυίινο
1688 4888 1790 4927 ex-

188 4971 408 5041 primit.
445 4969 533 5025 Ea:
552 4987 677 5042 quo,
707 4981 817 5026 etc.

1888 3788 1962 3842 tio
1991 3786 2078 3842 illa
2105 3787 2294 3843 diurna
2335 3801 2430 3857 per
2460 3796 2662 3843 statuta
2692 3788 2960 3855 ordinata,
2980 3789 3300 3859 jamdudum
3329 3793 3472 3861 apud

1889 3894 1988 3935 nos
2021 3879 2122 3934 fuit
2168 3880 2426 3958 abrogata
2458 3894 2523 3936 eo
2564 3889 2806 3950 tempore
2836 3893 2944 3950 quo
2990 3881 3295 3950 vigiliarum
3337 3881 3472 3939 ordo

1888 3978 2126 4026 mutatus
2143 3977 2249 4038 est,
2276 3978 2335 4024 ut
2355 3985 2453 4025 suo
2484 3971 2695 4026 dicetur
2715 3971 2831 4026 loco
2860 3988 2874 4025 :
2901 3970 2987 4025 illa
3011 3971 3274 4041 siquidem
3311 3981 3499 4039 testa-1

1890 4062 1959 4119 tis
1989 4070 2231 4131 tempore
2266 4060 2688 4127 concedebatur,
2730 4070 2790 4117 ut
2831 4061 3176 4132 suppleretur
3197 4061 3339 4131 quod
3374 4064 3476 4117 mi.

1889 4170 1992 4210 nus
2038 4154 2195 4225 spatii
2247 4154 2583 4226 assignatum
2623 4160 2745 4209 erat
2784 4153 2852 4208 ad
2884 4151 3258 4208 dormiendum
3292 4165 3470 4219 noete,

1888 4253 2108 4316 propter
2127 4244 2365 4302 noctium
2389 4244 2870 4314 abbreviationem.
2886 4243 3016 4299 Nam
3040 4255 3162 4316 post
3184 4245 3477 4300 matutinas

1890 4340 1956 4395 ad
1995 4339 2195 4397 lectum
2243 4338 2390 4395 nullo
2435 4338 2681 4395 redibant
2709 4348 2972 4410 tempore;
3004 4346 3059 4393 et
3109 4336 3246 4393 sicut
3286 4344 3477 4392 noctes

1891 4433 2091 4488 sensim
2130 4441 2381 4489 crescunt
2410 4439 2466 4487 et
2491 4431 2829 4496 decrescunt,
2868 4430 2949 4485 sic
2993 4430 3227 4499 spatium
3275 4428 3480 4484 dormi-

1892 4522 2055 4579 tionis
2095 4524 2302 4578 diurna:
2348 4521 2564 4577 brevius
2599 4521 2683 4577 vel
2726 4520 2937 4592 longius
2983 4520 3222 4575 noctium
3252 4533 3475 4574 cursum

1891 4615 2240 4683 sequebatur,
2278 4620 2337 4666 ut
2384 4621 2594 4682 tempus
2630 4611 2699 4667 ad
2740 4611 3111 4666 dormiendum
3164 4620 3272 4665 tant
3320 4619 3478 4664 nocte

1894 4718 2056 4773 quam
2079 4704 2168 4758 die
2192 4702 2515 4758 destinatum
2529 4710 2672 4757 esset
2685 4702 2915 4772 aequale,
2935 4711 2989 4756 et
3008 4701 3059 4755 in
3084 4701 3224 4756 idem
3240 4702 3476 4770 spatium

1892 4794 2008 4853 fere
2031 4795 2350 4857 collimaret.
2385 4793 2571 4847 lliemc
2623 4801 2803 4847 autent
2833 4808 2898 4848 ea
2946 4774 3317 4848 vicissitudine
3345 4779 3483 4847 dor-i

1893 4886 2134 4943 mitionis
2160 4881 2387 4942 “diurnae
2419 4899 2559 4954 opus
2594 4899 2701 4939 non
2746 4894 2883 4949 erat,
2912 4899 3039 4937 cum
3066 4899 3135 4938 es
3180 4882 3356 4954 longis
3388 4900 3479 4940 no-

1893 4979 2071 5033 ctibus
2122 4977 2355 5048 spatium
2385 4985 2529 5031 esset
2573 4978 2638 5031 ad
2668 4971 2997 5030 sufficienter
3025 4973 3400 5034 dormiendum
3423 4981 3481 5030 et

262 5060 403 5117 Ibid.
459 5060 666 5143 Exinde
707 5070 816 5116 tota
866 5069 1065 5122 testate,
1113 5074 1206 5127 pro
1253 5057 1454 5111 dierum
1500 5054 1783 5124 quantitate

1894 5070 2097 5139 absque
2130 5068 2394 5123 divisione
2429 5066 2623 5129 somni,
2663 5074 2824 5133 prout
2855 5065 2974 5121 illos
2999 5074 3128 5122 tunc
3156 5065 3478 5124 observasse

192 5168 339 5206 nunc
368 5152 596 5217 brevius,
624 5169 761 5207 nunc
800 5151 1005 5223 longius
1050 5151 1211 5222 quieti
1234 5149 1413 5203 datur.
1451 5149 1492 5201 Α
1526 5145 1788 5200 Ρυτὶῐίρειο

196 5243 347 5298 tione
370 5258 547 5313 usque
579 5244 648 5298 ad
694 5242 923 5309 Pascha,
956 5243 1189 5313 spatium
1237 5242 1379 5297 inter
1416 5239 1702 5311 prandium
1736 5248 1791 5293 et

196 5347 404 5388 nonam
445 5334 561 5388 dari
592 5335 931 5404 perhibetur,
966 5342 1022 5388 et
1048 5333 1137 5388 cui
1165 5329 1506 5401 occupationi
1556 5320 1791 5399 spatium

197 5419 333 5475 illud
381 5421 708 5491 destinetur,
757 5412 1084 5494 esprirnitur
1124 5437 1139 5475 :
1174 5432 1229 5476 et
1269 5430 1452 5491 postea
1502 5419 1746 5474 subditur
1773 5457 1788 5483 ,

198 5498 417 5567 Exinde
454 5524 563 5568 tota
607 5526 806 5582 testate,
829 5525 959 5582 etc.,
991 5515 1043 5569 id
1070 5523 1153 5568 est
1197 5530 1224 5566 a
1270 5512 1474 5567 Pascha
1506 5525 1677 5581 usque
1721 5511 1789 5565 ad

197 5605 476 5664 Kalendas
517 5609 790 5677 Octobris,
834 5620 892 5664 ut
920 5625 988 5665 ex
1035 5625 1155 5679 cap.
1198 5607 1268 5663 29
1305 5607 1594 5676 colligitur,
1650 5605 1791 5658 inter

200 5700 492 5766 prandium
541 5711 597 5756 ct
661 5718 856 5756 nonam
923 5702 1178 5757 dormitio
1246 5701 1438 5755 diurna
1484 5698 1786 5752 ordinatur.

204 5786 339 5843 Haec
395 5791 648 5847 dormitio
687 5809 717 5847 a
768 5795 971 5849 nostris
1012 5788 1625 5865 religioseservabatur
1672 5792 1781 5848 vel-

610 5886 883 5949 Psrnon.
915 5886 1129 5948 CLlll.

1891 5175 1957 5215 ex
1992 5159 2127 5214 infra
2165 5156 2408 5213 dicendis
2434 5155 2734 5226 apparebit.

1962 5248 2123 5304 Num.
2154 5249 2209 5305 9.
2254 5247 2382 5302 Post
2398 5262 2659 5301 nonam...
2692 5248 2755 5301 de
2805 5246 3018 5299 utilibus
3061 5245 3309 5299 locuturi.
3348 5244 3478 5301 lude

1892 5342 2114 5397 evidens
2148 5348 2233 5395 est
2261 5338 2474 5394 illorum
2506 5337 2778 5393 silentium
2805 5355 2910 5392 non
2944 5337 3111 5393 fuisse
3132 5324 3472 5409 perpetuum.

1894 5442 1947 5489 et
1977 5447 2132 5487 usum
2170 5429 2557 5499 colloquiorum
2589 5430 2657 5484 ab
2682 5430 2838 5483 initio
2857 5429 2924 5501 .in
2954 5429 3142 5484 ordine
3174 5430 3336 5483 fuisse
3364 5427 3479 5479 usi-

1900 5532 2093 5590 latum,
2143 5522 2328 5593 sicque
2382 5531 2590 5592 tempus
2641 5520 2890 5592 loquendi
2925 5529 2977 5577 et
3007 5532 3214 5589 tempus
3262 5516 3477 5591 tacendi

1898 5613 2063 5668 fuisse
2088 5627 2301 5682 semper
2334 5612 2472 5683 apud
2500 5627 2597 5667 nos
2632 5612 2996 5667 observatum.
3028 5610 3139 5664 luto
3185 5618 3312 5662 tunc
3363 5604 3479 5660 lici-

1899 5711 2009 5755 tum
2040 5700 2143 5755 illis
2170 5709 2310 5767 erat,
2339 5701 2480 5770 quod
2517 5716 2657 5755 nunc
2687 5717 2792 5754 non
2841 5700 2982 5764 licet,
3017 5711 3208 5769 nempe
3234 5714 3261 5768 tt
3295 5694 3478 5765 coqui-

1898 5793 2051 5848 nario
2089 5791 2237 5863 plura
2262 5800 2443 5862 petere
2472 5799 2523 5845 et
2553 5792 2816 5860 accipere.

3098 5880 3197 5953 .21
