3900 6296
512 298 610 354 m
1361 298 1683 356 G'UIGONIS
1718 298 1737 353 l
1776 295 2052 355 (ZAR'I'IIL‘

2237 297 2524 355 MAJORIS
2561 294 2837 355 PRIORIS
2875 295 2916 353 v
3314 258 3327 277 κ
3628 304 3742 389 αα,

588 411 641 465 9.
684 409 812 465 Post
843 426 1037 466 nonam
1072 411 1125 467 ῑτι
1150 408 1440 468 claustrum
1468 410 1833 475 convenimus,
1878 412 1944 469 dc
1972 412 2192 466 utilibus
2213 411 2467 467 locuturi.
2492 412 2550 466 In
2611 412 2716 466 hoc
2762 410 2937 481 spatio
2983 410 3310 476 incanstum,
3357 423 3704 483 pergamennm,

517 520 738 574 pennas,
772 514 997 571 cretam,
1028 507 1194 562 libros
1225 519 1316 560 seu
1370 501 1625 570 legendos
1654 514 1746 553 seu
1796 501 2234 556 transcribendos
2270 516 2301 555 a
2349 501 2607 564 sacrista;
2638 516 2669 554 a
2713 499 3029 569 coquinario
3082 512 3211 553 vero
3261 497 3539 567 legumina,
3583 504 3708 563 sala

517 606 711 648 cetera
745 595 1047 665 hujusmodi
1081 595 1349 666 poscimus
1375 598 1429 644 et
1467 589 1783 659 accipimus.

590 687 675 739 l0.
717 685 844 741 Post
867 700 1075 740 etenam
1103 684 1339 755 singulas
1368 690 1535 736 tortas
1565 691 1819 748 tanquam
1865 678 2066 736 Christi
2104 682 2332 738 mendici
2359 682 2710 753 accipientes,
2735 680 2900 738 cellas
2925 682 3238 754 repetimus.

587 779 674 831 ll.
715 778 770 831 In
803 776 1050 831 omnibus
1080 785 1258 830 autem
1289 772 1554 828 simifibus
1582 770 1734 827 festis
1761 787 1898 842 pene
1939 773 2187 829 similiter
2219 774 2466 827 facimus.

590 866 677 918 12.
714 863 1001 918 Dominicis
1028 874 1206 916 autem
1232 875 1353 930 qua:
1382 868 1508 914 sunt
1559 857 1697 913 infra
1738 868 1958 915 octavas
2006 860 2241 927 Natalis,
2272 860 2658 930 Apparitionis,
2703 860 3121 917 Ascensionisve
3168 862 3404 928 Domini,
3434 864 3710 937 antipbonas,

521 952 887 1023 responsoria,
914 965 1101 1004 vorsus
1132 959 1185 1005 et
1211 958 1334 1006 octo
1362 949 1572 1018 priores
1598 948 1857 1005 lectiones
1893 950 1958 1005 de
1986 949 2118 1019 ipsis
2154 948 2587 1005 solemnitatibus
2618 948 2869 1013 dicimus,
2896 961 3132 1019 quatuor
3158 952 3481 1019 posteriores
3502 952 3558 1006 de
3581 954 3711 1008 homi-

520 1043 605 1097 liis
632 1037 1037 1095 Dominicalium
1058 1037 1470 1109 evangeliorum
1502 1054 1517 1090 :
1544 1036 1888 1107 Evangelium
1915 1053 2128 1108 quoque
2156 1039 2327 1109 ipsum
2354 1048 2474 1106 post
2505 1036 2575 1091 Te
2604 1037 2772 1090 Deum
2797 1037 3099 1103 laudamus,
3130 1050 3187 1094 et
3219 1041 3520 1111 antipbonat
3548 1043 3603 1097 ad
3636 1043 3710 1098 Be-

516 1129 749 1183 nedictus
773 1139 821 1179 et
853 1124 1184 1195 Magni/irai,
1219 1134 1274 1179 et
1298 1124 1475 1179 oratio
1499 1134 1553 1179 et
1586 1124 1770 1190 missa,
1803 1126 2153 1181 Dominicalia
2183 1135 2309 1181 sunt
2342 1143 2355 1178 :
2388 1126 2483 1179 sed
2531 1134 2718 1194 postea
2764 1127 2825 1178 lit.
2864 1129 3311 1184 commemoratio
3358 1130 3425 1184 de
3466 1130 3712 1185 solenuiita‘

519 1221 680 1274 tibus.
713 1216 973 1271 Similiter
1002 1216 1180 1283 agitur
1206 1217 1482 1271 Dominica
1507 1215 1787 1285 quaeinter
1812 1227 2032 1274 octavas
2056 1218 2259 1272 Natalis
2286 1217 2494 1271 Domini
2541 1225 2597 1271 et
2633 1217 3038 1286 Appatitionem
3083 1230 3190 1285 est,
3235 1221 3337 1274 nisi
3377 1220 3515 1290 quod
3558 1223 3715 1290 priores

510 1314 676 1389 etiam
708 1322 832 1369 octo
873 1312 1133 1369 lectiones
1154 1310 1534 1376 Dominicales,
1567 1310 1619 1365 id
1640 1308 1812 1365 estde
1848 1308 2101 1379 Epistolis
2132 1309 2275 1364 beati
2309 1308 2459 1363 Pauli
2518 1308 2766 1380 legimus,
2799 1320 2854 1365 et
2886 1308 3458 1365 commemorationem
3476 1308 3535 1362 de
3558 1309 3709 1363 Natiri-

518 1412 624 1458 tate
656 1420 760 1458 non
808 1403 1056 1460 facimus.

586 1498 672 1551 l5.
700 1497 774 1553 De
798 1506 992 1553 sancto
1024 1494 1305 1566 SylveSIro
1326 1493 1765 1550 commemoratio
1794 1487 2013 1547 tantum‘
2030 1490 2089 1546 fit
2115 1509 2130 1557 ;
2170 1505 2353 1546 verum
2374 1490 2440 1547 de
2462 1490 2547 1549 his
2577 1504 2697 1560 qua:
2719 1489 2952 1561 quadam
2982 1489 3200 1562 speciali
3230 1488 3488 1561 dignitate
3511 1486 3716 1545 solemnia

514 1584 879 1655 celebramus,
898 1585 1219 1657 specialiter
1245 1597 1458 1655 quoque
1494 1583 1777 1640 dicendum
1815 1591 2090 1653 putamus.

1854 1691 2253 1749 CAPITULUM
2295 1692 2422 1747 VIII.

1809 1783 1945 1839 Item
1981 1784 2046 1838 de
2083 1786 2246 1854 ofﬁcio
2281 1784 2476 1839 divino.

587 1882 647 1953 l.
681 1880 847 1951 Igitur
881 1879 1131 1936 Omnium
1159 1878 1501 1945 Sanctorum,
1538 1875 1744 1931 Natalis
1777 1862 2010 1943 Domini,
2052 1875 2293 1942 Pascha,
2333 1876 2701 1945 Ascensionis,
2736 1879 3114 1946 Pentecostes,
3154 1881 3328 1938 sancti
3357 1881 3582 1949 Joannis,
3610 1881 3711 1937 bra-

517 1986 693 2030 torum
723 1972 1092 2044 apostolorum
1116 1971 1263 2027 Petri
1293 1980 1347 2027 et
1379 1970 1552 2037 Pauli,
1585 1969 1985 2039 Assumptionis
2008 1969 2177 2023 beatae
2201 1968 2384 2023 Marim
2409 1969 2618 2040 vigilias
2648 1972 2701 2025 in
2729 1987 2869 2042 pane
2898 1982 2953 2028 et
2982 1986 3124 2041 aqua
3158 1971 3411 2038 facimus,
3449 1974 3718 2044 missasque,

518 2051 579 2117 in
604 2071 792 2118 testate
820 2061 1036 2132 quidem
1060 2076 1181 2116 cum
1211 2069 1391 2126 sexta,
1419 2061 1470 2114 in
1501 2060 1677 2113 hieme
1705 2072 1834 2113 vero
1861 2073 2057 2112 nonam
2083 2069 2466 2127 supponentes,
2501 2061 2883 2118 continuamus
2909 2081 2922 2116 :
2951 2062 3121 2117 altare
3140 2079 3417 2137 paramus,
3446 2066 3496 2119 in
3519 2066 3714 2135 vesperis

484 2138 569 2209 ,et
599 2155 872 2210 matutinis
898 2162 952 2209 et
980 2154 1141 2208 missa
1173 2153 1408 2222 itemque
1437 2151 1678 2221 vesperis
1711 2150 1845 2205 duas
1868 2150 2116 2205 candelas
2143 2152 2519 2217 accendimus,
2552 2153 2829 2209 incensum
2861 2157 3130 2225 ponimus.

585 2245 642 2299 2.
680 2245 850 2299 Porro
884 2244 938 2298 in
970 2241 1149 2313 vigilia
1184 2240 1392 2295 Natalis
1424 2239 1686 2295 Dominici
1729 2239 1780 2291 in
1813 2237 2092 2293 matutinis
2125 2238 2369 2293 laudibus
2400 2253 2570 2310 genua
2604 2258 2709 2295 non
2750 2241 3049 2308 ﬂectimus;
3094 2242 3348 2296 Dominus
3389 2245 3599 2312 regnavit
3623 2244 3724 2300 diei-

516 2350 659 2400 mus,
690 2332 937 2387 Miserere
964 2332 1087 2397 mei,
1118 2330 1278 2399 Deus,
1324 2341 1583 2398 tacemus,
1617 2330 1747 2385 duas
1777 2331 1842 2385 ad
1874 2329 2093 2385 missam
2124 2329 2375 2385 candelas
2403 2333 2775 2402 accendimus,
2811 2335 2904 2389 sed
2937 2335 3060 2389 thus
3103 2349 3208 2390 non
3238 2335 3535 2400 adolemus,
3575 2353 3725 2406 pacem

519 2424 805 2482 sumimus.
3194 2464 3197 2467 ,

587 2516 642 2571 3.
683 2515 737 2570 Si
775 2514 1048 2569 Dominica
1086 2512 1139 2568 in
1177 2513 1277 2569 hac
1308 2513 1487 2585 vigilia
1517 2512 1860 2579 occurrerit,
1887 2527 2101 2569 versum
2138 2524 2264 2569 ante
2290 2514 2626 2584 evangelium
2650 2523 2704 2570 et
2731 2523 2902 2571 totum
2951 2516 3206 2586 deinceps
3236 2516 3467 2572 cilicium
3493 2518 3554 2572 de
3575 2520 3724 2589 vigilia

519 2608 772 2673 dicimus,
792 2605 1386 2681 commemorationem
1418 2613 1624 2659 tantum
1653 2605 1718 2660 de
1742 2603 2021 2659 Dominica
2061 2602 2338 2660 facientes.
2366 2605 2565 2661 Eodem
2598 2606 2756 2661 modo
2781 2606 2834 2660 in
2866 2606 3061 2678 vigiliis
3098 2607 3319 2663 Pascha:
3341 2616 3397 2663 et
3429 2607 3725 2664 Pentecoses

517 2701 715 2755 missas
744 2698 1102 2754 celebramus.
1537 2742 1550 2757 ,
2208 2712 2211 2716 ν

584 2790 639 2844 4.
678 2790 735 2844 1η
778 2789 1061 2844 matutinis
1088 2796 1322 2858 quatuor
1347 2785 1561 2842 ultimas
1604 2786 1864 2843 lectiones
1910 2787 1975 2842 de
2013 2787 2314 2856 Evangeliis
2338 2787 2591 2858 legimus.
2634 2787 2873 2844 Primam
2912 2789 3131 2844 missam
3176 2791 3319 2847 inter
3356 2803 3654 2851 nocturnum
3687 2806 3731 2851 et

517 2880 706 2935 laudes
735 2880 1142 2935 celeberrimam
1172 2877 1420 2943 facimus,
1451 2879 1743 2934 secundam
1769 2886 1890 2948 post
1920 2882 2214 2935 matutinas
2242 2879 2424 2933 laudes
2446 2918 2460 2942 ,
2504 2879 2798 2949 incipiente
2847 2880 2990 2946 luce,
3030 2883 3169 2936 sicut
3199 2882 3313 2937 fieri
3342 2885 3475 2941 solet
3504 2888 3550 2940 in
3578 2886 3729 2942 Domi-

516 2972 661 3026 nicis
692 2971 1237 3035 tliebus,'cantamus,
1269 2968 1322 3022 in
1352 2983 1456 3036 qua
1482 2967 1604 3023 laici
1631 2968 2048 3032 communicant,
2089 2971 2141 3026 in
2172 2972 2271 3025 hac
2302 2970 2463 3023 etiam
2498 2973 2941 3026 commemoratio
2969 2974 3027 3026 fit
3057 2973 3124 3028 de
3150 2974 3210 3026 S.
3246 2974 3547 3031 Anastasis.

518 3082 525 3088 ·
583 3062 638 3116 5.
675 3061 730 3115 ln
763 3060 954 3129 majori
996 3061 1157 3115 missa
1189 3060 1554 3115 communicat
1580 3069 1876 3116 conventus
1898 3101 1913 3126 ,
1950 3049 2246 3131 pacemque
2292 3076 2321 3114 a
2350 3063 2633 3116 sacerdote
2667 3071 2721 3116 et
2757 3062 2824 3117 ab
2849 3063 3081 3118 invicem
3114 3079 3308 3118 omnes
3340 3068 3575 3121 monachi
3611 3082 3734 3123 acu-

511 3153 690 3223 piunt.
737 3151 850 3207 Iloc
894 3151 1066 3222 ipsum
1106 3152 1160 3206 in
1186 3150 1437 3211 omnibus
1475 3151 1628 3207 festis
1659 3150 1856 3207 talibus
1890 3152 2119 3221 agimus,
2154 3159 2378 3220 excepta
2424 3152 2850 3207 Circumcisione
2891 3151 3138 3218 Domini,
3190 3163 3246 3208 et
3281 3153 3455 3209 Natali
3494 3157 3732 3216 beatorum

483 3244 879 3314 "apostolorum
912 3241 1054 3297 Petri
1079 3251 1134 3298 et
1159 3242 1330 3310 Pauli,
1369 3249 1422 3298 et
1449 3242 1831 3307 Dedicationis,
1874 3253 1925 3297 et
1956 3242 2128 3297 sancti
2157 3241 2452 3297 Michaelis.
2485 3242 2786 3312 Sequentes
2820 3252 2930 3298 tres
2961 3242 3077 3297 dies
3102 3242 3217 3297 fere
3243 3244 3492 3300 similiter
3515 3245 3733 3302 celebra-

514 3348 658 3388 mus.
694 3332 789 3387 Die
819 3341 1010 3400 quarta
1040 3332 1162 3386 laici
1197 3334 1479 3396 recedunt,
1517 3332 1659 3387 sicut
1686 3332 1740 3386 in
1766 3332 1974 3387 Pascha
2003 3341 2058 3385 et
2086 3331 2421 3386 Pentecoste.
3200 3396 3217 3405 _

510 3446 515 3451 τ
585 3423 639 3478 6.
676 3421 919 3490 Reliquis
948 3422 1118 3476 tribus
1147 3422 1334 3477 diebus
1367 3432 1576 3477 sextam
1608 3421 1663 3476 in
1691 3420 1919 3477 ecclesia
1949 3421 2197 3488 dicimus,
2240 3431 2295 3474 et
2328 3436 2524 3476 nonam
2545 3463 2559 3487 ,
2588 3421 2876 3491 prandium
2903 3423 3065 3476 simul
3092 3433 3147 3478 et
3176 3438 3389 3481 ccenam
3418 3425 3679 3481 facientes.

586 3512 639 3565 7.
681 3510 1198 3577 Circumcisionem,
1240 3512 1677 3582 Apparitionem,
1726 3511 2198 3574 Purificationcm,
2256 3513 2771 3577 Annuntiationcm,
2820 3511 3238 3579 Asccﬁsionem,
3294 3516 3534 3573 Natalem
3582 3518 3736 3573 sancti

513 3608 771 3675 Joannis,
819 3606 1099 3662 beatorum
1149 3611 1517 3679 apostolorum
1560 3609 1704 3664 Petri
1736 3619 1789 3663 et
1837 3607 2022 3674 Pauli,
2061 3609 2523 3677 Assumptionem,
2553 3609 2985 3677 Dedicationcm,
3014 3611 3362 3667 Nativitatem
3403 3613 3560 3669 beata:
3585 3613 3741 3666 Maria

507 3718 728 3773 semper
757 3703 1026 3774 Virginis,
1060 3701 1255 3758 festum
1288 3703 1595 3774 angelorum
1641 3703 1799 3759 simili
1829 3704 2054 3759 colimus
2082 3705 2209 3758 ritu.
2492 3708 2497 3713 ‘

568 3792 819 3851 8.1’orro
846 3795 898 3848 in
918 3792 1298 3849 Puriticatione
1324 3794 1493 3849 beatae
1518 3793 1849 3849 Mariacantc
1863 3794 2084 3848 missam
2115 3802 2231 3862 post
2259 3792 2651 3848 confessionem
2682 3792 2937 3849 candelas
2965 3793 3274 3850 benedictas
3318 3796 3385 3851 de
3415 3811 3563 3851 manu
3583 3810 3741 3850 sacer-

658 3906 661 3911 ν
1853 3892 2417 3950 COMMENTARIUS.
3026 3956 3029 3961 _

585 4005 720 4060 Ibid.
748 4002 1052 4075 Legumina,
1078 4004 1159 4059 sal
1209 4015 1255 4060 et
1295 4015 1479 4060 cratera
1511 4006 1834 4077 Imjusmodi.
1870 4006 1971 4062 Per
1994 4023 2109 4061 vcr-
2136 3992 2181 4048 Α
2213 3998 2325 4071 tur,
2352 4006 2662 4061 referuntur
2690 4007 2740 4059 in
2770 4007 3008 4077 antiquis
3036 4008 3254 4064 statutis
3285 4008 3399 4064 fere
3421 4011 3485 4066 de
3514 4012 3662 4066 verbo
3688 4010 3746 4063 al

514 4097 581 4150 ba
626 4094 712 4148 illa
743 4104 786 4147 et
817 4106 1022 4159 ciuem,
1073 4105 1297 4166 apparet
1339 4097 1513 4165 plura,
1549 4112 1669 4166 qua:
1697 4097 1749 4152 in
1793 4097 1911 4152 istis
1954 4096 2093 4152 Cm-
2194 4090 2445 4162 verbum,
2486 4112 2607 4165 cap.
2656 4097 2743 4161 55,
2776 4099 2933 4167 prim.
2980 4115 3060 4169 p.,
3109 4115 3164 4152 n.
3197 4101 3249 4166 l,
3287 4115 3406 4170 cap.
3432 4101 3521 4167 ll,
3552 4118 3651 4157 sec.
3676 4118 3741 4169 ν..

450 4218 453 4223 ‹
516 4186 887 4241 suetudinibus
916 4187 1224 4256 specillcata
1244 4203 1348 4241 non
1371 4198 1515 4252 sunt,
1536 4189 1827 4244 monachos
1853 4198 1975 4243 tunc

2204 4202 2249 4239 [ι.
2284 4186 2332 4248 l,
2365 4200 2484 4256 cap.
2517 4186 2585 4239 20
2616 4204 2630 4240 ι
2662 4197 2820 4256 part.,
2857 4205 2912 4241 ιι.
2964 4188 3049 4253 12,
3081 4204 3198 4258 cap.
3237 4189 3340 4260 54,
3369 4208 3421 4244 n.
3454 4191 3505 4258 ὅ,
3536 4208 3643 4260 cap.
3671 4189 3744 4250 lli.

518 4278 685 4333 tuisse
713 4288 894 4347 petere
928 4288 983 4333 et
1017 4279 1264 4348 accipere
1310 4294 1338 4331 a
1372 4277 1539 4334 fratre
1587 4280 2058 4350 coquinario,'uml

2208 4294 2249 4330 τ.
2278 4277 2337 4340 5;
2362 4292 2479 4347 cap.
2507 4277 2596 4341 5:2,
2625 4294 2677 4330 n.
2711 4277 2744 4330 '5
2774 4294 2787 4342 ;
2823 4293 2940 4348 cap.
2961 4278 3048 4336 54,
3086 4295 3174 4333 un.
3202 4281 3290 4344 l2,
3332 4281 3418 4344 l5,
3449 4280 3502 4349 5,
3530 4282 3576 4346 7,
3606 4280 3669 4334 l0
3704 4291 3748 4332 rt

515 4368 621 4424 sibi
646 4370 773 4439 ipsis
805 4369 1042 4426 facerent
1089 4371 1377 4440 coquinam
1433 4370 1576 4425 illam
1608 4371 1661 4424 in
1691 4371 1838 4426 cellis
1869 4370 1999 4434 suis,
2027 4371 2055 4425 d

2202 4368 2246 4423 9.
2270 4366 2398 4422 Item
2438 4383 2557 4436 cap.
2596 4368 2646 4431 6,
2681 4385 2733 4421 n.
2775 4370 2835 4433 6;
2866 4384 2982 4437 cap.
3019 4369 3106 4433 l7,
3139 4385 3191 4422 n.
3222 4369 3285 4423 l9
3316 4386 3330 4435 ;
3362 4386 3482 4441 cap.
3509 4372 3559 4438 5,
3584 4388 3634 4424 η.
3666 4370 3742 4422 45.

516 4476 618 4529 qna
643 4477 802 4531 supra
838 4459 895 4516 fit
920 4462 1140 4529 mentio,
1169 4477 1292 4530 cap.
1306 4461 1360 4528 4,
1390 4479 1443 4517 ιι.
1470 4462 1546 4517 ult
1574 4471 1660 4528 ,et
1686 4462 1789 4517 sibi
1815 4462 1917 4532 ipsi
1948 4477 2093 4533 quae-
2194 4456 2472 4511 Lcetorem
2517 4472 2645 4510 vero
2694 4473 2796 4512 non
2828 4469 3040 4512 moveat
3083 4460 3224 4528 quod
3259 4460 3347 4514 hic
3376 4460 3488 4515 loca
3522 4462 3746 4529 antiquo-

515 4549 637 4604 dam
667 4551 944 4605 esculenta
968 4551 1274 4606 condirent.
2196 4563 2314 4601 rum
2350 4557 2670 4602 statutorum
2698 4548 2913 4602 inverso
2941 4550 3133 4604 ordine
3171 4550 3425 4605 citemus.
3455 4553 3508 4606 Id
3536 4554 3664 4606 enim
3696 4549 3747 4600 tit

582 4641 739 4695 Num.
770 4641 855 4696 l0.
892 4640 1018 4696 Post
1061 4658 1257 4697 caenam
1297 4642 1529 4714 singulas
1565 4653 1747 4698 tortas.
1783 4640 1919 4710 Quid
1949 4650 2093 4696 esset
2197 4647 2255 4691 ut
2292 4638 2536 4692 ordinem
2568 4639 2839 4693 scribendi
2868 4655 2896 4692 a
2933 4637 2996 4693 R.
3029 4639 3190 4695 Patre
3229 4640 3473 4712 Guigone
3502 4649 3751 4697 servatam

502 4716 653 4788 torta
684 4733 798 4800 illa,
831 4740 885 4788 et
925 4748 993 4787 ex
1043 4748 1151 4803 quo
1187 4749 1353 4803 grano
1380 4744 1818 4804 componeretur,
1870 4733 2092 4788 habebis
2196 4736 2578 4795 scquamur,ct
2599 4727 2677 4781 sic
2706 4727 2913 4781 facilius
2943 4729 3111 4796 possit
3144 4730 3254 4783 fieri
3288 4730 3525 4786 locorum
3567 4728 3629 4784 ad
3677 4730 3747 4783 in

516 4822 654 4877 infra
685 4838 803 4892 cap.
836 4822 926 4887 ⁸54,
957 4838 1013 4876 n.
1056 4823 1113 4876 2.
1166 4822 1260 4878 llic
1296 4834 1475 4878 autem
1518 4824 1664 4877 nullo
1706 4822 1864 4876 modo
1895 4823 2093 4876 dicitur
2198 4817 2366 4872 vicem
2400 4817 2637 4871 collatio.
2682 4814 2685 4817 ’

515 4914 657 4983 quod
674 4922 812 4967 torta
830 4914 917 4967 illa
949 4913 1165 4988 daretur
1185 4928 1282 4983 pro
1300 4922 1409 4968 tota
1428 4912 1956 4980 hebdomada,prout
1977 4912 2097 4979 qui-
2269 4906 2321 4960 lu
2354 4907 2499 4961 nullo
2531 4923 2659 4975 ergo
2707 4923 2803 4977 per
2841 4915 3038 4961 statuta
3087 4907 3309 4978 antiqua
3367 4910 3454 4964 hic
3500 4903 3754 4965 contentis

517 5005 640 5058 dam
691 5011 1055 5059 censuerunt:
1084 5005 1176 5058 sed
1213 5016 1331 5059 erat
1372 5011 1581 5057 tantum
1627 5003 1709 5072 pia
1753 5004 2125 5066 excretnonia,‘
2200 4994 2368 5050 fuisse
2415 4997 2728 5066 derogatum
2770 4997 3112 5066 perSpicuum
3144 5008 3392 5067 est,quae
3420 4999 3573 5054 etiam
3624 4994 3758 5067 apud

522 5112 643 5165 qua:
667 5111 731 5151 eo
761 5096 867 5151 fine
898 5096 1202 5150 introducta
1227 5094 1367 5160 erat,
1401 5103 1458 5147 ut
1482 5104 1789 5164 paupertas,
1816 5110 1977 5164 quam
2008 5109 2098 5147 vo.
2201 5100 2298 5139 nos
2326 5092 2471 5140 nunc
2508 5087 2659 5156 plene
2699 5098 3001 5151 servantur,
3045 5088 3153 5142 imo
3182 5087 3421 5158 rigiditiri
3444 5090 3607 5152 modo,
3642 5101 3758 5140 nam

515 5192 724 5253 vimus,
746 5204 812 5245 eo
840 5187 1200 5242 mendicitatis
1222 5198 1345 5241 actu
1378 5186 1605 5256 amplius
1648 5186 2022 5249 honoraretur,
2046 5206 2055 5236 ε

2219 5177 2497 5232 lormiendi
2541 5178 2771 5233 interdiu
2804 5179 3017 5251 liceptia
3060 5179 3214 5233 nobis
3259 5180 3435 5235 ablata
3465 5190 3575 5244 est;
3605 5179 3759 5232 item-

504 5272 613 5337 ἠοε
640 5280 834 5336 Christi
866 5278 1140 5333 mendicos
1160 5290 1279 5333 esse
1305 5286 1741 5347 protestaremur.
1775 5279 1902 5343 Quae
1929 5292 2096 5330 caere-
2130 5343 2159 5347 ξ
2203 5284 2306 5338 (lue
2353 5267 2577 5324 facultas
2627 5269 2875 5337 loquendi
2919 5285 3040 5325 cum
3092 5271 3440 5340 coquinaria,
3473 5280 3522 5325 et
3557 5269 3623 5324 ab
3676 5267 3759 5320 illo

518 5371 697 5426 monia
721 5371 880 5423 etiam
908 5380 1049 5420 nunc
1080 5364 1284 5435 integre
1307 5374 1572 5420 servatur.
1601 5365 1652 5418 Id
1673 5375 1851 5418 autem
1879 5365 2092 5418 evidcn-
2126 5343 2171 5401 Β
2199 5360 2424 5430 alicujus
2438 5361 2698 5416 esculenti
2727 5362 3006 5416 materiam
3033 5363 3245 5431 petendi
3285 5372 3342 5418 ct
3369 5360 3670 5433 recipiendi,
3699 5371 3761 5411 ac

519 5473 601 5516 ter
627 5459 883 5530 probatur
914 5470 979 5509 ex
1003 5469 1121 5523 cap.
1154 5454 1241 5519 51,
1280 5473 1337 5510 n.
1364 5456 1491 5520 2,et
1518 5472 1583 5510 ex
1617 5472 1665 5511 c.
1713 5456 1802 5520 46,
1834 5473 1887 5508 η.
1920 5455 1969 5516 1,
2004 5454 2094 5508 ubi
2200 5452 2414 5506 demum
2454 5452 2674 5507 libertas
2709 5453 2994 5521 coquinam
3020 5453 3176 5508 nobis
3205 5452 3434 5509 faciendi
3460 5455 3507 5507 in
3550 5448 3757 5503 cellula.

518 5552 582 5617 fit
631 5548 831 5603 mentio
865 5547 931 5600 de
953 5558 1091 5612 pane
1113 5549 1338 5612 petendo
1365 5556 1417 5600 et
1444 5547 1779 5617 acc‘piendo.
2270 5543 2397 5598 Car.
2420 5543 2549 5599 VIII.
2575 5575 2645 5584 --
2666 5543 2737 5616 Ea
2762 5543 2940 5596 omnia
2960 5556 3079 5611 qua:
3104 5542 3158 5597 in
3187 5544 3291 5598 hoc
3313 5542 3540 5612 capitulo
3557 5538 3759 5592 baben-

504 5640 511 5707 ί
546 5614 760 5695 θΡοιίὀ
788 5652 852 5693 ea
889 5634 1070 5691 omnia
1098 5648 1216 5704 quae
1267 5637 1318 5692 in
1355 5636 1602 5707 praesenti
1635 5614 1798 5705 capit.
1834 5632 1864 5688 ’1
1887 5633 2096 5689 habeu‘-
2202 5640 2290 5688 tur
2313 5632 2430 5690 fere
2456 5633 2520 5690 tle
2547 5614 2711 5689 verbo
2738 5632 2805 5687 ad
2831 5632 3053 5687 verbum
3088 5632 3141 5687 in
3176 5634 3411 5704 antiquis
3436 5628 3645 5689 statutis
3679 5638 3761 5680 re-
