3992 6418
165 387 256 446 655
1176 422 1185 427 ς
1429 385 1741 444 CONSUET

1814 384 2023 442 DINES.
3263 389 3390 448 ὀει

162 500 292 556 dotis
312 498 592 566 monachi,
616 507 673 556 et
698 500 890 586 quiode
912 500 1064 560 la‘icis
1086 504 1283 559 adsunt
1301 544 1317 569 ,
1347 504 1674 581 accipimus,
1707 511 1989 559 cantantes
2017 502 2363 573 antiphonam
2379 542 2396 571 ,
2424 501 2619 558 Lumen
2645 502 2715 558 ad
2745 502 3103 560 reuelationem
3124 506 3387 577 gentium,

163 603 212 648 et
233 592 583 664 evangelium,
624 591 782 647 Nunc
810 594 1051 656 dimittis,
1092 609 1156 650 ac
1180 610 1278 665 per
1302 609 1492 650 versus
1522 595 1770 675 singulos
1802 595 2152 663 antiphonam
2175 602 2502 664 repetentes.
2528 595 2786 666 Sequitur
2816 595 3070 650 Dominus
3104 598 3385 671 vobiscum,

166 700 214 747 et
235 691 424 758 oratio,
458 688 674 745 Exaudi
696 705 1021 760 quaerimus,
1050 689 1294 758 Domine,
1334 689 1526 747 deinde
1548 691 1745 756 missa;
1779 689 2035 745 candelas
2068 699 2248 745 autem
2272 702 2394 762 post
2419 691 2760 763 evangelium
2784 689 3080 751 offerimus.

1495 812 1895 881 CAPITULUM
1930 824 2023 880 IX.

1344 915 1560 982 Quoties
1599 916 1854 969 radamur
1891 917 1946 969 in
1983 932 2143 971 anno.

230 1016 278 1071 l.
299 1012 487 1071 Series
510 1012 567 1068 in
595 1026 737 1068 anno
764 1013 1006 1068 radimur
1043 1022 1260 1070 servato
1290 1013 1537 1079 silentio;
1566 1014 1620 1068 in
1642 1011 1838 1082 vigiliis
1866 1011 2107 1079 Paschae,
2132 1010 2497 1081 Pentecostes,
2535 1014 2954 1088 Assumptionis,
2975 1015 3228 1075 Omnium
3253 1019 3392 1078 Sanc

160 1114 374 1172 clerum,
409 1102 617 1158 Natalis
644 1101 879 1168 Domini,
907 1111 962 1157 ct
997 1102 1050 1157 in
1079 1103 1257 1172 capite
1278 1102 1487 1173 jejunii.

221 1202 273 1257 2.
305 1201 359 1257 In
382 1200 584 1271 vigiliis
612 1199 893 1256 beatorum
922 1198 1144 1267 Jacobi,
1182 1198 1495 1265 Laurentii,
1536 1197 1938 1262 Bartholomaci,
1974 1197 2211 1254 Matthaei
2236 1240 2251 1265 ,
2290 1199 2528 1257 Simonis
2565 1211 2620 1258 et
2650 1201 2835 1270 ludas,
2871 1214 2927 1261 et
2956 1204 3189 1263 Andreae
3220 1207 3391 1265 semel

165 1296 355 1368 quidem
381 1296 677 1363 reficimus,
713 1297 809 1353 sed
834 1298 1150 1367 coquinam,
1190 1298 1235 1352 si
1269 1297 1391 1351 talis
1415 1297 1529 1353 dies
1555 1303 1661 1362 est,
1695 1295 1945 1362 facimus,
1979 1296 2283 1367 missasque
2315 1311 2418 1352 non
2454 1306 2757 1355 cantamus.

220 1391 270 1447 3.
301 1391 355 1447 In
388 1392 906 1472 caeteris’duodccim
938 1392 1236 1448 lectionum
1264 1390 1446 1455 festis,
1478 1390 1675 1461 quibus
1702 1389 1997 1461 capitulum
2022 1405 2127 1445 non
2159 1401 2435 1458 tenemus,
2466 1407 2567 1447 nec
2594 1393 2813 1448 missam
2844 1395 3102 1460 dicimus,
3131 1398 3184 1451 in
3208 1398 3389 1470 vigilia

164 1491 347 1539 tantum
375 1493 495 1556 post
521 1471 798 1540 nonamwin
829 1483 1121 1540 claustrum
1154 1498 1251 1553 pro
1279 1482 1654 1538 recordatione
1682 1483 2055 1538 convenimus.

1474 1576 2043 1633 COMMENTARIUS.

163 1672 401 1739 feruntur,
423 1689 542 1745 cap.
564 1658 647 1737 11.
674 1691 725 1731 n.
757 1675 778 1729 1
805 1689 915 1730 sec.
936 1683 1074 1744 part.
1097 1673 1338 1743 Itemque
1355 1688 1472 1741 cap.
1498 1673 1530 1726 4
1555 1674 1711 1742 prim.
1745 1678 1792 1736 Α
1817 1673 2108 1743 Guigonis,
2157 1690 2257 1732 nec
2283 1676 2446 1732 etiam
2478 1675 2664 1731 diebus
2708 1674 2861 1730 festis
2889 1676 3169 1731 duodecim
3202 1678 3232 1731 ll
3251 1677 3389 1734 ctic-

162 1778 282 1834 pan.
310 1781 396 1819 nn.
418 1765 452 1819 4
488 1776 544 1821 et
569 1765 657 1831 10,
688 1780 806 1834 cap.
840 1765 893 1830 5,
924 1780 1019 1818 nn.
1052 1764 1105 1827 Ξ,
1146 1763 1201 1830 5,
1250 1765 1315 1818 19
1349 1774 1402 1819 et
1430 1764 1520 1820 38.
1549 1764 1711 1818 ltem-
1788 1781 1942 1843 _num
1965 1764 2353 1828 celebraretur,
2379 1767 2518 1834 quod
2544 1766 2755 1820 veritati
2785 1766 3063 1823 adversari
3092 1768 3383 1821 credimus.

164 1872 255 1928 que
275 1872 385 1927 cap.
410 1857 500 1923 52,
535 1873 591 1910 n.
619 1856 670 1919 1.
701 1871 821 1926 cap.
854 1856 910 1920 8,
946 1871 1000 1909 ιι.
1041 1855 1086 1908 ι.

1814 1868 1935 1908 cum
1975 1855 2040 1908 de
2085 1854 2249 1909 missa
2295 1853 2487 1922 majori
2537 1853 2702 1910 etiam
2746 1855 2970 1924 privatis
3011 1855 3202 1913 diebus
3244 1855 3388 1929 apud

222 1947 507 2017 Apponitur
554 1955 764 2001 tantum
814 1946 865 2000 in
912 1946 1159 2015 antiquis
1205 1944 1425 2001 statutis
1472 1946 1712 2000 conditio
1816 1951 2029 1997 nostros
2064 1940 2376 2010 frequenter
2404 1944 2663 1996 celebrari
2703 1952 2963 1998 consueta
2989 1943 3180 2000 eviden
3212 1964 3269 1998 er
3296 1964 3392 2008 pa-

167 2038 270 2102 ista,
296 2038 432 2093 circa
464 2037 825 2093 abstinentias
856 2038 908 2090 in
936 2053 1075 2107 pane
1103 2047 1158 2091 et
1181 2052 1320 2107 aqua
1351 2038 1404 2091 in
1436 2038 1553 2091 istis
1580 2037 1713 2105 vigi-
1815 2040 1927 2085 teat
1952 2047 2017 2085 ex
2044 2031 2175 2086 locis
2203 2040 2313 2086 tum
2339 2046 2499 2101 supra
2522 2031 2725 2100 relatis,
2753 2041 2863 2087 tum
2895 2032 3034 2088 infra
3061 2032 3383 2091 referendis.

166 2127 238 2183 liis
253 2127 563 2192 servandas,
608 2128 709 2181 nisi
732 2128 934 2181 veniant
964 2128 1017 2180 in
1047 2126 1193 2195 festis
1222 2126 1497 2180 duodecim
1525 2125 1710 2180 lectio-
1814 2118 1868 2174 ld
1900 2135 2030 2190 ergo
2060 2119 2461 2191 intelligendum
2496 2135 2615 2175 esse
2653 2121 2810 2175 nobis
2848 2122 3062 2176 videtur
3100 2125 3166 2177 de
3196 2124 3387 2183 missis

167 2234 301 2284 num,
334 2218 397 2272 de
416 2232 519 2289 qua
549 2217 963 2273 circumstantia
994 2230 1099 2269 non
1129 2217 1189 2269 tit
1218 2230 1473 2287 expressa
1507 2215 1711 2271 mentio
1814 2211 2058 2280 privatis,
2081 2226 2110 2265 a
2134 2211 2347 2281 quibus,
2382 2210 2487 2265 illis
2512 2212 2674 2264 etiam
2705 2212 2893 2266 diebus
2923 2210 3075 2268 festis
3101 2214 3383 2269 duodecim

168 2307 213 2361 in
236 2307 712 2363 Consuetudinibus
734 2306 796 2360 R.
826 2305 1006 2360 Patris
1031 2304 1328 2376 Guigonis;
1364 2305 1456 2360 sed
1484 2319 1551 2360 ex
1588 2320 1707 2375 cap.
1814 2302 2105 2357 lectionum
2144 2302 2505 2357 communiter
2545 2311 2670 2356 tunc
2723 2302 3099 2367 abstinebant,
3144 2305 3236 2360 sed
3278 2319 3385 2358 non

167 2398 237 2457 εἰ.
261 2415 308 2452 ιι.
335 2399 385 2463 1,
412 2398 545 2453 satis
573 2396 1019 2466 subintelligitur.

1848 2407 2049 2463 emper,
2083 2401 2243 2463 prout
2269 2390 2408 2446 infra
2436 2391 2714 2462 apparebit
2735 2407 2802 2447 ex
2832 2408 2885 2445 ιι.
2913 2393 2964 2459 1,
2996 2406 3112 2461 cap.
3143 2393 3226 2446 11.
3258 2392 3388 2460 Quae
3422 2402 3424 2405 '

225 2486 376 2542 Porro
407 2488 599 2543 eadem
627 2501 658 2540 a
701 2486 856 2540 uobis
879 2484 1174 2539 etiamnum
1200 2494 1508 2547 servantur,
1553 2498 1713 2538 exce—
1814 2484 2139 2539 abstinentia
2168 2483 2394 2538 amissis
2414 2482 2770 2546 celebrandis,
2808 2498 2906 2553 per
2930 2484 3151 2554 antiqua
3181 2492 3385 2539 statuta

167 2578 255 2646 ptis
272 2579 604 2635 abstinentiis
635 2579 685 2632 in
716 2590 853 2646 pane
872 2586 926 2631 et
953 2592 1113 2646 aqua,
1135 2578 1201 2632 de
1226 2593 1458 2648 quarum
1488 2577 1710 2646 dispen-
1813 2568 2036 2648 probata
2066 2592 2170 2631 non
2195 2575 2330 2642 fuit,
2366 2584 2529 2644 atque
2560 2575 2680 2629 ideo
2710 2573 2868 2629 aliter
2893 2574 2958 2630 de
2987 2575 3086 2629 hac
3113 2577 3247 2630 rein
3273 2590 3388 2630 me-

170 2670 361 2725 sationis
387 2670 618 2733 ratione,
651 2670 756 2723 imo
783 2669 1124 2731 necessitate,
1153 2685 1250 2724 suo
1281 2668 1399 2724 loco
1423 2676 1634 2738 agetur.
1813 2670 1918 2725 lius
1948 2668 2268 2739 dispositum
2312 2677 2396 2722 est
2441 2683 2456 2721 :
2503 2681 2626 2721 nam
2663 2667 2949 2721 missarum
2994 2665 3285 2722 celebratio
3317 2667 3387 2720 ad

223 2761 334 2815 Car.
366 2762 449 2816 IX.
477 2793 547 2803 —
579 2761 737 2816 Num.
774 2762 820 2816 l.
851 2756 1035 2817 Sexies
1080 2763 1133 2815 in
1163 2778 1319 2815 anno.
1368 2761 1510 2815 Idem
1548 2760 1711 2815 habe-
1811 2763 2030 2832 pictatis
2056 2770 2110 2816 et
2136 2760 2434 2831 spiritualis
2467 2759 2870 2814 etercitationis
2898 2766 3240 2827 augmentum
3263 2773 3388 2828 pcr-

171 2860 245 2906 tur
271 2853 316 2906 in
343 2854 577 2925 antiquis
607 2857 824 2910 statutis
849 2872 967 2925 cap.
1001 2853 1091 2918 15,
1122 2869 1232 2909 sec.
1262 2863 1404 2924 part.
1439 2871 1492 2908 ιι.
1525 2852 1625 2916 16,
1657 2861 1711 2906 et
1813 2858 1968 2911 tinet.
2000 2855 2076 2909 Ex
2108 2854 2331 2923 antiquo
2358 2853 2519 2908 etiam
2558 2867 2656 2905 usu
2688 2850 2895 2905 ordinis
2937 2852 2988 2904 in
3025 2850 3253 2904 vetustis
3283 2863 3380 2904 co-

168 2956 337 3014 excap.
360 2944 424 2999 28
449 2947 797 3015 praesentium
822 2946 1278 3002 Consuetudinqu
1309 2953 1532 3015 apparet
1565 2942 1708 3013 quod
1742 3011 1777 3016 _
1813 2947 2021 3002 dicibus
2045 2960 2329 3016 expresso,
2373 2951 2587 2997 notatur
2617 2942 2673 2996 in
2702 2941 3039 2996 Kalcndariis
3067 2943 3257 3005 missa,
3285 2942 3386 2997 sub

170 3031 333 3103 singuli
365 3035 627 3090 haberent
658 3036 973 3091 novaculam
1002 3036 1069 3090 ad
1098 3043 1280 3104 caput.
1742 3011 1786 3066 Β
1813 3036 1967 3094 festis
2018 3046 2357 3099 sanctorum,
2405 3049 2526 3104 quae
2580 3033 2653 3088 ibi
2706 3034 3017 3089 scribuntur
3063 3032 3385 3088 celebranda

226 3122 360 3178 Nam.
389 3127 438 3181 2.
482 3127 547 3182 In
590 3127 780 3198 vigiliis
816 3128 1080 3182 beatorum
1101 3166 1115 3192 ,
1147 3135 1251 3181 etc.
1295 3124 1439 3180 ldem
1478 3124 1710 3179 refertur
1812 3143 1935 3184 cum
1982 3127 2155 3184 tribus
2185 3135 2393 3181 tantum
2424 3123 2775 3191 lectionibus,
2808 3133 2866 3179 ut
2900 3123 2991 3178 fiat
3015 3123 3268 3179 discretio
3298 3123 3387 3179 in-

170 3225 268 3281 ωε).
296 3214 376 3280 ii,
399 3217 637 3287 ejusdem
668 3232 778 3272 sec.
811 3225 950 3288 part.
986 3216 1042 3271 Si
1075 3216 1196 3270 talis
1224 3215 1340 3270 dies
1367 3223 1451 3270 est
1470 3255 1484 3277 ,
1514 3214 1564 3267 id
1592 3222 1706 3275 est,
1811 3226 1898 3274 ter
1925 3217 2064 3273 festa
2105 3214 2446 3285 huiusmodi,
2469 3229 2589 3285 qua:
2629 3215 2847 3269 missam
2885 3213 3293 3268 conventualcm
3320 3215 3387 3268 de

172 3304 208 3359 si
233 3319 285 3361 ea
312 3308 389 3363 die
422 3318 717 3364 occurrant
756 3325 861 3380 qua
907 3308 1193 3378 coquinum
1234 3306 1417 3361 facere
1456 3304 1616 3367 licet.
1656 3309 1713 3357 et
1812 3309 1954 3366 festo
1975 3309 2200 3372 habent,
2226 3316 2283 3364 et
2302 3307 2406 3362 alia
2437 3321 2556 3377 qua:
2579 3321 2683 3360 non
2716 3304 2932 3359 habent.
2960 3305 3031 3358 At
3054 3304 3186 3358 nihil
3210 3303 3389 3360 simile

172 3394 260 3451 illis
282 3399 450 3454 diebus
485 3418 594 3455 non
623 3403 877 3456 eveniant
901 3400 1240 3456 abstinentia:
1269 3399 1559 3469 dcputatis,
1589 3413 1711 3468 qua:
1814 3410 2055 3465 notatur,
2082 3415 2181 3456 nec
2204 3401 2256 3455 in
2285 3398 2736 3460 solemnitatibus,
2765 3412 2863 3452 nec
2889 3397 2941 3450 in
2966 3395 3117 3452 festis
3140 3396 3385 3466 capituli,

172 3482 216 3537 in
238 3489 571 3553 praesentibus
602 3488 1093 3545 Consuetudinibus
1118 3500 1391 3543 notantur.
1814 3506 1915 3547 nec
1946 3492 1999 3546 in
2023 3490 2178 3553 festis
2206 3489 2488 3544 duodecim
2522 3486 2841 3555 lectionum,
2873 3501 2993 3557 quae
3019 3486 3207 3541 ultima
3235 3485 3387 3542 festis

235 3576 351 3631 Ibid.
382 3578 681 3646 Missusque
713 3596 815 3633 non
843 3591 1138 3634 cantamus.
1172 3580 1227 3633 ld
1260 3580 1312 3633 in
1336 3579 1571 3649 antiquis
1600 3585 1712 3634 sta-
1813 3581 2116 3654 duplicibus
2138 3588 2504 3652 eoacquantur.
2545 3577 2764 3634 Certum
2795 3586 2879 3632 est
2907 3579 3086 3632 autem
3112 3577 3254 3647 quod
3286 3591 3388 3634 nec

172 3666 279 3743 tutis
311 3669 595 3724 omittitur.
647 3669 729 3724 An
771 3680 950 3725 autem
995 3670 1217 3742 intelligi
1266 3671 1457 3725 debeat
1501 3679 1610 3723 tum
1644 3670 1713 3724 de
1812 3675 2002 3731 diebus
2050 3673 2486 3737 solemnitatum,
2524 3684 2623 3726 nec
2673 3669 2863 3725 diebus
2919 3669 3183 3724 festorum
3240 3669 3391 3737 capi.

175 3755 305 3810 missa
332 3760 530 3830 majori,
567 3771 679 3814 tum
710 3762 774 3816 de
797 3761 1023 3830 privatis
1041 3803 1054 3828 ,
1089 3777 1118 3815 τι
1150 3762 1371 3830 quibus,
1400 3761 1506 3816 illis
1537 3760 1711 3830 speci-
1815 3765 1909 3821 tuli
1936 3766 2153 3820 missam
2184 3761 2588 3819 conventualcm
2613 3760 2954 3825 omitterent,
2980 3768 3034 3813 et
3061 3759 3185 3814 inde
3212 3767 3389 3828 [mest

173 3841 316 3900 ﬁcatis
338 3848 557 3917 diebus,
601 3861 784 3921 utpote
804 3849 1011 3922 jejunio
1043 3853 1348 3916 destinatis,
1375 3862 1618 3923 tempore
1642 3850 1709 3905 R.
1814 3854 2056 3910 concludi
2106 3853 2247 3923 quod
2287 3852 2384 3906 ista
2438 3851 2569 3905 festa
2620 3850 2799 3905 omnia
2837 3848 3117 3918 mqualiter
3163 3849 3384 3903 missam

171 3930 317 3992 Patris
347 3939 607 4011 tlnigonis
637 3942 1035 4008 abstineretur,
1079 3943 1256 4013 aliqua
1288 3952 1513 4013 apparet
1555 3943 1713 3997 dubi-
1811 3946 2085 4017 propriam
2120 3952 2175 4000 et
2206 3941 2615 3998 conventualcm
2658 3939 2954 4004 haberent,
2988 3939 3128 3994 sicut
3165 3937 3385 3992 univcr-

171 4029 290 4082 tandi
318 4033 447 4087 ratio
467 4074 482 4098 ,
521 4033 763 4089 maxime
793 4045 1014 4103 propter
1037 4037 1262 4089 verbum
1292 4035 1417 4089 illud
1447 4051 1550 4088 non
1579 4051 1709 4087 can-
1813 4032 1998 4087 saliter
2044 4030 2319 4086 observari
2362 4027 2604 4081 videmus
2654 4024 2705 4078 in
2734 4023 3006 4091 Ecclesia,
3043 4024 3202 4089 ,circa
3244 4024 3381 4080 festa

171 4127 337 4184 tamus,
386 4127 508 4193 quia
567 4125 905 4180 conventuali
963 4125 1138 4181 missa:
1190 4134 1397 4181 tantum
1453 4124 1711 4194 applicari
1813 4122 2067 4192 duplicia.

170 4221 301 4275 posse
322 4214 541 4270 videtur.
579 4215 647 4268 At
671 4226 730 4270 ut
754 4230 916 4284 supra
952 4231 1070 4286 cap.
1104 4216 1138 4269 4
1171 4219 1270 4271 sub
1300 4217 1457 4270 finem
1501 4215 1711 4270 notavi-
1885 4212 2017 4267 Ibid.
2059 4212 2112 4266 5.
2154 4211 2219 4266 1η
2264 4210 2437 4283 vigilia
2484 4219 2684 4266 tantum
2721 4220 2835 4282 post
2878 4225 3090 4264 nonam.
3131 4206 3203 4263 lbi
3240 4204 3387 4262 clare

171 4310 286 4365 mus,
313 4303 524 4359 verbum
571 4305 698 4360 illud
729 4321 759 4359 a
789 4295 851 4360 ft.
881 4304 1040 4360 Patre
1067 4304 1310 4378 Guigone
1350 4309 1712 4362 communiter
1741 4355 1789 4381 η
1813 4319 2128 4376 expressum
2172 4303 2337 4360 habes
2377 4318 2534 4359 usum
2571 4303 3002 4359 recordationum
3046 4299 3237 4381 iisdem
3272 4298 3387 4353 die-

168 4387 305 4444 etiam
341 4407 653 4467 usurpatur,
710 4414 808 4468 pro
850 4355 1202 4469 persolvimus3
1232 4410 1326 4455 aut
1363 4402 1606 4454 dicimus.
1653 4400 1710 4455 id
1741 4355 1789 4414 θ
1814 4355 1916 4453 bu;
1945 4397 2059 4453 fieri
2088 4396 2328 4462 solitum,
2350 4411 2470 4465 qua:
2492 4396 2545 4450 in
2571 4394 2807 4465 antiquis
2827 4394 3045 4449 statutis
3070 4376 3388 4461 speciiican-

170 4491 275 4550 ergo
307 4485 367 4539 de
404 4488 583 4544 missis
608 4490 833 4559 privatis
867 4501 1043 4559 potest
1084 4491 1341 4560 intelligi,
1387 4508 1508 4546 cum
1545 4493 1709 4547 etiam
1816 4500 1903 4545 tur
1934 4509 1947 4544 :
1980 4499 2035 4544 et
2065 4489 2188 4544 inde
2212 4487 2507 4557 perspicies
2539 4484 2592 4539 in
2629 4485 2867 4557 antiquis
2904 4483 3122 4538 statutis
3149 4494 3214 4535 ea
3239 4479 3415 4535 ordia

172 4569 216 4622 ί¹¹
241 4572 426 4642 ieiunio
466 4582 918 4652 quadragesimali
951 4583 1095 4636 omni
1129 4583 1215 4637 die
1264 4585 1425 4637 missa
1472 4587 1708 4639 σοιιινθιι-
1812 4589 1940 4636 nate
1968 4588 2023 4636 et
2049 4593 2305 4647 expresse
2331 4577 2499 4633 fuisse
2518 4576 2713 4646 posita,
2742 4589 2863 4643 quae
2885 4575 2937 4628 in
2966 4569 3386 4628 Consuetudini-

174 4665 333 4730 ιωιῑδ.
365 4670 421 4725 id
447 4683 530 4728 est
565 4676 757 4744 major,
803 4675 1190 4739 cehebraretur,
1230 4685 1390 4746 prout
1423 4692 1489 4730 ex
1523 4694 1575 4729 n.
1609 4676 1706 4742 12,
1812 4672 1911 4727 bus
1938 4671 2004 4725 li.
2048 4670 2224 4725 Patris
2248 4666 2504 4736 Guigonis
2557 4664 2786 4734 sparsim
2820 4672 3060 4725 tantum,
3108 4658 3385 4715 succincte

170 4765 266 4823 ⁸³1³·
287 4757 347 4824 4.
387 4765 661 4832 probatur.
710 4766 1046 4821 Probabilius
1078 4778 1254 4821 tamen
1286 4777 1396 4831 est,
1443 4768 1583 4836 quod
1621 4769 1701 4822 his
1810 4770 1866 4818 et
1897 4761 2059 4814 veluti
2093 4756 2348 4829 implicite
2370 4758 2585 4812 fuerant
2616 4755 2816 4823 scripta
2847 4770 2861 4806 :
2893 4761 2947 4806 et
2977 4751 3203 4820 probati.
3225 4764 3260 4803 ιι
3288 4749 3387 4804 ha-

172 4850 351 4904 lantum
386 4855 573 4910 diebus
622 4857 841 4911 missam
884 4858 1291 4913 conventualcm
1338 4859 1704 4925 celebrarent,
1811 4852 1962 4907 bebis
1990 4850 2135 4919 quod
2158 4850 2208 4901 in
2236 4846 2464 4916 Prologo
2484 4847 2549 4900 de
2573 4846 2673 4899 hac
2703 4845 2957 4899 diximus.

170 4937 335 5003 quibus
366 4945 522 5001 missa
565 4949 780 5018 propria
827 4965 892 5005 ex
943 4950 1256 5019 prmscripto
1304 4948 1536 5003 niissalis
1580 4958 1708 5004 tunc
1880 4942 1990 4998 Cur
2021 4955 2213 4996 rasura
2241 4954 2382 4993 nunc
2412 4936 2614 5008 plurius
2637 4937 2728 4990 fiat
2755 4937 2893 5006 apud
2919 4934 3048 4990 nos?
3073 4932 3133 4989 ld
3151 4932 3387 5003 pertinet

168 5036 268 5079 era.
290 5036 567 5104 assignata.
615 5038 788 5093 Missae
814 5055 1028 5109 quoque
1057 5056 1152 5110 pro
1175 5039 1443 5095 defunctis
1466 5054 1705 5095 convcn-
1811 5034 1877 5088 ad
1913 5032 2169 5100 majorem
2214 5030 2569 5085 reverentiam
2600 5027 2958 5082 adhibendam
2999 5025 3051 5078 in
3095 5025 3384 5078 missarum

170 5119 354 5177 tartiter
374 5128 803 5197 celebrabantur,
846 5142 1002 5202 pt‘Oltl
1031 5120 1083 5186 in
1124 5132 1244 5187 aliis
1286 5132 1419 5186 locis
1446 5133 1593 5186 clare
1619 5133 1705 5186 vi-
1810 5124 2205 5184 celebratione,
2253 5135 2373 5191 qum
2420 5116 2754 5187 frequentior
2791 5130 2931 5171 nunc
2970 5125 3055 5172 est
3102 5116 3244 5184 apud
3286 5127 3387 5172 nos

172 5203 197 5258 α
231 5211 372 5269 ditur.
1710 5244 1714 5249 η
1811 5231 1969 5288 quam
2001 5214 2189 5284 primis
2217 5212 2422 5268 ordinis
2452 5208 2803 5278 temporibus,
2834 5216 2894 5263 ut
2913 5222 3012 5261 suo
3034 5206 3151 5260 loco
3175 5203 3383 5259 videbi-

226 5298 367 5359 Num.
392 5308 444 5362 5.
475 5309 542 5364 In
564 5314 781 5380 cwteris,
814 5322 943 5377 ctc.,
974 5330 1065 5368 nec
1090 5315 1301 5368 missam
1328 5315 1572 5368 dicimus.
1603 5311 1698 5369 llic
1813 5318 1922 5365 tur.
1946 5306 2141 5363 Sed'ex
2165 5305 2280 5374 ipsa
2315 5316 2625 5357 rasurarum
2654 5298 3119 5370 multiplicatione,
3150 5296 3386 5384 rigorem

171 5396 220 5439 te
242 5389 381 5448 offert
422 5401 632 5455 occasio
675 5403 828 5458 facile
857 5405 1073 5458 errandi
1120 5405 1220 5459 nisi
1253 5405 1532 5474 seque-uia
1578 5419 1700 5458 cum
1812 5406 2010 5453 nostra:
2037 5388 2395 5450 observantiae
2418 5393 2597 5464 potius
2636 5401 2852 5446 auctum
2885 5404 3006 5446 esse
3033 5404 3192 5459 quam
3222 5385 3384 5441 dimi~

171 5485 552 5544 Precedcniilms
581 5495 866 5562 prudenter
886 5495 1305 5560 concordcntur,
1336 5506 1391 5550 et
1418 5496 1543 5549 inde
1571 5511 1702 5550 eon-
1814 5498 2023 5555 nutum,
2054 5485 2272 5556 proprio
2298 5478 2667 5554 experimento
2700 5482 2857 5539 facile
2884 5482 3117 5547 discent,
3146 5478 3236 5552 qni
3268 5491 3401 5539 rem

172 5566 381 5632 cludendi
404 5584 543 5650 quod
568 5586 726 5640 missa
764 5586 1135 5642 convcutualis
1166 5596 1404 5653 tempore
1428 5586 1494 5640 Β.
1524 5584 1698 5641 Patris
1815 5583 1866 5637 in
1895 5580 2117 5662 dubium
2144 5593 2340 5635 vocare
2369 5576 2566 5632 volent.
