3992 6442
160 429 249 486 657
989 426 995 433 '
1449 410 2056 493 consunruoiuns.
2938 485 2944 491 ,
3297 426 3405 482 oss

164 534 213 576 ct
238 518 358 577 dicit
388 514 675 583 sacerdos,
710 511 831 570 Pas:
859 514 982 570 huic
1011 515 1191 572 domui
1234 524 1280 570 et
1323 518 1564 571 omnibus
1598 516 1953 577 habitantibus
1988 517 2041 570 in
2073 514 2165 583 ea’,
2204 527 2460 589 spargens
2500 511 2695 586 aquam
2730 522 3012 585 sanctam;
3053 522 3412 590 respondetur

161 621 323 674 Amen.
982 670 983 673 η
1434 666 1437 667 ,

221 708 272 762 2.
310 705 458 760 Tunc
486 703 779 760 conﬁtetur
799 714 1027 773 peccata
1055 718 1178 767 sua,
1212 711 1266 758 et
1294 710 1417 773 post
1444 700 1838 757 absolutionem
1864 701 1995 757 dicit
2031 701 2171 757 idem
2204 698 2302 774 [al.
2343 699 2497 775 item]
2528 701 2814 757 sacerdos:
2841 699 3056 756 Salmm
3092 700 3176 771 {ac
3201 717 3404 759 servum

163 816 327 869 tuum;
359 802 480 856 Esto
505 800 553 856 ei
574 839 590 867 ,
617 795 882 865 Domine;
914 797 1064 855 Nihil
1088 799 1363 871 proﬁciat,
1395 798 1651 855 Dominus
1686 799 1982 866 vobiscum,
2017 797 2160 853 Deus
2188 798 2280 870 qui
2311 798 2515 869 [amulo
2543 808 2665 863 tuo,
2712 798 2850 853 Deus
2877 799 2967 871 qui
2993 815 3086 870 per
3109 798 3407 869 apostolum

163 911 313 953 nium.
686 917 691 925 ε
1668 882 1673 891 “

1668 882 1673 891 ρ
3174 885 3180 891 ι

221 995 271 1048 5.
308 991 507 1048 Deinde
538 990 740 1047 dicitur
763 991 1027 1063 psalmus,
1056 992 1301 1059 Domine,
1333 1008 1396 1049 ne
1426 992 1482 1048 in
1507 991 1687 1063 furore
1709 1002 1821 1058 tuo,
1851 992 2081 1064 primus,
2109 998 2234 1062 post
2262 989 2418 1060 cuius
2447 991 2608 1049 ﬁnem
2639 990 2915 1064 inungitur
2942 990 2993 1046 ei
3023 990 3173 1046 visus
3197 1000 3251 1046 et
3271 991 3405 1047 dici-

167 1097 242 1142 tur
268 1104 281 1140 :
322 1084 423 1140 Per
448 1085 611 1141 istam
635 1085 933 1142 unctionem
957 1098 1009 1143 et
1035 1103 1192 1143 suam
1215 1088 1506 1159 piissimam
1537 1087 1955 1143 misericordiam
1980 1086 2249 1158 indulgeat
2278 1087 2372 1141 tibi
2413 1086 2555 1143 Deus
2576 1087 2832 1160 quidquid
2854 1086 3079 1158 peccasti
3103 1087 3407 1157 percisum.

221 1181 265 1235 4.
305 1181 369 1236 Ει
408 1179 483 1236 ita
512 1191 637 1251 post
667 1184 1004 1257 singulorum
1042 1187 1374 1257 psalmorum
1413 1196 1622 1259 septem
1665 1187 1828 1243 tinent
1852 1228 1869 1253 ,
1900 1187 2164 1260 repetitur
2206 1188 2325 1243 haec
2348 1188 2537 1243 eadem
2571 1189 2746 1243 oratio
2774 1187 2841 1242 ad
2884 1187 3092 1258 singula
3133 1187 3186 1243 in
3213 1189 3413 1259 quibus

167 1275 417 1345 IIIIIIlgIIIII‘
437 1275 579 1342 loca,
612 1266 773 1336 idest
798 1281 866 1336 ad
894 1281 1161 1348 auditum,
1188 1284 1256 1339 ad
1280 1284 1598 1351 odoratum,
1624 1284 1691 1339 ad
1720 1293 1936 1356 gustum
1964 1284 2079 1340 sive
2109 1282 2402 1354 loquelam,
2439 1286 2506 1340 ad
2538 1293 2741 1340 tactum
2760 1324 2777 1351 ,
2810 1284 2865 1340 id
2892 1294 2976 1340 est
3003 1283 3073 1339 ad
3102 1300 3312 1350 manus,
3339 1285 3419 1339 ad

173 1375 439 1436 incessum.
467 1375 520 1430 id
546 1385 633 1431 est
657 1375 724 1429 ad
755 1376 987 1446 plantas,
1018 1378 1086 1433 ad
1117 1378 1366 1436 ardorem
1395 1379 1656 1445 libidinis,
1688 1380 1740 1436 id
1758 1390 1849 1441 est
1878 1380 1945 1436 ad
1974 1395 2152 1438 renes.
2582 1447 2590 1455 ,

225 1471 274 1526 5.
312 1470 499 1527 Postea
548 1471 778 1541 tergitur
803 1485 865 1527 os
894 1472 1014 1543 ejus
1038 1512 1055 1538 ,
1082 1480 1138 1529 et
1166 1473 1236 1529 ab
1263 1475 1514 1532 omnibus
1537 1515 1555 1543 ,
1585 1485 1842 1547 tanquam
1880 1476 2247 1548 profecturus,
2278 1475 2365 1546 pie
2395 1473 2742 1532 exosculatus
2766 1475 3153 1544 communicat,
3189 1487 3417 1534 cantan-

172 1568 296 1622 tibus
314 1566 401 1637 qui
430 1566 634 1622 adsunt
661 1568 1100 1625 communionem
1127 1588 1143 1625 :
1181 1569 1299 1626 Hoc
1326 1587 1531 1642 corpus.

230 1664 278 1719 6.
311 1663 434 1720 Post
461 1664 579 1721 haec
607 1663 863 1721 dicuntur
887 1666 1163 1724 orationes
1190 1666 1335 1734 istic,
1364 1665 1604 1739 Respice,
1633 1666 1891 1733 Domine;
1921 1664 2095 1731 Deus,
2114 1667 2203 1737 qui
2230 1666 2451 1735 factura:
2479 1674 2605 1730 tute;
2638 1665 2804 1733 Deus,
2835 1665 2925 1737 qui
2956 1665 3187 1720 humano
3213 1667 3415 1736 generi.

1480 1761 1882 1820 CAPITULUM
1919 1761 2055 1818 XIII.

1224 1856 1506 1925 Quomodo
1534 1859 1843 1913 tractandus
1870 1858 1940 1913 sit
1967 1857 2058 1929 qui
2087 1857 2333 1929 moritur.

240 1947 278 2003 Ι.
319 1946 448 2005 Cum
470 1947 587 2019 jam
624 1947 724 2023 [al.
748 1950 1001 2026 jamjam]
1047 1953 1186 2010 mori
1219 1954 1511 2020 videbitur,
1543 1955 1610 2011 ab
1640 1954 1726 2010 bis
1759 1954 1851 2028 qui
1880 1954 1930 2010 ei
1964 1953 2211 2010 serviunt
2236 1952 2396 2023 signo
2423 1952 2548 2008 dato
2568 1993 2584 2020 ,
2620 1954 2917 2024 postposita
2946 1955 3093 2010 omni
3132 1956 3425 2011 occasione

174 2056 437 2103 accurrunt
458 2047 669 2115 cuncti,
697 2049 801 2105 nisi
834 2065 957 2106 cum
995 2049 1094 2124 [al.
1155 2050 1361 2123 tamen]
1390 2051 1631 2106 divinum
1668 2051 1721 2107 in
1756 2050 1988 2107 ecclesia
2019 2049 2309 2120 contigerit
2333 2048 2573 2104 cilicium
2598 2047 2882 2105 celebrari.
3354 2118 3363 2127 ν

235 2141 284 2197 2.
321 2141 466 2199 Tunc
489 2143 642 2200 enim
670 2146 840 2218 prior,
871 2146 957 2203 vel
987 2148 1073 2203 cui
1110 2148 1228 2219 ipse
1255 2147 1576 2220 injunserit,
1600 2162 1725 2204 cum
1768 2147 1977 2204 duobus
2010 2155 2103 2201 aut
2129 2131 2300 2200 tribus
2329 2145 2396 2199 ad
2428 2145 2746 2200 morientem
2780 2143 3021 2200 festinat.
3056 2147 3447 2217 Depositoque'

174 2249 231 2290 eo
252 2250 399 2306 super
422 2235 774 2296 benedictum
803 2241 1075 2308 cinerem,
1109 2243 1352 2300 litaniam
1380 2253 1547 2316 prout
1586 2258 1676 2301 res
1703 2245 1906 2316 patitur
1932 2244 2144 2315 longam
2173 2241 2255 2298 vel
2283 2242 2500 2298 brevem
2544 2241 2773 2298 faciunt.
2799 2239 3077 2312 Sequitur,
3127 2237 3289 2295 Pater
3319 2247 3423 2297 no‘

179 2342 286 2396 ater,
310 2341 361 2390 et
380 2349 597 2405 preces,
621 2336 836 2392 Saluum
861 2337 970 2409 fac,
996 2338 1129 2395 Esto
1153 2341 1220 2407 ei,
1250 2338 1404 2395 Nihil
1428 2341 1692 2412 proficiat,
1721 2341 1912 2397 deinde
1932 2340 2111 2396 oratio
2136 2339 2272 2402 hinc,
2302 2337 2724 2394 Hiscricordiam
2753 2347 2933 2402 tuam;
2959 2348 3080 2409 post
3100 2339 3238 2393 hanc
3265 2337 3430 2407 quin-

178 2439 266 2492 que
289 2428 486 2497 psalmi,
527 2429 702 2485 Verba
727 2448 863 2496 mea,
900 2432 1139 2498 Domine,
1171 2452 1236 2490 ne
1259 2435 1313 2489 in
1340 2435 1541 2505 furore,
1569 2435 1802 2505 primus,
1839 2435 2015 2491 Dilexi
2039 2435 2313 2507 quoniam,
2338 2431 2577 2498 Credidi,
2601 2432 2676 2486 De
2708 2433 3007 2509 profundis,
3044 2430 3201 2484 Pater
3228 2438 3421 2493 noster,

181 2524 211 2573 Α
237 2532 369 2591 porta
393 2522 581 2592 inferi;
609 2526 805 2593 oratio,
839 2524 999 2595 Deus,
1028 2530 1113 2582 cui
1136 2529 1406 2600 proprium
1431 2541 1526 2586 est.
1553 2530 1762 2587 Exinde
1784 2531 1990 2602 agenda
2022 2530 2267 2602 plenaria
2296 2544 2418 2586 cum
2451 2528 2695 2586 laudibus
2724 2538 2781 2585 et
2810 2528 3081 2600 vesperis;
3114 2532 3235 2597 post
3264 2524 3433 2590 banc,

181 2615 494 2678 Psalterium.

238 2708 286 2764 5.
324 2709 524 2771 Interea
550 2711 846 2774 defunctus
873 2719 1111 2775 abluitur
1139 2728 1195 2786 et
1229 2721 1506 2788 induitur;
1536 2723 1838 2779 monachus
1864 2721 2043 2779 cilicio
2070 2731 2126 2777 et
2148 2721 2381 2789 cuculla,
2410 2721 2599 2792 caligis
2622 2730 2677 2774 et
2705 2718 3018 2791 pedulibus;
3052 2714 3220 2770 laicus
3246 2711 3427 2767 tunica

184 2810 228 2856 et
247 2807 466 2876 caputio,
497 2809 692 2881 caligis
722 2822 779 2868 et
805 2814 1088 2883 pedulibus
1107 2856 1124 2881 ,
1154 2817 1280 2872 inde
1308 2818 1607 2889 imponitur
1633 2817 1837 2875 feretro
1866 2828 1922 2874 et
1949 2819 2257 2874 intermissa
2285 2818 2584 2889 psalmodia
2614 2816 2743 2872 dicit
2774 2816 3053 2875 sacerdos.
3081 2810 3149 2866 In
3176 2809 3431 2865 memoria

190 2910 377 2965 eterna.
408 2903 490 2960 Ne
526 2907 719 2962 tradas
746 2907 946 2973 bestiis,
982 2907 1065 2989 Ne
1101 2912 1262 2966 intres
1286 2912 1339 2967 in
1354 2913 1660 2984 judicium;
1684 2925 1806 2985 post
1844 2915 1960 2971 haec
1985 2915 2288 2972 orationem
2317 2914 2499 2980 istam,
2532 2912 2691 2976 Deus,
2717 2912 2801 2966 cui
2827 2913 3003 2966 omnia
3036 2909 3230 2964 vivunt.

240 2993 283 3046 4.
323 2994 411 3052 llis
445 3001 684 3071 expletis
726 3002 901 3059 fertur
933 3005 985 3060 in
1022 3006 1334 3073 ecclesiam,
1376 3016 1432 3063 et
1460 3017 1712 3065 cantatur
1754 3011 2192 3081 responsoriuni,
2225 3007 2395 3064 Credo
2429 3008 2567 3080 quod
2603 3007 2948 3075 Redemptor;
2989 3017 3109 3074 post
3150 3004 3265 3058 haec
3301 3001 3439 3057 dicit

185 3089 429 3148 sacerdos:
452 3093 493 3146 Α
518 3106 681 3166 porta
711 3099 888 3170 inferi,
918 3100 1072 3156 Nihil
1100 3102 1367 3172 proﬁciat,
1398 3103 1482 3159 Ne
1507 3105 1691 3171 intres,
1717 3104 1962 3170 Oremus,
1996 3105 2236 3175 Suscipe,
2263 3104 2506 3169 Domine,
2536 3102 2790 3157 animant.

241 3182 288 3237 5.
321 3184 491 3245 Posito
513 3200 703 3248 autem
729 3194 782 3250 in
810 3197 1042 3254 ecclesia
1078 3197 1354 3266 defuncto,
1388 3202 1654 3271 repetitur
1676 3202 1975 3272 psalmodia
2006 3204 2095 3258 ubi
2125 3202 2301 3259 fuerat
2328 3200 2639 3258 intermissa
2664 3216 2679 3266 ;
2711 3207 2765 3254 et
2792 3198 2894 3253 hoc
2920 3195 3142 3252 omnino
3167 3206 3428 3264 procura-

189 3287 261 3333 tur
283 3290 336 3337 ut
366 3285 467 3340 duo
502 3288 573 3342 ad
614 3288 792 3345 minus
831 3291 1089 3362 psalteria
1131 3294 1405 3362 dicantur,
1445 3311 1611 3352 unum
1645 3297 1699 3353 in
1731 3297 1993 3361 ecclesia,
2025 3298 2266 3367 alterum
2296 3297 2351 3353 in
2391 3296 2542 3352 cellis
2570 3310 2694 3353 cum
2727 3294 2936 3359 veniis;
2981 3293 3026 3348 si
3058 3305 3187 3345 vero
3223 3290 3291 3344 de
3332 3288 3433 3342 illo

188 3378 306 3442 Quod
344 3379 391 3434 in
415 3382 652 3439 ecclesia
682 3385 972 3443 dicendum
1002 3398 1118 3455 est,
1151 3391 1413 3447 restiterit
1439 3393 1643 3464 aliquid
1668 3435 1684 3458 ,
1715 3395 1961 3451 redditur
1992 3395 2046 3450 in
2077 3393 2261 3460 cellis;
2294 3410 2420 3450 nam
2457 3395 2501 3450 si
2535 3405 2747 3465 tempus
2776 3388 3038 3463 permittit
3073 3386 3261 3441 eadem
3304 3382 3437 3449 die,

190 3484 276 3526 non
311 3484 479 3534 tamen
509 3480 623 3535 nisi
656 3490 777 3551 post
813 3483 1035 3541 missam
1065 3501 1167 3557 pro
1201 3502 1268 3543 eo
1298 3499 1596 3555 cantatam,
1631 3491 1912 3562 sepelitur.
1947 3491 2044 3549 Sin
2087 3501 2270 3548 autem
2297 3533 2313 3558 ,
2356 3500 2608 3561 servatur
2643 3491 2696 3545 in
2728 3489 3071 3550 crastinum.
3108 3491 3435 3552 ηοοιοηιψιθ

190 3567 332 3635 ipsum
370 3577 621 3632 monachi
649 3590 771 3632 cum
808 3577 991 3648 laicis,
1035 3589 1090 3637 et
1127 3598 1226 3653 pro
1262 3586 1344 3641 sui
1376 3601 1606 3647 numero
1631 3597 1686 3642 et
1715 3601 1813 3658 pro
1841 3588 2008 3658 ipsius
2042 3588 2347 3659 quantitate
2379 3587 2666 3651 dividunt,
2698 3585 2843 3640 circa
2876 3596 3074 3653 corpus
3119 3579 3439 3650 psalterium

191 3662 584 3734 frequentantes.

247 3759 292 3814 6.
327 3762 379 3818 In
410 3769 658 3824 crastino
687 3777 890 3836 autem,
922 3774 1089 3831 missa
1117 3779 1329 3834 cunctis
1351 3764 1725 3849 prasscntibus
1751 3790 1992 3848 cantata,
2027 3780 2288 3853 sepelitur
2322 3781 2423 3836 hoc
2448 3779 2627 3835 modo.
2654 3778 2776 3833 Stat
2802 3777 3005 3832 chorus
3032 3776 3185 3845 juxta
3213 3786 3429 3841 corpus,

192 3858 235 3903 et
266 3852 382 3955 dicit
405 3862 696 3928 sacerdOS.
734 3862 894 3920 Pater
925 3881 1140 3937 noster;
1176 3888 1392 3941 precem
1422 3876 1464 3928 Α
1500 3887 1652 3955 porta
1685 3876 1879 3947 inferi;
1910 3852 2214 3932 orationem
2246 3876 2408 3942 Deus,
2438 3880 2554 3930 ritw
2577 3876 2768 3939 dator;
2807 3872 3233 3943 responsorium,
3264 3868 3439 3924 Credo

191 3950 304 4013 quod
327 3951 658 4025 Redemptor,
691 3957 743 4012 Κ
745 3963 856 4032 yrie
877 3965 1088 4027 cleison.
1129 3967 1292 4023 Pater
1317 3980 1524 4036 noster;
1553 3950 1777 4041 precem
1808 3970 2094 4039 Neintres,
2133 3973 2434 4027 orationem
2465 3970 2625 4036 Deus,
2654 3971 2743 4040 qui
2761 3970 3058 4023 animarum
3076 3983 3097 4033 ;
3139 3980 3421 4036 responsi)-

193 4042 327 4147 1’ξιιιῐῃ
370 4047 448 4105 Ne
467 4052 769 4110 abscondas
799 4074 906 4121 me,
933 4057 1097 4132 Kyrie
1135 4061 1351 4133 eleison,
1390 4063 1551 4121 Pater
1574 4077 1782 4133 noster;
1813 4082 2053 4137 precem,
2086 4066 2169 4122 Ne
2203 4068 2384 4122 tradas
2408 4068 2604 4133 bestiis,
2647 4068 2823 4127 oratio
2860 4063 2982 4118 Non
3020 4065 3181 4117 intres
3203 4063 3256 4115 in
3276 4062 3431 4132 judi-

193 4152 343 4207 cium;
368 4149 801 4217 responsorium,
835 4151 915 4208 Ne
942 4155 1122 4224 intres,
1162 4157 1321 4229 Kyrie
1348 4161 1575 4227 eicison,
1615 4161 1782 4217 Pater
1823 4173 2028 4228 noster;
2058 4161 2559 4234 precem,Requiem
2596 4172 2877 4225 wlernam,‘
2920 4158 3224 4213 orationem
3245 4197 3260 4223 ,
3293 4154 3431 4222 Fac,

192 4248 455 4300 qtta'sumus
470 4284 486 4309 ,
516 4244 769 4301 Domine.

252 4330 298 4385 7.
336 4335 480 4395 Tunc
509 4352 766 4410 portatur
791 4348 858 4400 ad
891 4351 1174 4418 tumulum,
1203 4370 1327 4409 cum
1365 4355 1451 4411 IIIS
1475 4355 1730 4427 psalmis,
1758 4355 1823 4410 In
1853 4356 1994 4412 exitu
2035 4355 2223 4421 Israel,
2262 4354 2513 4412 Miserere
2536 4354 2667 4418 mei,
2704 4353 2866 4417 Deus,
2895 4349 3233 4420 Conﬁtemini
3264 4364 3439 4415 cxvii,

196 4423 641 4522 Quenmdmodum,
684 4437 965 4512 Memento,
1004 4447 1247 4517 Domine,
1284 4454 1515 4522 probasti
1548 4471 1658 4519 me,
1688 4447 1919 4521 Inclina,
1958 4451 2195 4509 Laudate
2245 4453 2529 4508 Dominum
2562 4453 2626 4506 de
2656 4450 2816 4515 artis,
2849 4447 3159 4503 Benedictus
3183 4444 3441 4500 Dominus

199 4518 311 4577 Deus
341 4526 504 4584 Israel
523 4570 540 4598 ,
570 4531 905 4618 Magni/ient.

1657 4616 1883 4671 ΜΕΝΤΑ
1895 4617 2068 4672 RIUS.

667 4606 691 4618 ’
757 4606 768 4617 ’
1657 4616 1936 4671 annua
2033 4618 2068 4672 '.

198 4708 278 4767 fuit
304 4714 353 4770 in
380 4733 474 4774 usu
500 4719 644 4790 apud
667 4732 786 4780 nos,
810 4716 912 4770 nisi
942 4727 1038 4783 pro
1066 4720 1216 4767 certo
1242 4722 1440 4779 genere
1466 4606 1749 4785 attigi]...
1776 4714 1821 4769 Α
1853 4617 2280 4776 ὺιιιῖιῗῗθιικιιιυα
2305 4706 2495 4759 devota
2516 4701 2801 4772 occupatio
2825 4715 3030 4762 corum,
3054 4702 3145 4769 qui
3170 4698 3438 4754 custodie-

200 4802 241 4856 in
264 4811 466 4868 statutis
506 4823 886 4882 expressarum
908 4850 923 4873 ,
970 4820 1092 4874 qua:
1130 4803 1182 4857 in
1219 4798 1453 4871 capitulo
1485 4813 1745 4867 reetigno-
1854 4802 1985 4856 bant
2010 4814 2206 4870 corpus
2229 4796 2491 4854 defuncti.
2525 4795 2733 4850 Exinde
2763 4793 2814 4847 id
2842 4804 3162 4882 conversum
3193 4790 3310 4882 fuit,
3341 4806 3443 4862 per

197 4905 411 4963 scuntur,
440 4900 491 4955 id
517 4880 747 4956 lucidius
778 4899 830 4951 in
856 4894 1129 4950 modernis
1156 4891 1373 4947 statutis
1401 4888 1744 4959 exprimitur,
1855 4889 2309 4946 consuetudinem
2336 4902 2364 4941 a
2395 4884 2756 4956 singularibus
2779 4881 3028 4937 domibus
3050 4880 3441 4945 introductam,

197 4983 270 5038 ubi
308 4987 496 5045 dicitur
532 4990 674 5061 quod
721 4996 956 5058 mgrotus
987 4986 1158 5051 dicit,
1197 4981 1460 5051 Conﬁteor
1506 4980 1612 5034 Deo
1637 5021 1651 5046 ,
1689 4989 1745 5036 et
1854 4983 1906 5038 in
1941 4976 2749 5053 quoddambcneliciutmquod
2777 4974 3125 5031 secenlaribus
3149 4971 3313 5030 etiam
3338 4974 3434 5028 ali-

198 5079 350 5135 subdit
377 5086 652 5148 sacerdos,
683 5082 1019 5144 Misereatur,
1047 5089 1153 5134 etc.
1851 5074 2068 5145 quando
2105 5072 2511 5129 concederetur.
2556 5070 2757 5125 Contra
2805 5069 2943 5123 hanc
2988 5065 3430 5122 consuetudinem

253 5170 433 5229 Eadem
469 5179 535 5231 ad
565 5177 797 5231 litteram
827 5186 968 5227 nunc
994 5184 1293 5227 servamus.
1853 5185 1921 5223 ne
1948 5175 2315 5229 excresceret,
2344 5174 2396 5222 et
2428 5164 2551 5218 inde
2581 5160 2826 5217 monachi
2852 5168 3228 5231 gravarentur,
3263 5159 3441 5213 ret-Ia-

254 5264 372 5320 Car.
409 5268 546 5323 XIII.
574 5299 643 5308 —
669 5267 816 5322 Idem
849 5264 1143 5335 capitulum
1181 5264 1392 5332 integre
1430 5260 1665 5318 refertur
1692 5260 1743 5314 in
1850 5270 2134 5316 moverunt
2163 5259 2368 5328 antiqui
2416 5256 2637 5319 Patres,
2672 5262 2731 5309 ut
2774 5254 2956 5308 videre
2985 5263 3062 5307 est
3096 5253 3253 5323 prim.
3288 5261 3443 5321 parte

199 5355 406 5425 antiquis
431 5360 649 5415 statutis
674 5374 793 5429 cap.
825 5358 892 5412 47
925 5358 1085 5429 prim.
1117 5366 1257 5426 part.
1852 5352 2021 5422 antiq.
2054 5351 2254 5406 Statut.
2288 5365 2406 5421 cap.
2441 5349 2531 5415 i9,
2571 5362 2718 5401 num.
2757 5346 2818 5399 l5
2842 5356 2896 5400 et
2929 5342 3013 5408 Ili,
3051 5352 3105 5398 ct
3135 5343 3186 5396 in
3208 5341 3430 5396 ordina-

256 5445 396 5502 Num.
421 5450 534 5506 9(5.
574 5449 696 5505 Post
727 5451 860 5504 hanc
890 5447 1228 5513 Psalterium,
1256 5455 1384 5513 elc.,
1414 5446 1509 5500 hoc
1536 5434 1748 5499 omnino
1854 5445 2088 5499 tionibus
2117 5443 2349 5513 plurium
2377 5440 2735 5511 capitulorum
2761 5437 3112 5509 generalium,
3145 5436 3209 5489 de
3233 5434 3443 5505 quibus

198 5548 501 5608 procuratur,
556 5552 612 5596 ut
659 5543 765 5595 duo
815 5541 884 5594 ad
939 5543 1109 5593 minus
1166 5537 1423 5593 Psalteria
1472 5536 1739 5599 dicantur,
1849 5535 1971 5590 alibi
2007 5534 2176 5590 fusius
2207 5531 2549 5589 tractabitur.

200 5639 336 5681 unum
371 5631 422 5686 in
457 5634 696 5701 ecclesia,
724 5633 944 5687 alterum
990 5633 1042 5685 in
1078 5630 1226 5684 cellis
1258 5646 1375 5684 cum
1422 5629 1603 5683 variis.
1643 5628 1742 5681 llic
1918 5630 1973 5685 lu
2020 5631 2236 5685 statutis
2279 5628 2552 5685 modernis
2598 5630 2787 5682 eadem
2831 5638 3053 5697 prorsus
3095 5621 3430 5686 referuntur,

201 5712 342 5771 habes
379 5725 635 5792 originem
675 5724 948 5795 suffragii,
989 5723 1132 5794 quod
1171 5723 1535 5776 monac/ratum
1581 5735 1740 5773 voca-
1786 5717 1791 5721 ’
1845 5723 1937 5779 sed
1970 5722 2135 5779 latius
2159 5729 2212 5777 ct
2242 5720 2541 5778 distinctius
2570 5720 2833 5775 ordinata.

200 5818 318 5868 unus.
341 5823 390 5867 ct
413 5825 533 5870 tunc
564 5832 655 5873 oro
681 5815 1035 5885 prmscntibus
1066 5823 1270 5869 tantum
1299 5814 1527 5869 mortuis
1560 5811 1720 5867 redde
2190 5798 2207 5813 ’
