3992 6468
614 422 730 483 659
1430 431 1764 500 {GUIGONIS
1804 433 1823 487 l
1860 384 2286 489 CARTllUSlE
2327 426 2618 486 MAIORIS
2658 424 2933 483 PRIORIS
2973 422 3013 479 γ
3755 420 3839 477 ια

688 550 744 608 8.
783 549 919 606 Cum
943 555 1162 606 ventum
1191 551 1274 602 est
1302 545 1369 601 ad
1396 545 1725 615 sepulcrum,
1755 544 1887 601 dicit
1908 544 2186 612 sacerdos,
2214 541 2376 601 Pater
2408 553 2604 609 noster,
2641 543 2684 593 Α
2712 551 2865 607 porta
2895 538 3088 609 inferi;
3120 535 3447 602 orationem,
3479 534 3617 601 Tibi,
3641 524 3843 605 Denisi,

616 644 1061 702 commendamus.
1088 639 1243 697 Tunc
1269 641 1539 698 benedicit
1577 641 1779 696 fossam
1807 648 1865 697 et
1893 640 2131 712 aspergit
2162 652 2301 709 aqua
2330 645 2517 694 sancta
2547 645 2603 692 et
2642 636 2737 692 tbu
2753 635 2949 700 rilicat,
2984 634 3184 689 deinde
3216 631 3440 703 ponitur
3479 645 3675 701 corpus
3696 631 3746 685 in
3766 646 3842 698 es;

614 751 673 798 et
702 741 829 795 dum
856 738 1098 809 operitur
1125 738 1257 794 dicit
1294 738 1546 794 sacerdos
1579 738 1855 792 orationes
1883 737 2016 792 istas
2034 776 2050 802 ,
2083 734 2296 791 caeteris
2325 732 2617 805 praedictos
2662 730 2899 801 psalmos
2927 729 3269 794 canentibus,
3310 724 3685 797 Obsecremus,
3711 725 3844 791 Das,

606 833 757 905 apud
788 848 959 905 quem,
990 828 1083 897 Te,
1106 832 1347 900 Domine,
1375 829 1616 902 Oremus,
1638 832 1852 903 fratres,
1874 830 2011 887 Deus
2032 831 2121 903 qui
2142 830 2327 901 iustis,
2357 824 2605 884 Debitum
2628 826 2867 894 humani,
2894 824 3225 882 Temeritatis
3245 822 3484 894 quidem,
3510 821 3843 891 Omnipolntis

610 927 737 997 Dei,
770 928 1003 993 Inclina,
1037 926 1282 981 Domine.
1310 948 1311 951 η

683 1022 739 1077 9.
779 1022 985 1091 Quibus
1013 1021 1220 1092 pariter
1247 1030 1301 1077 et
1330 1020 1561 1077 Psalmis
1588 1021 1815 1091 expletis
1842 1020 2090 1093 sequitur
2122 1020 2284 1076 Pater
2307 1029 2505 1085 noster,
2532 1027 2589 1074 et
2616 1018 2893 1074 orationes
2922 1014 3060 1081 Tibi,
3087 1014 3332 1080 Domine,
3358 1018 3844 1077 commendm,et

590 1111 779 1184 'Deus,
810 1117 964 1186 cuius
1008 1116 1358 1171 miseratione.
1390 1115 1598 1171 Dehinc
1635 1130 1664 1170 a
1700 1114 1949 1186 sepulcro
1979 1116 2209 1172 redeunt
2239 1123 2523 1172 cantantes
2554 1111 2804 1169 Miserere
2829 1113 2961 1179 mei,
2991 1110 3156 1177 Deus,
3187 1119 3245 1166 et
3272 1110 3329 1165 in
3362 1108 3605 1166 ecclesia
3630 1108 3844 1165 bscess-

615 1216 763 1274 tione
792 1224 959 1273 totum
988 1212 1262 1282 complent
1286 1209 1540 1278 cilicium,
1572 1208 1839 1267 Fidelium
1864 1213 2027 1268 Dens.

1950 1306 2356 1365 CAPITULUM
2392 1304 2533 1363 XIV.

1849 1403 1980 1459 Item
2021 1405 2084 1458 de
2122 1420 2252 1458 cura
2290 1414 2640 1459 mortuorum.

684 1504 738 1557 1.
776 1502 860 1557 Ab
890 1502 1005 1571 ipso
1041 1510 1221 1554 autem
1249 1499 1536 1571 sepulturae
1574 1501 1661 1555 die
1697 1516 1867 1571 usque
1890 1503 1957 1556 ad
1998 1501 2355 1566 tricesimum,
2393 1500 2635 1571 quotidie
2671 1515 2771 1572 pro
2795 1515 2893 1565 eo,
2924 1514 3034 1555 non
3069 1507 3251 1553 tamen
3292 1495 3347 1552 in
3373 1501 3689 1559 conventu,
3715 1492 3847 1548 missa

614 1607 889 1663 cantatur,
919 1606 974 1651 et
1001 1596 1175 1665 prima
1209 1595 1262 1649 in
1307 1596 1528 1666 agendis
1558 1596 1733 1651 oratio
1769 1597 1817 1650 ei
1850 1595 2159 1666 specialiter
2187 1595 2499 1666 deputatur.
2541 1592 2847 1664 Notatoque
2872 1594 2927 1649 in
2967 1590 3352 1663 Martyrologio
3389 1591 3583 1647 obitus
3614 1589 3722 1661 ejus
3748 1590 3845 1653 die,

619 1709 836 1765 semper
865 1691 1237 1746 anniversaria
1264 1692 1317 1744 in
1347 1699 1614 1745 conventu
1640 1705 1737 1761 pro
1764 1705 1829 1746 eo
1858 1691 2042 1759 missa,
2075 1692 2255 1747 hieme
2280 1699 2424 1762 post,
2454 1698 2643 1744 aestate
2666 1697 2792 1743 ante
2816 1688 3071 1758 primam,
3102 1687 3433 1742 celebratur.

683 1788 738 1841 2.
781 1788 859 1842 Eo
891 1797 1069 1841 autem
1102 1784 1188 1839 die
1212 1800 1318 1855 quo
1342 1784 1625 1841 defunctus
1652 1785 2108 1854 sepelitur,cellas
2132 1783 2339 1840 fratres
2370 1794 2558 1839 tenere
2593 1797 2699 1837 non
2737 1790 3020 1853 coguntur,
3041 1790 3097 1837 et
3124 1779 3523 1837 consolationis
3553 1780 3744 1853 gratia,
3763 1779 3847 1841 bis,

617 1882 721 1936 nisi
754 1881 1082 1952 praecipuum
1112 1881 1377 1951 jejunium
1412 1881 1605 1948 fuerit,
1643 1880 1803 1935 simul
1842 1892 2150 1937 vescuntur.
2747 1886 2761 1901 °

685 1978 737 2032 '5.
783 1976 851 2031 Et
879 1976 981 2031 hoc
1026 1976 1328 2043 sciendum,
1359 1977 1499 2045 quod
1543 1976 1660 2031 sine
1689 1976 1792 2030 ulla
1824 1991 2175 2047 personarum
2208 1975 2542 2045 acceptione,
2565 1989 2665 2044 pro
2698 1974 2950 2029 omnibus
2978 1971 3248 2029 defunctis
3275 1972 3485 2027 nostris
3523 1973 3669 2027 idem
3694 1981 3744 2026 et
3770 1986 3849 2042 per

606 2064 846 2122 cilicium
876 2067 1124 2134 facimus,
1155 2069 1287 2123 nihil
1318 2084 1415 2139 pro
1447 2071 1711 2125 monacho
1741 2071 1859 2139 plus
1887 2087 2046 2141 quam
2078 2085 2176 2141 pro
2200 2070 2369 2134 laico,
2399 2070 2481 2124 vel
2513 2085 2612 2141 pro
2639 2069 2859 2139 praelate
2888 2084 3049 2139 quam
3079 2084 3177 2138 pro
3206 2068 3426 2124 subdito
3455 2066 3561 2139 [αι.
3594 2065 3843 2136 subjecto}.

682 2160 739 2218 4.
780 2160 885 2217 Pro
912 2163 1345 2220 benefactoribus
1371 2180 1498 2219 vero
1522 2166 1744 2231 nostris,
1783 2173 2007 2235 excepta
2039 2164 2250 2219 assidua
2277 2164 2812 2228 commemoratione,
2845 2172 2965 2234 mre
2999 2163 3061 2217 fit
3088 2177 3305 2231 semper
3330 2163 3385 2217 in
3418 2163 3680 2232 precibus
3701 2162 3842 2218 eccle-

615 2255 818 2314 siastici
848 2258 1029 2327 ofﬁcii,
1059 2259 1350 2330 penullima
1382 2259 1434 2314 in
1462 2261 1714 2315 omnibus
1745 2260 1969 2331 agendis
2007 2260 2180 2315 oratio
2204 2259 2423 2326 dicitur,
2448 2267 2503 2313 et
2535 2274 2630 2329 per
2658 2258 2900 2330 singulas
2941 2256 3307 2313 hebdomadas
3333 2265 3449 2310 tam
3476 2271 3585 2326 pro
3612 2240 3691 2311 eis
3716 2271 3842 2325 quasi

560 2332 714 2425 'spro
747 2355 996 2411 omnibus
1026 2354 1182 2423 hujus
1227 2355 1329 2409 loci
1362 2355 1787 2420 habitatoribus,
1824 2366 1877 2408 et
1905 2354 2284 2409 universaliter
2325 2368 2422 2424 pro
2451 2353 2661 2409 cunctis
2698 2352 2951 2409 ﬁdelibus
2975 2351 3245 2409 defunctis
3286 2351 3358 2406 ab
3403 2352 3839 2417 ltebdomadario,

593 2437 805 2506 aestate
834 2461 963 2507 ante
1000 2452 1251 2521 primam,
1281 2451 1459 2505 hieme
1486 2459 1630 2521 post,
1666 2449 1830 2505 missa
1859 2466 1960 2503 una
1993 2458 2263 2504 cantatur.

683 2544 738 2599 5.
779 2544 925 2600 Raro
956 2546 1153 2615 quippe
1197 2545 1287 2599 hic
1315 2544 1479 2598 missa
1510 2544 1745 2607 canitur,
1789 2545 2042 2613 quamam
2091 2545 2359 2614 praecipue
2392 2544 2628 2601 studium
2660 2553 2715 2600 et
2749 2545 3083 2616 propositum
3128 2548 3373 2602 nostrum
3415 2556 3502 2601 est
3552 2547 3762 2603 silentio
3800 2556 3843 2601 et

612 2639 892 2695 solitudini
921 2641 1072 2696 cellae
1102 2657 1294 2715 vacare
1315 2641 1466 2711 juxta
1513 2642 1641 2696 illud
1665 2641 1913 2697 Jeremiae
1939 2660 1951 2695 :
1990 2640 2196 2696 Sedebit
2224 2641 2491 2697 solitarius
2529 2653 2576 2697 et
2606 2644 2791 2696 tacebit
2830 2641 3047 2712 (Thren.
3083 2646 3195 2706 ιιι);
3227 2650 3281 2696 et
3311 2641 3443 2698 alibi
3472 2661 3486 2697 :
3525 2644 3573 2696 Α
3602 2645 3732 2713 {acie
3752 2660 3843 2695 ms-

613 2753 716 2793 nus
747 2747 852 2791 tua:
872 2738 1015 2791 solus
1035 2739 1295 2803 sedebam,
1324 2738 1447 2811 quia
1477 2739 1877 2793 comminatione
1907 2738 2111 2809 replesti
2136 2756 2216 2793 me
2245 2740 2461 2811 (Jerem.
2490 2738 2600 2809 xv).
2631 2738 2773 2793 Nihil
2802 2739 2945 2794 enim
2978 2738 3301 2793 laboriosius
3326 2739 3379 2792 in
3403 2741 3691 2794 exercitiis
3708 2739 3843 2793 disci-

612 2830 776 2901 plinae
808 2831 1069 2901 regularis
1096 2835 1425 2889 arbitramur
1443 2849 1607 2904 quam
1637 2834 1906 2888 silentium
1931 2836 2237 2892 solitudinis
2260 2845 2316 2890 et
2339 2820 2595 2905 quietem.
2622 2835 2782 2891 Unde
2807 2835 3072 2890 et-heatns
3101 2834 3435 2904 Augustinus
3454 2837 3611 2909 dicit
3638 2821 3652 2889 ὲ
3683 2835 3843 2889 Amici:

612 2930 776 3000 hujus
801 2929 983 2984 mundi
1011 2930 1142 2984 nihil
1165 2947 1272 2985 esse
1300 2930 1613 2985 laboriosius
1642 2947 1798 3001 quant
1822 2946 1925 2986 non
1951 2932 2210 2986 laborare.
2243 2933 2348 2988 Sed
2376 2934 2488 2988 haec
2514 2934 2802 3000 hactenus;
2834 2948 2978 2987 nunc
3016 2941 3213 2988 caetera
3240 2946 3668 3003 prosequamur.

1951 3027 2523 3085 COMMENTARIUS.

682 3116 809 3173 CAP.
850 3117 990 3174 XIV.
1032 3150 1099 3160 —
1138 3120 1295 3176 Num.
1341 3121 1392 3175 l.
1433 3121 1508 3175 Ab
1545 3124 1655 3191 ipso
1698 3132 1871 3176 autem
1904 3123 2187 3193 sepulturae
2215 3127 2259 3185 Α
2291 3137 2481 3177 munes
2508 3132 2561 3178 et
2586 3123 2637 3176 in
2666 3121 2749 3175 his
2772 3115 3264 3176 Consuetudinibus
3286 3115 3633 3201 designatas,
3657 3132 3685 3170 a
3709 3129 3845 3169 sartu-

610 3208 696 3262 die
721 3224 880 3279 usque
911 3209 978 3262 ad
1007 3211 1342 3266 tricesimum.
1375 3211 1473 3267 llic
1504 3213 1672 3268 babes
1704 3214 1967 3283 originem
2000 3212 2189 3268 suffra-
2287 3214 2489 3269 laribus
2520 3222 2921 3284 capetereutur,
2949 3222 3003 3265 et
3034 3210 3266 3264 maxime
3290 3209 3356 3263 de
3383 3208 3492 3263 illis
3521 3219 3710 3263 contra
3735 3221 3849 3276 quas

612 3300 710 3370 gii,
750 3298 890 3368 quod
924 3316 1065 3356 nunc
1089 3303 1427 3357 tricenarium
1450 3316 1725 3367 vocamus,
1754 3312 1809 3359 et
1830 3320 1925 3373 per
1949 3305 2185 3373 privatas
2288 3304 2559 3359 invehitur
2584 3319 2701 3372 cap.
2734 3303 2831 3365 41,
2868 3318 2923 3356 ιι.
2952 3301 3007 3368 4,
3037 3299 3126 3353 ubi
3155 3299 3284 3353 dicit
3312 3299 3680 3353 :Audirimns
3705 3300 3841 3359 enim,

611 3387 810 3443 missas
843 3389 1103 3455 redditur,
1136 3402 1359 3461 excepta
1393 3394 1587 3462 prima,
1613 3407 1733 3462 qua:
1760 3393 2186 3448 conventualiter

612 3477 809 3532 dicitur
836 3478 893 3555 in
926 3478 1015 3533 die
1039 3480 1345 3549 sepulturae.
1396 3483 1461 3536 Et
1503 3497 1568 3537 ex
1610 3468 1723 3538 hoc
1756 3483 1987 3552 capitulo
2015 3484 2186 3539 abun-

612 3568 833 3624 dantius
875 3570 1131 3640 probatur
1166 3586 1321 3626 usum
1355 3571 1666 3642 frequenter
1701 3574 2003 3629 celebrandi
2045 3575 2184 3651 apud

607 3675 713 3717 nos
744 3662 935 3717 missas
960 3661 1362 3729 conventuales,
1394 3673 1555 3733 atque
1580 3665 1745 3719 etiam
1776 3680 1883 3720 non
1916 3681 2037 3721 raro
2073 3667 2184 3736 pri-

605 3762 765 3809 vatas
790 3753 1061 3825 fuisseab
1084 3754 1237 3811 initio
1263 3756 1629 3811 observatum.

676 3844 837 3901 Num.
875 3846 930 3900 2.
975 3830 1146 3908 Cellas
1187 3846 1406 3917 fratres,
1450 3856 1556 3903 etc.
1593 3846 1736 3903 Usus
1773 3849 1871 3903 iste
1910 3848 2010 3902 fuit
2043 3848 2183 3917 apud

606 3949 706 3989 nos
735 3944 919 4005 postea
946 3947 1251 4005 correctus,
1286 3947 1341 3993 et
1365 3953 1507 3994 nunc
1537 3938 1724 3995 diebus
1750 3938 2036 4009 sepultura:
2067 3938 2183 3992 nul-
2226 3979 2231 3985 .

607 4028 719 4081 lum
768 4027 999 4082 habetur
1033 4027 1394 4097 colloquium;
1442 4029 1526 4085 bis
1574 4038 1757 4085 tamen
1802 4030 1978 4085 adhuc
2023 4028 2183 4085 simul

608 4117 945 4173 comedimus
976 4119 1030 4172 in
1062 4118 1368 4174 refectorio.
2115 4183 2119 4186 ,

679 4203 837 4258 Num.
867 4206 919 4259 5.
950 4204 1098 4259 Idem
1124 4217 1170 4260 et
1194 4223 1293 4276 par
1315 4209 1555 4276 oﬂicium.
1581 4209 1709 4265 Inde
1732 4210 1885 4265 nobis
1910 4210 2181 4265 indicatur

608 4310 771 4366 quam
793 4296 980 4352 scdulo
1003 4298 1163 4366 primi
1182 4298 1389 4354 ordinis
1410 4299 1598 4354 Patres
1622 4301 1904 4356 charitatis
1927 4302 2181 4357 exhibitas

606 4386 970 4457 aequalitatem
998 4387 1140 4442 inter
1164 4403 1288 4443 suos
1314 4388 1517 4443 servari
1547 4388 1762 4454 vellent,
1790 4407 1948 4460 quam
1982 4392 2177 4446 imitari

2284 3396 2423 3465 quod
2462 3411 2564 3448 non
2604 3394 2911 3462 probamus,
2950 3391 3221 3461 plerosque
3257 3391 3410 3443 toties
3441 3391 3715 3458 splendide
3746 3405 3843 3441 coa-

2286 3487 2469 3549 uivari,
2514 3486 2799 3555 missasque
2843 3484 3014 3553 facere
3048 3493 3290 3553 paratos,
3329 3486 3539 3550 quoties
3590 3482 3746 3551 aliqui
3768 3494 3843 3547 pro

2286 3577 2394 3631 suis
2421 3576 2493 3630 eis
2517 3575 2771 3631 voluerint
2794 3574 3032 3628 exhibere
3061 3573 3343 3642 defunctis,
3374 3581 3487 3626 etc.
3515 3571 3714 3626 Statim
3737 3583 3840 3638 ergo

2287 3675 2449 3735 atque
2477 3665 2585 3735 egit
2630 3666 2696 3720 de
2736 3664 2953 3735 speciali
3000 3664 3161 3718 missa
3205 3677 3304 3732 pro
3345 3662 3779 3717 benefactoribus
3799 3668 3840 3710 et

2286 3756 2494 3812 cunctis
2540 3755 2783 3810 fidelibus
2814 3754 3110 3819 defunctis,
3140 3752 3367 3823 singulis
3409 3762 3631 3807 tantum
3672 3750 3840 3806 hebdo-

2286 3846 2532 3902 madibus
2557 3846 2908 3908 celebranda,
2951 3853 3111 3914 prout
3136 3845 3298 3898 etiam
3337 3858 3484 3898 nunc
3525 3844 3839 3902 observatur,

2286 3939 2351 3993 ad
2381 3939 2568 3993 missas
2604 3938 2721 3994 illas
2747 3938 3096 4000 convertitur,
3122 3951 3258 4006 quas
3282 3937 3626 4006 temporibus
3653 3936 3750 3989 illis
3767 3946 3847 4002 pa.

2287 4041 2468 4088 rentes
2489 4032 2863 4087 defunctorum
2885 4029 3204 4098 expetebant
3219 4027 3488 4083 celebrari
3512 4043 3546 4081 a
3570 4025 3839 4082 monachis

2285 4125 2350 4177 ad
2378 4140 2512 4193 quos
2552 4122 2709 4178 simul
2742 4121 3025 4176 mittebant
3066 4120 3265 4175 bonum
3307 4121 3639 4189 prandium,
3671 4120 3842 4186 dequo

2289 4215 2510 4283 loquens
2547 4226 2767 4279 sanctus
2798 4215 2879 4267 vir
2910 4212 3072 4275 dicit,
3111 4211 3378 4279 splendide
3416 4210 3714 4273 contineri,
3753 4221 3839 4262 etc.

2286 4306 2392 4360 llas
2426 4321 2555 4377 ergo
2592 4307 2784 4361 missas
2810 4303 3116 4373 specialiter
3141 4302 3193 4354 in
3230 4310 3408 4354 incute
3436 4301 3695 4356 habuisse
3716 4298 3841 4352 arbi-

2287 4407 2512 4461 tramur,
2543 4396 2668 4450 dum
2697 4394 2829 4449 dicit
2860 4412 2873 4447 :
2911 4392 3052 4444 Raro
3076 4392 3260 4461 quippe
3286 4389 3370 4443 hic
3404 4388 3662 4461 [subaudi
3690 4386 3843 4455 hujus-

606 4477 886 4545 debemus,
912 4487 967 4533 et
1001 4493 1107 4533 non
1135 4489 1241 4535 tam
1272 4479 1428 4534 facile
1457 4480 1746 4550 singularia
1776 4482 2033 4536 beneficia
2058 4494 2176 4552 post
2209 4462 2252 4520 Β
2286 4487 2449 4558 modi]
2490 4489 2648 4541 missa
2682 4487 2922 4551 canitur;
2965 4493 3017 4539 et
3054 4482 3232 4537 subdit
3280 4483 3588 4547 rationem,
3617 4479 3839 4551 quoniam

606 4579 837 4641 mortem
868 4572 1135 4629 reddenda
1169 4574 1439 4642 postulare
1467 4584 1559 4628 aut
1583 4576 1896 4631 concedere.
1930 4578 2177 4649 Singula-

606 4666 741 4720 ritas
765 4665 909 4720 enim
933 4666 1187 4721 cbaritati
1217 4668 1475 4736 derogare
1507 4668 1738 4735 videtur,
1772 4670 1896 4724 dum
1928 4669 2064 4725 alius
2085 4670 2173 4724 alii

603 4755 889 4827 praefertur
925 4756 977 4810 in
1009 4756 1206 4810 auxilio
1249 4758 1567 4825 praestando.
1600 4758 1728 4813 lnde
1756 4760 1918 4815 etiam
1956 4770 2179 4831 apparet

603 4856 864 4916 quantum
910 4862 1008 4901 nos
1049 4862 1238 4901 omnes
1271 4846 1473 4903 distare
1511 4848 1706 4903 vellent
1749 4864 1780 4901 a
1824 4864 2175 4917 personarum

604 4935 939 5006 acceptione.
967 4934 1285 5006 Sttpcriorrs
1312 4951 1436 4989 vero
1461 4937 1528 5010 ab
1550 4936 1819 5001 omnibus,
1845 4953 1964 5006 quae
1990 4951 2177 5008 supcr-

604 5024 811 5090 cilium,
842 5026 1069 5089 fastum,
1105 5038 1193 5080 aut
1226 5027 1652 5097 singularitatem
1680 5027 1939 5082 redolent.

674 5114 831 5169 Nunt.
858 5119 908 5169 ὁ.
934 5117 1011 5171 Ab
1034 5118 1440 5172 ltebdommlurio
1461 5128 1637 5172 (estate
1658 5128 1778 5173 ante
1796 5119 2042 5188 primam,
2064 5126 2173 5172 etc.

610 5201 684 5256 De
706 5205 981 5258 sacerdote
1000 5207 1405 5262 hebdomadurio
1432 5208 1518 5263 hic
1543 5208 1603 5262 ﬁt
1625 5208 1825 5263 mentio
1847 5216 1901 5262 et
1926 5208 1989 5262 de
2016 5208 2179 5262 missa

606 5305 725 5359 qua:
754 5306 850 5360 pro
885 5293 1315 5353 benefactoribus
1339 5307 1394 5352 et
1434 5312 1531 5368 pro
1560 5299 1768 5353 cunctis
1797 5296 2044 5353 fidelibus
2083 5298 2177 5354 de-

606 5383 807 5441 functis
842 5387 1067 5457 singulis
1107 5390 1527 5447 hebdomadibus
1559 5394 1808 5463 privatim
1844 5393 2170 5449 celebratur.

602 5476 741 5544 Quid
769 5491 898 5550 ergo
922 5477 1022 5533 sibi
1056 5478 1164 5533 vult
1201 5480 1265 5534 ιι.
1298 5480 1356 5534 Ρ.
1383 5481 1576 5551 Guigo,
1610 5484 1743 5557 dum
1780 5483 1957 5539 subdit
1985 5501 1997 5536 :
2038 5483 2174 5537 Raro

602 5567 787 5640 quippe
823 5570 906 5623 hic
933 5571 1092 5648 missa
1128 5572 1375 5625 canitur?
1401 5570 1578 5627 Facile
1618 5574 1703 5628 hic
1731 5585 1942 5629 erratur
1965 5574 2067 5631 nisi
2094 5575 2175 5629 in-

602 5659 877 5734 telligatur
902 5662 969 5720 de
997 5663 1191 5735 quibus
1225 5663 1404 5720 missis
1442 5664 1529 5719 hic
1557 5663 1793 5735 loquitur
1817 5666 1898 5720 vir
1935 5677 2172 5722 sanctus.

601 5748 792 5824 Agitur
818 5772 948 5828 ergo
977 5757 1064 5813 hic
1102 5757 1368 5830 praecipue
1401 5756 1464 5814 de
1509 5756 1684 5814 missis
1709 5773 1827 5831 quae
1858 5757 1997 5814 ultra
2027 5773 2174 5815 com-

2283 4578 2539 4646 pra’cipue
2571 4577 2804 4631 studium
2836 4586 2880 4629 et
2922 4576 3241 4644 propositum
3283 4584 3521 4629 nostrum
3560 4586 3667 4639 est,
3705 4574 3840 4626 silen-

2284 4668 2378 4731 tio,
2408 4676 2512 4722 etc.
2548 4666 2805 4721 Parentes
2833 4666 2975 4719 cnim
3007 4666 3102 4734 ipsi
3129 4665 3194 4718 ad
3223 4667 3612 4720 monasterium
3640 4662 3839 4718 accele

2283 4761 2413 4815 bant
2459 4760 2681 4815 missam
2731 4759 3005 4821 audituri,
3052 4768 3104 4811 et
3156 4757 3377 4812 forsitan
3427 4767 3613 4828 postea
3665 4755 3837 4809 ibidem

2282 4850 2567 4920 pransuri,
2608 4849 2748 4917 quod
2780 4866 2808 4902 a
2840 4847 3036 4903 silentii
3074 4857 3127 4901 et
3163 4846 3471 4902 solitudinis
3502 4845 3768 4917 proposito
3792 4849 3839 4895 et

2283 4942 2458 4995 studio
2482 4940 2715 4994 alienum
2743 4948 2880 4992 crat.
2906 4939 3010 4992 Sed
3036 4938 3159 5006 quia
3186 4938 3334 4992 locus
3356 4938 3460 4992 iste
3486 4937 3638 4990 valde
3664 4935 3837 4989 obscu-

2282 5048 2373 5087 rus
2405 5041 2559 5099 erat,
2592 5031 2693 5085 ista
2724 5031 2905 5092 verba,
2941 5046 3060 5083 raro
3093 5030 3276 5098 quippe
3304 5028 3390 5081 hic
3427 5030 3588 5082 missa
3624 5025 3832 5082 canitur,

2283 5125 2335 5178 in
2366 5123 2603 5193 antiquis
2632 5122 2847 5192 statutis
2875 5138 2977 5175 non
3012 5120 3228 5176 fuerunt
3269 5121 3464 5190 posita.
3495 5120 3705 5193 Caetera
3727 5128 3836 5170 vero

2282 5214 2333 5268 in
2361 5188 2816 5283 ipsis'referuntur
2845 5212 3001 5280 prim.
3032 5220 3168 5280 part.
3193 5188 3312 5280 cap.
3341 5209 3430 5273 48,
3456 5226 3512 5264 ιι.
3550 5211 3592 5273 l,
3758 5205 3835 5265 Γ.

2280 5324 2335 5362 ιι.
2357 5304 2447 5361 28.
2477 5306 2606 5359 ltem
2634 5320 2751 5375 cap.
2779 5305 2869 5368 48,
2899 5319 3045 5358 num.
3076 5301 3109 5356 8
3130 5311 3183 5356 et
3209 5300 3296 5369 15,
3327 5312 3382 5356 et
3401 5317 3522 5372 cap.
3552 5301 3582 5355 9
3601 5316 3762 5353 serua
3782 5297 3833 5346 Le

2278 5409 2445 5468 part.,
2479 5414 2533 5452 ιι.
2560 5396 2651 5452 26.

2350 5488 2508 5544 Num.
2550 5488 2603 5542 5.
2642 5486 2793 5542 Nihil
2826 5488 2964 5541 enim
2993 5484 3306 5539 laboriosius
3336 5485 3390 5538 in
3431 5479 3707 5541 exercitiis,
3737 5486 3829 5530 etc.

2277 5580 2378 5636 Hic
2405 5579 2550 5650 loqui
2585 5580 2769 5649 incipit
2801 5579 2868 5634 de
2902 5576 3206 5634 solitudinis
3248 5586 3305 5631 et
3338 5575 3534 5630 silentii
3570 5566 3834 5642 proposito

2276 5679 2331 5725 et
2356 5679 2572 5724 natura.
2603 5668 2745 5723 Nihil
2769 5685 2896 5724 vere
2921 5666 3241 5723 laboriosius
3263 5676 3348 5723 est
3372 5676 3569 5721 natura:
3595 5663 3832 5716 humana

2277 5777 2440 5835 quam
2481 5762 2740 5820 societate
2768 5761 2871 5819 sibi
2905 5760 3195 5828 similium,
3226 5767 3282 5817 et
3311 5756 3557 5830 loquendi
3590 5753 3830 5808 libertate
