3992 6432
286 403 401 462 ϐῦι

1623 410 1843 468 CONSU
1854 409 2212 468 ETUDINES;

3449 418 3569 479 661‘.

1648 523 2045 580 CAPITULUM
2082 524 2197 579 XV.

1579 617 1654 671 De
1693 619 2022 671 ordinatione
2059 620 2291 688 prioris-

366 711 425 769 ί.
460 713 595 771 Cum
617 714 861 784 priorem
884 712 1079 768 domus
1115 712 1274 782 hujus
1321 712 1477 768 obire
1504 713 1823 783 contigerit,
1866 722 1986 784 post
2030 712 2149 782 ejus
2185 714 2523 784 sepulturam
2558 718 2872 773 convocatis
2917 717 3172 772 fratribus
3195 759 3208 783 ,
3251 704 3550 773 triduanum

285 812 511 867 cunctis
535 810 793 867 indicitur
812 809 1102 881 jejunium,
1132 823 1396 879 maneqne
1417 819 1471 865 et
1500 824 1727 878 veSpere
1760 810 1812 863 in
1847 809 2078 865 ecclesia
2111 810 2373 880 psalmus,
2398 810 2480 865 Ad
2511 823 2559 864 te
2578 809 2779 878 leuari,
2814 811 3029 881 expleto
3048 811 3249 876 cilicio,
3281 800 3566 866 communi

282 907 578 962 devotione
611 914 891 970 cantatur,
914 907 1242 974 procumben
1262 904 1402 960 tibus
1424 919 1588 975 super
1617 903 1823 959 ferinas
1847 905 2101 960 omnibus
2128 918 2142 959 :
2178 904 2341 976 Kgrie
2366 904 2584 974 eieison,
2627 902 2790 960 Pater
2822 918 3015 970 noster,
3040 916 3093 961 et
3118 922 3333 978 preces,
3369 905 3575 962 Salvos.

278 988 378 1056 fac
405 1018 577 1057 seruos
605 1012 752 1065 tuos,
791 999 941 1053 Mitte
967 999 1047 1053 eis.
1064 1000 1322 1053 auxilium
1353 1001 1417 1052 de
1439 1010 1620 1054 sancto
1642 1040 1661 1064 ,
1694 998 1846 1053 Nihil
1870 999 2112 1069 proﬁciat
2139 998 2382 1052 inimicus
2409 1000 2464 1053 in
2488 1001 2592 1066 eis,
2630 1009 2685 1054 et
2720 1001 2895 1054 oratio
2919 1040 2932 1064 ,
2974 998 3269 1063 Prwtende,
3304 998 3561 1060 Domine,

278 1104 687 1165 supponuntur.
730 1094 929 1161 Quinta
962 1104 1141 1150 autem
1173 1094 1259 1150 die
1289 1109 1449 1150 mane
1480 1094 1642 1150 missa
1675 1095 1739 1151 de
1763 1093 1967 1165 Spiritu
1995 1093 2270 1168 paracleto
2309 1094 2361 1148 in
2394 1105 2659 1151 conventu
2691 1096 3044 1151 devotissime
3067 1094 3388 1148 celebratur.
3426 1091 3569 1146 Inie-

278 1191 343 1244 in
364 1189 658 1259 capitulum
686 1190 1098 1255 convenientes,
1129 1187 1395 1258 majorum
1422 1189 1813 1260 meliorumqne
1844 1189 2072 1244 consilio
2097 1203 2166 1243 ex
2195 1190 2391 1258 seipsis
2433 1203 2595 1243 unum
2627 1188 2866 1257 eligunt,
2910 1197 3004 1243 aut
3033 1190 3371 1245 sacerdotem
3396 1231 3411 1256 ,
3459 1199 3551 1240 aut

273 1286 352 1338 ad
382 1286 742 1340 sacerdotium
767 1286 1194 1355 promerendum
1215 1326 1230 1353 ,
1268 1287 1562 1358 statimque
1595 1286 1650 1341 in
1675 1286 2092 1356 praedecessoris
2124 1295 2207 1340 tra
2228 1284 2460 1340 isl'erunt
2490 1284 2690 1340 locum.
2733 1284 3038 1356 Totamque
3069 1285 3223 1342 diem
3242 1284 3387 1339 illam
3420 1301 3550 1355 gau-

271 1380 375 1433 dio
403 1379 736 1447 dedicantes,
765 1381 849 1437 bis
882 1381 985 1436 nisi
1017 1381 1347 1452 praecipuum
1369 1381 1636 1453 jejunium
1661 1381 1851 1446 fuerit,
1877 1381 1932 1435 in
1963 1381 2251 1437 refectorio
2276 1379 2589 1437 comedunt.
2656 1372 2663 1380 ’

1638 1494 2216 1555 COMMENTARIUS.

272 1601 340 1641 se
365 1586 602 1655 privare,
630 1587 754 1658 quia
779 1588 909 1642 nihil
935 1596 1023 1644 est
1045 1589 1098 1643 in
1127 1589 1268 1659 quod
1296 1590 1613 1659 propensius
1642 1591 1852 1656 tendat;
1888 1596 1934 1653 Α
1962 1590 2059 1657 tio,
2084 1606 2203 1660 quas
2227 1605 2292 1645 ex
2315 1592 2695 1662 concurrentia
2723 1592 3085 1662 corporalium
3109 1602 3161 1649 et
3189 1593 3547 1663 Spiritualium

271 1692 520 1746 ususque
549 1677 716 1734 libere
744 1681 1097 1734 conversandi
1142 1688 1197 1735 et
1236 1680 1487 1749 loquendi
1522 1721 1536 1746 ,
1580 1691 1663 1735 est
1698 1681 1865 1749 quod.

271 1767 409 1820 (iam
437 1780 659 1837 germen
693 1767 1069 1833 delectationis
1100 1771 1383 1835 naturalis,
1414 1785 1523 1840 quo
1548 1784 1641 1840 per
1677 1770 1860 1824 solitu-

271 1856 429 1911 dinis
457 1865 512 1910 et
542 1858 742 1911 silentii
775 1858 1092 1913 exercitium
1129 1859 1531 1928 quodammodo
1562 1859 1824 1914 suﬂ'ocato
1847 1901 1862 1925 ,

269 1946 389 2000 vim
436 1946 657 2015 patitur,
701 1949 827 2016 quia
867 1962 935 2003 ne
975 1964 1191 2004 sursum
1240 1949 1509 2019 germinet
1552 1949 1863 2019 impeditur.

270 2036 386 2091 Sed
433 2038 563 2092 nihil
610 2048 692 2094 est
717 2041 858 2109 quod
905 2049 1157 2095 naturam
1196 2049 1509 2111 corruptam
1540 2039 1713 2110 possit
1749 2057 1866 2095 am—
1907 2050 1916 2060 '

271 2126 424 2195 piius
445 2137 502 2182 et
527 2128 774 2184 securius
791 2128 1071 2195 edomare,
1099 2138 1262 2199 atque
1284 2145 1313 2184 a
1344 2129 1598 2200 periculis
1625 2144 1859 2194 servare,

268 2217 408 2286 quia
438 2218 561 2273 inde
593 2219 906 2275 occasiones
938 2220 987 2274 ei
1021 2218 1343 2273 auferuntur
1380 2233 1438 2273 se
1476 2218 1531 2272 in
1570 2232 1865 2274 conversae

271 2310 429 2365 sione
459 2311 735 2367 hominum
767 2313 1094 2383 dissipandi,
1134 2321 1189 2368 et
1224 2312 1277 2366 in
1319 2311 1631 2381 prolusione
1666 2315 1860 2369 verbo-

270 2411 402 2451 rum
430 2413 550 2455 sese
572 2401 889 2465 evacuandi,
916 2416 981 2456 ex
1011 2402 1207 2472 quibus
1233 2403 1574 2457 connuunior
1598 2406 1857 2472 peccandi

269 2487 507 2542 materia
534 2491 894 2559 componitur,
920 2500 976 2546 et
1009 2493 1135 2546 dum
1161 2491 1332 2547 ambae
1362 2493 1478 2548 istae
1504 2494 1604 2547 vite
1631 2494 1871 2557 societas

268 2577 345 2632 tis
382 2587 445 2632 et
491 2579 864 2637 collocationis
890 2622 906 2647 ,
934 2582 1241 2637 solitudine
1286 2592 1343 2638 et
1388 2584 1609 2639 silentio
1631 2625 1646 2648 ,
1680 2586 1856 2642 'veluti

264 2666 447 2736 spinis
474 2669 843 2740 spiritualibus
873 2675 1181 2744 sepiuntur,
1211 2680 1374 2736 homo
1409 2696 1469 2737 se
1504 2681 1570 2737 ad
1605 2681 1783 2739 Deum
1804 2692 1858 2739 et

265 2757 338 2810 ad
372 2758 607 2826 seipsum
635 2773 952 2820 convertere
981 2767 1220 2837 cogitur.

340 2847 449 2917 Per
473 2850 746 2908 silentium
782 2866 837 2910 et
865 2857 1206 2916 solitudinem
1242 2864 1440 2918 mundo
1467 2876 1520 2920 et
1551 2868 1847 2923 vanitatmn

1970 1684 2353 1737 exercitiorum
2391 1684 2551 1738 simul
2593 1684 2888 1754 prudenter
2917 1687 3201 1739 mistorum
3242 1695 3296 1739 et
3346 1695 3547 1753 tempe-

1971 1782 2235 1839 ratorum,
2271 1775 2432 1829 statui
2466 1776 2700 1833 humano
2733 1776 2814 1830 sic
2850 1784 2936 1830 est
2969 1791 3090 1830 eum
3119 1776 3296 1831 debita
3324 1790 3547 1843 propor-

1971 1864 2113 1918 tione
2136 1866 2564 1930 accommodata,
2589 1874 2649 1920 ut
2668 1880 2859 1921 secure
2886 1867 3227 1936 proverbium
3259 1867 3383 1920 illud
3408 1867 3548 1920 dica-

1968 1954 2089 2008 mus
2116 1973 2128 2008 :
2161 1955 2325 2010 Serva
2349 1955 2604 2020 ordinem,
2627 1964 2675 2009 et
2706 1957 2814 2025 ipse
2843 1966 2890 2010 te
2917 1957 3168 2022 servabit,
3199 1973 3302 2012 non
3337 1966 3543 2011 tantum

1967 2045 2020 2097 in
2046 2046 2250 2111 anima,
2280 2045 2373 2100 sed
2404 2056 2461 2100 et
2485 2045 2539 2099 in
2567 2045 2810 2115 corporis
2835 2054 2998 2114 atque
3022 2046 3184 2100 etiam
3212 2046 3373 2100 animi
3403 2045 3539 2101 bona

1966 2134 2305 2202 valetudine,
2336 2144 2391 2190 et
2423 2136 2509 2206 pia
2542 2136 2837 2192 hilaritate.

2035 2225 2227 2281 Omnia
2274 2226 2474 2280 etenim
2527 2234 2652 2281 sunt
2699 2227 2934 2282 discrete
2979 2225 3032 2281 in
3081 2227 3298 2282 statutis
3342 2228 3545 2282 nostris

1966 2326 2294 2385 temperata,
2352 2319 2419 2372 ad
2473 2318 2791 2372 servandam
2843 2328 3249 2388 perseveranter
3299 2318 3542 2373 solitudi-

1963 2423 2104 2471 nem,
2146 2410 2353 2464 viribus
2388 2410 2640 2464 humanis
2673 2409 2963 2477 prudenter
3002 2410 3407 2464 accommodata
3431 2450 3447 2475 ,
3486 2418 3542 2463 et

1962 2499 2195 2570 desuper
2223 2516 2252 2553 a
2281 2501 2509 2555 Domino
2534 2499 2836 2554 benedicta.
2867 2500 3017 2567 Quod
3040 2498 3307 2554 continuis
3328 2508 3380 2553 et
3407 2513 3540 2568 qum

1965 2588 2184 2644 tidianis
2213 2588 2599 2660 experimentis
2625 2590 2906 2659 probatum
2937 2590 3198 2643 habemus
3229 2589 3282 2641 in
3317 2588 3399 2642 his
3425 2605 3544 2640 om-

1962 2681 2119 2735 nihns
2159 2681 2248 2750 qni
2282 2696 2393 2734 suae
2428 2679 2786 2749 professionis
2824 2680 3040 2734 habitus
3089 2679 3188 2734 sibi
3223 2691 3542 2746 comparare

1958 2787 1989 2825 a
2015 2771 2299 2842 jnventute
2332 2771 2581 2839 religiose
2608 2770 2948 2837 studuerunt,
2976 2780 3029 2825 et
3058 2769 3111 2824 in
3144 2769 3275 2823 cella
3304 2784 3362 2823 se
3392 2767 3504 2822 utili
3535 2804 3539 2807 -

1961 2871 2043 2915 ter
2072 2876 2361 2932 occupare.
2397 2860 2564 2915 Secus
2599 2870 2777 2915 autem
2807 2860 2851 2914 si
2880 2861 3016 2914 ordo
3046 2876 3152 2913 non
3185 2860 3322 2914 bene
3353 2874 3536 2913 serve-

261 2937 501 3007 objectis
515 2941 697 3010 januze
722 2945 1073 3016 clauduntur;
1103 2963 1155 3006 et
1179 2954 1304 3009 dmn
1333 2972 1361 3010 a
1391 2959 1640 3015 sensibus
1661 2961 1850 3015 huma-

1960 2961 2067 3008 tur.
2110 2950 2204 3007 Vm
2240 2952 2384 3007 enim
2422 2951 2783 3007 Carthusiano
2826 2951 2929 3014 illi,
2971 2951 3153 3005 statim
3199 2950 3495 3005 clamamus
3520 2990 3536 3016 ,

265 3028 355 3082 uis
382 3041 723 3087 removentur
741 3049 806 3089 ea
825 3051 944 3104 qua:
963 3042 1199 3095 carnalia
1223 3044 1485 3099 desideria
1503 3057 1664 3116 atque
1686 3050 1847 3103 etiam

264 3120 531 3176 mentalia
551 3124 791 3185 excitare
819 3142 1250 3198 consueverunt,
1296 3137 1475 3191 anima
1505 3140 1606 3194 sibi
1647 3151 1703 3195 et
1740 3141 1849 3195 Deo

263 3210 494 3268 liberius
518 3229 713 3273 vacare
739 3219 896 3275 discit
933 3231 986 3275 et
1010 3228 1295 3280 assuescit.
1322 3227 1378 3282 Si
1404 3244 1535 3299 ergo
1558 3231 1774 3294 silentio
1794 3242 1850 3288 et

263 3301 561 3359 solitudine
581 3315 786 3362 naturae
808 3323 1081 3381 corruptae
1104 3317 1391 3384 prapcnsio
1412 3319 1559 3377 velut
1585 3323 1847 3390 opprimi~

265 3400 380 3458 tur,
407 3403 465 3449 et
494 3411 614 3451 cum
638 3400 712 3453 sit
736 3416 804 3455 ex
834 3403 1023 3459 amicis
1055 3407 1257 3466 mundi.
1292 3408 1611 3467 laboriosius
1637 3413 1685 3468 ei
1716 3415 1848 3469 nihil

259 3486 375 3549 sit,
405 3490 697 3543 secandum
730 3492 790 3546 D.
824 3494 1181 3560 Augustinum
1214 3499 1301 3553 hic
1333 3500 1605 3557 laudatum
1632 3545 1651 3570 ,
1685 3521 1847 3573 quam

262 3590 374 3630 non
404 3576 681 3644 laborare,
728 3583 778 3635 id
809 3593 891 3638 cst
922 3588 1215 3642 secundum
1253 3604 1403 3665 suam
1436 3596 1845 3663 propensionem

261 3682 449 3735 agere,
482 3669 649 3741 loqui,
683 3678 1014 3741 conversari,
1049 3688 1256 3733 certum
1286 3691 1367 3735 est
1395 3685 1536 3751 quod
1566 3686 1617 3739 in
1652 3688 1848 3743 utrius-

261 3773 375 3825 que
399 3762 655 3817 exercitio
681 3767 848 3835 magis
868 3783 1026 3837 quam
1051 3770 1103 3823 in
1145 3772 1267 3827 aliis
1303 3776 1713 3849 quibuscunquc
1737 3782 1845 3835 vim

260 3849 493 3917 patitur.
533 3851 676 3908 Nihil
719 3871 872 3926 atque
917 3868 1165 3915 naturam
1200 3866 1531 3933 inortilicat,
1572 3871 1697 3938 quia
1728 3873 1847 3928 aliae

260 3940 717 4000 niortiiicationes
743 3962 961 4002 carnem
993 3963 1291 4019 macerant,
1325 3956 1418 4010 sed
1450 3958 1565 4014 haec
1587 3960 1749 4014 etiam
1779 3963 1846 4017 ad

246 4030 506 4086 animum
555 4037 847 4107 pertingit;
897 4049 952 4094 at
995 4042 1120 4096 dum
1176 4044 1256 4100 sic
1297 4049 1672 4117 angustiantur
1716 4067 1846 4107 vasa

259 4121 477 4190 carnis,
510 4124 723 4180 dilatari
755 4140 979 4197 possunt
1006 4133 1176 4200 spatia
1214 4136 1535 4205 cbaritatis,
1557 4148 1611 4195 et
1638 4142 1848 4197 exerci-

261 4209 404 4264 tatio
432 4210 542 4281 illa,
573 4213 697 4270 licet
726 4217 779 4272 in
808 4220 1057 4287 prasenti
1088 4221 1339 4278 videatur
1368 4240 1488 4281 esse
1517 4230 1767 4286 matroris
1791 4240 1846 4286 et

262 4301 435 4367 taedii,
468 4301 702 4361 fructum
736 4316 913 4363 tamen
946 4312 1349 4380 pacatissimam
1381 4319 1693 4376 exercitatis
1728 4321 1846 4375 rett-

259 4395 346 4450 dit
382 4397 576 4456 salutis
615 4410 672 4457 et
710 4404 914 4460 intimae
952 4406 1338 4465 consolationis
1371 4427 1386 4465 :
1428 4428 1550 4466 nam
1593 4429 1690 4484 per
1724 4430 1843 4471 eam
1882 4461 1887 4466 .

257 4499 510 4559 gustatur
528 4499 594 4561 et
620 4494 833 4550 videtur
861 4499 1116 4566 quoniam
1146 4502 1332 4561 suavis
1356 4512 1441 4557 est
1468 4504 1757 4570 Dominus,
1790 4520 1845 4563 et

257 4595 385 4649 quae
411 4582 482 4637 sit
506 4582 595 4638 illa
625 4584 825 4642 Christi
861 4604 963 4658 pax
991 4604 1326 4660 exsuperans
1360 4602 1576 4649 omnem
1603 4612 1841 4665 sensum,

259 4670 428 4724 corda
478 4680 641 4742 atque
688 4674 1075 4747 intelligentias
1116 4680 1473 4747 custodiens,
1524 4684 1844 4739 suavissimo

258 4759 600 4829 dignoscitur
655 4766 1067 4835 experimento.
1119 4769 1163 4824 si
1215 4778 1390 4824 tamen
1437 4772 1843 4829 exercitationis

258 4852 410 4907 illius
449 4856 718 4924 susceptio
758 4856 963 4912 coelcsti
1009 4859 1291 4919 vocatione
1321 4860 1482 4916 fuerit
1530 4874 1837 4931 praeventa,

257 4955 345 5007 et,
392 4954 452 4997 ut
481 4960 577 5014 par
604 4956 722 5012 est,
756 4950 1049 5005 secundum
1097 4962 1331 5006 mentem
1362 4961 1418 5005 et
1462 4954 1840 5010 discretionem

254 5035 470 5091 ordinis
498 5052 527 5090 a
556 5038 709 5093 nobis
738 5039 1020 5095 observata
1044 5083 1058 5110 ,
1093 5042 1183 5111 qui
1213 5043 1266 5097 in
1296 5044 1549 5098 omnibus
1585 5045 1837 5115 providit.

256 5126 345 5181 Ne
376 5128 505 5199 quid
534 5130 710 5184 nimis.
740 5129 795 5185 In
833 5132 1122 5189 solitudine
1158 5134 1301 5189 enim
1341 5137 1602 5190 servanda
1646 5138 1836 5191 modus

254 5218 422 5272 etiam
460 5219 798 5277 adhibendus
835 5230 917 5276 est
940 5261 957 5288 ,
1006 5238 1075 5279 ne
1114 5239 1180 5279 ex
1231 5237 1456 5279 excessu
1497 5240 1837 5279 communem

254 5307 538 5376 hominum
568 5319 767 5366 statum
799 5323 1088 5384 superante
1109 5358 1125 5385 ,
1157 5316 1370 5371 animus
1409 5318 1714 5382 hebetetur,
1744 5331 1837 5375 aut

249 5397 421 5450 etiam
460 5398 513 5451 in
542 5413 640 5454 suo
666 5403 896 5456 naturali
937 5412 1077 5458 statu
1110 5404 1356 5470 laedatur,
1387 5406 1584 5474 quibus
1626 5406 1828 5461 incom—

254 5487 432 5541 modis
476 5490 767 5556 prudenter
807 5493 859 5546 in
901 5495 1090 5549 ordine
1130 5495 1403 5563 provisum
1440 5506 1542 5551 est.
1589 5496 1723 5551 Nam
1767 5512 1829 5553 ex

1955 3045 2080 3113 quia
2120 3043 2522 3098 tribulationem
2561 3050 2617 3097 et
2646 3042 2886 3097 dolorem
2922 3041 3157 3105 invenit,
3206 3038 3442 3094 laborem
3484 3050 3536 3092 et

1958 3130 2305 3187 aiﬂictionem
2341 3131 2565 3202 spiritus
2604 3146 2745 3201 saepe
2776 3131 2977 3201 patitur
3009 3131 3061 3183 in
3110 3139 3318 3195 mente,
3354 3138 3410 3182 et
3441 3144 3537 3197 per

1953 3241 2105 3281 suam
2151 3223 2587 3279 indiscretionem
2612 3264 2627 3288 ,
2654 3223 2721 3293 ,id
2754 3232 2839 3277 est
2874 3237 2972 3291 per
3014 3221 3195 3289 aliqua
3240 3235 3404 3289 opera
3441 3228 3543 3273 aut.

1952 3317 2209 3372 exercitia
2246 3332 2351 3372 non
2394 3312 2688 3372 secundum
2727 3315 2970 3371 ordinem
3007 3324 3100 3389 aut
3153 3323 3352 3385 printer
3386 3314 3535 3367 ordi-

1954 3423 2115 3473 nem,
2166 3408 2367 3479 proprii
2412 3406 2599 3475 judicii
2647 3414 2703 3461 et
2754 3405 2985 3476 propriae
3031 3403 3321 3461 voluntatis
3370 3403 3541 3458 ductu

1951 3508 2225 3568 suscepta,
2259 3486 2440 3553 deficit
2474 3497 2527 3551 in
2562 3510 2822 3566 corpore,
2863 3506 2916 3551 et
2946 3495 3148 3565 lapsum
3200 3493 3545 3563 spiritualcsu.

1953 3590 2187 3646 incurrit
2209 3589 2261 3643 in
2295 3588 2537 3643 interiori
2568 3587 2806 3642 homine.
2844 3586 2916 3641 De
2956 3586 3229 3641 laboribus
3258 3584 3381 3639 vitae
3411 3585 3533 3639 soli-

1956 3681 2107 3736 taria:
2136 3697 2279 3735 nunc
2303 3681 2418 3735 haec
2442 3694 2612 3749 pauca
2640 3678 2841 3734 dixisse
2868 3677 3116 3733 sulliciat.

2024 3770 2130 3824 Sed
2160 3786 2256 3823 cur
2288 3770 2352 3821 it.
2382 3768 2543 3822 Pater
2571 3767 2743 3837 Guigo
2768 3768 2832 3822 de
2862 3766 3059 3836 vigiliis
3089 3775 3141 3819 et
3167 3763 3529 3826 abstinentiis,

1949 3839 2019 3917 Ide
2051 3860 2171 3915 aliis
2195 3860 2344 3930 duris
2376 3868 2431 3913 et
2458 3859 2663 3926 asperis
2705 3873 2821 3926 quae
2858 3858 2908 3910 in
2949 3857 3136 3912 ordine
3174 3857 3532 3910 observantur

1950 3953 2151 4007 nullam
2197 3952 2285 4006 hic
2315 3952 2639 4009 mentionem
2678 3950 2834 4015 fecit,
2874 3966 2936 4004 ac
2977 3948 3019 4005 si
3067 3964 3163 4017 pro
3198 3947 3366 4001 nihilo
3411 3945 3531 4000 illas

1951 4039 2294 4096 austeritates
2337 4040 2658 4110 reputaret?
2688 4040 2821 4106 Quia
2852 4026 3083 4094 essentia
3132 4036 3356 4092 instituti
3401 4034 3534 4091 Car-

1953 4134 2188 4188 thusiani
2220 4132 2271 4188 in
2305 4131 2451 4186 cellae
2481 4139 2535 4184 et
2565 4129 2765 4186 silentii
2802 4127 3178 4192 observantia,
3219 4137 3380 4194 atque
3409 4140 3530 4194 per.-

1952 4225 2089 4280 [ecta
2116 4226 2348 4295 propriae
2373 4223 2675 4278 voluntatis
2693 4219 3049 4290 abnegatione
3075 4217 3320 4274 consistit
3347 4235 3359 4270 :
3389 4219 3549 4270 unde

1949 4316 2083 4370 alias
2131 4315 2475 4371 austeritates
2520 4313 2692 4368 solum
2739 4312 3010 4377 aestimat,
3056 4310 3107 4363 in
3159 4316 3414 4379 quantum
3461 4306 3529 4360 ad

1949 4407 2309 4467 obedientiam
2342 4407 2670 4468 referuntur,
2706 4413 2866 4474 prout
2897 4402 3009 4473 ipse
3032 4401 3266 4470 explicat
3289 4415 3407 4457 can.
3428 4399 3527 4471 ‘53,

1949 4513 2004 4549 n.
2035 4495 2097 4561 5,
2138 4495 2228 4550 ubi
2259 4496 2375 4549 ait:
2410 4492 2550 4548 Licet
2579 4493 2714 4546 enim
2758 4491 2922 4545 multa
2958 4492 3060 4545 sint
3097 4500 3144 4544 et
3182 4491 3383 4543 diversa
3411 4505 3527 4559 qua:

1949 4587 2300 4651 observamus,
2334 4600 2436 4638 uno
2466 4594 2639 4637 tamen
2670 4595 2716 4636 et
2744 4582 2853 4636 solo
2882 4583 3183 4635 obedientia:
3211 4582 3341 4634 bona
3360 4620 3374 4646 ,
3401 4596 3526 4632 cun-

1947 4687 2029 4731 cla
2061 4676 2206 4730 nobis
2235 4675 2503 4743 fructuosa
2532 4674 2711 4743 futura
2738 4689 3027 4742 speramus.

2015 4765 2143 4820 CAP.
2168 4764 2207 4818 Χ
2222 4763 2525 4820 V.——-Num.
2543 4765 2591 4819 1.
2609 4764 2740 4816 Cum
2769 4764 2992 4831 priorem
3017 4762 3199 4815 domus
3221 4759 3398 4839 hujus,
3418 4770 3524 4814 etc.

1944 4856 2208 4925 Loquitur
2254 4864 2457 4909 tantum
2490 4855 2556 4907 de
2591 4855 2748 4908 domo
2780 4852 3118 4917 Carthasim,
3164 4854 3289 4923 quia
3315 4869 3420 4907 non
3453 4854 3501 4907 lc

1946 4963 2038 5018 ges
2078 4946 2201 5000 aliis
2242 4946 2622 5015 prtuscribere,
2674 4946 2773 4999 sed
2815 4953 3019 4997 tantmn
3074 4945 3514 4999 consuetudinem

1944 5038 2334 5103 introductam,
2361 5032 2540 5103 etiam
2565 5050 2661 5103 per
2692 5050 2849 5088 nsum
2882 5034 3255 5088 rOnﬁrmatam
3280 5035 3330 5088 in
3364 5036 3396 5088 d
3420 5052 3524 5087 .rno

1942 5126 2273 5190 Carthasim,
2325 5125 2446 5178 aliis
2497 5127 2901 5179 communicare
2955 5125 3205 5179 intendit.
3255 5123 3406 5177 Nulla
3457 5126 3525 5176 de

1941 5218 2112 5273 forma
2144 5218 2281 5288 juris
2316 5218 2578 5271 servanda
2622 5217 2761 5269 inter
2805 5232 2898 5270 eos
2939 5216 2999 5270 ﬁt
3041 5218 3273 5282 mentio,
3324 5231 3421 5271 nec
3457 5196 3522 5270 de

1940 5307 2350 5364 continuatione
2376 5305 2642 5367 habenda,
2678 5307 2802 5374 quia
2837 5307 2902 5360 dc
2935 5305 3087 5360 titulo
3117 5306 3224 5360 ﬁxo
3252 5306 3517 5377 superiori

1940 5401 2075 5456 inter
2109 5416 2205 5454 nos
2231 5399 2405 5452 dando
2433 5414 2531 5452 nec
2560 5400 2887 5467 cogitabant.
2923 5399 3072 5454 Unde
3102 5416 3314 5470 semper
3342 5402 3393 5454 in
3422 5418 3519 5455 tir-

1940 5490 2063 5544 dine
2092 5506 2283 5543 nomen
2325 5490 2515 5558 prioris
2548 5500 2859 5559 usurpatum
2902 5501 2984 5544 est
3024 5493 3089 5545 ad
3122 5492 3513 5559 designandqu

252 5578 535 5633 exercitiis
561 5580 661 5634 sibi
686 5582 917 5638 invicem
939 5586 1372 5651 succedentibus,
1396 5597 1448 5641 et
1476 5586 1635 5641 veluti
1665 5590 1830 5641 intcr-
1867 5623 1909 5679 υ
1938 5598 2059 5636 eum
2087 5582 2176 5650 qui
2221 5581 2339 5635 aliis
2387 5583 2707 5651 prcepositus
2745 5591 2853 5645 est,
2903 5592 2957 5636 ut
2991 5581 3339 5647 indicaretur,
3387 5598 3514 5633 cum

253 5668 462 5732 textis,
518 5669 659 5723 inter
699 5684 819 5741 qua:
864 5676 1261 5728 conversationi
1309 5679 1629 5746 quandoque
1674 5664 1832 5730 datur

251 5756 409 5816 locus
436 5770 697 5830 quantum
726 5770 886 5831 satis,
919 5763 975 5819 ﬁt
1017 5767 1261 5835 qua'daln
1294 5766 1542 5823 salutaris
1567 5767 1833 5837 composi-

1938 5674 2031 5744 qui
2059 5673 2177 5727 aliis
2203 5681 2397 5744 praeest
2437 5673 2574 5728 inter
2603 5690 2721 5738 nos,
2750 5689 2870 5727 esse
2930 5682 3135 5726 tantmn
3169 5674 3400 5742 primum
3436 5674 3523 5727 in-

1944 5774 2026 5820 ter
2059 5781 2244 5835 pares,
2283 5774 2335 5820 et
2378 5764 2664 5835 a‘qnalium
2693 5765 3017 5819 directorcm
3053 5778 3117 5818 ac
3170 5763 3475 5822 ministrum
3500 5805 3529 5830 ,,
