  <div class='ocr_page' id='page_1' title='image "/cluster/home/n/w/nwhite01/storage/ocr_20150623/153/hvd.32044015473812/337.png"; bbox 0 0 3992 6432; ppageno 0'>
   <div class='ocr_carea' id='block_1_1' title="bbox 537 342 641 398">
    <p class='ocr_par' dir='ltr' id='par_1_1' title="bbox 537 342 641 398">
     <span class='ocr_line' id='line_1_1' title="bbox 537 342 641 398; baseline 0 0"><span class='ocrx_word' id='word_1_1' title='bbox 537 342 641 398; x_wconf 77' lang='lat'><strong>663</strong></span> 
     </span>
    </p>
   </div>
   <div class='ocr_carea' id='block_1_2' title="bbox 1364 326 2929 416">
    <p class='ocr_par' dir='ltr' id='par_1_2' title="bbox 1364 326 2929 416">
     <span class='ocr_line' id='line_1_2' title="bbox 1364 326 2929 416; baseline 0.009 -14"><span class='ocrx_word' id='word_1_2' title='bbox 1364 345 1691 404; x_wconf 80' lang='lat' dir='ltr'><strong>GUIGONIS</strong></span> <span class='ocrx_word' id='word_1_3' title='bbox 1731 326 2210 407; x_wconf 66' lang='lat' dir='ltr'><strong>testi&#39;rnusw</strong></span> <span class='ocrx_word' id='word_1_4' title='bbox 2245 349 2533 411; x_wconf 68' lang='lat' dir='ltr'><strong>astutus</strong></span> <span class='ocrx_word' id='word_1_5' title='bbox 2570 353 2845 415; x_wconf 74' lang='lat' dir='ltr'><strong>PRIORIS</strong></span> <span class='ocrx_word' id='word_1_6' title='bbox 2883 360 2929 416; x_wconf 68' lang='grc' dir='ltr'><strong>γ</strong></span> 
     </span>
    </p>
   </div>
   <div class='ocr_carea' id='block_1_3' title="bbox 3705 363 3797 420">
    <p class='ocr_par' dir='ltr' id='par_1_3' title="bbox 3705 363 3797 420">
     <span class='ocr_line' id='line_1_3' title="bbox 3705 363 3797 420; baseline -0.022 0"><span class='ocrx_word' id='word_1_7' title='bbox 3705 363 3797 420; x_wconf 68' lang='grc' dir='ltr'><strong>εει</strong></span> 
     </span>
    </p>
   </div>
   <div class='ocr_carea' id='block_1_4' title="bbox 602 456 3797 547">
    <p class='ocr_par' dir='ltr' id='par_1_4' title="bbox 602 456 3797 547">
     <span class='ocr_line' id='line_1_4' title="bbox 602 456 3797 547; baseline 0.008 -38"><span class='ocrx_word' id='word_1_8' title='bbox 602 456 660 509; x_wconf 69' lang='grc'><strong>2.</strong></span> <span class='ocrx_word' id='word_1_9' title='bbox 705 456 806 525; x_wconf 84' lang='lat' dir='ltr'><strong>Qui</strong></span> <span class='ocrx_word' id='word_1_10' title='bbox 835 461 1087 528; x_wconf 76' lang='lat' dir='ltr'><strong>quamvis</strong></span> <span class='ocrx_word' id='word_1_11' title='bbox 1110 460 1361 516; x_wconf 81' lang='lat' dir='ltr'><strong>omnibus</strong></span> <span class='ocrx_word' id='word_1_12' title='bbox 1402 461 1564 516; x_wconf 80' lang='lat' dir='ltr'><strong>verbo</strong></span> <span class='ocrx_word' id='word_1_13' title='bbox 1593 470 1645 515; x_wconf 90' lang='lat' dir='ltr'><strong>et</strong></span> <span class='ocrx_word' id='word_1_14' title='bbox 1669 464 1776 516; x_wconf 89' lang='lat' dir='ltr'><strong>vita</strong></span> <span class='ocrx_word' id='word_1_15' title='bbox 1804 463 2067 533; x_wconf 84' lang='lat' dir='ltr'><strong>prodesse</strong></span> <span class='ocrx_word' id='word_1_16' title='bbox 2092 465 2312 532; x_wconf 87' lang='lat' dir='ltr'><strong>debeat,</strong></span> <span class='ocrx_word' id='word_1_17' title='bbox 2346 477 2401 523; x_wconf 91' lang='lat' dir='ltr'><strong>et</strong></span> <span class='ocrx_word' id='word_1_18' title='bbox 2428 479 2748 527; x_wconf 86' lang='lat' dir='ltr'><strong>cunctorum</strong></span> <span class='ocrx_word' id='word_1_19' title='bbox 2780 473 3014 530; x_wconf 88' lang='lat' dir='ltr'><strong>sollicite</strong></span> <span class='ocrx_word' id='word_1_20' title='bbox 3044 490 3235 547; x_wconf 88' lang='lat' dir='ltr'><strong>gerere</strong></span> <span class='ocrx_word' id='word_1_21' title='bbox 3266 491 3485 544; x_wconf 85' lang='lat' dir='ltr'><strong>curam,</strong></span> <span class='ocrx_word' id='word_1_22' title='bbox 3524 480 3797 535; x_wconf 73' lang='lat' dir='ltr'><strong>monachis</strong></span> 
     </span>
    </p>
   </div>
   <div class='ocr_carea' id='block_1_5' title="bbox 535 553 3799 639">
    <p class='ocr_par' dir='ltr' id='par_1_5' title="bbox 535 553 3799 639">
     <span class='ocr_line' id='line_1_5' title="bbox 535 553 3799 639; baseline 0.008 -38"><span class='ocrx_word' id='word_1_23' title='bbox 535 554 716 604; x_wconf 90' lang='lat' dir='ltr'><strong>tamen</strong></span> <span class='ocrx_word' id='word_1_24' title='bbox 740 590 755 614; x_wconf 96' lang='lat'><strong>,</strong></span> <span class='ocrx_word' id='word_1_25' title='bbox 783 566 847 607; x_wconf 84' lang='lat' dir='ltr'><strong>ex</strong></span> <span class='ocrx_word' id='word_1_26' title='bbox 882 553 1078 622; x_wconf 79' lang='lat' dir='ltr'><strong>quibus</strong></span> <span class='ocrx_word' id='word_1_27' title='bbox 1113 562 1355 621; x_wconf 79' lang='lat' dir='ltr'><strong>sumplus</strong></span> <span class='ocrx_word' id='word_1_28' title='bbox 1383 562 1497 612; x_wconf 85' lang='lat' dir='ltr'><strong>est.</strong></span> <span class='ocrx_word' id='word_1_29' title='bbox 1527 553 1722 621; x_wconf 79' lang='lat' dir='ltr'><strong>quietis</strong></span> <span class='ocrx_word' id='word_1_30' title='bbox 1743 562 1795 607; x_wconf 89' lang='lat' dir='ltr'><strong>et</strong></span> <span class='ocrx_word' id='word_1_31' title='bbox 1826 554 2139 612; x_wconf 86' lang='lat' dir='ltr'><strong>stabilitatis</strong></span> <span class='ocrx_word' id='word_1_32' title='bbox 2164 566 2220 614; x_wconf 89' lang='lat' dir='ltr'><strong>et</strong></span> <span class='ocrx_word' id='word_1_33' title='bbox 2247 567 2607 628; x_wconf 72' lang='lat' dir='ltr'><strong>eaeterorum,</strong></span> <span class='ocrx_word' id='word_1_34' title='bbox 2633 577 2755 632; x_wconf 58' lang='lat' dir='ltr'><strong>qua</strong></span> <span class='ocrx_word' id='word_1_35' title='bbox 2781 564 2850 618; x_wconf 88' lang='lat' dir='ltr'><strong>ad</strong></span> <span class='ocrx_word' id='word_1_36' title='bbox 2878 580 3067 620; x_wconf 88' lang='lat' dir='ltr'><strong>eorum</strong></span> <span class='ocrx_word' id='word_1_37' title='bbox 3099 566 3265 622; x_wconf 89' lang='lat' dir='ltr'><strong>vitam</strong></span> <span class='ocrx_word' id='word_1_38' title='bbox 3296 570 3576 639; x_wconf 87' lang='lat' dir='ltr'><strong>pertinent</strong></span> <span class='ocrx_word' id='word_1_39' title='bbox 3603 572 3799 626; x_wconf 82' lang='lat' dir='ltr'><strong>exerci-</strong></span> 
     </span>
    </p>
   </div>
   <div class='ocr_carea' id='block_1_6' title="bbox 532 638 1856 713">
    <p class='ocr_par' dir='ltr' id='par_1_6' title="bbox 532 638 1856 713">
     <span class='ocr_line' id='line_1_6' title="bbox 532 638 1856 713; baseline 0.005 -22"><span class='ocrx_word' id='word_1_40' title='bbox 532 638 764 705; x_wconf 89' lang='lat' dir='ltr'><strong>tiorum,</strong></span> <span class='ocrx_word' id='word_1_41' title='bbox 802 643 1109 713; x_wconf 86' lang='lat' dir='ltr'><strong>exemplum</strong></span> <span class='ocrx_word' id='word_1_42' title='bbox 1142 642 1375 695; x_wconf 82' lang='lat' dir='ltr'><strong>maxime</strong></span> <span class='ocrx_word' id='word_1_43' title='bbox 1407 642 1648 710; x_wconf 76' lang='lat' dir='ltr'><strong>przebere</strong></span> <span class='ocrx_word' id='word_1_44' title='bbox 1678 640 1856 697; x_wconf 81' lang='lat' dir='ltr'><strong>debet.</strong></span> 
     </span>
    </p>
   </div>
   <div class='ocr_carea' id='block_1_7' title="bbox 603 730 3797 819">
    <p class='ocr_par' dir='ltr' id='par_1_7' title="bbox 603 730 3797 819">
     <span class='ocr_line' id='line_1_7' title="bbox 603 730 3797 819; baseline 0.006 -33"><span class='ocrx_word' id='word_1_45' title='bbox 603 730 675 786; x_wconf 81' lang='lat'><strong>5.~</strong></span> <span class='ocrx_word' id='word_1_46' title='bbox 699 732 945 800; x_wconf 82' lang='lat' dir='ltr'><strong>Quatuor</strong></span> <span class='ocrx_word' id='word_1_47' title='bbox 986 733 1169 802; x_wconf 84' lang='lat' dir='ltr'><strong>itaque</strong></span> <span class='ocrx_word' id='word_1_48' title='bbox 1200 731 1517 802; x_wconf 83' lang='lat' dir='ltr'><strong>septimanis</strong></span> <span class='ocrx_word' id='word_1_49' title='bbox 1556 733 1609 786; x_wconf 93' lang='lat' dir='ltr'><strong>in</strong></span> <span class='ocrx_word' id='word_1_50' title='bbox 1643 732 1774 787; x_wconf 82' lang='lat' dir='ltr'><strong>cella</strong></span> <span class='ocrx_word' id='word_1_51' title='bbox 1802 747 1927 789; x_wconf 91' lang='lat' dir='ltr'><strong>eum</strong></span> <span class='ocrx_word' id='word_1_52' title='bbox 1974 735 2186 790; x_wconf 69' lang='lat' dir='ltr'><strong>caeteris</strong></span> <span class='ocrx_word' id='word_1_53' title='bbox 2217 737 2500 793; x_wconf 89' lang='lat' dir='ltr'><strong>monachis</strong></span> <span class='ocrx_word' id='word_1_54' title='bbox 2538 741 2783 809; x_wconf 79' lang='lat' dir='ltr'><strong>exactis,</strong></span> <span class='ocrx_word' id='word_1_55' title='bbox 2834 743 3079 812; x_wconf 87' lang='lat' dir='ltr'><strong>quintam</strong></span> <span class='ocrx_word' id='word_1_56' title='bbox 3123 744 3257 802; x_wconf 89' lang='lat' dir='ltr'><strong>facit</strong></span> <span class='ocrx_word' id='word_1_57' title='bbox 3307 764 3432 804; x_wconf 90' lang='lat' dir='ltr'><strong>cum</strong></span> <span class='ocrx_word' id='word_1_58' title='bbox 3477 749 3651 806; x_wconf 79' lang='lat' dir='ltr'><strong>laicis.</strong></span> <span class='ocrx_word' id='word_1_59' title='bbox 3689 750 3797 819; x_wconf 82' lang='lat' dir='ltr'><strong>Quo</strong></span> 
     </span>
    </p>
   </div>
   <div class='ocr_carea' id='block_1_8' title="bbox 530 824 2765 903">
    <p class='ocr_par' dir='ltr' id='par_1_8' title="bbox 530 824 2765 903">
     <span class='ocr_line' id='line_1_8' title="bbox 530 824 2765 903; baseline 0.002 -24"><span class='ocrx_word' id='word_1_60' title='bbox 530 825 713 896; x_wconf 83' lang='lat' dir='ltr'><strong>spatio</strong></span> <span class='ocrx_word' id='word_1_61' title='bbox 738 824 1004 896; x_wconf 87' lang='lat' dir='ltr'><strong>ejus_erga</strong></span> <span class='ocrx_word' id='word_1_62' title='bbox 1032 825 1228 880; x_wconf 77' lang='lat' dir='ltr'><strong>fratres</strong></span> <span class='ocrx_word' id='word_1_63' title='bbox 1251 824 1484 879; x_wconf 82' lang='lat' dir='ltr'><strong>alliciunt</strong></span> <span class='ocrx_word' id='word_1_64' title='bbox 1512 824 1709 895; x_wconf 86' lang='lat' dir='ltr'><strong>aliquis</strong></span> <span class='ocrx_word' id='word_1_65' title='bbox 1733 825 1805 879; x_wconf 69' lang='lat' dir='ltr'><strong>ab</strong></span> <span class='ocrx_word' id='word_1_66' title='bbox 1831 841 1897 882; x_wconf 90' lang='lat' dir='ltr'><strong>eo</strong></span> <span class='ocrx_word' id='word_1_67' title='bbox 1919 825 2103 894; x_wconf 82' lang='lat' dir='ltr'><strong>jussus</strong></span> <span class='ocrx_word' id='word_1_68' title='bbox 2130 828 2471 898; x_wconf 78' lang='lat' dir='ltr'><strong>exsequitur.</strong></span> <span class='ocrx_word' id='word_1_69' title='bbox 2758 888 2765 903; x_wconf 45' lang='grc'><strong><em>⁸</em></strong></span> 
     </span>
    </p>
   </div>
   <div class='ocr_carea' id='block_1_9' title="bbox 600 910 3795 1005">
    <p class='ocr_par' dir='ltr' id='par_1_9' title="bbox 600 910 3795 1005">
     <span class='ocr_line' id='line_1_9' title="bbox 600 910 3795 1005; baseline 0.008 -39"><span class='ocrx_word' id='word_1_70' title='bbox 600 910 656 966; x_wconf 74' lang='grc'><strong>4.</strong></span> <span class='ocrx_word' id='word_1_71' title='bbox 696 912 815 982; x_wconf 83' lang='lat' dir='ltr'><strong>ipse</strong></span> <span class='ocrx_word' id='word_1_72' title='bbox 843 920 1019 967; x_wconf 89' lang='lat' dir='ltr'><strong>tamen</strong></span> <span class='ocrx_word' id='word_1_73' title='bbox 1049 913 1215 967; x_wconf 88' lang='lat' dir='ltr'><strong>eremi</strong></span> <span class='ocrx_word' id='word_1_74' title='bbox 1248 914 1506 968; x_wconf 84' lang='lat' dir='ltr'><strong>terminos</strong></span> <span class='ocrx_word' id='word_1_75' title='bbox 1535 928 1639 969; x_wconf 89' lang='lat' dir='ltr'><strong>non</strong></span> <span class='ocrx_word' id='word_1_76' title='bbox 1675 914 1972 983; x_wconf 79' lang='lat' dir='ltr'><strong>egreditur.</strong></span> <span class='ocrx_word' id='word_1_77' title='bbox 2016 914 2184 971; x_wconf 81' lang='lat' dir='ltr'><strong>Sedes</strong></span> <span class='ocrx_word' id='word_1_78' title='bbox 2210 914 2329 983; x_wconf 86' lang='lat' dir='ltr'><strong>ejus</strong></span> <span class='ocrx_word' id='word_1_79' title='bbox 2354 917 2610 987; x_wconf 83' lang='lat' dir='ltr'><strong>ubilibet,</strong></span> <span class='ocrx_word' id='word_1_80' title='bbox 2652 921 2737 977; x_wconf 87' lang='lat' dir='ltr'><strong>vel</strong></span> <span class='ocrx_word' id='word_1_81' title='bbox 2773 925 3003 980; x_wconf 89' lang='lat' dir='ltr'><strong>vestitus</strong></span> <span class='ocrx_word' id='word_1_82' title='bbox 3058 926 3207 982; x_wconf 91' lang='lat' dir='ltr'><strong>nulla</strong></span> <span class='ocrx_word' id='word_1_83' title='bbox 3240 932 3400 1000; x_wconf 88' lang='lat' dir='ltr'><strong>quasi</strong></span> <span class='ocrx_word' id='word_1_84' title='bbox 3434 932 3698 1005; x_wconf 76' lang='lat' dir='ltr'><strong>dignitate</strong></span> <span class='ocrx_word' id='word_1_85' title='bbox 3720 942 3795 995; x_wconf 77' lang='lat' dir='ltr'><strong>vel</strong></span> 
     </span>
    </p>
   </div>
   <div class='ocr_carea' id='block_1_10' title="bbox 527 1003 3798 1089">
    <p class='ocr_par' dir='ltr' id='par_1_10' title="bbox 527 1003 3798 1089">
     <span class='ocr_line' id='line_1_10' title="bbox 527 1003 3798 1089; baseline 0.007 -30"><span class='ocrx_word' id='word_1_86' title='bbox 527 1003 871 1075; x_wconf 73' lang='lat' dir='ltr'><strong>pretiOSitate</strong></span> <span class='ocrx_word' id='word_1_87' title='bbox 913 1003 1093 1060; x_wconf 81' lang='lat' dir='ltr'><strong>dill&#39;ert</strong></span> <span class='ocrx_word' id='word_1_88' title='bbox 1121 1020 1150 1058; x_wconf 91' lang='lat' dir='ltr'><strong>a</strong></span> <span class='ocrx_word' id='word_1_89' title='bbox 1194 1006 1439 1068; x_wconf 78' lang='lat' dir='ltr'><strong>ca-tcris,</strong></span> <span class='ocrx_word' id='word_1_90' title='bbox 1490 1021 1589 1061; x_wconf 90' lang='lat' dir='ltr'><strong>nec</strong></span> <span class='ocrx_word' id='word_1_91' title='bbox 1618 1007 1914 1077; x_wconf 81' lang='lat' dir='ltr'><strong>quidquam</strong></span> <span class='ocrx_word' id='word_1_92' title='bbox 1946 1014 2125 1076; x_wconf 79' lang='lat' dir='ltr'><strong>gestat</strong></span> <span class='ocrx_word' id='word_1_93' title='bbox 2153 1009 2299 1064; x_wconf 87' lang='lat' dir='ltr'><strong>unde</strong></span> <span class='ocrx_word' id='word_1_94' title='bbox 2326 1010 2467 1079; x_wconf 90' lang='lat' dir='ltr'><strong>quod</strong></span> <span class='ocrx_word' id='word_1_95' title='bbox 2500 1010 2568 1065; x_wconf 91' lang='lat' dir='ltr'><strong>sit</strong></span> <span class='ocrx_word' id='word_1_96' title='bbox 2594 1013 2744 1082; x_wconf 88' lang='lat' dir='ltr'><strong>prior</strong></span> <span class='ocrx_word' id='word_1_97' title='bbox 2775 1026 3062 1084; x_wconf 85' lang='lat' dir='ltr'><strong>appareat.</strong></span> <span class='ocrx_word' id='word_1_98' title='bbox 3104 1017 3455 1089; x_wconf 82' lang='lat' dir='ltr'><strong>Supplicatur</strong></span> <span class='ocrx_word' id='word_1_99' title='bbox 3483 1003 3533 1079; x_wconf 82' lang='lat' dir='ltr'><strong>ei</strong></span> <span class='ocrx_word' id='word_1_100' title='bbox 3556 1066 3575 1088; x_wconf 93' lang='lat'><strong>,</strong></span> <span class='ocrx_word' id='word_1_101' title='bbox 3613 1036 3667 1081; x_wconf 92' lang='lat' dir='ltr'><strong>et</strong></span> <span class='ocrx_word' id='word_1_102' title='bbox 3706 1031 3798 1086; x_wconf 72' lang='lat' dir='ltr'><strong>late</strong></span> 
     </span>
    </p>
   </div>
   <div class='ocr_carea' id='block_1_11' title="bbox 528 1096 3797 1189">
    <p class='ocr_par' dir='ltr' id='par_1_11' title="bbox 528 1096 3797 1189">
     <span class='ocr_line' id='line_1_11' title="bbox 528 1096 3797 1189; baseline 0.007 -37"><span class='ocrx_word' id='word_1_103' title='bbox 528 1096 769 1163; x_wconf 89' lang='lat' dir='ltr'><strong>modice,</strong></span> <span class='ocrx_word' id='word_1_104' title='bbox 805 1097 1143 1153; x_wconf 79' lang='lat' dir='ltr'><strong>solummodo</strong></span> <span class='ocrx_word' id='word_1_105' title='bbox 1167 1097 1232 1152; x_wconf 89' lang='lat' dir='ltr'><strong>ad</strong></span> <span class='ocrx_word' id='word_1_106' title='bbox 1257 1097 1541 1155; x_wconf 77' lang='lat' dir='ltr'><strong>lectionem</strong></span> <span class='ocrx_word' id='word_1_107' title='bbox 1568 1099 1720 1156; x_wconf 89' lang='lat' dir='ltr'><strong>eunti</strong></span> <span class='ocrx_word' id='word_1_108' title='bbox 1752 1109 1807 1155; x_wconf 91' lang='lat' dir='ltr'><strong>et</strong></span> <span class='ocrx_word' id='word_1_109' title='bbox 1838 1100 2124 1165; x_wconf 88' lang='lat' dir='ltr'><strong>redeunti,</strong></span> <span class='ocrx_word' id='word_1_110' title='bbox 2164 1100 2244 1155; x_wconf 88' lang='lat' dir='ltr'><strong>vel</strong></span> <span class='ocrx_word' id='word_1_111' title='bbox 2277 1115 2399 1156; x_wconf 89' lang='lat' dir='ltr'><strong>eum</strong></span> <span class='ocrx_word' id='word_1_112' title='bbox 2429 1112 2555 1158; x_wconf 88' lang='lat' dir='ltr'><strong>ante</strong></span> <span class='ocrx_word' id='word_1_113' title='bbox 2590 1119 2716 1160; x_wconf 89' lang='lat' dir='ltr'><strong>eum</strong></span> <span class='ocrx_word' id='word_1_114' title='bbox 2745 1110 3035 1175; x_wconf 90' lang='lat' dir='ltr'><strong>transitttr,</strong></span> <span class='ocrx_word' id='word_1_115' title='bbox 3081 1121 3135 1167; x_wconf 89' lang='lat' dir='ltr'><strong>et</strong></span> <span class='ocrx_word' id='word_1_116' title='bbox 3165 1128 3292 1168; x_wconf 87' lang='lat' dir='ltr'><strong>cum</strong></span> <span class='ocrx_word' id='word_1_117' title='bbox 3318 1115 3389 1169; x_wconf 86' lang='lat' dir='ltr'><strong>ad</strong></span> <span class='ocrx_word' id='word_1_118' title='bbox 3416 1115 3637 1189; x_wconf 82' lang='lat' dir='ltr'><strong>aliquos</strong></span> <span class='ocrx_word' id='word_1_119' title='bbox 3662 1124 3797 1180; x_wconf 75' lang='lat' dir='ltr'><strong>venit</strong></span> 
     </span>
    </p>
   </div>
   <div class='ocr_carea' id='block_1_12' title="bbox 528 1188 854 1261">
    <p class='ocr_par' dir='ltr' id='par_1_12' title="bbox 528 1188 854 1261">
     <span class='ocr_line' id='line_1_12' title="bbox 528 1188 854 1261; baseline 0 -18"><span class='ocrx_word' id='word_1_120' title='bbox 528 1188 854 1261; x_wconf 80' lang='lat' dir='ltr'><strong>assurgitur.</strong></span> 
     </span>
    </p>
   </div>
   <div class='ocr_carea' id='block_1_13' title="bbox 1909 1281 2478 1343">
    <p class='ocr_par' dir='ltr' id='par_1_13' title="bbox 1909 1281 2478 1343">
     <span class='ocr_line' id='line_1_13' title="bbox 1909 1281 2478 1343; baseline 0.009 -5"><span class='ocrx_word' id='word_1_121' title='bbox 1909 1281 2478 1343; x_wconf 77' lang='lat' dir='ltr'><strong>COMMENTARIUS.</strong></span> 
     </span>
    </p>
   </div>
   <div class='ocr_carea' id='block_1_14' title="bbox 522 1334 3797 1464">
    <p class='ocr_par' dir='ltr' id='par_1_14' title="bbox 522 1334 3797 1464">
     <span class='ocr_line' id='line_1_14' title="bbox 522 1334 3797 1464; baseline 0.007 -35"><span class='ocrx_word' id='word_1_122' title='bbox 522 1390 630 1430; x_wconf 88' lang='lat' dir='ltr'><strong>non</strong></span> <span class='ocrx_word' id='word_1_123' title='bbox 653 1334 952 1431; x_wconf 78' lang='lat' dir='ltr'><strong>dominum.</strong></span> <span class='ocrx_word' id='word_1_124' title='bbox 995 1375 1091 1430; x_wconf 84' lang='lat' dir='ltr'><strong>ilic</strong></span> <span class='ocrx_word' id='word_1_125' title='bbox 1116 1375 1247 1431; x_wconf 88' lang='lat' dir='ltr'><strong>libet</strong></span> <span class='ocrx_word' id='word_1_126' title='bbox 1279 1375 1687 1433; x_wconf 82' lang='lat' dir='ltr'><strong>referre’loeum</strong></span> <span class='ocrx_word' id='word_1_127' title='bbox 1725 1377 1875 1432; x_wconf 91' lang='lat' dir='ltr'><strong>illum</strong></span> <span class='ocrx_word' id='word_1_128' title='bbox 1908 1377 2105 1432; x_wconf 79' lang='lat' dir='ltr'><strong>exbor-</strong></span> <span class='ocrx_word' id='word_1_129' title='bbox 2136 1382 2179 1439; x_wconf 78' lang='grc' dir='ltr'><strong>Α</strong></span> <span class='ocrx_word' id='word_1_130' title='bbox 2210 1379 2365 1432; x_wconf 87' lang='lat' dir='ltr'><strong>naebi</strong></span> <span class='ocrx_word' id='word_1_131' title='bbox 2406 1379 2729 1451; x_wconf 89' lang='lat' dir='ltr'><strong>aliquando,</strong></span> <span class='ocrx_word' id='word_1_132' title='bbox 2783 1385 3034 1453; x_wconf 86' lang='lat' dir='ltr'><strong>quamvis</strong></span> <span class='ocrx_word' id='word_1_133' title='bbox 3081 1403 3240 1455; x_wconf 92' lang='lat' dir='ltr'><strong>raro,</strong></span> <span class='ocrx_word' id='word_1_134' title='bbox 3285 1391 3373 1449; x_wconf 82' lang='lat' dir='ltr'><strong>vel</strong></span> <span class='ocrx_word' id='word_1_135' title='bbox 3412 1406 3691 1464; x_wconf 56' lang='lat' dir='ltr'><strong>prasente</strong></span> <span class='ocrx_word' id='word_1_136' title='bbox 3721 1374 3797 1460; x_wconf 48' lang='lat' dir='ltr'><strong>id</strong></span> 
     </span>
    </p>
   </div>
   <div class='ocr_carea' id='block_1_15' title="bbox 522 1467 2110 1542">
    <p class='ocr_par' dir='ltr' id='par_1_15' title="bbox 522 1467 2110 1542">
     <span class='ocr_line' id='line_1_15' title="bbox 522 1467 2110 1542; baseline 0.003 -22"><span class='ocrx_word' id='word_1_137' title='bbox 522 1467 745 1522; x_wconf 82' lang='lat' dir='ltr'><strong>talionis</strong></span> <span class='ocrx_word' id='word_1_138' title='bbox 775 1482 937 1536; x_wconf 91' lang='lat' dir='ltr'><strong>quam</strong></span> <span class='ocrx_word' id='word_1_139' title='bbox 965 1469 1035 1522; x_wconf 89' lang='lat' dir='ltr'><strong>ab</strong></span> <span class='ocrx_word' id='word_1_140' title='bbox 1078 1469 1317 1537; x_wconf 86' lang='lat' dir='ltr'><strong>antiquis</strong></span> <span class='ocrx_word' id='word_1_141' title='bbox 1354 1469 1505 1539; x_wconf 91' lang='lat' dir='ltr'><strong>prior</strong></span> <span class='ocrx_word' id='word_1_142' title='bbox 1533 1469 1839 1527; x_wconf 72' lang='lat' dir='ltr'><strong>Carthusize</strong></span> <span class='ocrx_word' id='word_1_143' title='bbox 1883 1472 2110 1542; x_wconf 80' lang='lat' dir='ltr'><strong>singulis</strong></span> 
     </span>
    </p>
   </div>
   <div class='ocr_carea' id='block_1_16' title="bbox 519 1558 2107 1635">
    <p class='ocr_par' dir='ltr' id='par_1_16' title="bbox 519 1558 2107 1635">
     <span class='ocr_line' id='line_1_16' title="bbox 519 1558 2107 1635; baseline 0.004 -24"><span class='ocrx_word' id='word_1_144' title='bbox 519 1558 678 1615; x_wconf 89' lang='lat' dir='ltr'><strong>anuis</strong></span> <span class='ocrx_word' id='word_1_145' title='bbox 706 1560 758 1612; x_wconf 90' lang='lat' dir='ltr'><strong>in</strong></span> <span class='ocrx_word' id='word_1_146' title='bbox 793 1560 898 1614; x_wconf 84' lang='lat' dir='ltr'><strong>nne</strong></span> <span class='ocrx_word' id='word_1_147' title='bbox 937 1559 1157 1635; x_wconf 74' lang='lat' dir='ltr'><strong>capituli</strong></span> <span class='ocrx_word' id='word_1_148' title='bbox 1191 1561 1458 1630; x_wconf 82' lang='lat' dir='ltr'><strong>generalis</strong></span> <span class='ocrx_word' id='word_1_149' title='bbox 1499 1562 1637 1617; x_wconf 84' lang='lat' dir='ltr'><strong>solet</strong></span> <span class='ocrx_word' id='word_1_150' title='bbox 1676 1564 1982 1619; x_wconf 83' lang='lat' dir='ltr'><strong>astantibus</strong></span> <span class='ocrx_word' id='word_1_151' title='bbox 2025 1564 2107 1618; x_wconf 85' lang='lat' dir='ltr'><strong>fa-</strong></span> 
     </span>
    </p>
   </div>
   <div class='ocr_carea' id='block_1_17' title="bbox 520 1651 2107 1737">
    <p class='ocr_par' dir='ltr' id='par_1_17' title="bbox 520 1651 2107 1737">
     <span class='ocr_line' id='line_1_17' title="bbox 520 1651 2107 1737; baseline 0.004 -32"><span class='ocrx_word' id='word_1_152' title='bbox 520 1666 675 1715; x_wconf 84' lang='lat' dir='ltr'><strong>cere,</strong></span> <span class='ocrx_word' id='word_1_153' title='bbox 717 1651 808 1706; x_wconf 86' lang='lat' dir='ltr'><strong>ubi</strong></span> <span class='ocrx_word' id='word_1_154' title='bbox 849 1652 929 1706; x_wconf 89' lang='lat' dir='ltr'><strong>sic</strong></span> <span class='ocrx_word' id='word_1_155' title='bbox 956 1651 1196 1720; x_wconf 90' lang='lat' dir='ltr'><strong>loquitur</strong></span> <span class='ocrx_word' id='word_1_156' title='bbox 1221 1653 1495 1721; x_wconf 84' lang='lat' dir='ltr'><strong>prioribus</strong></span> <span class='ocrx_word' id='word_1_157' title='bbox 1527 1670 1539 1707; x_wconf 90' lang='lat'><strong>:</strong></span> <span class='ocrx_word' id='word_1_158' title='bbox 1573 1653 1810 1723; x_wconf 75' lang='lat' dir='ltr'><strong>Cogitent</strong></span> <span class='ocrx_word' id='word_1_159' title='bbox 1841 1673 1897 1709; x_wconf 83' lang='lat' dir='ltr'><strong>se</strong></span> <span class='ocrx_word' id='word_1_160' title='bbox 1927 1657 2107 1737; x_wconf 66' lang='lat' dir='ltr'><strong>domo-</strong></span> 
     </span>
    </p>
   </div>
   <div class='ocr_carea' id='block_1_18' title="bbox 520 1738 2104 1818">
    <p class='ocr_par' dir='ltr' id='par_1_18' title="bbox 520 1738 2104 1818">
     <span class='ocr_line' id='line_1_18' title="bbox 520 1738 2104 1818; baseline 0.004 -23"><span class='ocrx_word' id='word_1_161' title='bbox 520 1758 637 1796; x_wconf 89' lang='lat' dir='ltr'><strong>rum</strong></span> <span class='ocrx_word' id='word_1_162' title='bbox 669 1738 886 1797; x_wconf 84' lang='lat' dir='ltr'><strong>suarum</strong></span> <span class='ocrx_word' id='word_1_163' title='bbox 914 1744 1182 1798; x_wconf 82' lang='lat' dir='ltr'><strong>ministros</strong></span> <span class='ocrx_word' id='word_1_164' title='bbox 1207 1762 1336 1806; x_wconf 86' lang='lat' dir='ltr'><strong>esse,</strong></span> <span class='ocrx_word' id='word_1_165' title='bbox 1371 1761 1474 1799; x_wconf 82' lang='lat' dir='ltr'><strong>non</strong></span> <span class='ocrx_word' id='word_1_166' title='bbox 1503 1741 1776 1810; x_wconf 69' lang='lat' dir='ltr'><strong>dominos,</strong></span> <span class='ocrx_word' id='word_1_167' title='bbox 1804 1748 2022 1818; x_wconf 77' lang='lat' dir='ltr'><strong>quibus,</strong></span> <span class='ocrx_word' id='word_1_168' title='bbox 2048 1758 2104 1802; x_wconf 83' lang='lat' dir='ltr'><strong>ut</strong></span> 
     </span>
    </p>
   </div>
   <div class='ocr_carea' id='block_1_19' title="bbox 519 1833 2106 1911">
    <p class='ocr_par' dir='ltr' id='par_1_19' title="bbox 519 1833 2106 1911">
     <span class='ocr_line' id='line_1_19' title="bbox 519 1833 2106 1911; baseline 0.006 -25"><span class='ocrx_word' id='word_1_169' title='bbox 519 1833 593 1886; x_wconf 89' lang='lat' dir='ltr'><strong>ait</strong></span> <span class='ocrx_word' id='word_1_170' title='bbox 618 1834 894 1903; x_wconf 75' lang='lat' dir='ltr'><strong>Apostolus</strong></span> <span class='ocrx_word' id='word_1_171' title='bbox 917 1876 932 1899; x_wconf 93' lang='lat'><strong>,</strong></span> <span class='ocrx_word' id='word_1_172' title='bbox 979 1836 1298 1904; x_wconf 73' lang='lat' dir='ltr'><strong>dispensatio</strong></span> <span class='ocrx_word' id='word_1_173' title='bbox 1345 1839 1543 1893; x_wconf 81' lang='lat' dir='ltr'><strong>credita</strong></span> <span class='ocrx_word' id='word_1_174' title='bbox 1578 1851 1673 1895; x_wconf 87' lang='lat' dir='ltr'><strong>est.</strong></span> <span class='ocrx_word' id='word_1_175' title='bbox 1716 1841 1857 1896; x_wconf 86' lang='lat' dir='ltr'><strong>Ecce</strong></span> <span class='ocrx_word' id='word_1_176' title='bbox 1883 1856 2004 1911; x_wconf 63' lang='lat' dir='ltr'><strong>qua:</strong></span> <span class='ocrx_word' id='word_1_177' title='bbox 2033 1841 2106 1897; x_wconf 90' lang='lat' dir='ltr'><strong>sit</strong></span> 
     </span>
    </p>
   </div>
   <div class='ocr_carea' id='block_1_20' title="bbox 518 1925 2100 2001">
    <p class='ocr_par' dir='ltr' id='par_1_20' title="bbox 518 1925 2100 2001">
     <span class='ocr_line' id='line_1_20' title="bbox 518 1925 2100 2001; baseline 0.007 -25"><span class='ocrx_word' id='word_1_178' title='bbox 518 1938 675 1978; x_wconf 87' lang='lat' dir='ltr'><strong>mens</strong></span> <span class='ocrx_word' id='word_1_179' title='bbox 695 1925 903 1981; x_wconf 88' lang='lat' dir='ltr'><strong>ordinis</strong></span> <span class='ocrx_word' id='word_1_180' title='bbox 928 1934 981 1980; x_wconf 92' lang='lat' dir='ltr'><strong>et</strong></span> <span class='ocrx_word' id='word_1_181' title='bbox 1001 1926 1233 1995; x_wconf 86' lang='lat' dir='ltr'><strong>qualiter</strong></span> <span class='ocrx_word' id='word_1_182' title='bbox 1262 1927 1491 1998; x_wconf 65' lang='lat' dir='ltr'><strong>singulis</strong></span> <span class='ocrx_word' id='word_1_183' title='bbox 1513 1930 1671 1984; x_wconf 87' lang='lat' dir='ltr'><strong>anuis</strong></span> <span class='ocrx_word' id='word_1_184' title='bbox 1701 1929 1974 2001; x_wconf 83' lang='lat' dir='ltr'><strong>prioribus</strong></span> <span class='ocrx_word' id='word_1_185' title='bbox 2001 1926 2100 2001; x_wconf 84' lang='lat' dir='ltr'><strong>pu-</strong></span> 
     </span>
    </p>
   </div>
   <div class='ocr_carea' id='block_1_21' title="bbox 516 2012 2104 2084">
    <p class='ocr_par' dir='ltr' id='par_1_21' title="bbox 516 2012 2104 2084">
     <span class='ocr_line' id='line_1_21' title="bbox 516 2012 2104 2084; baseline 0.004 -17"><span class='ocrx_word' id='word_1_186' title='bbox 516 2012 658 2069; x_wconf 86' lang='lat' dir='ltr'><strong>blice</strong></span> <span class='ocrx_word' id='word_1_187' title='bbox 699 2015 1029 2084; x_wconf 79' lang='lat' dir='ltr'><strong>proferatur.</strong></span> <span class='ocrx_word' id='word_1_188' title='bbox 1066 2016 1267 2071; x_wconf 79' lang='lat' dir='ltr'><strong>Eadem</strong></span> <span class='ocrx_word' id='word_1_189' title='bbox 1306 2027 1487 2071; x_wconf 87' lang='lat' dir='ltr'><strong>autem</strong></span> <span class='ocrx_word' id='word_1_190' title='bbox 1513 2034 1672 2075; x_wconf 85' lang='lat' dir='ltr'><strong>nunc</strong></span> <span class='ocrx_word' id='word_1_191' title='bbox 1713 2019 1886 2073; x_wconf 83' lang='lat' dir='ltr'><strong>forma</strong></span> <span class='ocrx_word' id='word_1_192' title='bbox 1917 2035 2104 2074; x_wconf 80' lang='lat' dir='ltr'><strong>serva-</strong></span> 
     </span>
    </p>
   </div>
   <div class='ocr_carea' id='block_1_22' title="bbox 513 2104 2099 2179">
    <p class='ocr_par' dir='ltr' id='par_1_22' title="bbox 513 2104 2099 2179">
     <span class='ocr_line' id='line_1_22' title="bbox 513 2104 2099 2179; baseline 0.008 -24"><span class='ocrx_word' id='word_1_193' title='bbox 513 2111 604 2156; x_wconf 86' lang='lat' dir='ltr'><strong>tur</strong></span> <span class='ocrx_word' id='word_1_194' title='bbox 634 2104 685 2158; x_wconf 90' lang='lat' dir='ltr'><strong>in</strong></span> <span class='ocrx_word' id='word_1_195' title='bbox 716 2104 1003 2173; x_wconf 85' lang='lat' dir='ltr'><strong>electione,</strong></span> <span class='ocrx_word' id='word_1_196' title='bbox 1032 2107 1229 2161; x_wconf 84' lang='lat' dir='ltr'><strong>additis</strong></span> <span class='ocrx_word' id='word_1_197' title='bbox 1262 2118 1468 2161; x_wconf 82' lang='lat' dir='ltr'><strong>tantum</strong></span> <span class='ocrx_word' id='word_1_198' title='bbox 1497 2109 1563 2162; x_wconf 91' lang='lat' dir='ltr'><strong>iis</strong></span> <span class='ocrx_word' id='word_1_199' title='bbox 1591 2125 1712 2179; x_wconf 62' lang='lat' dir='ltr'><strong>qua}</strong></span> <span class='ocrx_word' id='word_1_200' title='bbox 1737 2125 1802 2165; x_wconf 73' lang='lat' dir='ltr'><strong>ex</strong></span> <span class='ocrx_word' id='word_1_201' title='bbox 1832 2111 1968 2179; x_wconf 84' lang='lat' dir='ltr'><strong>juris</strong></span> <span class='ocrx_word' id='word_1_202' title='bbox 1989 2112 2099 2168; x_wconf 87' lang='lat' dir='ltr'><strong>dis-</strong></span> 
     </span>
    </p>
   </div>
   <div class='ocr_carea' id='block_1_23' title="bbox 510 2195 2101 2270">
    <p class='ocr_par' dir='ltr' id='par_1_23' title="bbox 510 2195 2101 2270">
     <span class='ocr_line' id='line_1_23' title="bbox 510 2195 2101 2270; baseline 0.004 -20"><span class='ocrx_word' id='word_1_203' title='bbox 510 2195 781 2265; x_wconf 89' lang='lat' dir='ltr'><strong>positione</strong></span> <span class='ocrx_word' id='word_1_204' title='bbox 832 2200 1141 2254; x_wconf 88' lang='lat' dir='ltr'><strong>necessario</strong></span> <span class='ocrx_word' id='word_1_205' title='bbox 1189 2210 1345 2253; x_wconf 87' lang='lat' dir='ltr'><strong>erant</strong></span> <span class='ocrx_word' id='word_1_206' title='bbox 1393 2200 1670 2265; x_wconf 74' lang='lat' dir='ltr'><strong>add-uda,</strong></span> <span class='ocrx_word' id='word_1_207' title='bbox 1721 2203 1938 2270; x_wconf 88' lang='lat' dir='ltr'><strong>quando</strong></span> <span class='ocrx_word' id='word_1_208' title='bbox 1987 2212 2101 2257; x_wconf 85' lang='lat' dir='ltr'><strong>sta-</strong></span> 
     </span>
    </p>
   </div>
   <div class='ocr_carea' id='block_1_24' title="bbox 513 2289 2101 2364">
    <p class='ocr_par' dir='ltr' id='par_1_24' title="bbox 513 2289 2101 2364">
     <span class='ocr_line' id='line_1_24' title="bbox 513 2289 2101 2364; baseline 0.005 -23"><span class='ocrx_word' id='word_1_209' title='bbox 513 2295 627 2342; x_wconf 90' lang='lat' dir='ltr'><strong>tuta</strong></span> <span class='ocrx_word' id='word_1_210' title='bbox 660 2289 712 2343; x_wconf 91' lang='lat' dir='ltr'><strong>in</strong></span> <span class='ocrx_word' id='word_1_211' title='bbox 747 2290 938 2347; x_wconf 87' lang='lat' dir='ltr'><strong>ordine</strong></span> <span class='ocrx_word' id='word_1_212' title='bbox 971 2290 1190 2346; x_wconf 81' lang='lat' dir='ltr'><strong>fuerunt</strong></span> <span class='ocrx_word' id='word_1_213' title='bbox 1232 2293 1480 2357; x_wconf 80' lang='lat' dir='ltr'><strong>condita,</strong></span> <span class='ocrx_word' id='word_1_214' title='bbox 1520 2302 1570 2347; x_wconf 91' lang='lat' dir='ltr'><strong>et</strong></span> <span class='ocrx_word' id='word_1_215' title='bbox 1603 2294 1917 2364; x_wconf 78' lang='lat' dir='ltr'><strong>jamdudum</strong></span> <span class='ocrx_word' id='word_1_216' title='bbox 1947 2295 2101 2350; x_wconf 88' lang='lat' dir='ltr'><strong>insti-</strong></span> 
     </span>
    </p>
   </div>
   <div class='ocr_carea' id='block_1_25' title="bbox 512 2380 2102 2443">
    <p class='ocr_par' dir='ltr' id='par_1_25' title="bbox 512 2380 2102 2443">
     <span class='ocr_line' id='line_1_25' title="bbox 512 2380 2102 2443; baseline 0.007 -12"><span class='ocrx_word' id='word_1_217' title='bbox 512 2386 684 2433; x_wconf 90' lang='lat' dir='ltr'><strong>tutum</strong></span> <span class='ocrx_word' id='word_1_218' title='bbox 712 2380 1097 2439; x_wconf 86' lang='lat' dir='ltr'><strong>Carthusiense</strong></span> <span class='ocrx_word' id='word_1_219' title='bbox 1130 2383 1271 2438; x_wconf 88' lang='lat' dir='ltr'><strong>inter</strong></span> <span class='ocrx_word' id='word_1_220' title='bbox 1311 2387 1643 2441; x_wconf 85' lang='lat' dir='ltr'><strong>tnonasticos</strong></span> <span class='ocrx_word' id='word_1_221' title='bbox 1676 2387 1896 2442; x_wconf 88' lang='lat' dir='ltr'><strong>ordines</strong></span> <span class='ocrx_word' id='word_1_222' title='bbox 1926 2386 2102 2443; x_wconf 88' lang='lat' dir='ltr'><strong>fuerat</strong></span> 
     </span>
    </p>
   </div>
   <div class='ocr_carea' id='block_1_26' title="bbox 510 2466 761 2524">
    <p class='ocr_par' dir='ltr' id='par_1_26' title="bbox 510 2466 761 2524">
     <span class='ocr_line' id='line_1_26' title="bbox 510 2466 761 2524; baseline 0.008 -2"><span class='ocrx_word' id='word_1_223' title='bbox 510 2466 761 2524; x_wconf 83' lang='lat' dir='ltr'><strong>relatum.</strong></span> 
     </span>
    </p>
   </div>
   <div class='ocr_carea' id='block_1_27' title="bbox 579 2558 2095 2640">
    <p class='ocr_par' dir='ltr' id='par_1_27' title="bbox 579 2558 2095 2640">
     <span class='ocr_line' id='line_1_27' title="bbox 579 2558 2095 2640; baseline 0.008 -25"><span class='ocrx_word' id='word_1_224' title='bbox 579 2558 738 2617; x_wconf 80' lang='lat' dir='ltr'><strong>Num.</strong></span> <span class='ocrx_word' id='word_1_225' title='bbox 770 2563 823 2617; x_wconf 80' lang='lat' dir='ltr'><strong>l.</strong></span> <span class='ocrx_word' id='word_1_226' title='bbox 854 2562 1187 2635; x_wconf 72' lang='lat' dir='ltr'><strong>Prwcipuum</strong></span> <span class='ocrx_word' id='word_1_227' title='bbox 1231 2567 1520 2638; x_wconf 78' lang='lat' dir='ltr'><strong>jejunium.</strong></span> <span class='ocrx_word' id='word_1_228' title='bbox 1564 2569 1620 2624; x_wconf 86' lang='lat' dir='ltr'><strong>Id</strong></span> <span class='ocrx_word' id='word_1_229' title='bbox 1666 2578 1751 2624; x_wconf 92' lang='lat' dir='ltr'><strong>est</strong></span> <span class='ocrx_word' id='word_1_230' title='bbox 1796 2568 2095 2640; x_wconf 78' lang='lat' dir='ltr'><strong>jejuniuma</strong></span> 
     </span>
    </p>
   </div>
   <div class='ocr_carea' id='block_1_28' title="bbox 509 2653 2092 2729">
    <p class='ocr_par' dir='ltr' id='par_1_28' title="bbox 509 2653 2092 2729">
     <span class='ocr_line' id='line_1_28' title="bbox 509 2653 2092 2729; baseline 0.008 -22"><span class='ocrx_word' id='word_1_231' title='bbox 509 2661 625 2708; x_wconf 89' lang='lat' dir='ltr'><strong>tota</strong></span> <span class='ocrx_word' id='word_1_232' title='bbox 648 2653 889 2712; x_wconf 84' lang='lat' dir='ltr'><strong>Ecclesia</strong></span> <span class='ocrx_word' id='word_1_233' title='bbox 912 2658 1012 2713; x_wconf 84' lang='lat' dir='ltr'><strong>sub</strong></span> <span class='ocrx_word' id='word_1_234' title='bbox 1035 2670 1307 2728; x_wconf 63' lang='lat' dir='ltr'><strong>pra-cepto</strong></span> <span class='ocrx_word' id='word_1_235' title='bbox 1332 2662 1536 2716; x_wconf 88' lang='lat' dir='ltr'><strong>servari</strong></span> <span class='ocrx_word' id='word_1_236' title='bbox 1559 2661 1778 2718; x_wconf 89' lang='lat' dir='ltr'><strong>solitum</strong></span> <span class='ocrx_word' id='word_1_237' title='bbox 1800 2703 1814 2729; x_wconf 90' lang='lat'><strong>,</strong></span> <span class='ocrx_word' id='word_1_238' title='bbox 1833 2680 1937 2719; x_wconf 90' lang='lat' dir='ltr'><strong>non</strong></span> <span class='ocrx_word' id='word_1_239' title='bbox 1963 2680 2092 2720; x_wconf 68' lang='lat' dir='ltr'><strong>Vero</strong></span> 
     </span>
    </p>
   </div>
   <div class='ocr_carea' id='block_1_29' title="bbox 2214 1469 3795 1551">
    <p class='ocr_par' dir='ltr' id='par_1_29' title="bbox 2214 1469 3795 1551">
     <span class='ocr_line' id='line_1_29' title="bbox 2214 1469 3795 1551; baseline 0.017 -29"><span class='ocrx_word' id='word_1_240' title='bbox 2214 1469 2560 1538; x_wconf 90' lang='lat' dir='ltr'><strong>permittente</strong></span> <span class='ocrx_word' id='word_1_241' title='bbox 2588 1473 2771 1542; x_wconf 86' lang='lat' dir='ltr'><strong>priore</strong></span> <span class='ocrx_word' id='word_1_242' title='bbox 2797 1475 2957 1529; x_wconf 91' lang='lat' dir='ltr'><strong>simul</strong></span> <span class='ocrx_word' id='word_1_243' title='bbox 2990 1477 3410 1538; x_wconf 72' lang='lat' dir='ltr'><strong>deambulabant</strong></span> <span class='ocrx_word' id='word_1_244' title='bbox 3442 1492 3795 1551; x_wconf 84' lang='lat' dir='ltr'><strong>recreatiouis</strong></span> 
     </span>
    </p>
   </div>
   <div class='ocr_carea' id='block_1_30' title="bbox 2211 1563 3791 1653">
    <p class='ocr_par' dir='ltr' id='par_1_30' title="bbox 2211 1563 3791 1653">
     <span class='ocr_line' id='line_1_30' title="bbox 2211 1563 3791 1653; baseline 0.017 -39"><span class='ocrx_word' id='word_1_245' title='bbox 2211 1563 2405 1630; x_wconf 87' lang='lat' dir='ltr'><strong>gratia,</strong></span> <span class='ocrx_word' id='word_1_246' title='bbox 2426 1573 2479 1618; x_wconf 91' lang='lat' dir='ltr'><strong>et</strong></span> <span class='ocrx_word' id='word_1_247' title='bbox 2507 1564 2588 1619; x_wconf 91' lang='lat' dir='ltr'><strong>sle</strong></span> <span class='ocrx_word' id='word_1_248' title='bbox 2611 1566 3009 1635; x_wconf 83' lang='lat' dir='ltr'><strong>spatiabantur.</strong></span> <span class='ocrx_word' id='word_1_249' title='bbox 3034 1570 3173 1628; x_wconf 82' lang='lat' dir='ltr'><strong>Hinc</strong></span> <span class='ocrx_word' id='word_1_250' title='bbox 3207 1588 3408 1632; x_wconf 86' lang='lat' dir='ltr'><strong>nomen</strong></span> <span class='ocrx_word' id='word_1_251' title='bbox 3440 1584 3791 1653; x_wconf 77' lang='lat' dir='ltr'><strong>spatiamti,</strong></span> 
     </span>
    </p>
   </div>
   <div class='ocr_carea' id='block_1_31' title="bbox 2208 1655 3790 1742">
    <p class='ocr_par' dir='ltr' id='par_1_31' title="bbox 2208 1655 3790 1742">
     <span class='ocr_line' id='line_1_31' title="bbox 2208 1655 3790 1742; baseline 0.017 -36"><span class='ocrx_word' id='word_1_252' title='bbox 2208 1668 2317 1723; x_wconf 90' lang='lat' dir='ltr'><strong>quo</strong></span> <span class='ocrx_word' id='word_1_253' title='bbox 2343 1655 2707 1712; x_wconf 86' lang='lat' dir='ltr'><strong>deambulatio</strong></span> <span class='ocrx_word' id='word_1_254' title='bbox 2746 1657 2841 1714; x_wconf 87' lang='lat' dir='ltr'><strong>illa</strong></span> <span class='ocrx_word' id='word_1_255' title='bbox 2871 1659 3015 1716; x_wconf 87' lang='lat' dir='ltr'><strong>intra</strong></span> <span class='ocrx_word' id='word_1_256' title='bbox 3056 1666 3319 1722; x_wconf 90' lang='lat' dir='ltr'><strong>terminos</strong></span> <span class='ocrx_word' id='word_1_257' title='bbox 3351 1672 3635 1742; x_wconf 73' lang='lat' dir='ltr'><strong>assignate</strong></span> <span class='ocrx_word' id='word_1_258' title='bbox 3660 1679 3790 1733; x_wconf 64' lang='lat' dir='ltr'><strong>desi.</strong></span> 
     </span>
    </p>
   </div>
   <div class='ocr_carea' id='block_1_32' title="bbox 2208 1752 3789 1828">
    <p class='ocr_par' dir='ltr' id='par_1_32' title="bbox 2208 1752 3789 1828">
     <span class='ocr_line' id='line_1_32' title="bbox 2208 1752 3789 1828; baseline 0.02 -32"><span class='ocrx_word' id='word_1_259' title='bbox 2208 1753 2424 1814; x_wconf 72' lang='lat' dir='ltr'><strong>guatur,</strong></span> <span class='ocrx_word' id='word_1_260' title='bbox 2469 1756 2649 1803; x_wconf 89' lang='lat' dir='ltr'><strong>ortum</strong></span> <span class='ocrx_word' id='word_1_261' title='bbox 2678 1752 2917 1821; x_wconf 87' lang='lat' dir='ltr'><strong>accepit,</strong></span> <span class='ocrx_word' id='word_1_262' title='bbox 2952 1765 3008 1809; x_wconf 93' lang='lat' dir='ltr'><strong>et</strong></span> <span class='ocrx_word' id='word_1_263' title='bbox 3038 1754 3319 1828; x_wconf 85' lang='lat' dir='ltr'><strong>hucusque</strong></span> <span class='ocrx_word' id='word_1_264' title='bbox 3362 1762 3418 1817; x_wconf 91' lang='lat' dir='ltr'><strong>in</strong></span> <span class='ocrx_word' id='word_1_265' title='bbox 3458 1766 3653 1823; x_wconf 85' lang='lat' dir='ltr'><strong>ordine</strong></span> <span class='ocrx_word' id='word_1_266' title='bbox 3687 1785 3789 1826; x_wconf 76' lang='lat' dir='ltr'><strong>ser-</strong></span> 
     </span>
    </p>
   </div>
   <div class='ocr_carea' id='block_1_33' title="bbox 2208 1845 2526 1891">
    <p class='ocr_par' dir='ltr' id='par_1_33' title="bbox 2208 1845 2526 1891">
     <span class='ocr_line' id='line_1_33' title="bbox 2208 1845 2526 1891; baseline 0.009 -3"><span class='ocrx_word' id='word_1_267' title='bbox 2208 1849 2269 1889; x_wconf 84' lang='lat' dir='ltr'><strong>va</strong></span> <span class='ocrx_word' id='word_1_268' title='bbox 2279 1845 2388 1890; x_wconf 90' lang='lat' dir='ltr'><strong>tum</strong></span> <span class='ocrx_word' id='word_1_269' title='bbox 2420 1846 2526 1891; x_wconf 84' lang='lat' dir='ltr'><strong>est.</strong></span> 
     </span>
    </p>
   </div>
   <div class='ocr_carea' id='block_1_34' title="bbox 2205 1926 3783 2018">
    <p class='ocr_par' dir='ltr' id='par_1_34' title="bbox 2205 1926 3783 2018">
     <span class='ocr_line' id='line_1_34' title="bbox 2205 1926 3783 2018; baseline 0.019 -40"><span class='ocrx_word' id='word_1_270' title='bbox 2205 1945 2211 1949; x_wconf 62' lang='grc' dir='ltr'><strong>ε</strong></span> <span class='ocrx_word' id='word_1_271' title='bbox 2278 1926 2583 1987; x_wconf 81' lang='lat' dir='ltr'><strong>Terminus.</strong></span> <span class='ocrx_word' id='word_1_272' title='bbox 2611 1930 2728 1987; x_wconf 91' lang='lat' dir='ltr'><strong>illos</strong></span> <span class='ocrx_word' id='word_1_273' title='bbox 2765 1935 3175 2002; x_wconf 78' lang='lat' dir='ltr'><strong>possessionum</strong></span> <span class='ocrx_word' id='word_1_274' title='bbox 3213 1949 3345 1999; x_wconf 90' lang='lat' dir='ltr'><strong>tunc</strong></span> <span class='ocrx_word' id='word_1_275' title='bbox 3389 1949 3657 2018; x_wconf 84' lang='lat' dir='ltr'><strong>temporis</strong></span> <span class='ocrx_word' id='word_1_276' title='bbox 3690 1966 3783 2006; x_wconf 83' lang='lat' dir='ltr'><strong>non</strong></span> 
     </span>
    </p>
   </div>
   <div class='ocr_carea' id='block_1_35' title="bbox 2206 2021 3783 2107">
    <p class='ocr_par' dir='ltr' id='par_1_35' title="bbox 2206 2021 3783 2107">
     <span class='ocr_line' id='line_1_35' title="bbox 2206 2021 3783 2107; baseline 0.018 -36"><span class='ocrx_word' id='word_1_277' title='bbox 2206 2027 2416 2073; x_wconf 87' lang='lat' dir='ltr'><strong>tantum</strong></span> <span class='ocrx_word' id='word_1_278' title='bbox 2436 2022 2587 2091; x_wconf 91' lang='lat' dir='ltr'><strong>prior</strong></span> <span class='ocrx_word' id='word_1_279' title='bbox 2599 2021 2902 2081; x_wconf 73' lang='lat' dir='ltr'><strong>Carthusiat</strong></span> <span class='ocrx_word' id='word_1_280' title='bbox 2922 2043 3028 2082; x_wconf 90' lang='lat' dir='ltr'><strong>non</strong></span> <span class='ocrx_word' id='word_1_281' title='bbox 3051 2031 3459 2101; x_wconf 66' lang='lat' dir='ltr'><strong>egrediebatur,</strong></span> <span class='ocrx_word' id='word_1_282' title='bbox 3477 2051 3637 2107; x_wconf 87' lang='lat' dir='ltr'><strong>prout</strong></span> <span class='ocrx_word' id='word_1_283' title='bbox 3658 2060 3783 2099; x_wconf 80' lang='lat' dir='ltr'><strong>nunc</strong></span> 
     </span>
    </p>
   </div>
   <div class='ocr_carea' id='block_1_36' title="bbox 2202 2111 3782 2199">
    <p class='ocr_par' dir='ltr' id='par_1_36' title="bbox 2202 2111 3782 2199">
     <span class='ocr_line' id='line_1_36' title="bbox 2202 2111 3782 2199; baseline 0.018 -38"><span class='ocrx_word' id='word_1_284' title='bbox 2202 2111 2360 2166; x_wconf 86' lang='lat' dir='ltr'><strong>abeo</strong></span> <span class='ocrx_word' id='word_1_285' title='bbox 2403 2120 2673 2180; x_wconf 86' lang='lat' dir='ltr'><strong>setvatur,</strong></span> <span class='ocrx_word' id='word_1_286' title='bbox 2712 2118 2804 2172; x_wconf 87' lang='lat' dir='ltr'><strong>sed</strong></span> <span class='ocrx_word' id='word_1_287' title='bbox 2847 2118 2990 2174; x_wconf 90' lang='lat' dir='ltr'><strong>idem</strong></span> <span class='ocrx_word' id='word_1_288' title='bbox 3035 2123 3403 2199; x_wconf 71' lang='lat' dir='ltr'><strong>observabant</strong></span> <span class='ocrx_word' id='word_1_289' title='bbox 3433 2135 3782 2189; x_wconf 84' lang='lat' dir='ltr'><strong>communiter</strong></span> 
     </span>
    </p>
   </div>
   <div class='ocr_carea' id='block_1_37' title="bbox 2203 2201 3777 2293">
    <p class='ocr_par' dir='ltr' id='par_1_37' title="bbox 2203 2201 3777 2293">
     <span class='ocr_line' id='line_1_37' title="bbox 2203 2201 3777 2293; baseline 0.018 -38"><span class='ocrx_word' id='word_1_290' title='bbox 2203 2201 2291 2256; x_wconf 84' lang='lat' dir='ltr'><strong>alii</strong></span> <span class='ocrx_word' id='word_1_291' title='bbox 2326 2205 2606 2260; x_wconf 88' lang='lat' dir='ltr'><strong>domorum</strong></span> <span class='ocrx_word' id='word_1_292' title='bbox 2637 2208 2847 2276; x_wconf 88' lang='lat' dir='ltr'><strong>priores</strong></span> <span class='ocrx_word' id='word_1_293' title='bbox 2871 2221 2927 2266; x_wconf 86' lang='lat' dir='ltr'><strong>et</strong></span> <span class='ocrx_word' id='word_1_294' title='bbox 2969 2227 3071 2281; x_wconf 88' lang='lat' dir='ltr'><strong>par</strong></span> <span class='ocrx_word' id='word_1_295' title='bbox 3098 2225 3217 2270; x_wconf 89' lang='lat' dir='ltr'><strong>erat</strong></span> <span class='ocrx_word' id='word_1_296' title='bbox 3251 2220 3393 2274; x_wconf 80' lang='lat' dir='ltr'><strong>ratio</strong></span> <span class='ocrx_word' id='word_1_297' title='bbox 3425 2222 3480 2275; x_wconf 91' lang='lat' dir='ltr'><strong>in</strong></span> <span class='ocrx_word' id='word_1_298' title='bbox 3522 2225 3777 2293; x_wconf 84' lang='lat' dir='ltr'><strong>omnibus,</strong></span> 
     </span>
    </p>
   </div>
   <div class='ocr_carea' id='block_1_38' title="bbox 2202 2294 3774 2371">
    <p class='ocr_par' dir='ltr' id='par_1_38' title="bbox 2202 2294 3774 2371">
     <span class='ocr_line' id='line_1_38' title="bbox 2202 2294 3774 2371; baseline 0.019 -28"><span class='ocrx_word' id='word_1_299' title='bbox 2202 2294 2330 2364; x_wconf 85' lang='lat' dir='ltr'><strong>quia</strong></span> <span class='ocrx_word' id='word_1_300' title='bbox 2360 2309 2485 2349; x_wconf 90' lang='lat' dir='ltr'><strong>cum</strong></span> <span class='ocrx_word' id='word_1_301' title='bbox 2509 2299 2880 2366; x_wconf 83' lang='lat' dir='ltr'><strong>possessiones</strong></span> <span class='ocrx_word' id='word_1_302' title='bbox 2917 2301 3200 2360; x_wconf 88' lang='lat' dir='ltr'><strong>domorum</strong></span> <span class='ocrx_word' id='word_1_303' title='bbox 3230 2307 3375 2365; x_wconf 84' lang='lat' dir='ltr'><strong>intra</strong></span> <span class='ocrx_word' id='word_1_304' title='bbox 3407 2315 3671 2371; x_wconf 81' lang='lat' dir='ltr'><strong>terminos</strong></span> <span class='ocrx_word' id='word_1_305' title='bbox 3700 2316 3774 2371; x_wconf 55' lang='lat' dir='ltr'><strong>in-</strong></span> 
     </span>
    </p>
   </div>
   <div class='ocr_carea' id='block_1_39' title="bbox 2203 2384 3773 2473">
    <p class='ocr_par' dir='ltr' id='par_1_39' title="bbox 2203 2384 3773 2473">
     <span class='ocr_line' id='line_1_39' title="bbox 2203 2384 3773 2473; baseline 0.017 -37"><span class='ocrx_word' id='word_1_306' title='bbox 2203 2384 2365 2438; x_wconf 81' lang='lat' dir='ltr'><strong>clus:e</strong></span> <span class='ocrx_word' id='word_1_307' title='bbox 2390 2397 2596 2452; x_wconf 90' lang='lat' dir='ltr'><strong>essent,</strong></span> <span class='ocrx_word' id='word_1_308' title='bbox 2621 2388 2764 2444; x_wconf 86' lang='lat' dir='ltr'><strong>nulla</strong></span> <span class='ocrx_word' id='word_1_309' title='bbox 2798 2391 3035 2447; x_wconf 86' lang='lat' dir='ltr'><strong>instabat</strong></span> <span class='ocrx_word' id='word_1_310' title='bbox 3066 2398 3366 2454; x_wconf 84' lang='lat' dir='ltr'><strong>necessitas</strong></span> <span class='ocrx_word' id='word_1_311' title='bbox 3396 2401 3773 2473; x_wconf 81' lang='lat' dir='ltr'><strong>inspectionetn</strong></span> 
     </span>
    </p>
   </div>
   <div class='ocr_carea' id='block_1_40' title="bbox 2202 2477 3777 2552">
    <p class='ocr_par' dir='ltr' id='par_1_40' title="bbox 2202 2477 3777 2552">
     <span class='ocr_line' id='line_1_40' title="bbox 2202 2477 3777 2552; baseline 0.014 -22"><span class='ocrx_word' id='word_1_312' title='bbox 2202 2484 2256 2530; x_wconf 91' lang='lat' dir='ltr'><strong>et</strong></span> <span class='ocrx_word' id='word_1_313' title='bbox 2285 2491 2470 2531; x_wconf 91' lang='lat' dir='ltr'><strong>curam</strong></span> <span class='ocrx_word' id='word_1_314' title='bbox 2502 2477 2828 2547; x_wconf 85' lang='lat' dir='ltr'><strong>pastoralem</strong></span> <span class='ocrx_word' id='word_1_315' title='bbox 2863 2477 3186 2550; x_wconf 74' lang='lat' dir='ltr'><strong>exercendi,</strong></span> <span class='ocrx_word' id='word_1_316' title='bbox 3218 2487 3325 2543; x_wconf 84' lang='lat' dir='ltr'><strong>nisi</strong></span> <span class='ocrx_word' id='word_1_317' title='bbox 3356 2498 3575 2548; x_wconf 84' lang='lat' dir='ltr'><strong>tantum</strong></span> <span class='ocrx_word' id='word_1_318' title='bbox 3616 2495 3667 2549; x_wconf 90' lang='lat' dir='ltr'><strong>in</strong></span> <span class='ocrx_word' id='word_1_319' title='bbox 3702 2495 3777 2552; x_wconf 85' lang='lat' dir='ltr'><strong>his</strong></span> 
     </span>
    </p>
   </div>
   <div class='ocr_carea' id='block_1_41' title="bbox 2201 2562 3779 2645">
    <p class='ocr_par' dir='ltr' id='par_1_41' title="bbox 2201 2562 3779 2645">
     <span class='ocr_line' id='line_1_41' title="bbox 2201 2562 3779 2645; baseline 0.012 -26"><span class='ocrx_word' id='word_1_320' title='bbox 2201 2567 2363 2623; x_wconf 84' lang='lat' dir='ltr'><strong>rebus</strong></span> <span class='ocrx_word' id='word_1_321' title='bbox 2388 2568 2455 2623; x_wconf 90' lang='lat' dir='ltr'><strong>ad</strong></span> <span class='ocrx_word' id='word_1_322' title='bbox 2482 2583 2582 2625; x_wconf 92' lang='lat' dir='ltr'><strong>nos</strong></span> <span class='ocrx_word' id='word_1_323' title='bbox 2604 2571 3008 2638; x_wconf 89' lang='lat' dir='ltr'><strong>spectantibus,</strong></span> <span class='ocrx_word' id='word_1_324' title='bbox 3044 2590 3166 2645; x_wconf 63' lang='lat' dir='ltr'><strong>quae</strong></span> <span class='ocrx_word' id='word_1_325' title='bbox 3199 2576 3341 2633; x_wconf 87' lang='lat' dir='ltr'><strong>intra</strong></span> <span class='ocrx_word' id='word_1_326' title='bbox 3374 2562 3641 2640; x_wconf 77' lang='lat' dir='ltr'><strong>terminos</strong></span> <span class='ocrx_word' id='word_1_327' title='bbox 3664 2600 3779 2640; x_wconf 79' lang='lat' dir='ltr'><strong>eoa-</strong></span> 
     </span>
    </p>
   </div>
   <div class='ocr_carea' id='block_1_42' title="bbox 2200 2660 3777 2735">
    <p class='ocr_par' dir='ltr' id='par_1_42' title="bbox 2200 2660 3777 2735">
     <span class='ocr_line' id='line_1_42' title="bbox 2200 2660 3777 2735; baseline 0.012 -21"><span class='ocrx_word' id='word_1_328' title='bbox 2200 2660 2531 2718; x_wconf 86' lang='lat' dir='ltr'><strong>tinebautur.</strong></span> <span class='ocrx_word' id='word_1_329' title='bbox 2572 2663 2723 2728; x_wconf 76' lang='lat' dir='ltr'><strong>Dixi,</strong></span> <span class='ocrx_word' id='word_1_330' title='bbox 2764 2668 3128 2733; x_wconf 82' lang='lat' dir='ltr'><strong>communiter,</strong></span> <span class='ocrx_word' id='word_1_331' title='bbox 3171 2686 3297 2727; x_wconf 87' lang='lat' dir='ltr'><strong>nam</strong></span> <span class='ocrx_word' id='word_1_332' title='bbox 3337 2684 3557 2731; x_wconf 87' lang='lat' dir='ltr'><strong>eertum</strong></span> <span class='ocrx_word' id='word_1_333' title='bbox 3586 2690 3669 2734; x_wconf 89' lang='lat' dir='ltr'><strong>est</strong></span> <span class='ocrx_word' id='word_1_334' title='bbox 3695 2694 3777 2735; x_wconf 77' lang='lat' dir='ltr'><strong>uc-</strong></span> 
     </span>
    </p>
   </div>
   <div class='ocr_carea' id='block_1_43' title="bbox 505 2730 3777 2836">
    <p class='ocr_par' dir='ltr' id='par_1_43' title="bbox 505 2730 3777 2836">
     <span class='ocr_line' id='line_1_43' title="bbox 505 2730 3777 2836; baseline 0.009 -41"><span class='ocrx_word' id='word_1_335' title='bbox 505 2740 772 2811; x_wconf 82' lang='lat' dir='ltr'><strong>jejuuinm</strong></span> <span class='ocrx_word' id='word_1_336' title='bbox 820 2744 947 2801; x_wconf 89' lang='lat' dir='ltr'><strong>illud</strong></span> <span class='ocrx_word' id='word_1_337' title='bbox 988 2749 1130 2818; x_wconf 88' lang='lat' dir='ltr'><strong>quod</strong></span> <span class='ocrx_word' id='word_1_338' title='bbox 1183 2757 1389 2803; x_wconf 89' lang='lat' dir='ltr'><strong>tantum</strong></span> <span class='ocrx_word' id='word_1_339' title='bbox 1435 2765 1501 2805; x_wconf 83' lang='lat' dir='ltr'><strong>ex</strong></span> <span class='ocrx_word' id='word_1_340' title='bbox 1532 2752 1740 2808; x_wconf 87' lang='lat' dir='ltr'><strong>ordinis</strong></span> <span class='ocrx_word' id='word_1_341' title='bbox 1780 2756 2093 2825; x_wconf 78' lang='lat' dir='ltr'><strong>przescripto</strong></span> <span class='ocrx_word' id='word_1_342' title='bbox 2130 2730 2168 2784; x_wconf 73' lang='grc' dir='ltr'><strong>Β</strong></span> <span class='ocrx_word' id='word_1_343' title='bbox 2196 2765 2347 2807; x_wconf 91' lang='lat' dir='ltr'><strong>cesse</strong></span> <span class='ocrx_word' id='word_1_344' title='bbox 2370 2751 2660 2823; x_wconf 88' lang='lat' dir='ltr'><strong>aliquando</strong></span> <span class='ocrx_word' id='word_1_345' title='bbox 2681 2754 2848 2811; x_wconf 88' lang='lat' dir='ltr'><strong>fuisse</strong></span> <span class='ocrx_word' id='word_1_346' title='bbox 2874 2766 2935 2812; x_wconf 91' lang='lat' dir='ltr'><strong>ut</strong></span> <span class='ocrx_word' id='word_1_347' title='bbox 2961 2759 3172 2828; x_wconf 90' lang='lat' dir='ltr'><strong>priores</strong></span> <span class='ocrx_word' id='word_1_348' title='bbox 3191 2764 3455 2822; x_wconf 91' lang='lat' dir='ltr'><strong>terminos</strong></span> <span class='ocrx_word' id='word_1_349' title='bbox 3475 2782 3608 2823; x_wconf 87' lang='lat' dir='ltr'><strong>suos</strong></span> <span class='ocrx_word' id='word_1_350' title='bbox 3630 2782 3777 2836; x_wconf 73' lang='lat' dir='ltr'><strong>egre-</strong></span> 
     </span>
    </p>
   </div>
   <div class='ocr_carea' id='block_1_44' title="bbox 506 2834 947 2893">
    <p class='ocr_par' dir='ltr' id='par_1_44' title="bbox 506 2834 947 2893">
     <span class='ocr_line' id='line_1_44' title="bbox 506 2834 947 2893; baseline 0.014 -6"><span class='ocrx_word' id='word_1_351' title='bbox 506 2834 813 2892; x_wconf 87' lang='lat' dir='ltr'><strong>instittttum</strong></span> <span class='ocrx_word' id='word_1_352' title='bbox 845 2848 947 2893; x_wconf 90' lang='lat' dir='ltr'><strong>est.</strong></span> 
     </span>
    </p>
   </div>
   <div class='ocr_carea' id='block_1_45' title="bbox 485 2924 2090 3007">
    <p class='ocr_par' dir='ltr' id='par_1_45' title="bbox 485 2924 2090 3007">
     <span class='ocr_line' id='line_1_45' title="bbox 485 2924 2090 3007; baseline 0.007 -27"><span class='ocrx_word' id='word_1_353' title='bbox 485 2951 491 2958; x_wconf 94' lang='lat'><em>-</em></span> <span class='ocrx_word' id='word_1_354' title='bbox 579 2924 738 2983; x_wconf 84' lang='lat' dir='ltr'><strong>Num.</strong></span> <span class='ocrx_word' id='word_1_355' title='bbox 770 2930 824 2984; x_wconf 78' lang='grc'><strong>5.</strong></span> <span class='ocrx_word' id='word_1_356' title='bbox 859 2929 1102 2996; x_wconf 83' lang='lat' dir='ltr'><strong>Quatuor</strong></span> <span class='ocrx_word' id='word_1_357' title='bbox 1121 2949 1243 3003; x_wconf 79' lang='lat' dir='ltr'><strong>ergo</strong></span> <span class='ocrx_word' id='word_1_358' title='bbox 1267 2937 1640 2999; x_wconf 80' lang='lat' dir='ltr'><strong>septimanis...</strong></span> <span class='ocrx_word' id='word_1_359' title='bbox 1670 2939 1904 3007; x_wconf 83' lang='lat' dir='ltr'><strong>quintam</strong></span> <span class='ocrx_word' id='word_1_360' title='bbox 1942 2938 2090 3007; x_wconf 78' lang='lat' dir='ltr'><strong>facit.</strong></span> 
     </span>
    </p>
   </div>
   <div class='ocr_carea' id='block_1_46' title="bbox 502 3016 2087 3097">
    <p class='ocr_par' dir='ltr' id='par_1_46' title="bbox 502 3016 2087 3097">
     <span class='ocr_line' id='line_1_46' title="bbox 502 3016 2087 3097; baseline 0.011 -27"><span class='ocrx_word' id='word_1_361' title='bbox 502 3016 586 3071; x_wconf 82' lang='lat' dir='ltr'><strong>Ad</strong></span> <span class='ocrx_word' id='word_1_362' title='bbox 613 3016 789 3075; x_wconf 89' lang='lat' dir='ltr'><strong>locum</strong></span> <span class='ocrx_word' id='word_1_363' title='bbox 835 3020 981 3077; x_wconf 90' lang='lat' dir='ltr'><strong>illum</strong></span> <span class='ocrx_word' id='word_1_364' title='bbox 1024 3025 1159 3080; x_wconf 89' lang='lat' dir='ltr'><strong>bene</strong></span> <span class='ocrx_word' id='word_1_365' title='bbox 1194 3026 1626 3097; x_wconf 86' lang='lat' dir='ltr'><strong>intelligendum,</strong></span> <span class='ocrx_word' id='word_1_366' title='bbox 1667 3030 1944 3086; x_wconf 85' lang='lat' dir='ltr'><strong>sciendum</strong></span> <span class='ocrx_word' id='word_1_367' title='bbox 1972 3042 2087 3095; x_wconf 86' lang='lat' dir='ltr'><strong>est,</strong></span> 
     </span>
    </p>
   </div>
   <div class='ocr_carea' id='block_1_47' title="bbox 502 3110 2090 3184">
    <p class='ocr_par' dir='ltr' id='par_1_47' title="bbox 502 3110 2090 3184">
     <span class='ocr_line' id='line_1_47' title="bbox 502 3110 2090 3184; baseline 0.012 -23"><span class='ocrx_word' id='word_1_368' title='bbox 502 3114 564 3160; x_wconf 89' lang='lat' dir='ltr'><strong>ut</strong></span> <span class='ocrx_word' id='word_1_369' title='bbox 592 3120 659 3163; x_wconf 83' lang='lat' dir='ltr'><strong>ex</strong></span> <span class='ocrx_word' id='word_1_370' title='bbox 705 3110 1058 3180; x_wconf 87' lang='lat' dir='ltr'><strong>sequentibus</strong></span> <span class='ocrx_word' id='word_1_371' title='bbox 1100 3117 1335 3184; x_wconf 83' lang='lat' dir='ltr'><strong>patebit,</strong></span> <span class='ocrx_word' id='word_1_372' title='bbox 1384 3117 1584 3174; x_wconf 83' lang='lat' dir='ltr'><strong>fratres</strong></span> <span class='ocrx_word' id='word_1_373' title='bbox 1630 3136 1925 3178; x_wconf 82' lang='lat' dir='ltr'><strong>conversos</strong></span> <span class='ocrx_word' id='word_1_374' title='bbox 1960 3130 2090 3179; x_wconf 88' lang='lat' dir='ltr'><strong>tunc</strong></span> 
     </span>
    </p>
   </div>
   <div class='ocr_carea' id='block_1_48' title="bbox 503 3202 2090 3277">
    <p class='ocr_par' dir='ltr' id='par_1_48' title="bbox 503 3202 2090 3277">
     <span class='ocr_line' id='line_1_48' title="bbox 503 3202 2090 3277; baseline 0.011 -23"><span class='ocrx_word' id='word_1_375' title='bbox 503 3202 761 3271; x_wconf 85' lang='lat' dir='ltr'><strong>temporis</strong></span> <span class='ocrx_word' id='word_1_376' title='bbox 799 3218 906 3259; x_wconf 91' lang='lat' dir='ltr'><strong>non</strong></span> <span class='ocrx_word' id='word_1_377' title='bbox 952 3205 1204 3263; x_wconf 84' lang='lat' dir='ltr'><strong>habuisse</strong></span> <span class='ocrx_word' id='word_1_378' title='bbox 1248 3207 1413 3277; x_wconf 79' lang='lat' dir='ltr'><strong>fixum</strong></span> <span class='ocrx_word' id='word_1_379' title='bbox 1455 3211 1790 3268; x_wconf 75' lang='lat' dir='ltr'><strong>domicilium</strong></span> <span class='ocrx_word' id='word_1_380' title='bbox 1835 3213 1889 3269; x_wconf 87' lang='lat' dir='ltr'><strong>itt</strong></span> <span class='ocrx_word' id='word_1_381' title='bbox 1929 3216 2090 3271; x_wconf 90' lang='lat' dir='ltr'><strong>domo</strong></span> 
     </span>
    </p>
   </div>
   <div class='ocr_carea' id='block_1_49' title="bbox 501 3294 2091 3376">
    <p class='ocr_par' dir='ltr' id='par_1_49' title="bbox 501 3294 2091 3376">
     <span class='ocr_line' id='line_1_49' title="bbox 501 3294 2091 3376; baseline 0.011 -29"><span class='ocrx_word' id='word_1_382' title='bbox 501 3294 924 3362; x_wconf 85' lang='lat' dir='ltr'><strong>monachorum,</strong></span> <span class='ocrx_word' id='word_1_383' title='bbox 970 3313 1090 3368; x_wconf 72' lang='lat' dir='ltr'><strong>qute</strong></span> <span class='ocrx_word' id='word_1_384' title='bbox 1138 3303 1387 3371; x_wconf 87' lang='lat' dir='ltr'><strong>superior</strong></span> <span class='ocrx_word' id='word_1_385' title='bbox 1419 3313 1668 3371; x_wconf 79' lang='lat' dir='ltr'><strong>vocatur,</strong></span> <span class='ocrx_word' id='word_1_386' title='bbox 1704 3306 1830 3376; x_wconf 87' lang='lat' dir='ltr'><strong>quia</strong></span> <span class='ocrx_word' id='word_1_387' title='bbox 1869 3308 1922 3364; x_wconf 92' lang='lat' dir='ltr'><strong>in</strong></span> <span class='ocrx_word' id='word_1_388' title='bbox 1956 3308 2091 3364; x_wconf 83' lang='lat' dir='ltr'><strong>emi-</strong></span> 
     </span>
    </p>
   </div>
   <div class='ocr_carea' id='block_1_50' title="bbox 502 3385 2088 3469">
    <p class='ocr_par' dir='ltr' id='par_1_50' title="bbox 502 3385 2088 3469">
     <span class='ocr_line' id='line_1_50' title="bbox 502 3385 2088 3469; baseline 0.011 -32"><span class='ocrx_word' id='word_1_389' title='bbox 502 3386 743 3440; x_wconf 86' lang='lat' dir='ltr'><strong>nentiori</strong></span> <span class='ocrx_word' id='word_1_390' title='bbox 770 3385 907 3457; x_wconf 46' lang='lat' dir='ltr'><strong>.loco</strong></span> <span class='ocrx_word' id='word_1_391' title='bbox 947 3390 1159 3459; x_wconf 91' lang='lat' dir='ltr'><strong>rupium</strong></span> <span class='ocrx_word' id='word_1_392' title='bbox 1187 3392 1491 3449; x_wconf 66' lang='lat' dir='ltr'><strong>Carthasim</strong></span> <span class='ocrx_word' id='word_1_393' title='bbox 1517 3396 1619 3451; x_wconf 89' lang='lat' dir='ltr'><strong>sita</strong></span> <span class='ocrx_word' id='word_1_394' title='bbox 1646 3406 1919 3469; x_wconf 52' lang='lat' dir='ltr'><strong>estquam</strong></span> <span class='ocrx_word' id='word_1_395' title='bbox 1948 3400 2050 3456; x_wconf 89' lang='lat' dir='ltr'><strong>alia</strong></span> <span class='ocrx_word' id='word_1_396' title='bbox 2071 3441 2088 3465; x_wconf 96' lang='lat'><strong>,</strong></span> 
     </span>
    </p>
   </div>
   <div class='ocr_carea' id='block_1_51' title="bbox 502 3474 2087 3548">
    <p class='ocr_par' dir='ltr' id='par_1_51' title="bbox 502 3474 2087 3548">
     <span class='ocr_line' id='line_1_51' title="bbox 502 3474 2087 3548; baseline 0.015 -22"><span class='ocrx_word' id='word_1_397' title='bbox 502 3488 624 3542; x_wconf 77' lang='lat' dir='ltr'><strong>qua:</strong></span> <span class='ocrx_word' id='word_1_398' title='bbox 654 3474 775 3531; x_wconf 91' lang='lat' dir='ltr'><strong>ideo</strong></span> <span class='ocrx_word' id='word_1_399' title='bbox 805 3476 1031 3533; x_wconf 77' lang='lat' dir='ltr'><strong>inferior</strong></span> <span class='ocrx_word' id='word_1_400' title='bbox 1053 3492 1300 3548; x_wconf 79' lang='lat' dir='ltr'><strong>vocatur,</strong></span> <span class='ocrx_word' id='word_1_401' title='bbox 1333 3485 1427 3538; x_wconf 84' lang='lat' dir='ltr'><strong>sed</strong></span> <span class='ocrx_word' id='word_1_402' title='bbox 1459 3485 1511 3539; x_wconf 92' lang='lat' dir='ltr'><strong>in</strong></span> <span class='ocrx_word' id='word_1_403' title='bbox 1542 3486 1628 3540; x_wconf 85' lang='lat' dir='ltr'><strong>illa</strong></span> <span class='ocrx_word' id='word_1_404' title='bbox 1655 3486 1897 3545; x_wconf 84' lang='lat' dir='ltr'><strong>inferiori</strong></span> <span class='ocrx_word' id='word_1_405' title='bbox 1932 3505 2087 3548; x_wconf 73' lang='lat' dir='ltr'><strong>matt-</strong></span> 
     </span>
    </p>
   </div>
   <div class='ocr_carea' id='block_1_52' title="bbox 500 3568 2088 3656">
    <p class='ocr_par' dir='ltr' id='par_1_52' title="bbox 500 3568 2088 3656">
     <span class='ocr_line' id='line_1_52' title="bbox 500 3568 2088 3656; baseline 0.009 -33"><span class='ocrx_word' id='word_1_406' title='bbox 500 3568 661 3625; x_wconf 89' lang='lat' dir='ltr'><strong>sisse.</strong></span> <span class='ocrx_word' id='word_1_407' title='bbox 711 3571 959 3638; x_wconf 80' lang='lat' dir='ltr'><strong>Quatuor</strong></span> <span class='ocrx_word' id='word_1_408' title='bbox 999 3588 1127 3646; x_wconf 79' lang='lat' dir='ltr'><strong>ergo</strong></span> <span class='ocrx_word' id='word_1_409' title='bbox 1171 3575 1599 3656; x_wconf 73' lang='lat' dir='ltr'><strong>hebdomadibus</strong></span> <span class='ocrx_word' id='word_1_410' title='bbox 1642 3594 1763 3634; x_wconf 90' lang='lat' dir='ltr'><strong>cum</strong></span> <span class='ocrx_word' id='word_1_411' title='bbox 1809 3582 2088 3637; x_wconf 84' lang='lat' dir='ltr'><strong>monachis</strong></span> 
     </span>
    </p>
   </div>
   <div class='ocr_carea' id='block_1_53' title="bbox 498 3662 2090 3744">
    <p class='ocr_par' dir='ltr' id='par_1_53' title="bbox 498 3662 2090 3744">
     <span class='ocr_line' id='line_1_53' title="bbox 498 3662 2090 3744; baseline 0.008 -28"><span class='ocrx_word' id='word_1_412' title='bbox 498 3662 795 3719; x_wconf 86' lang='lat' dir='ltr'><strong>transactis</strong></span> <span class='ocrx_word' id='word_1_413' title='bbox 810 3663 1007 3735; x_wconf 67' lang='lat' dir='ltr'><strong>,‘prior</strong></span> <span class='ocrx_word' id='word_1_414' title='bbox 1030 3664 1097 3720; x_wconf 86' lang='lat' dir='ltr'><strong>ad</strong></span> <span class='ocrx_word' id='word_1_415' title='bbox 1124 3664 1441 3722; x_wconf 78' lang='lat' dir='ltr'><strong>inferiorem</strong></span> <span class='ocrx_word' id='word_1_416' title='bbox 1467 3669 1726 3738; x_wconf 76' lang='lat' dir='ltr'><strong>pergebat</strong></span> <span class='ocrx_word' id='word_1_417' title='bbox 1747 3680 1857 3736; x_wconf 83' lang='lat' dir='ltr'><strong>,‘et</strong></span> <span class='ocrx_word' id='word_1_418' title='bbox 1893 3671 1963 3726; x_wconf 89' lang='lat' dir='ltr'><strong>ibi</strong></span> <span class='ocrx_word' id='word_1_419' title='bbox 1992 3687 2090 3744; x_wconf 91' lang='lat' dir='ltr'><strong>per</strong></span> 
     </span>
    </p>
   </div>
   <div class='ocr_carea' id='block_1_54' title="bbox 497 3753 2083 3832">
    <p class='ocr_par' dir='ltr' id='par_1_54' title="bbox 497 3753 2083 3832">
     <span class='ocr_line' id='line_1_54' title="bbox 497 3753 2083 3832; baseline 0.006 -22"><span class='ocrx_word' id='word_1_420' title='bbox 497 3753 893 3812; x_wconf 84' lang='lat' dir='ltr'><strong>hebdomadam</strong></span> <span class='ocrx_word' id='word_1_421' title='bbox 936 3758 1201 3828; x_wconf 78' lang='lat' dir='ltr'><strong>integram</strong></span> <span class='ocrx_word' id='word_1_422' title='bbox 1246 3774 1371 3815; x_wconf 89' lang='lat' dir='ltr'><strong>cum</strong></span> <span class='ocrx_word' id='word_1_423' title='bbox 1420 3763 1701 3818; x_wconf 88' lang='lat' dir='ltr'><strong>conversis</strong></span> <span class='ocrx_word' id='word_1_424' title='bbox 1751 3763 2083 3832; x_wconf 80' lang='lat' dir='ltr'><strong>morabatur,</strong></span> 
     </span>
    </p>
   </div>
   <div class='ocr_carea' id='block_1_55' title="bbox 496 3853 2083 3927">
    <p class='ocr_par' dir='ltr' id='par_1_55' title="bbox 496 3853 2083 3927">
     <span class='ocr_line' id='line_1_55' title="bbox 496 3853 2083 3927; baseline 0.006 -22"><span class='ocrx_word' id='word_1_425' title='bbox 496 3863 558 3907; x_wconf 88' lang='lat' dir='ltr'><strong>ut</strong></span> <span class='ocrx_word' id='word_1_426' title='bbox 585 3853 914 3923; x_wconf 84' lang='lat' dir='ltr'><strong>pastoralem</strong></span> <span class='ocrx_word' id='word_1_427' title='bbox 953 3869 1140 3909; x_wconf 83' lang='lat' dir='ltr'><strong>curam</strong></span> <span class='ocrx_word' id='word_1_428' title='bbox 1187 3855 1332 3911; x_wconf 87' lang='lat' dir='ltr'><strong>circa</strong></span> <span class='ocrx_word' id='word_1_429' title='bbox 1373 3871 1467 3913; x_wconf 91' lang='lat' dir='ltr'><strong>eos</strong></span> <span class='ocrx_word' id='word_1_430' title='bbox 1501 3857 1734 3914; x_wconf 88' lang='lat' dir='ltr'><strong>vicinius</strong></span> <span class='ocrx_word' id='word_1_431' title='bbox 1772 3868 2083 3927; x_wconf 75' lang='lat' dir='ltr'><strong>exerceret,</strong></span> 
     </span>
    </p>
   </div>
   <div class='ocr_carea' id='block_1_56' title="bbox 497 3945 2084 4019">
    <p class='ocr_par' dir='ltr' id='par_1_56' title="bbox 497 3945 2084 4019">
     <span class='ocr_line' id='line_1_56' title="bbox 497 3945 2084 4019; baseline 0.006 -20"><span class='ocrx_word' id='word_1_432' title='bbox 497 3955 554 3999; x_wconf 91' lang='lat' dir='ltr'><strong>et</strong></span> <span class='ocrx_word' id='word_1_433' title='bbox 601 3945 681 4002; x_wconf 92' lang='lat' dir='ltr'><strong>sic</strong></span> <span class='ocrx_word' id='word_1_434' title='bbox 717 3947 936 4002; x_wconf 83' lang='lat' dir='ltr'><strong>domum</strong></span> <span class='ocrx_word' id='word_1_435' title='bbox 984 3946 1298 4003; x_wconf 85' lang='lat' dir='ltr'><strong>inferiorem</strong></span> <span class='ocrx_word' id='word_1_436' title='bbox 1351 3949 1688 4019; x_wconf 85' lang='lat' dir='ltr'><strong>perlustrans</strong></span> <span class='ocrx_word' id='word_1_437' title='bbox 1731 3951 1864 4006; x_wconf 84' lang='lat' dir='ltr'><strong>nihil</strong></span> <span class='ocrx_word' id='word_1_438' title='bbox 1902 3952 1975 4008; x_wconf 88' lang='lat' dir='ltr'><strong>ibi</strong></span> <span class='ocrx_word' id='word_1_439' title='bbox 2014 3954 2084 4009; x_wconf 87' lang='lat' dir='ltr'><strong>ab</strong></span> 
     </span>
    </p>
   </div>
   <div class='ocr_carea' id='block_1_57' title="bbox 497 4036 1727 4112">
    <p class='ocr_par' dir='ltr' id='par_1_57' title="bbox 497 4036 1727 4112">
     <span class='ocr_line' id='line_1_57' title="bbox 497 4036 1727 4112; baseline 0.007 -20"><span class='ocrx_word' id='word_1_440' title='bbox 497 4036 840 4093; x_wconf 85' lang='lat' dir='ltr'><strong>observantia</strong></span> <span class='ocrx_word' id='word_1_441' title='bbox 869 4040 1102 4111; x_wconf 81' lang='lat' dir='ltr'><strong>regulari</strong></span> <span class='ocrx_word' id='word_1_442' title='bbox 1133 4041 1348 4098; x_wconf 88' lang='lat' dir='ltr'><strong>deviare</strong></span> <span class='ocrx_word' id='word_1_443' title='bbox 1372 4044 1727 4112; x_wconf 86' lang='lat' dir='ltr'><strong>permitteret.</strong></span> 
     </span>
    </p>
   </div>
   <div class='ocr_carea' id='block_1_58' title="bbox 569 4127 2080 4209">
    <p class='ocr_par' dir='ltr' id='par_1_58' title="bbox 569 4127 2080 4209">
     <span class='ocr_line' id='line_1_58' title="bbox 569 4127 2080 4209; baseline 0.007 -28"><span class='ocrx_word' id='word_1_444' title='bbox 569 4127 705 4182; x_wconf 89' lang='lat' dir='ltr'><strong>Ibid.</strong></span> <span class='ocrx_word' id='word_1_445' title='bbox 754 4128 955 4195; x_wconf 82' lang='lat' dir='ltr'><strong>Aliquis</strong></span> <span class='ocrx_word' id='word_1_446' title='bbox 997 4130 1063 4185; x_wconf 86' lang='lat' dir='ltr'><strong>ab</strong></span> <span class='ocrx_word' id='word_1_447' title='bbox 1092 4148 1152 4185; x_wconf 85' lang='lat' dir='ltr'><strong>eo</strong></span> <span class='ocrx_word' id='word_1_448' title='bbox 1194 4131 1400 4202; x_wconf 82' lang='lat' dir='ltr'><strong>jussus.</strong></span> <span class='ocrx_word' id='word_1_449' title='bbox 1429 4131 1527 4188; x_wconf 91' lang='lat' dir='ltr'><strong>llic</strong></span> <span class='ocrx_word' id='word_1_450' title='bbox 1575 4150 1839 4205; x_wconf 81' lang='lat' dir='ltr'><strong>apparere</strong></span> <span class='ocrx_word' id='word_1_451' title='bbox 1890 4137 2080 4209; x_wconf 89' lang='lat' dir='ltr'><strong>incipit</strong></span> 
     </span>
    </p>
   </div>
   <div class='ocr_carea' id='block_1_59' title="bbox 496 4212 2079 4290">
    <p class='ocr_par' dir='ltr' id='par_1_59' title="bbox 496 4212 2079 4290">
     <span class='ocr_line' id='line_1_59' title="bbox 496 4212 2079 4290; baseline 0.009 -22"><span class='ocrx_word' id='word_1_452' title='bbox 496 4212 732 4272; x_wconf 79' lang='lat' dir='ltr'><strong>cilicium</strong></span> <span class='ocrx_word' id='word_1_453' title='bbox 759 4217 947 4272; x_wconf 73' lang='lat' dir='ltr'><strong>Vlt‘at‘ti</strong></span> <span class='ocrx_word' id='word_1_454' title='bbox 966 4259 981 4283; x_wconf 90' lang='lat'><strong>,</strong></span> <span class='ocrx_word' id='word_1_455' title='bbox 1009 4221 1153 4290; x_wconf 86' lang='lat' dir='ltr'><strong>quod</strong></span> <span class='ocrx_word' id='word_1_456' title='bbox 1181 4230 1306 4277; x_wconf 88' lang='lat' dir='ltr'><strong>tunc</strong></span> <span class='ocrx_word' id='word_1_457' title='bbox 1338 4222 1503 4277; x_wconf 66' lang='lat' dir='ltr'><strong>litium</strong></span> <span class='ocrx_word' id='word_1_458' title='bbox 1538 4239 1645 4278; x_wconf 89' lang='lat' dir='ltr'><strong>non</strong></span> <span class='ocrx_word' id='word_1_459' title='bbox 1674 4235 1821 4289; x_wconf 89' lang='lat' dir='ltr'><strong>erat,</strong></span> <span class='ocrx_word' id='word_1_460' title='bbox 1862 4240 1959 4280; x_wconf 91' lang='lat' dir='ltr'><strong>nec</strong></span> <span class='ocrx_word' id='word_1_461' title='bbox 1988 4228 2079 4282; x_wconf 90' lang='lat' dir='ltr'><strong>uni</strong></span> 
     </span>
    </p>
   </div>
   <div class='ocr_carea' id='block_1_60' title="bbox 495 4308 2133 4384">
    <p class='ocr_par' dir='ltr' id='par_1_60' title="bbox 495 4308 2133 4384">
     <span class='ocr_line' id='line_1_60' title="bbox 495 4308 2133 4384; baseline 0.005 -21"><span class='ocrx_word' id='word_1_462' title='bbox 495 4308 757 4377; x_wconf 79' lang='lat' dir='ltr'><strong>singulari</strong></span> <span class='ocrx_word' id='word_1_463' title='bbox 807 4310 1077 4365; x_wconf 90' lang='lat' dir='ltr'><strong>monacho</strong></span> <span class='ocrx_word' id='word_1_464' title='bbox 1116 4312 1484 4383; x_wconf 84' lang='lat' dir='ltr'><strong>assignatum;</strong></span> <span class='ocrx_word' id='word_1_465' title='bbox 1538 4315 1632 4368; x_wconf 88' lang='lat' dir='ltr'><strong>sed</strong></span> <span class='ocrx_word' id='word_1_466' title='bbox 1687 4324 1869 4384; x_wconf 88' lang='lat' dir='ltr'><strong>postea</strong></span> <span class='ocrx_word' id='word_1_467' title='bbox 1917 4317 2079 4371; x_wconf 83' lang='lat' dir='ltr'><strong>lixum</strong></span> <span class='ocrx_word' id='word_1_468' title='bbox 2124 4374 2133 4381; x_wconf 65' lang='grc'>,</span> 
     </span>
    </p>
   </div>
   <div class='ocr_carea' id='block_1_61' title="bbox 496 4399 2084 4480">
    <p class='ocr_par' dir='ltr' id='par_1_61' title="bbox 496 4399 2084 4480">
     <span class='ocr_line' id='line_1_61' title="bbox 496 4399 2084 4480; baseline 0.008 -27"><span class='ocrx_word' id='word_1_469' title='bbox 496 4399 600 4455; x_wconf 82' lang='lat' dir='ltr'><strong>fuit</strong></span> <span class='ocrx_word' id='word_1_470' title='bbox 636 4409 692 4455; x_wconf 93' lang='lat' dir='ltr'><strong>et</strong></span> <span class='ocrx_word' id='word_1_471' title='bbox 725 4400 956 4468; x_wconf 88' lang='lat' dir='ltr'><strong>merito,</strong></span> <span class='ocrx_word' id='word_1_472' title='bbox 981 4400 1108 4472; x_wconf 85' lang='lat' dir='ltr'><strong>quia</strong></span> <span class='ocrx_word' id='word_1_473' title='bbox 1155 4403 1221 4458; x_wconf 90' lang='lat' dir='ltr'><strong>ad</strong></span> <span class='ocrx_word' id='word_1_474' title='bbox 1264 4404 1504 4473; x_wconf 88' lang='lat' dir='ltr'><strong>politiam</strong></span> <span class='ocrx_word' id='word_1_475' title='bbox 1544 4407 1752 4463; x_wconf 89' lang='lat' dir='ltr'><strong>ordinis</strong></span> <span class='ocrx_word' id='word_1_476' title='bbox 1788 4409 2084 4480; x_wconf 82' lang='lat' dir='ltr'><strong>prudenter</strong></span> 
     </span>
    </p>
   </div>
   <div class='ocr_carea' id='block_1_62' title="bbox 496 4493 1661 4561">
    <p class='ocr_par' dir='ltr' id='par_1_62' title="bbox 496 4493 1661 4561">
     <span class='ocr_line' id='line_1_62' title="bbox 496 4493 1661 4561; baseline 0.006 -14"><span class='ocrx_word' id='word_1_477' title='bbox 496 4493 886 4561; x_wconf 85' lang='lat' dir='ltr'><strong>disponendam</strong></span> <span class='ocrx_word' id='word_1_478' title='bbox 915 4495 993 4550; x_wconf 90' lang='lat' dir='ltr'><strong>sic</strong></span> <span class='ocrx_word' id='word_1_479' title='bbox 1025 4496 1258 4551; x_wconf 80' lang='lat' dir='ltr'><strong>maxime</strong></span> <span class='ocrx_word' id='word_1_480' title='bbox 1284 4498 1661 4554; x_wconf 80' lang='lat' dir='ltr'><strong>conveniebat.</strong></span> 
     </span>
    </p>
   </div>
   <div class='ocr_carea' id='block_1_63' title="bbox 564 4578 2078 4651">
    <p class='ocr_par' dir='ltr' id='par_1_63' title="bbox 564 4578 2078 4651">
     <span class='ocr_line' id='line_1_63' title="bbox 564 4578 2078 4651; baseline 0.007 -18"><span class='ocrx_word' id='word_1_481' title='bbox 564 4578 725 4635; x_wconf 78' lang='lat' dir='ltr'><strong>Nutu.</strong></span> <span class='ocrx_word' id='word_1_482' title='bbox 750 4579 806 4634; x_wconf 75' lang='grc'><strong>4.</strong></span> <span class='ocrx_word' id='word_1_483' title='bbox 836 4578 952 4651; x_wconf 86' lang='lat' dir='ltr'><strong>Ipse</strong></span> <span class='ocrx_word' id='word_1_484' title='bbox 977 4591 1151 4634; x_wconf 85' lang='lat' dir='ltr'><strong>tamen</strong></span> <span class='ocrx_word' id='word_1_485' title='bbox 1174 4584 1333 4636; x_wconf 78' lang='lat' dir='ltr'><strong>eremi</strong></span> <span class='ocrx_word' id='word_1_486' title='bbox 1356 4585 1626 4646; x_wconf 84' lang='lat' dir='ltr'><strong>terminos.</strong></span> <span class='ocrx_word' id='word_1_487' title='bbox 1659 4594 1766 4642; x_wconf 89' lang='lat' dir='ltr'><strong>etc.</strong></span> <span class='ocrx_word' id='word_1_488' title='bbox 1799 4585 2078 4643; x_wconf 83' lang='lat' dir='ltr'><strong>Termino-</strong></span> 
     </span>
    </p>
   </div>
   <div class='ocr_carea' id='block_1_64' title="bbox 496 4672 2081 4744">
    <p class='ocr_par' dir='ltr' id='par_1_64' title="bbox 496 4672 2081 4744">
     <span class='ocr_line' id='line_1_64' title="bbox 496 4672 2081 4744; baseline 0.005 -18"><span class='ocrx_word' id='word_1_489' title='bbox 496 4687 614 4726; x_wconf 91' lang='lat' dir='ltr'><strong>rum</strong></span> <span class='ocrx_word' id='word_1_490' title='bbox 645 4672 868 4729; x_wconf 87' lang='lat' dir='ltr'><strong>nomine</strong></span> <span class='ocrx_word' id='word_1_491' title='bbox 891 4673 1032 4744; x_wconf 89' lang='lat' dir='ltr'><strong>apud</strong></span> <span class='ocrx_word' id='word_1_492' title='bbox 1066 4673 1563 4742; x_wconf 77' lang='lat' dir='ltr'><strong>nosintelliguntur</strong></span> <span class='ocrx_word' id='word_1_493' title='bbox 1590 4677 1723 4731; x_wconf 89' lang='lat' dir='ltr'><strong>certi</strong></span> <span class='ocrx_word' id='word_1_494' title='bbox 1761 4677 1962 4733; x_wconf 91' lang='lat' dir='ltr'><strong>limites</strong></span> <span class='ocrx_word' id='word_1_495' title='bbox 1988 4681 2081 4735; x_wconf 79' lang='lat' dir='ltr'><strong>de—</strong></span> 
     </span>
    </p>
   </div>
   <div class='ocr_carea' id='block_1_65' title="bbox 494 4761 2083 4840">
    <p class='ocr_par' dir='ltr' id='par_1_65' title="bbox 494 4761 2083 4840">
     <span class='ocr_line' id='line_1_65' title="bbox 494 4761 2083 4840; baseline 0.007 -25"><span class='ocrx_word' id='word_1_496' title='bbox 494 4761 729 4834; x_wconf 87' lang='lat' dir='ltr'><strong>signari,</strong></span> <span class='ocrx_word' id='word_1_497' title='bbox 779 4764 920 4819; x_wconf 90' lang='lat' dir='ltr'><strong>intra</strong></span> <span class='ocrx_word' id='word_1_498' title='bbox 950 4780 1089 4834; x_wconf 90' lang='lat' dir='ltr'><strong>quos</strong></span> <span class='ocrx_word' id='word_1_499' title='bbox 1116 4773 1377 4820; x_wconf 87' lang='lat' dir='ltr'><strong>statutum</strong></span> <span class='ocrx_word' id='word_1_500' title='bbox 1421 4764 1520 4820; x_wconf 79' lang='lat' dir='ltr'><strong>l‘uit</strong></span> <span class='ocrx_word' id='word_1_501' title='bbox 1549 4767 1616 4823; x_wconf 87' lang='lat' dir='ltr'><strong>ab</strong></span> <span class='ocrx_word' id='word_1_502' title='bbox 1644 4767 1832 4835; x_wconf 90' lang='lat' dir='ltr'><strong>initio,</strong></span> <span class='ocrx_word' id='word_1_503' title='bbox 1874 4780 1932 4824; x_wconf 90' lang='lat' dir='ltr'><strong>ut</strong></span> <span class='ocrx_word' id='word_1_504' title='bbox 1960 4786 2083 4840; x_wconf 88' lang='lat' dir='ltr'><strong>pos-</strong></span> 
     </span>
    </p>
   </div>
   <div class='ocr_carea' id='block_1_66' title="bbox 494 4854 2082 4925">
    <p class='ocr_par' dir='ltr' id='par_1_66' title="bbox 494 4854 2082 4925">
     <span class='ocr_line' id='line_1_66' title="bbox 494 4854 2082 4925; baseline 0.005 -17"><span class='ocrx_word' id='word_1_505' title='bbox 494 4854 771 4910; x_wconf 84' lang='lat' dir='ltr'><strong>sessiones</strong></span> <span class='ocrx_word' id='word_1_506' title='bbox 797 4872 1079 4924; x_wconf 89' lang='lat' dir='ltr'><strong>possemus</strong></span> <span class='ocrx_word' id='word_1_507' title='bbox 1111 4856 1343 4919; x_wconf 86' lang='lat' dir='ltr'><strong>habere,</strong></span> <span class='ocrx_word' id='word_1_508' title='bbox 1385 4870 1505 4925; x_wconf 82' lang='lat' dir='ltr'><strong>quae</strong></span> <span class='ocrx_word' id='word_1_509' title='bbox 1540 4856 1847 4923; x_wconf 72' lang='lat' dir='ltr'><strong>sufﬁcerent</strong></span> <span class='ocrx_word' id='word_1_510' title='bbox 1874 4861 1942 4915; x_wconf 83' lang='lat' dir='ltr'><strong>ad</strong></span> <span class='ocrx_word' id='word_1_511' title='bbox 1971 4862 2082 4916; x_wconf 89' lang='lat' dir='ltr'><strong>sin-</strong></span> 
     </span>
    </p>
   </div>
   <div class='ocr_carea' id='block_1_67' title="bbox 494 4943 2079 5015">
    <p class='ocr_par' dir='ltr' id='par_1_67' title="bbox 494 4943 2079 5015">
     <span class='ocr_line' id='line_1_67' title="bbox 494 4943 2079 5015; baseline 0.008 -19"><span class='ocrx_word' id='word_1_512' title='bbox 494 4943 741 5012; x_wconf 82' lang='lat' dir='ltr'><strong>gularum</strong></span> <span class='ocrx_word' id='word_1_513' title='bbox 772 4945 1053 5002; x_wconf 90' lang='lat' dir='ltr'><strong>domorum</strong></span> <span class='ocrx_word' id='word_1_514' title='bbox 1081 4946 1779 5015; x_wconf 86' lang='lat' dir='ltr'><strong>ordinissustentationem,</strong></span> <span class='ocrx_word' id='word_1_515' title='bbox 1797 4951 1867 5006; x_wconf 87' lang='lat' dir='ltr'><strong>ita</strong></span> <span class='ocrx_word' id='word_1_516' title='bbox 1894 4962 1951 5006; x_wconf 88' lang='lat' dir='ltr'><strong>ut</strong></span> <span class='ocrx_word' id='word_1_517' title='bbox 1975 4968 2079 5007; x_wconf 87' lang='lat' dir='ltr'><strong>non</strong></span> 
     </span>
    </p>
   </div>
   <div class='ocr_carea' id='block_1_68' title="bbox 495 5033 2080 5113">
    <p class='ocr_par' dir='ltr' id='par_1_68' title="bbox 495 5033 2080 5113">
     <span class='ocr_line' id='line_1_68' title="bbox 495 5033 2080 5113; baseline 0.011 -28"><span class='ocrx_word' id='word_1_518' title='bbox 495 5033 863 5104; x_wconf 84' lang='lat' dir='ltr'><strong>indigeremus</strong></span> <span class='ocrx_word' id='word_1_519' title='bbox 910 5038 1094 5109; x_wconf 82' lang='lat' dir='ltr'><strong>vagari</strong></span> <span class='ocrx_word' id='word_1_520' title='bbox 1148 5048 1203 5094; x_wconf 84' lang='lat' dir='ltr'><strong>et</strong></span> <span class='ocrx_word' id='word_1_521' title='bbox 1257 5055 1500 5110; x_wconf 69' lang='lat' dir='ltr'><strong>quazrere</strong></span> <span class='ocrx_word' id='word_1_522' title='bbox 1551 5042 1622 5096; x_wconf 88' lang='lat' dir='ltr'><strong>ad</strong></span> <span class='ocrx_word' id='word_1_523' title='bbox 1677 5046 2080 5113; x_wconf 85' lang='lat' dir='ltr'><strong>procurandum</strong></span> 
     </span>
    </p>
   </div>
   <div class='ocr_carea' id='block_1_69' title="bbox 496 5124 2083 5204">
    <p class='ocr_par' dir='ltr' id='par_1_69' title="bbox 496 5124 2083 5204">
     <span class='ocr_line' id='line_1_69' title="bbox 496 5124 2083 5204; baseline 0.009 -28"><span class='ocrx_word' id='word_1_524' title='bbox 496 5124 653 5179; x_wconf 68' lang='lat' dir='ltr'><strong>nobis</strong></span> <span class='ocrx_word' id='word_1_525' title='bbox 680 5127 820 5179; x_wconf 89' lang='lat' dir='ltr'><strong>unde</strong></span> <span class='ocrx_word' id='word_1_526' title='bbox 853 5137 1283 5184; x_wconf 84' lang='lat' dir='ltr'><strong>sustentaretnur</strong></span> <span class='ocrx_word' id='word_1_527' title='bbox 1326 5145 1341 5183; x_wconf 89' lang='lat'><strong>:</strong></span> <span class='ocrx_word' id='word_1_528' title='bbox 1381 5131 1505 5200; x_wconf 88' lang='lat' dir='ltr'><strong>quia</strong></span> <span class='ocrx_word' id='word_1_529' title='bbox 1555 5131 1606 5186; x_wconf 92' lang='lat' dir='ltr'><strong>id</strong></span> <span class='ocrx_word' id='word_1_530' title='bbox 1651 5141 1771 5187; x_wconf 85' lang='lat' dir='ltr'><strong>erat</strong></span> <span class='ocrx_word' id='word_1_531' title='bbox 1805 5135 2083 5204; x_wconf 76' lang='lat' dir='ltr'><strong>proposito</strong></span> 
     </span>
    </p>
   </div>
   <div class='ocr_carea' id='block_1_70' title="bbox 496 5219 2083 5291">
    <p class='ocr_par' dir='ltr' id='par_1_70' title="bbox 496 5219 2083 5291">
     <span class='ocr_line' id='line_1_70' title="bbox 496 5219 2083 5291; baseline 0.008 -22"><span class='ocrx_word' id='word_1_532' title='bbox 496 5226 685 5271; x_wconf 82' lang='lat' dir='ltr'><strong>nostro</strong></span> <span class='ocrx_word' id='word_1_533' title='bbox 712 5219 1077 5285; x_wconf 89' lang='lat' dir='ltr'><strong>contrarium,</strong></span> <span class='ocrx_word' id='word_1_534' title='bbox 1119 5229 1173 5273; x_wconf 90' lang='lat' dir='ltr'><strong>et</strong></span> <span class='ocrx_word' id='word_1_535' title='bbox 1209 5221 1414 5291; x_wconf 88' lang='lat' dir='ltr'><strong>absque</strong></span> <span class='ocrx_word' id='word_1_536' title='bbox 1458 5224 1622 5279; x_wconf 88' lang='lat' dir='ltr'><strong>dubio</strong></span> <span class='ocrx_word' id='word_1_537' title='bbox 1667 5222 1719 5278; x_wconf 93' lang='lat' dir='ltr'><strong>in</strong></span> <span class='ocrx_word' id='word_1_538' title='bbox 1767 5225 1914 5281; x_wconf 89' lang='lat' dir='ltr'><strong>brevi</strong></span> <span class='ocrx_word' id='word_1_539' title='bbox 1948 5236 2083 5281; x_wconf 91' lang='lat' dir='ltr'><strong>tem-</strong></span> 
     </span>
    </p>
   </div>
   <div class='ocr_carea' id='block_1_71' title="bbox 496 5306 2077 5387">
    <p class='ocr_par' dir='ltr' id='par_1_71' title="bbox 496 5306 2077 5387">
     <span class='ocr_line' id='line_1_71' title="bbox 496 5306 2077 5387; baseline 0.008 -26"><span class='ocrx_word' id='word_1_540' title='bbox 496 5321 629 5376; x_wconf 89' lang='lat' dir='ltr'><strong>pore</strong></span> <span class='ocrx_word' id='word_1_541' title='bbox 670 5306 862 5364; x_wconf 74' lang='lat' dir='ltr'><strong>fuisset</strong></span> <span class='ocrx_word' id='word_1_542' title='bbox 908 5309 1077 5363; x_wconf 89' lang='lat' dir='ltr'><strong>nostri</strong></span> <span class='ocrx_word' id='word_1_543' title='bbox 1126 5309 1355 5366; x_wconf 89' lang='lat' dir='ltr'><strong>instituti</strong></span> <span class='ocrx_word' id='word_1_544' title='bbox 1410 5314 1824 5370; x_wconf 86' lang='lat' dir='ltr'><strong>destruetivum.</strong></span> <span class='ocrx_word' id='word_1_545' title='bbox 1874 5316 2077 5387; x_wconf 80' lang='lat' dir='ltr'><strong>Duplex</strong></span> 
     </span>
    </p>
   </div>
   <div class='ocr_carea' id='block_1_72' title="bbox 2196 2840 3782 2916">
    <p class='ocr_par' dir='ltr' id='par_1_72' title="bbox 2196 2840 3782 2916">
     <span class='ocr_line' id='line_1_72' title="bbox 2196 2840 3782 2916; baseline 0.013 -21"><span class='ocrx_word' id='word_1_546' title='bbox 2196 2840 2476 2907; x_wconf 77' lang='lat' dir='ltr'><strong>dematur,</strong></span> <span class='ocrx_word' id='word_1_547' title='bbox 2516 2844 2749 2913; x_wconf 82' lang='lat' dir='ltr'><strong>exempli</strong></span> <span class='ocrx_word' id='word_1_548' title='bbox 2783 2846 2992 2916; x_wconf 89' lang='lat' dir='ltr'><strong>gratia,</strong></span> <span class='ocrx_word' id='word_1_549' title='bbox 3024 2849 3091 2903; x_wconf 89' lang='lat' dir='ltr'><strong>ad</strong></span> <span class='ocrx_word' id='word_1_550' title='bbox 3122 2849 3475 2910; x_wconf 86' lang='lat' dir='ltr'><strong>fundationes</strong></span> <span class='ocrx_word' id='word_1_551' title='bbox 3505 2857 3782 2915; x_wconf 81' lang='lat' dir='ltr'><strong>domorum</strong></span> 
     </span>
    </p>
   </div>
   <div class='ocr_carea' id='block_1_73' title="bbox 2194 2935 3784 3019">
    <p class='ocr_par' dir='ltr' id='par_1_73' title="bbox 2194 2935 3784 3019">
     <span class='ocr_line' id='line_1_73' title="bbox 2194 2935 3784 3019; baseline 0.013 -34"><span class='ocrx_word' id='word_1_552' title='bbox 2194 2935 2555 3002; x_wconf 85' lang='lat' dir='ltr'><strong>acceptandas</strong></span> <span class='ocrx_word' id='word_1_553' title='bbox 2576 2945 2631 2989; x_wconf 91' lang='lat' dir='ltr'><strong>et</strong></span> <span class='ocrx_word' id='word_1_554' title='bbox 2653 2936 2982 3004; x_wconf 79' lang='lat' dir='ltr'><strong>dirigendas,</strong></span> <span class='ocrx_word' id='word_1_555' title='bbox 3006 2949 3059 2995; x_wconf 93' lang='lat' dir='ltr'><strong>et</strong></span> <span class='ocrx_word' id='word_1_556' title='bbox 3081 2941 3280 2998; x_wconf 89' lang='lat' dir='ltr'><strong>similia</strong></span> <span class='ocrx_word' id='word_1_557' title='bbox 3310 2949 3652 3017; x_wconf 79' lang='lat' dir='ltr'><strong>peragenda,</strong></span> <span class='ocrx_word' id='word_1_558' title='bbox 3672 2966 3784 3019; x_wconf 65' lang='lat' dir='ltr'><strong>qua</strong></span> 
     </span>
    </p>
   </div>
   <div class='ocr_carea' id='block_1_74' title="bbox 2195 3023 3749 3106">
    <p class='ocr_par' dir='ltr' id='par_1_74' title="bbox 2195 3023 3749 3106">
     <span class='ocr_line' id='line_1_74' title="bbox 2195 3023 3749 3106; baseline 0.012 -32"><span class='ocrx_word' id='word_1_559' title='bbox 2195 3023 2533 3089; x_wconf 86' lang='lat' dir='ltr'><strong>personalem</strong></span> <span class='ocrx_word' id='word_1_560' title='bbox 2563 3024 2891 3081; x_wconf 86' lang='lat' dir='ltr'><strong>industriam</strong></span> <span class='ocrx_word' id='word_1_561' title='bbox 2915 3035 2970 3082; x_wconf 90' lang='lat' dir='ltr'><strong>et</strong></span> <span class='ocrx_word' id='word_1_562' title='bbox 2998 3032 3343 3099; x_wconf 72' lang='lat' dir='ltr'><strong>prtesentiam</strong></span> <span class='ocrx_word' id='word_1_563' title='bbox 3378 3038 3749 3106; x_wconf 80' lang='lat' dir='ltr'><strong>requirebant.</strong></span> 
     </span>
    </p>
   </div>
   <div class='ocr_carea' id='block_1_75' title="bbox 2265 3112 3782 3199">
    <p class='ocr_par' dir='ltr' id='par_1_75' title="bbox 2265 3112 3782 3199">
     <span class='ocr_line' id='line_1_75' title="bbox 2265 3112 3782 3199; baseline 0.013 -31"><span class='ocrx_word' id='word_1_564' title='bbox 2265 3112 2393 3171; x_wconf 62' lang='lat' dir='ltr'><strong>Haec</strong></span> <span class='ocrx_word' id='word_1_565' title='bbox 2452 3126 2633 3173; x_wconf 89' lang='lat' dir='ltr'><strong>autem</strong></span> <span class='ocrx_word' id='word_1_566' title='bbox 2694 3136 2823 3175; x_wconf 89' lang='lat' dir='ltr'><strong>cura</strong></span> <span class='ocrx_word' id='word_1_567' title='bbox 2882 3124 3286 3192; x_wconf 88' lang='lat' dir='ltr'><strong>possessionum</strong></span> <span class='ocrx_word' id='word_1_568' title='bbox 3340 3129 3540 3199; x_wconf 85' lang='lat' dir='ltr'><strong>primis</strong></span> <span class='ocrx_word' id='word_1_569' title='bbox 3585 3133 3782 3188; x_wconf 83' lang='lat' dir='ltr'><strong>ordinis</strong></span> 
     </span>
    </p>
   </div>
   <div class='ocr_carea' id='block_1_76' title="bbox 2193 3207 3782 3286">
    <p class='ocr_par' dir='ltr' id='par_1_76' title="bbox 2193 3207 3782 3286">
     <span class='ocr_line' id='line_1_76' title="bbox 2193 3207 3782 3286; baseline 0.013 -27"><span class='ocrx_word' id='word_1_570' title='bbox 2193 3207 2529 3276; x_wconf 87' lang='lat' dir='ltr'><strong>temporibus</strong></span> <span class='ocrx_word' id='word_1_571' title='bbox 2559 3209 2688 3264; x_wconf 91' lang='lat' dir='ltr'><strong>solis</strong></span> <span class='ocrx_word' id='word_1_572' title='bbox 2716 3211 2990 3280; x_wconf 87' lang='lat' dir='ltr'><strong>prioribus</strong></span> <span class='ocrx_word' id='word_1_573' title='bbox 3024 3219 3369 3286; x_wconf 87' lang='lat' dir='ltr'><strong>competebat</strong></span> <span class='ocrx_word' id='word_1_574' title='bbox 3388 3259 3404 3285; x_wconf 93' lang='lat'><strong>,</strong></span> <span class='ocrx_word' id='word_1_575' title='bbox 3444 3228 3507 3274; x_wconf 88' lang='lat' dir='ltr'><strong>ut</strong></span> <span class='ocrx_word' id='word_1_576' title='bbox 3545 3237 3651 3278; x_wconf 90' lang='lat' dir='ltr'><strong>suo</strong></span> <span class='ocrx_word' id='word_1_577' title='bbox 3676 3222 3782 3279; x_wconf 83' lang='lat' dir='ltr'><strong>loco</strong></span> 
     </span>
    </p>
   </div>
   <div class='ocr_carea' id='block_1_77' title="bbox 2192 3296 3774 3377">
    <p class='ocr_par' dir='ltr' id='par_1_77' title="bbox 2192 3296 3774 3377">
     <span class='ocr_line' id='line_1_77' title="bbox 2192 3296 3774 3377; baseline 0.011 -26"><span class='ocrx_word' id='word_1_578' title='bbox 2192 3296 2529 3367; x_wconf 85' lang='lat' dir='ltr'><strong>probabitur,</strong></span> <span class='ocrx_word' id='word_1_579' title='bbox 2566 3316 2729 3372; x_wconf 83' lang='lat' dir='ltr'><strong>quant</strong></span> <span class='ocrx_word' id='word_1_580' title='bbox 2772 3312 2952 3359; x_wconf 85' lang='lat' dir='ltr'><strong>tamen</strong></span> <span class='ocrx_word' id='word_1_581' title='bbox 2989 3319 3087 3376; x_wconf 92' lang='lat' dir='ltr'><strong>per</strong></span> <span class='ocrx_word' id='word_1_582' title='bbox 3127 3320 3542 3377; x_wconf 85' lang='lat' dir='ltr'><strong>procuratorem</strong></span> <span class='ocrx_word' id='word_1_583' title='bbox 3587 3325 3647 3369; x_wconf 88' lang='lat' dir='ltr'><strong>et</strong></span> <span class='ocrx_word' id='word_1_584' title='bbox 3683 3314 3774 3368; x_wconf 82' lang='lat' dir='ltr'><strong>fra-</strong></span> 
     </span>
    </p>
   </div>
   <div class='ocr_carea' id='block_1_78' title="bbox 2195 3394 3780 3476">
    <p class='ocr_par' dir='ltr' id='par_1_78' title="bbox 2195 3394 3780 3476">
     <span class='ocr_line' id='line_1_78' title="bbox 2195 3394 3780 3476; baseline 0.014 -34"><span class='ocrx_word' id='word_1_585' title='bbox 2195 3398 2305 3445; x_wconf 88' lang='lat' dir='ltr'><strong>tres</strong></span> <span class='ocrx_word' id='word_1_586' title='bbox 2330 3405 2624 3448; x_wconf 83' lang='lat' dir='ltr'><strong>conversos</strong></span> <span class='ocrx_word' id='word_1_587' title='bbox 2654 3394 3132 3466; x_wconf 76' lang='lat' dir='ltr'><strong>administrabant,</strong></span> <span class='ocrx_word' id='word_1_588' title='bbox 3161 3415 3225 3456; x_wconf 88' lang='lat' dir='ltr'><strong>ea</strong></span> <span class='ocrx_word' id='word_1_589' title='bbox 3259 3410 3471 3458; x_wconf 88' lang='lat' dir='ltr'><strong>tantum</strong></span> <span class='ocrx_word' id='word_1_590' title='bbox 3498 3421 3603 3476; x_wconf 89' lang='lat' dir='ltr'><strong>per</strong></span> <span class='ocrx_word' id='word_1_591' title='bbox 3625 3421 3687 3463; x_wconf 85' lang='lat' dir='ltr'><strong>se</strong></span> <span class='ocrx_word' id='word_1_592' title='bbox 3709 3406 3780 3463; x_wconf 80' lang='lat' dir='ltr'><strong>fa-</strong></span> 
     </span>
    </p>
   </div>
   <div class='ocr_carea' id='block_1_79' title="bbox 2190 3484 3780 3564">
    <p class='ocr_par' dir='ltr' id='par_1_79' title="bbox 2190 3484 3780 3564">
     <span class='ocr_line' id='line_1_79' title="bbox 2190 3484 3780 3564; baseline 0.013 -29"><span class='ocrx_word' id='word_1_593' title='bbox 2190 3495 2315 3536; x_wconf 88' lang='lat' dir='ltr'><strong>cere</strong></span> <span class='ocrx_word' id='word_1_594' title='bbox 2342 3493 2399 3538; x_wconf 89' lang='lat' dir='ltr'><strong>et</strong></span> <span class='ocrx_word' id='word_1_595' title='bbox 2428 3484 2718 3554; x_wconf 89' lang='lat' dir='ltr'><strong>disponere</strong></span> <span class='ocrx_word' id='word_1_596' title='bbox 2743 3490 3013 3557; x_wconf 89' lang='lat' dir='ltr'><strong>contenti,</strong></span> <span class='ocrx_word' id='word_1_597' title='bbox 3061 3505 3183 3560; x_wconf 68' lang='lat' dir='ltr'><strong>qua:</strong></span> <span class='ocrx_word' id='word_1_598' title='bbox 3218 3507 3410 3549; x_wconf 88' lang='lat' dir='ltr'><strong>eorum</strong></span> <span class='ocrx_word' id='word_1_599' title='bbox 3439 3488 3780 3564; x_wconf 83' lang='lat' dir='ltr'><strong>personaleut</strong></span> 
     </span>
    </p>
   </div>
   <div class='ocr_carea' id='block_1_80' title="bbox 2189 3575 3783 3661">
    <p class='ocr_par' dir='ltr' id='par_1_80' title="bbox 2189 3575 3783 3661">
     <span class='ocr_line' id='line_1_80' title="bbox 2189 3575 3783 3661; baseline 0.012 -34"><span class='ocrx_word' id='word_1_600' title='bbox 2189 3575 2539 3643; x_wconf 70' lang='lat' dir='ltr'><strong>prazsentiam</strong></span> <span class='ocrx_word' id='word_1_601' title='bbox 2583 3578 2929 3647; x_wconf 72' lang='lat' dir='ltr'><strong>requirebant</strong></span> <span class='ocrx_word' id='word_1_602' title='bbox 2962 3582 3102 3637; x_wconf 91' lang='lat' dir='ltr'><strong>intra</strong></span> <span class='ocrx_word' id='word_1_603' title='bbox 3141 3583 3273 3640; x_wconf 89' lang='lat' dir='ltr'><strong>istos</strong></span> <span class='ocrx_word' id='word_1_604' title='bbox 3303 3587 3576 3644; x_wconf 87' lang='lat' dir='ltr'><strong>terminos</strong></span> <span class='ocrx_word' id='word_1_605' title='bbox 3610 3605 3628 3644; x_wconf 91' lang='lat'><strong>:</strong></span> <span class='ocrx_word' id='word_1_606' title='bbox 3659 3606 3783 3661; x_wconf 78' lang='lat' dir='ltr'><strong>quos</strong></span> 
     </span>
    </p>
   </div>
   <div class='ocr_carea' id='block_1_81' title="bbox 2190 3664 3781 3741">
    <p class='ocr_par' dir='ltr' id='par_1_81' title="bbox 2190 3664 3781 3741">
     <span class='ocr_line' id='line_1_81' title="bbox 2190 3664 3781 3741; baseline 0.011 -24"><span class='ocrx_word' id='word_1_607' title='bbox 2190 3670 2372 3719; x_wconf 86' lang='lat' dir='ltr'><strong>tamen</strong></span> <span class='ocrx_word' id='word_1_608' title='bbox 2423 3664 2714 3736; x_wconf 79' lang='lat' dir='ltr'><strong>aliquando</strong></span> <span class='ocrx_word' id='word_1_609' title='bbox 2754 3684 2819 3724; x_wconf 82' lang='lat' dir='ltr'><strong>ex</strong></span> <span class='ocrx_word' id='word_1_610' title='bbox 2864 3671 3053 3726; x_wconf 89' lang='lat' dir='ltr'><strong>morali</strong></span> <span class='ocrx_word' id='word_1_611' title='bbox 3102 3676 3466 3741; x_wconf 89' lang='lat' dir='ltr'><strong>necessitate,</strong></span> <span class='ocrx_word' id='word_1_612' title='bbox 3520 3680 3624 3734; x_wconf 79' lang='lat' dir='ltr'><strong>sed</strong></span> <span class='ocrx_word' id='word_1_613' title='bbox 3669 3695 3781 3734; x_wconf 80' lang='lat' dir='ltr'><strong>cunt</strong></span> 
     </span>
    </p>
   </div>
   <div class='ocr_carea' id='block_1_82' title="bbox 2188 3753 3774 3840">
    <p class='ocr_par' dir='ltr' id='par_1_82' title="bbox 2188 3753 3774 3840">
     <span class='ocr_line' id='line_1_82' title="bbox 2188 3753 3774 3840; baseline 0.012 -34"><span class='ocrx_word' id='word_1_614' title='bbox 2188 3766 2384 3822; x_wconf 80' lang='lat' dir='ltr'><strong>magna</strong></span> <span class='ocrx_word' id='word_1_615' title='bbox 2410 3756 2650 3824; x_wconf 79' lang='lat' dir='ltr'><strong>cautela,</strong></span> <span class='ocrx_word' id='word_1_616' title='bbox 2692 3753 2895 3815; x_wconf 80' lang='lat' dir='ltr'><strong>fratres</strong></span> <span class='ocrx_word' id='word_1_617' title='bbox 2923 3764 3169 3818; x_wconf 76' lang='lat' dir='ltr'><strong>conversi</strong></span> <span class='ocrx_word' id='word_1_618' title='bbox 3199 3773 3258 3818; x_wconf 90' lang='lat' dir='ltr'><strong>et</strong></span> <span class='ocrx_word' id='word_1_619' title='bbox 3284 3780 3393 3821; x_wconf 89' lang='lat' dir='ltr'><strong>non</strong></span> <span class='ocrx_word' id='word_1_620' title='bbox 3418 3767 3557 3832; x_wconf 87' lang='lat' dir='ltr'><strong>alii,</strong></span> <span class='ocrx_word' id='word_1_621' title='bbox 3597 3769 3774 3840; x_wconf 74' lang='lat' dir='ltr'><strong>egredi</strong></span> 
     </span>
    </p>
   </div>
   <div class='ocr_carea' id='block_1_83' title="bbox 2187 3846 3781 3932">
    <p class='ocr_par' dir='ltr' id='par_1_83' title="bbox 2187 3846 3781 3932">
     <span class='ocr_line' id='line_1_83' title="bbox 2187 3846 3781 3932; baseline 0.011 -32"><span class='ocrx_word' id='word_1_622' title='bbox 2187 3854 2441 3914; x_wconf 87' lang='lat' dir='ltr'><strong>poterant</strong></span> <span class='ocrx_word' id='word_1_623' title='bbox 2479 3862 2604 3903; x_wconf 90' lang='lat' dir='ltr'><strong>eum</strong></span> <span class='ocrx_word' id='word_1_624' title='bbox 2641 3849 2877 3907; x_wconf 89' lang='lat' dir='ltr'><strong>licentia.</strong></span> <span class='ocrx_word' id='word_1_625' title='bbox 2924 3846 2999 3908; x_wconf 85' lang='lat' dir='ltr'><strong>De</strong></span> <span class='ocrx_word' id='word_1_626' title='bbox 3031 3856 3231 3925; x_wconf 88' lang='lat' dir='ltr'><strong>quibus</strong></span> <span class='ocrx_word' id='word_1_627' title='bbox 3275 3859 3525 3915; x_wconf 85' lang='lat' dir='ltr'><strong>terminis</strong></span> <span class='ocrx_word' id='word_1_628' title='bbox 3554 3861 3781 3932; x_wconf 83' lang='lat' dir='ltr'><strong>qualiter</strong></span> 
     </span>
    </p>
   </div>
   <div class='ocr_carea' id='block_1_84' title="bbox 2187 3935 3776 4022">
    <p class='ocr_par' dir='ltr' id='par_1_84' title="bbox 2187 3935 3776 4022">
     <span class='ocr_line' id='line_1_84' title="bbox 2187 3935 3776 4022; baseline 0.012 -33"><span class='ocrx_word' id='word_1_629' title='bbox 2187 3935 2242 3990; x_wconf 90' lang='lat' dir='ltr'><strong>in</strong></span> <span class='ocrx_word' id='word_1_630' title='bbox 2268 3936 2460 3992; x_wconf 88' lang='lat' dir='ltr'><strong>ordine</strong></span> <span class='ocrx_word' id='word_1_631' title='bbox 2487 3949 2613 3993; x_wconf 86' lang='lat' dir='ltr'><strong>tunc</strong></span> <span class='ocrx_word' id='word_1_632' title='bbox 2646 3940 3088 4010; x_wconf 85' lang='lat' dir='ltr'><strong>assignarentur,</strong></span> <span class='ocrx_word' id='word_1_633' title='bbox 3134 3961 3346 4002; x_wconf 92' lang='lat' dir='ltr'><strong>necnon</strong></span> <span class='ocrx_word' id='word_1_634' title='bbox 3382 3949 3454 4003; x_wconf 91' lang='lat' dir='ltr'><strong>de</strong></span> <span class='ocrx_word' id='word_1_635' title='bbox 3484 3950 3617 4007; x_wconf 90' lang='lat' dir='ltr'><strong>aliis</strong></span> <span class='ocrx_word' id='word_1_636' title='bbox 3653 3966 3776 4022; x_wconf 56' lang='lat' dir='ltr'><strong>pr:b</strong></span> 
     </span>
    </p>
   </div>
   <div class='ocr_carea' id='block_1_85' title="bbox 2186 4025 3776 4100">
    <p class='ocr_par' dir='ltr' id='par_1_85' title="bbox 2186 4025 3776 4100">
     <span class='ocr_line' id='line_1_85' title="bbox 2186 4025 3776 4100; baseline 0.011 -21"><span class='ocrx_word' id='word_1_637' title='bbox 2186 4025 2369 4082; x_wconf 86' lang='lat' dir='ltr'><strong>libatis</strong></span> <span class='ocrx_word' id='word_1_638' title='bbox 2388 4028 2545 4099; x_wconf 90' lang='lat' dir='ltr'><strong>plura</strong></span> <span class='ocrx_word' id='word_1_639' title='bbox 2571 4031 2685 4086; x_wconf 87' lang='lat' dir='ltr'><strong>suis</strong></span> <span class='ocrx_word' id='word_1_640' title='bbox 2709 4031 2845 4089; x_wconf 86' lang='lat' dir='ltr'><strong>locis</strong></span> <span class='ocrx_word' id='word_1_641' title='bbox 2869 4034 3136 4090; x_wconf 89' lang='lat' dir='ltr'><strong>dicentur.</strong></span> <span class='ocrx_word' id='word_1_642' title='bbox 3161 4035 3317 4094; x_wconf 88' lang='lat' dir='ltr'><strong>Nune</strong></span> <span class='ocrx_word' id='word_1_643' title='bbox 3339 4039 3406 4095; x_wconf 90' lang='lat' dir='ltr'><strong>de</strong></span> <span class='ocrx_word' id='word_1_644' title='bbox 3429 4054 3631 4099; x_wconf 86' lang='lat' dir='ltr'><strong>eremo</strong></span> <span class='ocrx_word' id='word_1_645' title='bbox 3652 4042 3776 4100; x_wconf 81' lang='lat' dir='ltr'><strong>Car-</strong></span> 
     </span>
    </p>
   </div>
   <div class='ocr_carea' id='block_1_86' title="bbox 2107 4086 3776 4202">
    <p class='ocr_par' dir='ltr' id='par_1_86' title="bbox 2107 4086 3776 4202">
     <span class='ocr_line' id='line_1_86' title="bbox 2107 4086 3776 4202; baseline 0.009 -30"><span class='ocrx_word' id='word_1_646' title='bbox 2107 4086 2155 4149; x_wconf 66' lang='grc' dir='ltr'>Ο</span> <span class='ocrx_word' id='word_1_647' title='bbox 2188 4086 2411 4184; x_wconf 64' lang='lat' dir='ltr'><strong>thasiae&quot;,</strong></span> <span class='ocrx_word' id='word_1_648' title='bbox 2456 4131 2613 4176; x_wconf 87' lang='lat' dir='ltr'><strong>extra</strong></span> <span class='ocrx_word' id='word_1_649' title='bbox 2666 4138 2828 4193; x_wconf 89' lang='lat' dir='ltr'><strong>quam</strong></span> <span class='ocrx_word' id='word_1_650' title='bbox 2885 4125 3034 4194; x_wconf 90' lang='lat' dir='ltr'><strong>prior</strong></span> <span class='ocrx_word' id='word_1_651' title='bbox 3082 4126 3388 4184; x_wconf 73' lang='lat' dir='ltr'><strong>Carthusiat</strong></span> <span class='ocrx_word' id='word_1_652' title='bbox 3444 4131 3587 4202; x_wconf 86' lang='lat' dir='ltr'><strong>(qui</strong></span> <span class='ocrx_word' id='word_1_653' title='bbox 3646 4148 3776 4189; x_wconf 81' lang='lat' dir='ltr'><strong>nunc</strong></span> 
     </span>
    </p>
   </div>
   <div class='ocr_carea' id='block_1_87' title="bbox 2184 4206 3777 4293">
    <p class='ocr_par' dir='ltr' id='par_1_87' title="bbox 2184 4206 3777 4293">
     <span class='ocr_line' id='line_1_87' title="bbox 2184 4206 3777 4293; baseline 0.011 -31"><span class='ocrx_word' id='word_1_654' title='bbox 2184 4210 2492 4265; x_wconf 78' lang='lat' dir='ltr'><strong>reverendus</strong></span> <span class='ocrx_word' id='word_1_655' title='bbox 2550 4206 2712 4266; x_wconf 83' lang='lat' dir='ltr'><strong>Pater</strong></span> <span class='ocrx_word' id='word_1_656' title='bbox 2772 4213 3017 4284; x_wconf 86' lang='lat' dir='ltr'><strong>dicitur)</strong></span> <span class='ocrx_word' id='word_1_657' title='bbox 3078 4230 3185 4270; x_wconf 89' lang='lat' dir='ltr'><strong>non</strong></span> <span class='ocrx_word' id='word_1_658' title='bbox 3238 4219 3551 4288; x_wconf 84' lang='lat' dir='ltr'><strong>egreditur,</strong></span> <span class='ocrx_word' id='word_1_659' title='bbox 3619 4236 3777 4293; x_wconf 72' lang='lat' dir='ltr'><strong>pauca</strong></span> 
     </span>
    </p>
   </div>
   <div class='ocr_carea' id='block_1_88' title="bbox 2185 4301 2447 4358">
    <p class='ocr_par' dir='ltr' id='par_1_88' title="bbox 2185 4301 2447 4358">
     <span class='ocr_line' id='line_1_88' title="bbox 2185 4301 2447 4358; baseline 0.008 -2"><span class='ocrx_word' id='word_1_660' title='bbox 2185 4301 2447 4358; x_wconf 80' lang='lat' dir='ltr'><strong>dicamus.</strong></span> 
     </span>
    </p>
   </div>
   <div class='ocr_carea' id='block_1_89' title="bbox 2255 4394 3775 4472">
    <p class='ocr_par' dir='ltr' id='par_1_89' title="bbox 2255 4394 3775 4472">
     <span class='ocr_line' id='line_1_89' title="bbox 2255 4394 3775 4472; baseline 0.009 -24"><span class='ocrx_word' id='word_1_661' title='bbox 2255 4394 2600 4465; x_wconf 82' lang='lat' dir='ltr'><strong>Amplissima</strong></span> <span class='ocrx_word' id='word_1_662' title='bbox 2631 4405 2714 4452; x_wconf 91' lang='lat' dir='ltr'><strong>est</strong></span> <span class='ocrx_word' id='word_1_663' title='bbox 2741 4396 2826 4452; x_wconf 90' lang='lat' dir='ltr'><strong>illa</strong></span> <span class='ocrx_word' id='word_1_664' title='bbox 2852 4412 3091 4463; x_wconf 86' lang='lat' dir='ltr'><strong>eremus,</strong></span> <span class='ocrx_word' id='word_1_665' title='bbox 3123 4401 3306 4472; x_wconf 83' lang='lat' dir='ltr'><strong>plures</strong></span> <span class='ocrx_word' id='word_1_666' title='bbox 3342 4403 3561 4462; x_wconf 85' lang='lat' dir='ltr'><strong>habens</strong></span> <span class='ocrx_word' id='word_1_667' title='bbox 3586 4406 3775 4462; x_wconf 79' lang='lat' dir='ltr'><strong>altissi-</strong></span> 
     </span>
    </p>
   </div>
   <div class='ocr_carea' id='block_1_90' title="bbox 2186 4486 3774 4569">
    <p class='ocr_par' dir='ltr' id='par_1_90' title="bbox 2186 4486 3774 4569">
     <span class='ocr_line' id='line_1_90' title="bbox 2186 4486 3774 4569; baseline 0.011 -32"><span class='ocrx_word' id='word_1_668' title='bbox 2186 4499 2303 4539; x_wconf 85' lang='lat' dir='ltr'><strong>mos</strong></span> <span class='ocrx_word' id='word_1_669' title='bbox 2326 4496 2538 4541; x_wconf 91' lang='lat' dir='ltr'><strong>montes</strong></span> <span class='ocrx_word' id='word_1_670' title='bbox 2564 4496 2618 4542; x_wconf 91' lang='lat' dir='ltr'><strong>et</strong></span> <span class='ocrx_word' id='word_1_671' title='bbox 2640 4486 2938 4556; x_wconf 87' lang='lat' dir='ltr'><strong>profundas</strong></span> <span class='ocrx_word' id='word_1_672' title='bbox 2965 4490 3154 4558; x_wconf 87' lang='lat' dir='ltr'><strong>valles,</strong></span> <span class='ocrx_word' id='word_1_673' title='bbox 3185 4492 3256 4547; x_wconf 85' lang='lat' dir='ltr'><strong>ita</strong></span> <span class='ocrx_word' id='word_1_674' title='bbox 3283 4501 3342 4548; x_wconf 90' lang='lat' dir='ltr'><strong>ut</strong></span> <span class='ocrx_word' id='word_1_675' title='bbox 3367 4494 3456 4549; x_wconf 89' lang='lat' dir='ltr'><strong>vix</strong></span> <span class='ocrx_word' id='word_1_676' title='bbox 3482 4499 3639 4553; x_wconf 86' lang='lat' dir='ltr'><strong>credi</strong></span> <span class='ocrx_word' id='word_1_677' title='bbox 3665 4512 3774 4569; x_wconf 52' lang='lat' dir='ltr'><strong>pos.</strong></span> 
     </span>
    </p>
   </div>
   <div class='ocr_carea' id='block_1_91' title="bbox 2183 4575 3770 4657">
    <p class='ocr_par' dir='ltr' id='par_1_91' title="bbox 2183 4575 3770 4657">
     <span class='ocr_line' id='line_1_91' title="bbox 2183 4575 3770 4657; baseline 0.011 -29"><span class='ocrx_word' id='word_1_678' title='bbox 2183 4575 2256 4629; x_wconf 87' lang='lat' dir='ltr'><strong>sit</strong></span> <span class='ocrx_word' id='word_1_679' title='bbox 2296 4586 2497 4645; x_wconf 83' lang='lat' dir='ltr'><strong>quanta</strong></span> <span class='ocrx_word' id='word_1_680' title='bbox 2548 4579 2718 4649; x_wconf 81' lang='lat' dir='ltr'><strong>spatia</strong></span> <span class='ocrx_word' id='word_1_681' title='bbox 2753 4579 2861 4635; x_wconf 90' lang='lat' dir='ltr'><strong>illic</strong></span> <span class='ocrx_word' id='word_1_682' title='bbox 2909 4583 3298 4639; x_wconf 84' lang='lat' dir='ltr'><strong>contineantur</strong></span> <span class='ocrx_word' id='word_1_683' title='bbox 3339 4600 3677 4657; x_wconf 85' lang='lat' dir='ltr'><strong>pascuorum</strong></span> <span class='ocrx_word' id='word_1_684' title='bbox 3722 4599 3770 4645; x_wconf 81' lang='lat' dir='ltr'><strong>et</strong></span> 
     </span>
    </p>
   </div>
   <div class='ocr_carea' id='block_1_92' title="bbox 2186 4670 3771 4746">
    <p class='ocr_par' dir='ltr' id='par_1_92' title="bbox 2186 4670 3771 4746">
     <span class='ocr_line' id='line_1_92' title="bbox 2186 4670 3771 4746; baseline 0.01 -25"><span class='ocrx_word' id='word_1_685' title='bbox 2186 4683 2467 4723; x_wconf 86' lang='lat' dir='ltr'><strong>nemorum</strong></span> <span class='ocrx_word' id='word_1_686' title='bbox 2503 4670 2639 4724; x_wconf 85' lang='lat' dir='ltr'><strong>intra</strong></span> <span class='ocrx_word' id='word_1_687' title='bbox 2684 4673 2899 4743; x_wconf 88' lang='lat' dir='ltr'><strong>rupimn</strong></span> <span class='ocrx_word' id='word_1_688' title='bbox 2933 4685 3203 4746; x_wconf 72' lang='lat' dir='ltr'><strong>praerupta</strong></span> <span class='ocrx_word' id='word_1_689' title='bbox 3242 4680 3592 4736; x_wconf 88' lang='lat' dir='ltr'><strong>nascentium</strong></span> <span class='ocrx_word' id='word_1_690' title='bbox 3623 4680 3679 4737; x_wconf 79' lang='lat' dir='ltr'><strong>et</strong></span> <span class='ocrx_word' id='word_1_691' title='bbox 3707 4683 3771 4737; x_wconf 88' lang='lat' dir='ltr'><strong>ibi</strong></span> 
     </span>
    </p>
   </div>
   <div class='ocr_carea' id='block_1_93' title="bbox 2186 4761 3771 4840">
    <p class='ocr_par' dir='ltr' id='par_1_93' title="bbox 2186 4761 3771 4840">
     <span class='ocr_line' id='line_1_93' title="bbox 2186 4761 3771 4840; baseline 0.011 -27"><span class='ocrx_word' id='word_1_692' title='bbox 2186 4761 2530 4817; x_wconf 87' lang='lat' dir='ltr'><strong>morientittm</strong></span> <span class='ocrx_word' id='word_1_693' title='bbox 2554 4804 2569 4830; x_wconf 89' lang='lat'><strong>,</strong></span> <span class='ocrx_word' id='word_1_694' title='bbox 2599 4765 2725 4834; x_wconf 90' lang='lat' dir='ltr'><strong>quia</strong></span> <span class='ocrx_word' id='word_1_695' title='bbox 2754 4781 2860 4820; x_wconf 91' lang='lat' dir='ltr'><strong>non</strong></span> <span class='ocrx_word' id='word_1_696' title='bbox 2891 4777 3036 4835; x_wconf 83' lang='lat' dir='ltr'><strong>patet</strong></span> <span class='ocrx_word' id='word_1_697' title='bbox 3065 4768 3149 4823; x_wconf 88' lang='lat' dir='ltr'><strong>via</strong></span> <span class='ocrx_word' id='word_1_698' title='bbox 3179 4769 3247 4823; x_wconf 84' lang='lat' dir='ltr'><strong>ad</strong></span> <span class='ocrx_word' id='word_1_699' title='bbox 3280 4769 3419 4840; x_wconf 83' lang='lat' dir='ltr'><strong>ligna</strong></span> <span class='ocrx_word' id='word_1_700' title='bbox 3449 4772 3583 4829; x_wconf 87' lang='lat' dir='ltr'><strong>inde</strong></span> <span class='ocrx_word' id='word_1_701' title='bbox 3608 4783 3771 4829; x_wconf 79' lang='lat' dir='ltr'><strong>trans-</strong></span> 
     </span>
    </p>
   </div>
   <div class='ocr_carea' id='block_1_94' title="bbox 2184 4855 3767 4935">
    <p class='ocr_par' dir='ltr' id='par_1_94' title="bbox 2184 4855 3767 4935">
     <span class='ocr_line' id='line_1_94' title="bbox 2184 4855 3767 4935; baseline 0.012 -31"><span class='ocrx_word' id='word_1_702' title='bbox 2184 4855 2483 4921; x_wconf 82' lang='lat' dir='ltr'><strong>portando,</strong></span> <span class='ocrx_word' id='word_1_703' title='bbox 2558 4864 2610 4909; x_wconf 89' lang='lat' dir='ltr'><strong>et</strong></span> <span class='ocrx_word' id='word_1_704' title='bbox 2655 4856 2739 4910; x_wconf 87' lang='lat' dir='ltr'><strong>his</strong></span> <span class='ocrx_word' id='word_1_705' title='bbox 2779 4858 3098 4915; x_wconf 87' lang='lat' dir='ltr'><strong>novissimis</strong></span> <span class='ocrx_word' id='word_1_706' title='bbox 3144 4870 3351 4916; x_wconf 89' lang='lat' dir='ltr'><strong>tantum</strong></span> <span class='ocrx_word' id='word_1_707' title='bbox 3403 4867 3767 4935; x_wconf 83' lang='lat' dir='ltr'><strong>temporibus,</strong></span> 
     </span>
    </p>
   </div>
   <div class='ocr_carea' id='block_1_95' title="bbox 2185 4946 3766 5024">
    <p class='ocr_par' dir='ltr' id='par_1_95' title="bbox 2185 4946 3766 5024">
     <span class='ocr_line' id='line_1_95' title="bbox 2185 4946 3766 5024; baseline 0.01 -29"><span class='ocrx_word' id='word_1_708' title='bbox 2185 4958 2306 4997; x_wconf 84' lang='lat' dir='ltr'><strong>cum</strong></span> <span class='ocrx_word' id='word_1_709' title='bbox 2328 4946 2537 5017; x_wconf 89' lang='lat' dir='ltr'><strong>magnis</strong></span> <span class='ocrx_word' id='word_1_710' title='bbox 2556 4946 2827 5003; x_wconf 88' lang='lat' dir='ltr'><strong>laboribus</strong></span> <span class='ocrx_word' id='word_1_711' title='bbox 2847 4949 2987 5003; x_wconf 89' lang='lat' dir='ltr'><strong>intra</strong></span> <span class='ocrx_word' id='word_1_712' title='bbox 3010 4952 3271 5020; x_wconf 85' lang='lat' dir='ltr'><strong>quasdam</strong></span> <span class='ocrx_word' id='word_1_713' title='bbox 3297 4968 3462 5024; x_wconf 77' lang='lat' dir='ltr'><strong>rupes</strong></span> <span class='ocrx_word' id='word_1_714' title='bbox 3482 4957 3569 5011; x_wconf 83' lang='lat' dir='ltr'><strong>via</strong></span> <span class='ocrx_word' id='word_1_715' title='bbox 3594 4969 3766 5024; x_wconf 85' lang='lat' dir='ltr'><strong>aperta</strong></span> 
     </span>
    </p>
   </div>
   <div class='ocr_carea' id='block_1_96' title="bbox 2183 5039 3764 5115">
    <p class='ocr_par' dir='ltr' id='par_1_96' title="bbox 2183 5039 3764 5115">
     <span class='ocr_line' id='line_1_96' title="bbox 2183 5039 3764 5115; baseline 0.009 -26"><span class='ocrx_word' id='word_1_716' title='bbox 2183 5046 2297 5110; x_wconf 82' lang='lat' dir='ltr'><strong>est,</strong></span> <span class='ocrx_word' id='word_1_717' title='bbox 2345 5039 2500 5109; x_wconf 83' lang='lat' dir='ltr'><strong>cujus</strong></span> <span class='ocrx_word' id='word_1_718' title='bbox 2540 5040 2805 5095; x_wconf 79' lang='lat' dir='ltr'><strong>beneﬁcio</strong></span> <span class='ocrx_word' id='word_1_719' title='bbox 2847 5043 3026 5110; x_wconf 89' lang='lat' dir='ltr'><strong>aliqua</strong></span> <span class='ocrx_word' id='word_1_720' title='bbox 3066 5060 3194 5115; x_wconf 90' lang='lat' dir='ltr'><strong>pars</strong></span> <span class='ocrx_word' id='word_1_721' title='bbox 3243 5045 3474 5102; x_wconf 86' lang='lat' dir='ltr'><strong>istarum</strong></span> <span class='ocrx_word' id='word_1_722' title='bbox 3519 5048 3764 5104; x_wconf 70' lang='lat' dir='ltr'><strong>silvarum</strong></span> 
     </span>
    </p>
   </div>
   <div class='ocr_carea' id='block_1_97' title="bbox 2185 5130 3762 5197">
    <p class='ocr_par' dir='ltr' id='par_1_97' title="bbox 2185 5130 3762 5197">
     <span class='ocr_line' id='line_1_97' title="bbox 2185 5130 3762 5197; baseline 0.013 -21"><span class='ocrx_word' id='word_1_723' title='bbox 2185 5135 2362 5196; x_wconf 86' lang='lat' dir='ltr'><strong>potest</strong></span> <span class='ocrx_word' id='word_1_724' title='bbox 2386 5143 2506 5185; x_wconf 88' lang='lat' dir='ltr'><strong>esse</strong></span> <span class='ocrx_word' id='word_1_725' title='bbox 2547 5130 2729 5196; x_wconf 88' lang='lat' dir='ltr'><strong>utilis,</strong></span> <span class='ocrx_word' id='word_1_726' title='bbox 2798 5133 3164 5191; x_wconf 89' lang='lat' dir='ltr'><strong>tncdiantibus</strong></span> <span class='ocrx_word' id='word_1_727' title='bbox 3216 5135 3447 5194; x_wconf 73' lang='lat' dir='ltr'><strong>officinis</strong></span> <span class='ocrx_word' id='word_1_728' title='bbox 3512 5139 3762 5197; x_wconf 83' lang='lat' dir='ltr'><strong>ferrariis.</strong></span> 
     </span>
    </p>
   </div>
   <div class='ocr_carea' id='block_1_98' title="bbox 2186 5207 3758 5295">
    <p class='ocr_par' dir='ltr' id='par_1_98' title="bbox 2186 5207 3758 5295">
     <span class='ocr_line' id='line_1_98' title="bbox 2186 5207 3758 5295; baseline 0.01 -24"><span class='ocrx_word' id='word_1_729' title='bbox 2186 5216 2319 5273; x_wconf 87' lang='lat' dir='ltr'><strong>Tota</strong></span> <span class='ocrx_word' id='word_1_730' title='bbox 2356 5235 2483 5274; x_wconf 82' lang='lat' dir='ltr'><strong>vero</strong></span> <span class='ocrx_word' id='word_1_731' title='bbox 2514 5220 2602 5275; x_wconf 90' lang='lat' dir='ltr'><strong>illa</strong></span> <span class='ocrx_word' id='word_1_732' title='bbox 2633 5207 2846 5278; x_wconf 60' lang='lat' dir='ltr'><strong>erenfus</strong></span> <span class='ocrx_word' id='word_1_733' title='bbox 2876 5239 2983 5279; x_wconf 86' lang='lat' dir='ltr'><strong>non</strong></span> <span class='ocrx_word' id='word_1_734' title='bbox 3021 5226 3259 5295; x_wconf 89' lang='lat' dir='ltr'><strong>pertinet</strong></span> <span class='ocrx_word' id='word_1_735' title='bbox 3292 5228 3358 5283; x_wconf 86' lang='lat' dir='ltr'><strong>ad</strong></span> <span class='ocrx_word' id='word_1_736' title='bbox 3387 5229 3758 5295; x_wconf 81' lang='lat' dir='ltr'><strong>Carthusiam,</strong></span> 
     </span>
    </p>
   </div>
   <div class='ocr_carea' id='block_1_99' title="bbox 2186 5311 3761 5388">
    <p class='ocr_par' dir='ltr' id='par_1_99' title="bbox 2186 5311 3761 5388">
     <span class='ocr_line' id='line_1_99' title="bbox 2186 5311 3761 5388; baseline 0.008 -23"><span class='ocrx_word' id='word_1_737' title='bbox 2186 5311 2278 5366; x_wconf 89' lang='lat' dir='ltr'><strong>sed</strong></span> <span class='ocrx_word' id='word_1_738' title='bbox 2311 5321 2520 5367; x_wconf 88' lang='lat' dir='ltr'><strong>tantum</strong></span> <span class='ocrx_word' id='word_1_739' title='bbox 2555 5329 2748 5385; x_wconf 86' lang='lat' dir='ltr'><strong>magna</strong></span> <span class='ocrx_word' id='word_1_740' title='bbox 2778 5315 2919 5371; x_wconf 82' lang='lat' dir='ltr'><strong>illius</strong></span> <span class='ocrx_word' id='word_1_741' title='bbox 2947 5332 3107 5387; x_wconf 89' lang='lat' dir='ltr'><strong>pars,</strong></span> <span class='ocrx_word' id='word_1_742' title='bbox 3144 5333 3266 5388; x_wconf 65' lang='lat' dir='ltr'><strong>quae</strong></span> <span class='ocrx_word' id='word_1_743' title='bbox 3296 5322 3501 5376; x_wconf 88' lang='lat' dir='ltr'><strong>sensim</strong></span> <span class='ocrx_word' id='word_1_744' title='bbox 3532 5326 3602 5380; x_wconf 81' lang='lat' dir='ltr'><strong>ad</strong></span> <span class='ocrx_word' id='word_1_745' title='bbox 3628 5324 3761 5379; x_wconf 79' lang='lat' dir='ltr'><strong>iii&#39;ius</strong></span> 
     </span>
    </p>
   </div>
   <div class='ocr_carea' id='block_1_100' title="bbox 495 5400 3760 5492">
    <p class='ocr_par' dir='ltr' id='par_1_100' title="bbox 495 5400 3760 5492">
     <span class='ocr_line' id='line_1_100' title="bbox 495 5400 3760 5492; baseline 0.006 -40"><span class='ocrx_word' id='word_1_746' title='bbox 495 5411 675 5455; x_wconf 85' lang='lat' dir='ltr'><strong>autem</strong></span> <span class='ocrx_word' id='word_1_747' title='bbox 713 5400 855 5470; x_wconf 91' lang='lat' dir='ltr'><strong>apud</strong></span> <span class='ocrx_word' id='word_1_748' title='bbox 896 5414 994 5453; x_wconf 90' lang='lat' dir='ltr'><strong>nos</strong></span> <span class='ocrx_word' id='word_1_749' title='bbox 1046 5400 1395 5456; x_wconf 89' lang='lat' dir='ltr'><strong>terminorum</strong></span> <span class='ocrx_word' id='word_1_750' title='bbox 1445 5409 1656 5474; x_wconf 87' lang='lat' dir='ltr'><strong>species</strong></span> <span class='ocrx_word' id='word_1_751' title='bbox 1707 5407 2078 5478; x_wconf 81' lang='lat' dir='ltr'><strong>distinguitur,</strong></span> <span class='ocrx_word' id='word_1_752' title='bbox 2114 5433 2158 5492; x_wconf 79' lang='lat' dir='ltr'>D</span> <span class='ocrx_word' id='word_1_753' title='bbox 2187 5406 2585 5475; x_wconf 83' lang='lat' dir='ltr'><strong>possessionem</strong></span> <span class='ocrx_word' id='word_1_754' title='bbox 2629 5409 2865 5464; x_wconf 90' lang='lat' dir='ltr'><strong>devenit.</strong></span> <span class='ocrx_word' id='word_1_755' title='bbox 2920 5409 3146 5478; x_wconf 85' lang='lat' dir='ltr'><strong>Quando</strong></span> <span class='ocrx_word' id='word_1_756' title='bbox 3194 5413 3338 5468; x_wconf 90' lang='lat' dir='ltr'><strong>enim</strong></span> <span class='ocrx_word' id='word_1_757' title='bbox 3384 5415 3546 5484; x_wconf 90' lang='lat' dir='ltr'><strong>primi</strong></span> <span class='ocrx_word' id='word_1_758' title='bbox 3591 5426 3760 5485; x_wconf 80' lang='lat' dir='ltr'><strong>patres</strong></span> 
     </span>
    </p>
   </div>
   <div class='ocr_carea' id='block_1_101' title="bbox 495 5493 2079 5565">
    <p class='ocr_par' dir='ltr' id='par_1_101' title="bbox 495 5493 2079 5565">
     <span class='ocr_line' id='line_1_101' title="bbox 495 5493 2079 5565; baseline 0.008 -19"><span class='ocrx_word' id='word_1_759' title='bbox 495 5506 726 5562; x_wconf 89' lang='lat' dir='ltr'><strong>quorum</strong></span> <span class='ocrx_word' id='word_1_760' title='bbox 753 5508 857 5547; x_wconf 88' lang='lat' dir='ltr'><strong>una</strong></span> <span class='ocrx_word' id='word_1_761' title='bbox 885 5493 1322 5565; x_wconf 82' lang='lat' dir='ltr'><strong>possessionum,</strong></span> <span class='ocrx_word' id='word_1_762' title='bbox 1359 5496 1462 5553; x_wconf 87' lang='lat' dir='ltr'><strong>alia</strong></span> <span class='ocrx_word' id='word_1_763' title='bbox 1495 5500 1883 5555; x_wconf 89' lang='lat' dir='ltr'><strong>monachorum</strong></span> <span class='ocrx_word' id='word_1_764' title='bbox 1921 5518 2079 5557; x_wconf 87' lang='lat' dir='ltr'><strong>voea-</strong></span> 
     </span>
    </p>
   </div>
   <div class='ocr_carea' id='block_1_102' title="bbox 498 5584 2077 5662">
    <p class='ocr_par' dir='ltr' id='par_1_102' title="bbox 498 5584 2077 5662">
     <span class='ocr_line' id='line_1_102' title="bbox 498 5584 2077 5662; baseline 0.009 -27"><span class='ocrx_word' id='word_1_765' title='bbox 498 5594 605 5638; x_wconf 87' lang='lat' dir='ltr'><strong>tur.</strong></span> <span class='ocrx_word' id='word_1_766' title='bbox 665 5584 767 5653; x_wconf 86' lang='lat' dir='ltr'><strong>Qui</strong></span> <span class='ocrx_word' id='word_1_767' title='bbox 794 5584 1006 5640; x_wconf 89' lang='lat' dir='ltr'><strong>termini</strong></span> <span class='ocrx_word' id='word_1_768' title='bbox 1068 5585 1455 5642; x_wconf 88' lang='lat' dir='ltr'><strong>monachorum</strong></span> <span class='ocrx_word' id='word_1_769' title='bbox 1516 5589 1672 5660; x_wconf 82' lang='lat' dir='ltr'><strong>longe</strong></span> <span class='ocrx_word' id='word_1_770' title='bbox 1735 5593 2077 5662; x_wconf 84' lang='lat' dir='ltr'><strong>angustiores</strong></span> 
     </span>
    </p>
   </div>
   <div class='ocr_carea' id='block_1_103' title="bbox 496 5674 2076 5746">
    <p class='ocr_par' dir='ltr' id='par_1_103' title="bbox 496 5674 2076 5746">
     <span class='ocr_line' id='line_1_103' title="bbox 496 5674 2076 5746; baseline 0.009 -20"><span class='ocrx_word' id='word_1_771' title='bbox 496 5674 624 5728; x_wconf 89' lang='lat' dir='ltr'><strong>olim</strong></span> <span class='ocrx_word' id='word_1_772' title='bbox 649 5688 990 5746; x_wconf 88' lang='lat' dir='ltr'><strong>erantquam</strong></span> <span class='ocrx_word' id='word_1_773' title='bbox 1020 5676 1421 5746; x_wconf 83' lang='lat' dir='ltr'><strong>possessionum</strong></span> <span class='ocrx_word' id='word_1_774' title='bbox 1452 5696 1466 5733; x_wconf 84' lang='lat'><strong><em>:</em></strong></span> <span class='ocrx_word' id='word_1_775' title='bbox 1501 5697 1622 5735; x_wconf 88' lang='lat' dir='ltr'><strong>nam</strong></span> <span class='ocrx_word' id='word_1_776' title='bbox 1653 5682 1792 5737; x_wconf 90' lang='lat' dir='ltr'><strong>intra</strong></span> <span class='ocrx_word' id='word_1_777' title='bbox 1826 5699 1919 5738; x_wconf 87' lang='lat' dir='ltr'><strong>eos</strong></span> <span class='ocrx_word' id='word_1_778' title='bbox 1945 5701 2076 5741; x_wconf 87' lang='lat' dir='ltr'><strong>con-</strong></span> 
     </span>
    </p>
   </div>
   <div class='ocr_carea' id='block_1_104' title="bbox 499 5763 2078 5846">
    <p class='ocr_par' dir='ltr' id='par_1_104' title="bbox 499 5763 2078 5846">
     <span class='ocr_line' id='line_1_104' title="bbox 499 5763 2078 5846; baseline 0.009 -28"><span class='ocrx_word' id='word_1_779' title='bbox 499 5763 829 5838; x_wconf 80' lang='lat' dir='ltr'><strong>tinebantur,</strong></span> <span class='ocrx_word' id='word_1_780' title='bbox 857 5776 914 5825; x_wconf 90' lang='lat' dir='ltr'><strong>et</strong></span> <span class='ocrx_word' id='word_1_781' title='bbox 949 5770 1189 5841; x_wconf 84' lang='lat' dir='ltr'><strong>spatium</strong></span> <span class='ocrx_word' id='word_1_782' title='bbox 1213 5769 1570 5846; x_wconf 79' lang='lat' dir='ltr'><strong>designabant</strong></span> <span class='ocrx_word' id='word_1_783' title='bbox 1617 5774 1757 5829; x_wconf 77' lang='lat' dir='ltr'><strong>intra</strong></span> <span class='ocrx_word' id='word_1_784' title='bbox 1786 5776 1929 5846; x_wconf 81' lang='lat' dir='ltr'><strong>quod</strong></span> <span class='ocrx_word' id='word_1_785' title='bbox 1960 5791 2078 5833; x_wconf 90' lang='lat' dir='ltr'><strong>mo-</strong></span> 
     </span>
    </p>
   </div>
   <div class='ocr_carea' id='block_1_105' title="bbox 832 6012 857 6027">
    <p class='ocr_par' dir='ltr' id='par_1_105' title="bbox 832 6012 857 6027">
     <span class='ocr_line' id='line_1_105' title="bbox 832 6012 857 6027; baseline 0 0"><span class='ocrx_word' id='word_1_786' title='bbox 832 6012 857 6027; x_wconf 86' lang='lat'><strong><em>\</em></strong></span> 
     </span>
    </p>
   </div>
   <div class='ocr_carea' id='block_1_106' title="bbox 2188 5497 3757 5576">
    <p class='ocr_par' dir='ltr' id='par_1_106' title="bbox 2188 5497 3757 5576">
     <span class='ocr_line' id='line_1_106' title="bbox 2188 5497 3757 5576; baseline 0.005 -26"><span class='ocrx_word' id='word_1_787' title='bbox 2188 5498 2358 5552; x_wconf 87' lang='lat' dir='ltr'><strong>nostri</strong></span> <span class='ocrx_word' id='word_1_788' title='bbox 2390 5498 2456 5553; x_wconf 88' lang='lat' dir='ltr'><strong>ad</strong></span> <span class='ocrx_word' id='word_1_789' title='bbox 2488 5497 2832 5554; x_wconf 89' lang='lat' dir='ltr'><strong>Carthusiam</strong></span> <span class='ocrx_word' id='word_1_790' title='bbox 2874 5511 3178 5568; x_wconf 84' lang='lat' dir='ltr'><strong>venerunt,</strong></span> <span class='ocrx_word' id='word_1_791' title='bbox 3219 5513 3439 5558; x_wconf 86' lang='lat' dir='ltr'><strong>sanctus</strong></span> <span class='ocrx_word' id='word_1_792' title='bbox 3476 5503 3628 5576; x_wconf 75' lang='lat' dir='ltr'><strong>[lngo</strong></span> <span class='ocrx_word' id='word_1_793' title='bbox 3660 5505 3757 5574; x_wconf 85' lang='lat' dir='ltr'><strong>epi-</strong></span> 
     </span>
    </p>
   </div>
   <div class='ocr_carea' id='block_1_107' title="bbox 2185 5593 3754 5664">
    <p class='ocr_par' dir='ltr' id='par_1_107' title="bbox 2185 5593 3754 5664">
     <span class='ocr_line' id='line_1_107' title="bbox 2185 5593 3754 5664; baseline 0.002 -19"><span class='ocrx_word' id='word_1_794' title='bbox 2185 5606 2384 5661; x_wconf 85' lang='lat' dir='ltr'><strong>scopus</strong></span> <span class='ocrx_word' id='word_1_795' title='bbox 2425 5593 2995 5664; x_wconf 86' lang='lat' dir='ltr'><strong>Gratianopolitanus,</strong></span> <span class='ocrx_word' id='word_1_796' title='bbox 3036 5605 3090 5649; x_wconf 89' lang='lat' dir='ltr'><strong>et</strong></span> <span class='ocrx_word' id='word_1_797' title='bbox 3138 5596 3467 5652; x_wconf 79' lang='lat' dir='ltr'><strong>venerabilis</strong></span> <span class='ocrx_word' id='word_1_798' title='bbox 3511 5594 3754 5664; x_wconf 77' lang='lat' dir='ltr'><strong>Signiuus</strong></span> 
     </span>
    </p>
   </div>
   <div class='ocr_carea' id='block_1_108' title="bbox 2184 5685 3754 5754">
    <p class='ocr_par' dir='ltr' id='par_1_108' title="bbox 2184 5685 3754 5754">
     <span class='ocr_line' id='line_1_108' title="bbox 2184 5685 3754 5754; baseline 0.001 -18"><span class='ocrx_word' id='word_1_799' title='bbox 2184 5685 2353 5740; x_wconf 87' lang='lat' dir='ltr'><strong>abbas</strong></span> <span class='ocrx_word' id='word_1_800' title='bbox 2401 5685 2675 5741; x_wconf 64' lang='lat' dir='ltr'><strong>Casm-Dei</strong></span> <span class='ocrx_word' id='word_1_801' title='bbox 2717 5686 2978 5742; x_wconf 84' lang='lat' dir='ltr'><strong>dederunt</strong></span> <span class='ocrx_word' id='word_1_802' title='bbox 3015 5685 3074 5742; x_wconf 86' lang='lat' dir='ltr'><strong>S.</strong></span> <span class='ocrx_word' id='word_1_803' title='bbox 3105 5686 3339 5743; x_wconf 85' lang='lat' dir='ltr'><strong>Bruuoni</strong></span> <span class='ocrx_word' id='word_1_804' title='bbox 3374 5696 3430 5741; x_wconf 83' lang='lat' dir='ltr'><strong>et</strong></span> <span class='ocrx_word' id='word_1_805' title='bbox 3459 5687 3621 5743; x_wconf 83' lang='lat' dir='ltr'><strong>sociis</strong></span> <span class='ocrx_word' id='word_1_806' title='bbox 3647 5685 3754 5754; x_wconf 72' lang='lat' dir='ltr'><strong>ejus</strong></span> 
     </span>
    </p>
   </div>
   <div class='ocr_carea' id='block_1_109' title="bbox 2185 5775 3749 5849">
    <p class='ocr_par' dir='ltr' id='par_1_109' title="bbox 2185 5775 3749 5849">
     <span class='ocr_line' id='line_1_109' title="bbox 2185 5775 3749 5849; baseline -0.015 0"><span class='ocrx_word' id='word_1_807' title='bbox 2185 5777 2444 5849; x_wconf 64' lang='grc' dir='ltr'><strong>ςυίάίιυίά</strong></span> <span class='ocrx_word' id='word_1_808' title='bbox 2477 5778 2616 5848; x_wconf 77' lang='lat' dir='ltr'><strong>iuris</strong></span> <span class='ocrx_word' id='word_1_809' title='bbox 2648 5778 2698 5833; x_wconf 94' lang='lat' dir='ltr'><strong>in</strong></span> <span class='ocrx_word' id='word_1_810' title='bbox 2728 5793 2792 5835; x_wconf 90' lang='lat' dir='ltr'><strong>ea</strong></span> <span class='ocrx_word' id='word_1_811' title='bbox 2832 5779 3102 5837; x_wconf 81' lang='lat' dir='ltr'><strong>habebant</strong></span> <span class='ocrx_word' id='word_1_812' title='bbox 3133 5799 3148 5837; x_wconf 85' lang='lat'><em>:</em></span> <span class='ocrx_word' id='word_1_813' title='bbox 3179 5781 3273 5837; x_wconf 87' lang='lat' dir='ltr'><strong>sed</strong></span> <span class='ocrx_word' id='word_1_814' title='bbox 3296 5788 3477 5843; x_wconf 83' lang='lat' dir='ltr'><strong>postea</strong></span> <span class='ocrx_word' id='word_1_815' title='bbox 3504 5779 3670 5834; x_wconf 75' lang='lat' dir='ltr'><strong>crevit</strong></span> <span class='ocrx_word' id='word_1_816' title='bbox 3697 5775 3749 5833; x_wconf 69' lang='grc' dir='ltr'><strong>δε</strong></span> 
     </span>
    </p>
   </div>
  </div>
