3992 6460
181 389 288 449 665
1198 385 1231 408 ⁸

1493 350 2092 447 cossusrbutuss.

3316 395 3434 454 666

254 501 306 554 5.
345 499 404 555 ln
428 496 721 554 Nativitate
745 509 960 567 quoque
998 504 1051 551 et
1079 495 1290 551 Pascha
1320 504 1376 552 et
1400 494 1749 561 Pentecoste,
1788 505 1844 551 et
1870 512 1991 551 cum
2024 497 2194 570 frater
2225 495 2425 567 aliquis
2455 495 2847 569 professionem
2878 497 3121 556 facturus
3149 510 3230 557 est
3249 543 3266 568 ,
3301 506 3433 558 mis-

179 607 299 648 sam
343 598 527 645 cantat
556 589 833 660 majorem.
873 589 1028 657 Quod
1056 588 1260 644 idcirco
1284 587 1571 643 scribimus
1597 627 1613 650 ,
1660 602 1728 641 ne
1759 587 1881 654 quis
1912 587 2054 641 forte
2082 595 2430 657 posterorum
2461 604 2663 647 cornua
2704 590 2807 646 sibi
2837 591 2964 648 velit
2991 607 3269 649 assumere
3293 635 3309 664 ,
3346 595 3433 654 vel
3484 586 3505 595 ’

179 699 378 739 nomen
410 698 566 737 situm
598 696 935 750 quacumque
960 679 1146 751 gloria
1180 679 1266 735 vel
1293 679 1590 734 eminentia
1621 677 1922 733 celebrare.
3067 683 3075 692 '

257 777 313 831 6.
357 776 413 830 lu
442 774 688 829 Adventu
713 783 892 827 autem
919 781 975 828 et
1000 770 1425 843 Quadragesima
1454 780 1674 842 propter
1704 769 1995 826 arctiorem
2030 772 2111 826 sui
2137 773 2470 841 custodiam,
2516 789 2547 829 a
2576 777 2831 846 prtedicta
2859 778 3020 834 etiam
3054 780 3284 839 abstinet
3309 785 3437 842 visio
3462 740 3476 754 κ

178 870 411 936 tatione,
444 867 544 921 nisi
569 865 746 935 aliqua
774 880 965 932 magna
994 864 1288 919 necessitas
1309 863 1551 933 coegerit
1575 862 1660 918 vel
1684 859 1911 916 utilitas.
1938 862 2045 919 Sed
2073 873 2129 920 et
2156 868 2371 923 caeteris
2405 870 2741 941 temporibus
2764 886 2871 928 non
2898 874 3098 944 passim
3128 887 3221 934 aut
3246 878 3437 938 leviter

190 974 249 1021 et
271 980 374 1037 pro
400 976 722 1034 quacunque
746 960 827 1016 vel
858 975 1088 1033 persona
1118 959 1200 1014 vel
1230 975 1393 1016 causa
1422 958 1491 1015 ad
1525 958 1742 1013 domum
1772 956 2049 1014 descendit
2084 961 2412 1018 inferiorem.

1546 1044 1996 1104 COMMENTARl
2009 1050 2113 1106 US.

178 1148 373 1205 eadem
416 1157 601 1200 eremo
633 1140 990 1197 Carthusiana
1032 1140 1340 1212 possessio,
1375 1155 1475 1212 per
1508 1138 1762 1211 pietatem
1792 1139 1841 1195 A
1938 1141 2089 1198 llunc
2118 1144 2440 1201 laudabilem
2488 1162 2642 1203 usum
2670 1150 2929 1208 terminos
2968 1168 3073 1209 non
3121 1158 3438 1228 egrediendi

177 1240 474 1312 proborum
511 1234 882 1298 saecularium,
931 1234 1020 1302 qui
1068 1232 1176 1289 illis
1204 1249 1271 1289 ex
1300 1229 1567 1288 charitate
1605 1231 1764 1286 dede-

180 1337 311 1384 runt
332 1327 477 1398 quod
504 1327 556 1381 in
579 1340 641 1381 ea
664 1324 1044 1395 possidebant,
1084 1324 1246 1380 etiam
1273 1323 1566 1394 aliquando
1593 1323 1645 1377 id
1671 1336 1769 1394 po-

176 1416 509 1473 stulantibus
540 1414 743 1469 nostris
765 1412 1039 1476 eremitis,
1081 1420 1139 1467 ut
1179 1414 1248 1468 ab
1286 1410 1762 1481 inquietudinibus.

176 1525 315 1580 quas
342 1524 449 1564 non
481 1520 608 1561 raro
644 1505 933 1560 a’rusticis
975 1504 1337 1575 patiebantur,
1373 1502 1762 1568 eximerentur,

176 1615 282 1655 nec
310 1614 419 1655 non
448 1606 508 1652 ut
541 1595 756 1650 termini
784 1593 929 1648 illius
948 1593 1351 1650 Carthusiensis
1376 1593 1570 1657 eremi,
1593 1590 1766 1645 maxi-

176 1707 268 1746 me
294 1706 324 1745 a
353 1699 510 1761 parte
561 1686 746 1744 Sancti
774 1686 1083 1752 Laurentii,
1124 1700 1222 1757 per
1251 1683 1527 1741 naturales
1578 1682 1767 1739 termi-

175 1799 302 1851 nos,
331 1783 387 1838 id
410 1791 495 1837 est
515 1795 611 1852 per
636 1787 938 1852 praeruptas
966 1794 1149 1850 rupes,
1192 1787 1509 1835 notarentur
1536 1787 1592 1834 et
1620 1777 1767 1832 clau-

174 1876 467 1930 dcrentur.

248 1963 348 2019 Sic
373 1978 473 2034 ego
498 1960 701 2017 sensim
737 1968 1024 2016 creverunt
1056 1959 1269 2013 termini
1309 1958 1638 2024 Carthusiae,
1676 1957 1766 2026 ju-

172 2055 438 2109 vantibus
469 2053 632 2108 etiam
664 2051 914 2106 certatim
963 2049 1329 2104 illustrissimo
1355 2048 1596 2118 capitulo
1629 2046 1766 2103 Gra-

174 2144 577 2216 tianopolitano
614 2153 664 2197 et
705 2142 858 2202 aliis.
900 2140 1041 2197 unde
1081 2140 1384 2196 Carthusize
1432 2128 1765 2195 obvenerunt

170 2254 380 2312 pascua
408 2239 499 2293 illa
530 2232 731 2307 ampla,
768 2222 887 2304 quae
910 2236 964 2290 in
992 2235 1308 2290 summitate
1333 2232 1581 2288 altissimi
1611 2247 1767 2286 mou-

173 2332 252 2387 tis
274 2330 455 2386 vocati
482 2328 867 2383 Charman-son
905 2326 1078 2396 (quod
1103 2325 1294 2381 Latine
1332 2332 1489 2380 sonat
1523 2323 1766 2377 amrrnis-

170 2425 372 2479 simam
399 2423 784 2484 summitatem)
815 2420 922 2474 sita
951 2427 1098 2474 sunt.
1128 2418 1196 2474 Et
1226 2419 1350 2472 inde
1375 2427 1458 2473 est
1488 2417 1630 2488 quod
1657 2428 1765 2472 ter-
1796 2431 1809 2488 ζ

172 2515 315 2570 mini
344 2513 651 2569 Carthusize
698 2510 949 2565 bifariam
1001 2510 1434 2581 distinguantur,
1482 2523 1677 2580 nempe
1713 2508 1764 2564 in

174 2607 444 2661 terminos
483 2603 884 2674 privilegiatos,
924 2610 979 2656 et
1033 2601 1297 2656 terminos
1343 2598 1764 2669 possessionum.

172 2697 423 2754 Termini
455 2694 784 2766 privilegiati
817 2694 1072 2750 dicuntur
1115 2693 1192 2749 illi
1234 2693 1325 2764 qui
1367 2692 1522 2747 initio
1561 2690 1770 2748 ordinis

171 2789 455 2860 designati
488 2787 732 2852 luerunt,
767 2801 865 2857 per
892 2787 1121 2857 gratiam
1169 2800 1504 2840 summorum
1554 2782 1770 2854 pontill-

174 2896 311 2935 cum
338 2880 442 2935 sub
465 2878 802 2949 protectione
826 2878 970 2934 sedis
994 2877 1303 2950 apostolicae
1324 2876 1505 2947 positi,
1528 2885 1584 2932 et
1604 2876 1771 2933 variis

173 2969 482 3040 privilegiis
516 2968 791 3033 decorati,
842 2980 1008 3038 prout
1060 2977 1186 3023 sunt
1226 2967 1657 3037 prohibitiones,
1701 2982 1770 3022 ne

174 3062 443 3117 mulieres
468 3061 681 3130 possint
712 3060 833 3114 illos
861 3060 1100 3130 ingredi,
1140 3072 1207 3113 ne
1241 3059 1403 3114 homo
1427 3057 1597 3128 possit
1626 3059 1769 3113 intra

173 3153 305 3208 illos
329 3153 482 3223 capi,
510 3154 654 3222 quod
683 3160 759 3205 est
793 3150 971 3219 aliqua
1004 3148 1365 3203 immunitatis
1385 3148 1771 3204 ecclesiasticae

174 3243 557 3314 participatio,
592 3250 649 3296 et
674 3241 779 3294 alia
813 3239 1140 3308 hujusmodi,
1171 3253 1290 3307 qua:
1316 3238 1555 3308 antiquis
1580 3246 1635 3292 et
1660 3238 1772 3307 pri-

176 3335 290 3391 mis
335 3334 447 3389 illis
491 3333 741 3389 terminis
790 3332 1008 3387 fuerunt
1039 3346 1315 3386 concessa.
1354 3330 1594 3387 Termini
1641 3343 1772 3386 vero

175 3423 593 3495 possessionum
634 3408 890 3478 dicuntur
920 3421 1030 3487 illi,
1074 3421 1166 3492 qui
1206 3420 1330 3477 aliis
1374 3421 1620 3477 terminis
1652 3436 1774 3477 sen—

176 3514 286 3569 sim
315 3527 416 3582 per
438 3511 586 3566 varia
620 3520 859 3582 tempora
883 3519 1231 3565 accesserunt
1254 3551 1269 3576 ,
1291 3525 1358 3565 ex
1388 3511 1773 3567 donationibus

176 3615 242 3660 et
283 3603 732 3657 attributionibus
772 3616 1088 3665 nemorum,
1127 3616 1489 3673 pascuorum,
1529 3611 1583 3657 et
1609 3602 1774 3657 etiam

177 3711 479 3766 agrorum,
520 3709 645 3763 quae
686 3704 861 3749 tamen
901 3694 1139 3764 antiquis
1169 3694 1415 3749 terminis
1443 3702 1569 3750 sunt
1600 3695 1777 3749 conti-

180 3803 315 3859 gua,
346 3796 396 3841 et
432 3787 486 3839 in
520 3785 634 3854 ipsa
664 3799 857 3854 magna
888 3799 1071 3839 eremo
1102 3784 1468 3840 continentur.
1507 3783 1636 3840 Sine
1666 3800 1772 3854 quo

181 3879 550 3933 terminorum
578 3886 870 3943 augmento
895 3885 1102 3930 certum
1129 3883 1215 3930 est
1250 3890 1525 3945 nunquam
1553 3877 1770 3931 domum

178 3969 494 4025 Carthttsite
535 3967 803 4038 potuisse,
843 3968 1214 4023 crescentibus
1247 3966 1301 4021 in
1337 3968 1451 4022 dies
1477 3968 1734 4022 oneribus
1757 4008 1773 4033 ,

180 4062 489 4117 subsistere
522 4061 745 4130 absque
790 4061 1016 4128 vagandi
1063 4068 1119 4116 et
1165 4061 1439 4129 quaerendi
1479 4062 1777 4115 necessitu-

182 4156 350 4215 dine,
380 4168 505 4222 qua!
528 4166 626 4221 per
645 4167 705 4205 se
735 4152 902 4205 nostri
938 4151 1168 4206 instituti
1199 4152 1528 4212 destructiva
1559 4160 1639 4206 est
1664 4192 1680 4219 ,
1717 4160 1777 4205 ut

181 4241 452 4294 omnibus
476 4240 716 4293 conlatis
738 4239 981 4309 pervium
1005 4249 1108 4294 est.
1134 4237 1307 4306 Quam
1331 4240 1492 4294 etiam
1521 4239 1588 4294 de
1613 4254 1777 4294 causa

183 4347 295 4389 non
328 4332 562 4403 vagandi
602 4346 701 4387 nec
727 4331 1002 4401 quaerendi
1042 4347 1264 4388 necesse
1294 4332 1428 4400 fuit,
1474 4342 1534 4388 ut
1582 4343 1693 4388 tum
1724 4334 1776 4389 in

185 4425 387 4494 majori
417 4424 704 4480 Carthusia
740 4432 852 4477 tum
882 4423 937 4477 in
970 4421 1090 4477 aliis
1118 4423 1367 4479 domibus
1399 4424 1611 4480 licentia
1655 4440 1779 4495 pos-

184 4517 410 4575 sidendi
439 4526 754 4587 augeretur,
778 4524 835 4569 ut
863 4516 976 4570 suis
1003 4515 1137 4570 locis
1164 4514 1500 4584 probabitur.
1527 4517 1633 4572 Sed
1660 4532 1780 4587 quin

188 4621 246 4663 et
274 4606 486 4676 quanta
515 4619 637 4661 esse
656 4605 767 4675 jam
802 4604 1101 4675 inciperent
1126 4605 1212 4660 illa
1245 4620 1412 4661 onera
1442 4615 1684 4677 tempore
1711 4606 1777 4663 ll.

188 4698 252 4751 Ρ.
279 4694 574 4765 Guigonis,
614 4694 727 4764 ipse
755 4694 1001 4749 narrabit
1027 4693 1253 4749 inferius
1278 4710 1400 4764 cap.
1431 4695 1519 4751 l9.

261 4783 654 4841 Crescentibus
674 4797 802 4852 ergo
836 4784 915 4839 sic
946 4783 1193 4839 terminis
1219 4784 1624 4853 possessionum
1649 4784 1783 4840 Car-

190 4880 397 4937 thasiae
422 4878 477 4934 in
522 4879 636 4948 ipsa
676 4893 891 4944 eremo,
933 4877 1086 4949 quasi
1122 4894 1217 4949 per
1240 4878 1395 4948 juxta
1423 4879 1781 4949 positionem,

192 4969 375 5027 crevit
395 4967 562 5022 etiam
588 4966 727 5021 ratio
754 4970 808 5021 ln
838 4967 1113 5037 prioribus
1131 4967 1435 5023 Cartbusite
1462 4968 1783 5039 inspiciendi

192 5060 333 5132 quid
360 5067 641 5126 ageretur,
679 5067 773 5113 aut
799 5060 927 5127 quid
962 5060 1226 5130 agendum
1266 5071 1410 5116 esset
1448 5061 1587 5115 intra
1613 5062 1787 5117 dictos

195 5151 497 5206 terminos.
540 5148 605 5204 Et
647 5150 774 5205 inde
802 5159 887 5205 cst
908 5150 1051 5220 quod
1083 5152 1149 5205 ab
1190 5151 1344 5205 initio
1375 5151 1581 5206 ordinis
1606 5165 1787 5204 serva-

192 5250 401 5297 verunt
439 5240 542 5296 sibi
574 5240 877 5298 libertatem
920 5242 1281 5314 personaliter
1325 5242 1589 5297 inviscndi
1632 5242 1789 5312 quid—

193 5332 333 5403 quid
368 5332 609 5402 antiquis
653 5333 901 5388 terminis
944 5334 1253 5407 contiguum
1292 5337 1357 5390 de
1386 5349 1524 5389 novo
1564 5335 1790 5389 accede—

196 5432 307 5489 ret,
334 5438 459 5479 cum
506 5439 721 5496 semper
765 5426 833 5481 ad
882 5441 1126 5482 eremqu
1172 5426 1476 5483 Cartlmsia:
1521 5427 1791 5494 pertinere

195 5524 584 5571 censerentur.
615 5516 827 5588 Quippe
854 5516 906 5572 in
933 5532 1119 5573 eremo
1140 5533 1169 5573 a
1199 5532 1462 5574 concursu
1488 5517 1789 5583 hominum,

198 5618 230 5658 a
259 5606 417 5677 pagis
443 5615 497 5661 et
517 5606 662 5662 villis
684 5617 890 5664 remota
920 5609 1244 5675 consistunt,
1271 5619 1432 5681 atque
1458 5610 1523 5666 de
1547 5609 1792 5666 terminis

200 5712 319 5750 non
346 5696 665 5766 scrupulose
691 5708 745 5756 et
772 5699 1020 5773 physice,
1062 5702 1155 5759 sed
1182 5702 1460 5758 moraliter
1487 5701 1794 5774 intelligen-

199 5786 290 5843 dis
314 5787 409 5844 bic
440 5788 638 5860 agitur.

1869 1247 2083 1303 semper
2111 1247 2464 1293 servaverunt
2492 1239 2700 1308 priores
2726 1240 3045 1309 Cartbusia,
3080 1247 3305 1302 subaudi
3335 1264 3436 1305 ex-

1869 1333 1950 1379 tra
1981 1340 2139 1381 casus
2160 1327 2401 1398 urgentis
2430 1331 2771 1386 necessitatis
2791 1374 2805 1399 ,
2842 1342 3002 1402 prout
3026 1344 3152 1391 sunt
3178 1335 3440 1396 bellorum

1869 1416 2148 1482 tumultus,
2192 1419 2382 1487 pestis,
2431 1421 2646 1476 vocatio
2689 1424 2884 1479 summi
2920 1426 3189 1494 pontiﬁcis
3239 1438 3294 1485 et
3333 1430 3440 1486 alia

1868 1506 2210 1575 hujusmodi,
2259 1524 2380 1580 quae
2425 1510 2595 1582 legem
2634 1527 2740 1567 non
2781 1515 3013 1582 habent,
3053 1527 3109 1571 et
3142 1534 3247 1574 non
3276 1521 3443 1577 semel

1867 1609 2162 1671 evenerunt
2192 1600 2245 1656 in
2271 1602 2481 1658 Ordine.
2512 1600 2624 1660 Nec
2666 1604 2733 1659 ab
2778 1605 2880 1661 hoc
2910 1605 3165 1663 laudabili
3204 1624 3301 1665 usu
3341 1627 3443 1666 un—

1868 1684 2052 1761 quam,
2080 1690 2188 1746 Deo
2220 1701 2564 1765 protegente,
2600 1694 2905 1761 discedent.
2943 1698 3012 1756 ad
3034 1698 3263 1756 aliorum
3292 1701 3445 1759 Prio-

1867 1799 1984 1837 rum
2019 1785 2228 1840 ordinis
2256 1786 2587 1857 exemplum,
2609 1788 2855 1858 quamvis
2896 1804 3044 1845 circa
3077 1790 3220 1858 illos,
3256 1808 3447 1849 neces-

1866 1875 2027 1945 sitate
2056 1887 2302 1947 cogente,
2328 1894 2415 1934 res
2437 1878 2596 1934 aliter
2622 1880 2827 1935 snncita
2860 1879 3045 1948 fuerit,
3076 1890 3134 1938 ut
3161 1884 3276 1939 suis
3306 1886 3441 1943 locis

1868 1966 2175 2035 notabitur.

1937 2055 2064 2112 llaec
2112 2067 2291 2113 autem
2336 2060 2528 2116 stricta
2570 2061 2856 2118 residentia
2902 2065 3106 2134 prioris
3147 2068 3446 2125 Cartlmsiae

1867 2146 2010 2203 intra
2049 2149 2322 2219 propriam
2371 2165 2613 2207 eremum
2675 2157 2983 2209 necessaria
3044 2155 3285 2225 iudicata
3323 2167 3445 2223 est,

1866 2254 1971 2295 non
2005 2249 2212 2295 tantum
2259 2249 2318 2296 ut
2342 2256 2407 2296 eo
2436 2242 2685 2313 exemplo
2718 2247 2898 2301 caeteri
2925 2248 3132 2317 priores
3186 2249 3254 2304 ab
3280 2250 3448 2306 inuti-

1868 2332 2006 2388 libus
2031 2332 2363 2388 discursibus
2393 2344 2545 2389 extra
2578 2338 2839 2392 terminos
2891 2338 3173 2395 domorum
3217 2355 3442 2396 suarum

1870 2423 2224 2489 abstinerent,
2238 2434 2293 2478 ct
2316 2439 2568 2480 concessa
2593 2440 2654 2480 ex
2675 2426 2995 2482 necessitate
3012 2437 3164 2483 extra
3181 2444 3277 2486 eos
3290 2445 3446 2499 egre-

1869 2515 2049 2569 diendi
2078 2513 2326 2570 libertate
2350 2531 2456 2570 non
2482 2516 2867 2599 abuterentur,_
2885 2506 2978 2576 sed
3008 2521 3174 2576 etiam
3208 2528 3266 2576 ut
3286 2536 3448 2599 uego-

1870 2604 1940 2660 tia
1965 2605 2192 2670 ordinis,
2212 2620 2334 2677 quin
2354 2606 2593 2676 undique
2613 2608 2678 2662 ad
2708 2607 2887 2672 illum,
2928 2608 3043 2665 sive
3073 2624 3171 2680 per
3201 2609 3410 2666 litteras
3428 2651 3446 2677 ,

1868 2698 1983 2753 sive
2005 2712 2100 2767 per
2124 2712 2411 2767 expressos
2434 2699 2652 2755 nuntios
2681 2698 3037 2767 deferuntur,
3079 2701 3157 2756 sic
3191 2701 3447 2757 damnum

1869 2805 1936 2846 cx
1964 2790 2371 2861 responsionum
2391 2789 2650 2846 dilatione
2670 2806 2777 2849 non
2802 2798 3137 2861 paterentur,
3164 2806 3286 2847 cum
3308 2806 3450 2848 sem-

1868 2896 1965 2952 per
1991 2882 2044 2936 in
2074 2883 2234 2936 donto
2264 2880 2588 2955 Carthusiae,
2629 2879 2711 2935 vel
2740 2880 2932 2936 saltem
2966 2881 3109 2935 intra
3138 2880 3305 2935 eremi
3332 2894 3451 2934 amo

1869 2972 2040 3027 bitum
2074 2972 2224 3043 prior
2260 2970 2562 3026 Carthusiae
2598 2978 2753 3028 certo
2796 2971 3023 3042 reperiri
3060 2971 3284 3026 sciatur.
3323 2969 3449 3026 llrec

1868 3078 2041 3135 pauca
2069 3064 2134 3119 de
2165 3078 2350 3119 eremo
2387 3063 2689 3121 Carthusim
2712 3072 2771 3120 et
2799 3064 2867 3120 de
2893 3063 3133 3134 priorum
3159 3061 3278 3122 eius
3305 3063 3446 3121 resi-

1870 3157 2050 3213 dentia
2083 3171 2224 3211 nunc
2244 3155 2445 3213 dixisse
2468 3153 2714 3210 sufﬁciat.
3080 3224 3085 3231 Α

1939 3247 2074 3303 lbid.
2138 3246 2299 3302 Sedes
2344 3245 2456 3316 ejus
2513 3245 2725 3301 ubilibet
2777 3244 2857 3303 uel
2916 3246 3146 3301 vestitus.
3209 3244 3287 3300 Ex
3342 3232 3447 3302 hoc

1870 3326 1989 3393 loco
2025 3336 2213 3406 incipit
2240 3350 2503 3405 apparere
2536 3352 2633 3390 cur
2662 3335 2715 3391 in
2756 3336 2945 3391 ordine
2979 3336 3164 3391 titulus
3202 3336 3446 3400 abbatis,

1871 3441 1972 3481 nec
2003 3425 2070 3480 ab
2093 3425 2207 3495 ipso
2237 3424 2414 3495 priore
2435 3421 2737 3480 Carthasim
2757 3425 2960 3480 ordinis
2985 3426 3245 3495 generali,
3278 3426 3447 3481 etiam

1874 3516 2178 3588 impellente
2206 3515 2492 3585 aliquando
2533 3514 2592 3570 S.
2638 3514 2765 3570 sede
2807 3516 3121 3587 apostolica,
3156 3515 3319 3572 fuerit
3357 3531 3451 3572 ac-
3536 3504 3541 3511 ’

1874 3618 2136 3678 ceptatus.
2190 3606 2340 3662 Mens
2373 3606 2515 3662 enim
2562 3606 2799 3668 ordinis,
2854 3607 3014 3661 amici
3056 3617 3113 3662 et
3159 3605 3354 3663 fratres
3395 3608 3449 3663 in

1876 3696 2094 3753 Christo
2121 3695 2456 3771 dilectissimi
2485 3696 2698 3765 (iisdem
2722 3697 2866 3751 enitn
2899 3695 3105 3761 verbis,
3132 3697 3329 3767 quibus
3359 3711 3450 3753 so.

1877 3787 1992 3843 cios
2028 3786 2319 3857 alloquitur
2349 3784 2414 3840 Β.
2442 3783 2503 3839 Ρ.
2534 3784 2708 3856 Guigo
2729 3824 2743 3848 ,
2781 3800 2906 3856 erga
2934 3799 3029 3838 vos
3058 3785 3132 3839 uti
3174 3800 3282 3839 non
3312 3786 3458 3845 desit-

1877 3878 2045 3948 nam),
2077 3891 2247 3938 mens,
2282 3876 2499 3945 inquam
2520 3917 2536 3943 ,
2566 3874 2771 3929 ordinis
2799 3882 2906 3938 est,
2951 3872 3039 3928 hic
3071 3882 3126 3928 et
3170 3871 3367 3943 ubique
3398 3874 3464 3928 in:

1876 3968 2088 4025 statutis
2116 3977 2299 4038 postea
2332 3979 2618 4036 expressa,
2651 3973 2708 4019 ut
2751 3965 2802 4019 in
2831 3964 3118 4020 dilectione
3150 3972 3205 4019 et
3236 3964 3471 4019 humili-

1880 4069 1989 4115 tate
2011 4058 2368 4121 ambulemus,
2394 4066 2457 4112 et
2484 4056 2691 4127 priores
2717 4056 2851 4111 nihil
2889 4055 2992 4111 sibi
3024 4064 3314 4127 usurpent,
3354 4069 3470 4112 ncc-

1879 4150 1931 4206 in
1962 4149 2131 4206 titulis
2156 4164 2253 4203 nec
2276 4149 2327 4204 in
2356 4149 2535 4212 rebus,
2566 4147 2681 4203 sive
2708 4148 2776 4204 ad
2801 4148 3027 4216 victum,
3056 4148 3171 4204 sive
3199 4147 3265 4203 ad
3290 4149 3470 4204 vesti~
3560 4155 3569 4163 '

1881 4253 2015 4309 tum,
2046 4242 2160 4298 sive
2185 4241 2250 4296 ad
2280 4239 2669 4312 supellectilem
2694 4240 3110 4307 pertinentibus,
3140 4240 3281 4310 quod
3303 4255 3398 4295 eos
3425 4254 3468 4295 ω

1880 4334 2160 4391 monachis
2186 4332 2504 4403 distinguat.
2534 4330 2601 4385 Et
2628 4329 2886 4401 quidquid
2917 4338 3140 4401 apparet
3166 4330 3221 4385 iu
3250 4330 3333 4385 his
3358 4344 3473 4401 per

1881 4433 2079 4481 statuta
2136 4422 2415 4478 monachis
2461 4435 2569 4476 non
2619 4434 2741 4476 esse
2792 4435 3141 4487 concessum,
3196 4419 3295 4475 sibi
3327 4420 3472 4491 ipsis

1879 4516 2043 4572 etiam
2072 4514 2268 4569 debent
2295 4512 2514 4567 credere
2560 4527 2664 4566 non
2701 4511 2927 4579 licitum,
2959 4512 3202 4582 exceptis
3230 4511 3297 4567 iis
3337 4526 3471 4582 quae

1882 4608 1955 4663 ita
1980 4608 2251 4677 prioratus
2280 4604 2477 4659 muniis
2500 4613 2626 4658 sunt
2653 4619 2886 4669 annexa,
2912 4615 2970 4658 ut
2995 4589 3196 4674 absque
3225 4604 3471 4659 illisnots

1882 4699 2089 4771 possint
2112 4698 2249 4752 bene
2277 4703 2329 4750 et
2352 4694 2504 4764 juxta
2535 4694 3016 4750 mentem-ordinis
3050 4694 3357 4765 adimpleri.

1955 4787 2113 4843 Num.
2142 4786 2195 4841 5.
2231 4784 2385 4851 Quod
2416 4784 2611 4839 idcirco
2649 4786 2998 4841 scribimus...
3025 4800 3223 4839 cornua
3252 4785 3354 4841 sibi
3373 4802 3472 4841 vc-

1885 4877 1974 4943 lit,
2006 4888 2110 4933 etc.
2141 4877 2306 4932 lstum
2350 4874 2598 4944 loquendi
2649 4875 2866 4930 modum
2895 4891 2926 4930 e
2956 4870 3252 4945 Scripturis
3290 4879 3474 4931 sacris

1840 4980 1844 4987 '
1887 4967 2178 5038 assumpsit
2209 4966 2275 5021 R.
2306 4964 2369 5020 P.
2399 4965 2572 5035 Guigo
2592 5006 2606 5032 ,
2638 4968 2690 5019 in
2720 4964 2915 5036 quibus
2940 4981 3045 5020 non
3077 4981 3207 5022 raro.
3228 4967 3476 5038 ambitus.

1890 5060 1979 5117 ille
2023 5076 2081 5117 se
2114 5075 2273 5130 supra
2304 5058 2439 5113 alios
2467 5057 2779 5121 exaltaudi,
2822 5072 2919 5126 per
2958 5073 3160 5114 cornua
3191 5069 3472 5130 assumpta:

1889 5152 2239 5224 exprimitur,
2290 5149 2449 5203 veluti
2481 5147 2616 5218 psal.
2661 5162 2823 5202 Lutv
2852 5164 2870 5202 :
2903 5146 3078 5203 Nolite
3126 5150 3370 5205 extollere
3410 5152 3469 5205 in

1893 5244 2061 5298 altum
2085 5257 2248 5294 cornu
2278 5247 2523 5292 rastrum.
2995 5228 2999 5239 ’
3218 5238 3221 5241 ‘

1966 5334 2125 5389 Num.
2152 5332 2205 5387 6.
2236 5331 2344 5385 Sed
2363 5340 2409 5383 et
2431 5329 2630 5383 steteris
2652 5329 2971 5399 temporibus
2994 5346 3099 5386 non
3118 5333 3333 5399 passim,
3358 5341 3465 5387 etc.
3492 5374 3505 5386 .

1896 5426 1993 5482 llic
2015 5434 2161 5494 patet
2186 5422 2326 5493 quod
2360 5421 2745 5492 hospitalitatis
2769 5422 2967 5492 gratia,
2996 5438 3256 5494 personas
3278 5438 3471 5494 graves

1896 5528 1950 5574 et
1977 5508 2230 5572 honestas
2265 5514 2412 5585 prior
2447 5512 2750 5568 deducebat
2780 5514 2850 5568 ad
2881 5513 3097 5568 domum
3123 5512 3469 5579 inferiorem,

1898 5611 1982 5668 vel
2014 5611 2085 5667 ibi
2115 5626 2207 5668 eas
2228 5609 2516 5674 visitabat;
2558 5625 2683 5664 nam
2729 5617 2860 5665 tt'nc
2886 5606 3145 5678 temporis
3172 5605 3245 5661 ibi
3287 5617 3472 5659 came-

1897 5720 2017 5768 ras,
2050 5703 2101 5759 in
2131 5701 2325 5773 quibus
2361 5700 2597 5770 hospites
2639 5698 3001 5755 communiter
3039 5697 3107 5751 ad
3151 5706 3474 5766 pernoctan-

1899 5798 2024 5853 datu
2055 5797 2108 5853 iu
2127 5795 2226 5852 hac
2256 5791 2445 5862 majori
2470 5792 2754 5848 (Lartliusia
2778 5795 3177 5861 exciperentur,
3202 5787 3483 5844 exstitisse
