3992 6404
1415 388 1737 445 GUIGONIS
1776 390 1795 444 I
1831 388 2251 447 CARTIIUSIAE
2291 390 2579 448 MAIORIS
2613 332 2884 448 PRIOIKIS
2918 392 2970 461 γ,

1859 520 1867 531 ’
1912 522 2310 580 CAPITULUM
2368 524 2507 579 XVI.

1724 612 1802 667 De
1825 625 2166 683 procuratore
2193 615 2380 668 domus
2407 615 2694 681 inferioris.

658 702 714 758 1.
748 701 1049 758 Prarlicitur
1078 699 1221 754 enim
1253 697 1321 753 ab
1350 713 1414 754 eo
1450 698 1625 754 eidem
1655 701 1836 756 domui
1870 718 2008 756 unus
2047 718 2078 757 e
2119 703 2401 757 monachis
2443 703 2676 773 diligens
2717 711 3067 771 procurator,
3112 703 3192 757 sic
3231 702 3378 757 enim
3412 717 3540 755 eum
3592 704 3817 758 Volumus

596 792 876 864 appellari.
902 791 1002 858 Qui
1038 791 1407 844 universorum
1436 798 1657 845 strenue
1679 806 1862 846 curam
1887 807 2082 862 gerens
2103 832 2118 856 ,
2148 793 2195 847 si
2225 807 2477 862 magnum
2506 792 2710 861 aliquid
2739 801 2833 847 aut
2859 803 3056 862 praeter
3083 793 3535 847 consuetudinem
3577 794 3813 863 agendum

590 889 709 950 est,
739 882 807 938 ad
843 880 1039 952 prioris
1069 879 1296 934 recurrit
1324 870 1540 948 semper
1582 881 1902 948 consilium,
1933 897 2032 938 nec
2060 883 2262 952 grande
2304 881 2539 952 aliquid,
2571 891 2766 952 praeter
2807 881 2927 952 ejus
2976 881 3281 948 licentiam,
3319 882 3531 936 donare
3567 885 3820 952 praecutit

596 983 692 1029 aut
723 987 903 1043 agere.
2674 968 2681 973 ’

658 1063 712 1117 2.
752 1063 855 1118 Sed
894 1061 949 1117 εἰ
975 1062 1119 1132 ipse,
1163 1062 1417 1132 quamvis
1448 1063 1695 1133 exemplo
1722 1063 1946 1119 Marthte
1968 1104 1982 1130 ,
2012 1063 2164 1132 cujus
2182 1064 2423 1134 suscepit
2452 1062 2684 1118 ollicium
2703 1106 2718 1131 ,
2750 1064 2897 1119 circa
2923 1064 3092 1118 multa
3118 1063 3399 1119 sollicitari
3427 1073 3490 1118 et
3520 1065 3722 1118 turbari
3741 1080 3821 1118 ne.

590 1168 746 1209 cesse
791 1152 1020 1217 habeat,
1059 1152 1331 1207 silentium
1384 1161 1561 1207 tamen
1597 1162 1652 1207 et
1697 1155 1935 1222 quietem
1972 1153 2119 1209 cella:
2146 1169 2254 1209 non
2297 1154 2512 1223 penitus
2548 1151 2785 1222 abjicere
2827 1162 2919 1207 aut
2953 1154 3252 1208 abhorrere
3294 1151 3457 1207 solet.
3488 1151 3600 1207 Sed
3635 1154 3816 1221 potius,

600 1253 858 1315 quantum
890 1244 1082 1299 domus
1123 1246 1335 1315 negotia
1364 1246 1662 1315 patiuntur,
1705 1246 1859 1315 quasi
1891 1247 1959 1300 ad
1988 1246 2315 1301 tutissimum
2348 1253 2402 1300 et
2428 1246 2822 1315 quietissimum
2855 1255 3043 1316 portus
3068 1247 3272 1311 sinum,
3309 1247 3379 1300 ad
3402 1247 3603 1301 cellam
3625 1261 3811 1317 semper

590 1336 847 1401 recurrit,
889 1344 951 1391 ut
974 1335 1229 1406 legendo,
1278 1337 1518 1402 orando,
1549 1338 1861 1393 meditando
1888 1347 1942 1393 et
1973 1338 2313 1393 turbulentos
2350 1337 2518 1392 animi
2559 1337 2642 1392 sui
2686 1346 2865 1392 motus
2894 1351 2963 1392 ex
3000 1352 3184 1391 rerum
3214 1338 3555 1393 exteriorum
3597 1353 3719 1393 cura
3743 1338 3815 1392 vel

588 1428 946 1496 dispositione
972 1438 1257 1500 surgentes
1286 1428 1498 1494 sedare,
1529 1437 1585 1483 et
1617 1430 1671 1483 in
1703 1429 1919 1484 arcanis
1949 1429 2031 1483 sui
2059 1429 2295 1499 pectoris
2324 1428 2525 1498 aliquid
2554 1428 2803 1494 salubre,
2849 1428 2993 1497 quod
3020 1427 3285 1484 fratribus
3309 1429 3633 1484 commissis
3659 1429 3707 1481 in
3734 1444 3813 1483 ea-

591 1518 764 1591 pitulo
790 1520 1029 1575 suaviter
1054 1529 1110 1574 et
1149 1520 1421 1590 sapienter
1444 1530 1689 1589 eructet,
1725 1520 1898 1591 possit
1945 1520 2261 1576 recondere.
2300 1518 2474 1574 Tanto
2508 1502 2654 1574 enim
2688 1518 3152 1589 frequentioribus
3185 1518 3674 1590 praedicationibus
3700 1517 3818 1572 indi-

582 1616 748 1679 gent,
775 1617 979 1675 quanto
1010 1610 1186 1665 minus
1211 1609 1422 1666 litteras
1455 1620 1673 1666 norunt.

658 1700 713 1755 ’5.
744 1701 847 1767 Qui
875 1702 956 1766 si,
985 1702 1130 1771 quod
1165 1702 1327 1766 absit,
1355 1702 1633 1773 negligens
1658 1712 1751 1758 aut
1775 1703 2034 1774 prodigus
2066 1711 2159 1758 aut
2187 1709 2479 1757 contumax
2513 1702 2763 1757 inventus
2788 1701 2973 1768 fuerit,
3006 1704 3314 1774 saepiusque
3335 1712 3633 1772 corruptus
3654 1717 3818 1757 emet:-

595 1794 730 1847 dare
753 1793 1023 1858 noluerit,
1068 1795 1356 1865 subrogato
1391 1796 1444 1850 in
1484 1797 1659 1850 locum
1695 1796 1811 1866 ejus
1847 1796 2106 1862 meliore,
2146 1796 2213 1850 ad
2247 1794 2398 1851 cella:
2438 1793 2687 1863 protinus
2728 1795 3032 1851 custodiam
3063 1806 3378 1863 revocatur,
3419 1807 3482 1850 ut
3515 1795 3609 1865 qui
3655 1793 3824 1864 nequit

587 1885 847 1953 alienam,
873 1900 1026 1941 suam
1054 1886 1248 1942 saltem
1275 1896 1532 1957 operetur
1560 1887 1812 1943 salutem.

1909 1977 2308 2035 CAPITULUM
2364 1979 2523 2039 xvu.
2549 2031 2578 2054 ,

1582 2069 1656 2124 De
1686 2070 1894 2139 inﬁrmo
1921 2070 2010 2140 qui
2047 2071 2275 2123 mittitur
2299 2071 2368 2124 ad
2391 2072 2694 2142 inferiorem
2732 2073 2965 2131 domum.

662 2164 717 2219 1.
758 2163 912 2231 Quod
956 2164 997 2219 si
1041 2179 1201 2234 quem
1230 2163 1393 2219 alium
1435 2177 1498 2217 ex
1542 2161 1823 2215 monachis
1848 2160 1915 2215 ad
1959 2161 2270 2217 inferiorem
2297 2164 2514 2219 domum
2556 2164 2745 2220 fecerit
2783 2164 2935 2234 prior
2970 2163 3296 2218 descendere
3333 2164 3420 2233 (lit
3459 2172 3637 2218 autem
3673 2177 3787 2217 raro
3811 2202 3829 2227 ,

588 2265 785 2325 magna
810 2257 1040 2325 quadam
1070 2264 1125 2310 et
1149 2270 1285 2325 pene
1313 2253 1611 2309 inevitabili
1643 2253 1994 2318 necessitate,
2021 2254 2103 2307 vel
2136 2254 2202 2308 ad
2230 2254 2572 2325 importabile
2603 2256 2817 2310 tmdium
2851 2255 3221 2319 relevandum,
3251 2255 3334 2310 vel
3363 2254 3433 2308 ad
3472 2254 3820 2326 periculosam

592 2347 885 2416 aliquando
921 2346 1271 2401 tentatiouem
1302 2345 1621 2408 sedandam,
1665 2345 1745 2399 vel
1779 2346 1844 2403 ad
1873 2360 2044 2414 genus
2071 2345 2287 2414 aliquod
2319 2348 2490 2416 morbi
2524 2346 2831 2417 gravissimi
2864 2345 3276 2416 mitigandum),
3326 2346 3373 2401 si
3420 2360 3583 2415 quem
3612 2360 3739 2414 ergo
3760 2354 3826 2398 ta-

593 2434 728 2491 lium
761 2435 859 2507 [al.
890 2422 1079 2507 alium]
1109 2434 1335 2489 inferius
1362 2434 1690 2489 descendere
1714 2436 1862 2504 prior
1887 2434 2100 2503 fecerit,
2124 2435 2191 2491 de
2219 2437 2661 2507 dispositionibus
2689 2445 2746 2493 et
2770 2438 3003 2508 negotiis
3034 2438 3307 2507 totiusque
3334 2438 3533 2493 domus
3556 2451 3684 2493 cura
3707 2436 3831 2491 nulla

608 2539 671 2583 se
692 2524 1012 2581 curiositate
1047 2524 1391 2579 intromittet.

663 2612 718 2669 2.
760 2612 878 2670 Non
910 2613 1055 2669 enim
1082 2611 1297 2684 expedit
1327 2610 1619 2666 habitatori
1650 2609 1799 2666 cellze
1840 2625 2001 2666 nosse
2032 2605 2372 2676 hujusmodi,
2423 2613 2535 2661 tum
2577 2607 2743 2663 etiam
2775 2608 2940 2663 totius
2970 2609 3164 2663 domus
3202 2609 3322 2680 paci
3365 2616 3705 2671 contrarium
3747 2626 3832 2671 est.

1966 2699 2503 2757 lOllIllIENTAIIIUS.

1218 2716 1221 2717 ⁷
1937 2703 2503 2760 COMMENTARIUS.

600 2807 810 2858 certum
835 2806 942 2864 est,
980 2797 1228 2868 quamvis
1267 2797 1427 2851 etiam
1456 2796 1629 2865 aliqua
1661 2796 1954 2852 diversoria
1984 2798 2035 2851 in
2074 2813 2164 2852 su-
2192 2800 2238 2857 Α
2267 2794 2596 2864 exsequendi
2625 2794 2679 2849 in
2707 2795 2917 2851 ordine.
2943 2795 3041 2852 Cui
3071 2796 3117 2851 si
3148 2811 3209 2852 se
3229 2796 3581 2857 conformare
3602 2803 3832 2858 studeant

586 390 692 449 667

594 2888 799 2963 periori
828 2887 990 2947 domo
1015 2887 1360 2951 haberentur,
1386 2885 1603 2940 ut‘infra
1637 2886 1927 2940 videbitur.

662 2982 834 3036 Porro
863 2993 925 3034 ea
961 2979 1141 3033 omnia
1173 2994 1291 3048 quae
1318 2979 1371 3032 in
1405 2979 1506 3032 hoc
1533 2977 1767 3046 capitulo
1798 2978 2165 3043 continentur,

592 3072 660 3128 de
684 3071 851 3127 verbo
879 3070 944 3125 ad
970 3068 1190 3123 verbum
1220 3069 1388 3125 relata
1413 3068 1677 3124 habentur
1702 3069 1753 3122 in
1785 3070 2022 3139 antiquis
2059 3078 2169 3124 sta-

593 3159 724 3215 tutis
757 3175 796 3214 u
823 3166 969 3230 part.
997 3174 1115 3229 cap.
1144 3158 1209 3223 5,
1238 3174 1330 3213 nn.
1360 3159 1385 3213 1
1419 3166 1475 3213 et
1517 3172 1703 3227 seqq.;
1741 3172 1862 3228 cap.
1892 3157 1946 3222 6,
1981 3157 2072 3212 nn.
2102 3158 2125 3210 l
2150 3199 2166 3225 ,

590 3251 688 3317 9.3,
711 3250 799 3315 30,
833 3252 954 3318 2,5
974 3259 1030 3306 et
1058 3251 1164 3316 24;
1199 3260 1255 3307 et
1293 3250 1411 3306 ideo
1436 3250 1567 3305 nihil
1593 3265 1816 3319 prorsus
1859 3265 1925 3304 ex
1953 3251 2055 3304 hoc
2082 3264 2173 3304 ca-

592 3343 765 3411 pitulo
796 3343 899 3399 fuit
923 3344 1184 3399 omissum
1215 3344 1358 3415 quod
1383 3342 1435 3397 in
1457 3352 1640 3397 vetera
1676 3349 1879 3397 statuta
1916 3358 2024 3396 non
2049 3340 2170 3396 fue-

597 3435 669 3488 rit
699 3433 1052 3490 transfusum.
1410 3507 1414 3510 ἰ

664 3525 792 3581 CAP.
828 3524 964 3579 XVI.
986 3554 1060 3565 —
1082 3524 1154 3580 De
1178 3535 1515 3595 procuratore
1547 3525 1734 3579 domus
1769 3525 2061 3595 inferioris.
2096 3524 2169 3579 Ea

589 3606 777 3673 Omnia
822 3632 941 3686 quae
986 3618 1040 3672 in
1083 3618 1185 3671 hoc
1225 3617 1460 3686 capitulo
1500 3618 1789 3682 habentur,
1834 3606 2171 3686 procuratori

595 3704 788 3761 domus
826 3706 1100 3761 inferioris
1126 3715 1349 3775 possunt
1375 3715 1583 3760 tantum
1628 3705 1886 3776 applicari
1915 3724 1929 3760 :
1958 3721 2081 3761 nam
2119 3705 2171 3760 in

595 3797 844 3853 domibus
874 3799 926 3852 in
954 3800 1149 3868 quibus
1180 3799 1371 3854 domus
1415 3797 1642 3859 inferior
1686 3815 1790 3853 non
1821 3806 1970 3861 erat,
2020 3797 2171 3868 plura

599 3903 721 3957 quae
749 3888 839 3943 hic
865 3889 1118 3945 dicuntur
1144 3904 1250 3944 non
1280 3890 1532 3953 iaciebat,
1568 3902 1729 3960 prout
1759 3906 1853 3959 per
1876 3889 2174 3943 ordinatio-

596 3997 694 4037 nes
720 3982 1079 4051 capitulorum
1114 3982 1443 4053 generalium
1472 3983 1726 4053 deinceps
1753 3982 2173 4037 determinatam

597 4074 730 4135 fuit,
771 4084 829 4128 ut
853 4075 973 4130 'suis
1005 4076 1137 4129 locis
1167 4076 1453 4131 videbitur.
1484 4076 1594 4130 Cur
1617 4085 1793 4131 autem
1825 4077 2017 4130 domus
2039 4074 2174 4129 infe-

2268 2885 2550 2950 olliciales,
2595 2901 2700 2940 non
2729 2886 2978 2942 obstante
3010 2888 3126 2957 ipsa
3161 2905 3341 2943 rerum
3378 2900 3727 2948 externarum
3753 2896 3833 2947 ad-

2268 2976 2684 3041 ministratione,
2713 2976 2826 3031 veri
2856 2976 3200 3032 Carlhusiani
3233 2994 3356 3034 esse
3393 2986 3829 3051 perseverabunt;

2269 3069 2313 3122 si
2354 3082 2480 3122 vero
2510 3068 2559 3121 in
2589 3081 2769 3121 rerum
2810 3068 3183 3137 temporalium
3213 3084 3376 3126 curas
3410 3071 3487 3125 ita
3535 3088 3598 3128 se
3627 3076 3824 3130 inunct-

2270 3169 2398 3230 gant
2417 3197 2433 3221 ,
2460 3166 2517 3213 ut
2545 3158 2781 3213 studium
2809 3158 3070 3214 orationis
3101 3159 3326 3226 intimae,
3358 3162 3514 3218 cella:
3541 3178 3833 3229 secretum,

2271 3257 2325 3304 et
2350 3247 2646 3316 spiritualis
2677 3248 2925 3303 lectionis
2954 3249 3369 3317 occupationem
3406 3266 3435 3304 a
3470 3267 3531 3306 se
3563 3254 3835 3323 abjiciaut,

2271 3339 2359 3393 hic
2380 3348 2566 3394 contra
2597 3355 2655 3395 se
2685 3340 2883 3396 habent
2907 3338 3168 3409 judicium
3202 3344 3598 3412 conscriptum.

2342 3428 2472 3485 Car.
2507 3430 2666 3486 XVII.
2692 3463 2762 3473 —
2803 3432 2881 3486 Ex
2933 3432 3037 3488 hoc
3083 3432 3318 3502 capitulo
3361 3448 3633 3504 apparere
3673 3437 3833 3506 incipit

2274 3519 2526 3576 discretio
2553 3538 2713 3592 quam
2740 3522 2841 3579 sibi
2874 3538 2971 3594 pro
3014 3521 3196 3593 regula
3238 3525 3526 3595 principali
3567 3537 3833 3597 posuerant

2275 3611 2502 3667 instituti
2534 3614 2705 3668 nostri
2729 3612 3063 3679 fundatores,
3096 3623 3151 3669 et
3180 3614 3250 3668 ibi
3283 3617 3673 3685 exprimuntur
3700 3634 3834 3674 catus

2277 3703 2331 3757 in
2373 3703 2569 3772 quibus
2613 3705 2831 3774 aliquod
2873 3705 3149 3772 levamen,
3202 3707 3351 3762 salva
3384 3711 3650 3780 propositi
3691 3712 3835 3767 ιιωυὶ

2277 3793 2598 3857 substantia,
2628 3793 2858 3848 infirmis
2888 3794 3017 3849 dare
3049 3803 3175 3850 tunc
3204 3809 3629 3854 consueverant.
3665 3798 3760 3855 Sed
3787 3799 3829 3852 id

2276 3892 2487 3938 nonest
2513 3884 2745 3954 amplius
2773 3884 2824 3938 in
2855 3900 2954 3939 usu
2986 3886 3124 3955 apud
3160 3902 3279 3951 uos.
3311 3903 3377 3943 eo
3416 3891 3558 3958 quod
3599 3900 3717 3963 post
3740 3891 3831 3959 pri-

2278 3992 2423 4030 mum
2471 3976 2677 4031 ordinis
2710 3976 2996 4043 saeculum,
3048 3978 3103 4033 in
3150 3978 3401 4034 omnibus
3445 3979 3567 4035 fere
3614 3982 3837 4035 domibus

2276 4082 2396 4137 qua:
2426 4076 2750 4122 constructa:
2798 4067 3045 4136 fuerunt,
3095 4070 3241 4126 nulla
3273 4072 3435 4127 fuerit
3462 4071 3727 4128 aedificata
3752 4073 3832 4125 do-

598 4165 711 4218 rior
740 4177 1050 4221 constructa
1095 4164 1259 4220 fuerit
1292 4167 1345 4221 in
1376 4167 1536 4221 domo
1580 4165 1798 4236 Majoris
1838 4166 2172 4231 Cartbusiaa,
2208 4148 2250 4205 Β
2280 4172 2398 4210 mus
2422 4156 2649 4211 ίιιῖετίοτ
2679 4171 2710 4211 ³
2741 4157 2900 4213 domo
2942 4161 3209 4230 superiori
3239 4173 3525 4232 separa“.
3574 4163 3703 4233 (Ιυίδ
3728 4176 3834 4216 (⁵0⁸⁸⁸

602 4269 658 4311 et
687 4266 871 4327 postea
904 4259 969 4311 ad
997 4256 1115 4329 ejus
1159 4259 1512 4313 imitationem
1562 4260 1615 4312 in
1660 4259 2054 4328 antiquioribus
2081 4259 2177 4314 do-

602 4347 780 4402 mibus
799 4349 1022 4412 ordinis,
1049 4363 1168 4419 quae
1187 4351 1347 4403 etiam
1367 4348 1623 4403 Correriw
1648 4359 1928 4413 vocantur,
1961 4350 2177 4404 nomine

598 4447 876 4509 assumpto
898 4440 967 4495 ab
1004 4440 1092 4495 illo
1116 4438 1356 4494 inferiori
1381 4441 1538 4494 domo
1571 4439 1871 4495 Carthusia:
1901 4455 2020 4509 quae
2044 4440 2177 4496 Cor-

602 4531 745 4586 reria
772 4531 1005 4587 dicitur?
1035 4532 1091 4586 Id
1128 4531 1324 4586 factum
1354 4531 1626 4587 credimus
1652 4540 1711 4584 ut
1750 4546 1779 4584 a
1822 4532 1981 4585 domo
2014 4546 2175 4600 supe-

599 4622 764 4689 riori,
804 4622 895 4677 ubi
942 4621 1192 4678 monachi
1225 4622 1559 4687 habitabant,
1586 4621 1763 4676 omnis
1805 4622 2062 4690 strepitus
2089 4620 2173 4676 ille

599 4722 898 4780 arceretur,
924 4715 1013 4785 qui
1042 4715 1115 4769 rei
1135 4714 1382 4768 familiari
1411 4714 1761 4783 procurandae
1784 4713 2046 4768 naturalis
2070 4716 2175 4780 est,

598 4816 657 4863 et
681 4821 749 4861 ne
778 4821 845 4861 ex
872 4806 1100 4860 tumultu
1142 4805 1505 4861 recedentium
1534 4804 1685 4873 quies
1708 4804 2092 4859 monachorum
2122 4803 2175 4858 in

600 4896 716 4951 suis
739 4896 948 4951 cellulis
972 4890 1298 4952 turbaretur.

667 4982 827 5037 Num.
851 4985 900 5037 I.
926 4984 1029 5050 Qui
1048 4985 1423 5049 universorum,
1437 4993 1569 5052 ctc.,
1588 4993 1678 5037 aut
1700 4992 1887 5052 pra'ter
1903 4991 2178 5035 consuetu-

598 5073 794 5128 dinem.
815 5073 913 5130 Hic
938 5077 1304 5145 procuratoris
1332 5092 1463 5132 cura
1493 5075 1667 5146 qualis
1692 5084 1853 5137 esset,
1877 5084 1932 5129 et
1960 5074 2026 5128 ad
2059 5090 2176 5143 (Illic

602 5179 664 5221 se
701 5166 1016 5222 extenderet
1054 5170 1390 5237 exprimitur,
1440 5183 1632 5236 nempe
1672 5169 1738 5221 ad
1769 5168 2019 5221 universa
2058 5181 2176 5234 qua:

603 5254 717 5326 geri
747 5253 989 5310 solebant
1016 5256 1068 5309 in
1092 5257 1252 5312 domn
1276 5257 1544 5323 inferiori,
1572 5256 1797 5325 etjuxta
1828 5256 2201 5312 consuetudi-~

603 5357 763 5408 nem,
795 5356 921 5396 nam
961 5344 1142 5397 statim
1178 5354 1341 5414 atque
1378 5346 1504 5414 quid
1554 5354 1749 5414 pratter
1787 5353 2045 5399 consueta
2084 5358 2177 5413 ge-

608 5434 837 5491 rendum
867 5433 1127 5501 occurrit,
1168 5438 1235 5490 ad
1267 5437 1498 5505 priorem
1528 5436 1617 5492 hic
1647 5435 1956 5491 remittitur.

673 5526 729 5581 lu
760 5526 862 5581 hoc
886 5524 1139 5596 capitulo,
1168 5526 1308 5596 quod
1336 5526 1399 5580 de
1427 5526 1588 5581 verbo
1611 5526 1676 5581 ad
1702 5526 1919 5581 verbum
1944 5523 2170 5581 relatum

609 5615 776 5671 hahcs
805 5616 857 5670 in
890 5617 1127 5687 antiquis
1160 5616 1419 5683 Statutis,
1449 5628 1585 5686 part.
1618 5634 1686 5681 ιι,
1716 5633 1833 5687 cap.
1873 5617 1934 5681 8,
1971 5633 2024 5670 n.
2057 5618 2081 5670 1
2117 5628 2169 5671 et

598 5723 654 5762 ιι.
679 5706 782 5779 35,
821 5709 1049 5766 habetur
1074 5709 1287 5783 egregia
1328 5708 1499 5765 forma
1539 5708 1900 5765 ministerium
1948 5705 2168 5762 Marle

2277 4250 2470 4305 sultius
2495 4248 2799 4319 judicatum
2827 4258 2943 4316 est,
2978 4252 3043 4306 ad
3068 4251 3456 4322 perfectionem
3488 4254 3720 4309 instituti
3756 4267 3834 4308 uo-

2277 4342 2375 4397 stri
2418 4342 2855 4406 observantiam,
2907 4351 2963 4397 ut
2995 4358 3183 4398 omnes
3233 4352 3343 4397 tam
3395 4344 3650 4398 monachi
3693 4354 3833 4412 quam

2278 4433 2521 4488 conversi
2559 4434 2702 4488 intra
2754 4434 2911 4489 unius
2957 4443 3013 4488 et
3065 4434 3307 4502 ejusdem
3357 4435 3552 4489 domus
3595 4435 3832 4489 ambitum

2279 4534 2625 4579 morarentur
2690 4525 2791 4581 sub
2841 4523 3080 4593 ejusdem
3134 4526 3330 4593 prioris
3384 4523 3592 4589 oculis,
3651 4531 3702 4577 et
3749 4517 3833 4575 sub

2278 4617 2466 4672 iisdem
2517 4617 2891 4688 spiritualibus
2928 4616 3205 4672 exercitiis
3250 4615 3564 4683 constituti,
3626 4611 3831 4670 adiliw

2279 4711 2346 4763 tis
2392 4718 2567 4763 tamen
2623 4707 2911 4775 separatim
2968 4722 3000 4761 a
3042 4706 3277 4762 claustro
3334 4705 3597 4772 ollicinis,
3637 4715 3691 4759 et
3732 4700 3832 4755 aliis

2277 4800 2572 4867 similibus,
2612 4800 2702 4855 ubi
2742 4800 2947 4868 absque
2977 4798 3363 4854 monachorum
3395 4793 3830 4852 interturbatione

2279 4884 2517 4960 hospites
2532 4890 2922 4958 reciperentur,
2944 4897 2997 4944 et
3018 4904 3105 4944 res
3126 4887 3326 4943 familia
3336 4903 3421 4943 res
3438 4887 3827 4958 perﬁcerentur.

2280 4981 2418 5035 Usus
2457 4995 2585 5051 ergo
2623 4980 2711 5035 ille
2740 4981 2996 5049 antiquus
3036 4988 3118 5033 est
3157 4978 3211 5033 in
3251 4977 3444 5031 melius
3482 4984 3746 5036 mutatus,
3786 4977 3832 5023 et

2277 5072 2513 5127 subsidia
2562 5072 2701 5126 intra
2728 5072 2973 5125 eamdem
3001 5068 3221 5125 domum
3259 5067 3471 5123 cautius
3510 5082 3650 5122 nunc
3690 5060 3829 5119 mini-

2277 5162 2436 5216 strari
2467 5170 2690 5232 possunt
2739 5159 2994 5225 inﬁrmis,
3035 5159 3276 5214 adinstar
3313 5172 3502 5213 eorum
3534 5172 3649 5228 qua:
3677 5155 3728 5210 in
3754 5151 3829 5207 illa

2278 5254 2438 5308 domo
2467 5252 2712 5308 inferiori
2743 5251 3042 5319 antiquitus
3068 5259 3320 5322 poterant
3353 5249 3602 5305 concedi.

2345 5344 2503 5400 Num.
2542 5344 2597 5398 2.
2630 5344 2754 5398 Νοη
2791 5346 2928 5398 enim
2954 5344 3157 5414 expedit
3200 5341 3483 5396 habitatori
3524 5338 3690 5400 tellit,
3732 5341 3825 5386 etc.

2278 5436 2377 5490 Iiic
2404 5438 2720 5506 cxpressum
2756 5435 3016 5491 habemus
3043 5442 3303 5502 quantum
3341 5430 3623 5487 curiositas
3658 5439 3714 5479 se
3739 5423 3828 5475 im-

2279 5526 2533 5581 miscendi
2566 5527 2796 5597 negotiis
2824 5523 3211 5594 temporalibus
3234 5521 3517 5576 domorum
3541 5515 3723 5573 nociva
3766 5507 3829 5561 ab

2280 5618 2432 5671 initio
2458 5615 2694 5686 judicata
2751 5617 2823 5671 sit
2858 5617 2988 5671 viris
3045 5615 3133 5685 pio
3176 5612 3358 5667 Maria:
3396 5608 3649 5666 exercitio
3685 5599 3820 5655 addi-

2276 5709 2475 5765 scendo
2522 5714 2579 5765 ct‘
2618 5707 2920 5763 exercendo
2947 5704 3243 5776 deputatis:
3292 5711 3346 5758 et
3392 5700 3516 5757 illud
3562 5695 3696 5750 idem
3738 5694 3814 5743 est
