  <div class='ocr_page' id='page_1' title='image "/cluster/home/n/w/nwhite01/storage/ocr_20150623/153/hvd.32044015473812/340.png"; bbox 0 0 3992 6400; ppageno 0'>
   <div class='ocr_carea' id='block_1_1' title="bbox 206 378 3497 459">
    <p class='ocr_par' dir='ltr' id='par_1_1' title="bbox 206 378 3497 459">
     <span class='ocr_line' id='line_1_1' title="bbox 206 378 3497 459; baseline 0.002 -10"><span class='ocrx_word' id='word_1_1' title='bbox 206 391 331 449; x_wconf 67' lang='lat' dir='ltr'><strong>eos</strong></span> <span class='ocrx_word' id='word_1_2' title='bbox 1084 382 1097 389; x_wconf 72' lang='lat'><strong><em>’</em></strong></span> <span class='ocrx_word' id='word_1_3' title='bbox 1555 378 2151 454; x_wconf 80' lang='lat' dir='ltr'><strong>CONSUETUDINES.</strong></span> <span class='ocrx_word' id='word_1_4' title='bbox 3390 400 3497 459; x_wconf 71' lang='lat' dir='ltr'><strong>ero</strong></span> 
     </span>
    </p>
   </div>
   <div class='ocr_carea' id='block_1_2' title="bbox 218 505 3523 589">
    <p class='ocr_par' dir='ltr' id='par_1_2' title="bbox 218 505 3523 589">
     <span class='ocr_line' id='line_1_2' title="bbox 218 505 3523 589; baseline 0.004 -25"><span class='ocrx_word' id='word_1_5' title='bbox 218 506 546 573; x_wconf 81' lang='lat' dir='ltr'><strong>Extraneis,</strong></span> <span class='ocrx_word' id='word_1_6' title='bbox 583 506 690 562; x_wconf 80' lang='lat' dir='ltr'><strong>nisi</strong></span> <span class='ocrx_word' id='word_1_7' title='bbox 732 506 949 577; x_wconf 90' lang='lat' dir='ltr'><strong>jussus,</strong></span> <span class='ocrx_word' id='word_1_8' title='bbox 997 521 1104 562; x_wconf 87' lang='lat' dir='ltr'><strong>non</strong></span> <span class='ocrx_word' id='word_1_9' title='bbox 1139 505 1411 576; x_wconf 76' lang='lat' dir='ltr'><strong>loquetur,</strong></span> <span class='ocrx_word' id='word_1_10' title='bbox 1441 522 1561 563; x_wconf 91' lang='lat' dir='ltr'><strong>nec.</strong></span> <span class='ocrx_word' id='word_1_11' title='bbox 1583 509 1866 564; x_wconf 76' lang='lat' dir='ltr'><strong>conversis</strong></span> <span class='ocrx_word' id='word_1_12' title='bbox 1891 512 2093 586; x_wconf 84' lang='lat' dir='ltr'><strong>passim</strong></span> <span class='ocrx_word' id='word_1_13' title='bbox 2125 518 2181 565; x_wconf 89' lang='lat' dir='ltr'><strong>et</strong></span> <span class='ocrx_word' id='word_1_14' title='bbox 2215 508 2568 581; x_wconf 84' lang='lat' dir='ltr'><strong>quibuslibet,</strong></span> <span class='ocrx_word' id='word_1_15' title='bbox 2606 511 2701 568; x_wconf 89' lang='lat' dir='ltr'><strong>sed</strong></span> <span class='ocrx_word' id='word_1_16' title='bbox 2736 512 2821 568; x_wconf 88' lang='lat' dir='ltr'><strong>his</strong></span> <span class='ocrx_word' id='word_1_17' title='bbox 2855 522 3064 569; x_wconf 91' lang='lat' dir='ltr'><strong>tantum</strong></span> <span class='ocrx_word' id='word_1_18' title='bbox 3099 516 3298 587; x_wconf 86' lang='lat' dir='ltr'><strong>quibus</strong></span> <span class='ocrx_word' id='word_1_19' title='bbox 3324 520 3523 589; x_wconf 73' lang='lat' dir='ltr'><strong>priori-</strong></span> 
     </span>
    </p>
   </div>
   <div class='ocr_carea' id='block_1_3' title="bbox 213 598 3496 679">
    <p class='ocr_par' dir='ltr' id='par_1_3' title="bbox 213 598 3496 679">
     <span class='ocr_line' id='line_1_3' title="bbox 213 598 3496 679; baseline 0.004 -24"><span class='ocrx_word' id='word_1_20' title='bbox 213 601 310 657; x_wconf 76' lang='lat' dir='ltr'><strong>vel</strong></span> <span class='ocrx_word' id='word_1_21' title='bbox 331 599 696 670; x_wconf 87' lang='lat' dir='ltr'><strong>dispensatori</strong></span> <span class='ocrx_word' id='word_1_22' title='bbox 721 598 1023 669; x_wconf 84' lang='lat' dir='ltr'><strong>placuerit:</strong></span> <span class='ocrx_word' id='word_1_23' title='bbox 1062 608 1120 654; x_wconf 91' lang='lat' dir='ltr'><strong>ut</strong></span> <span class='ocrx_word' id='word_1_24' title='bbox 1148 598 1194 654; x_wconf 89' lang='lat' dir='ltr'><strong>si</strong></span> <span class='ocrx_word' id='word_1_25' title='bbox 1239 598 1359 655; x_wconf 89' lang='lat' dir='ltr'><strong>talis</strong></span> <span class='ocrx_word' id='word_1_26' title='bbox 1384 608 1468 655; x_wconf 90' lang='lat' dir='ltr'><strong>est</strong></span> <span class='ocrx_word' id='word_1_27' title='bbox 1492 600 1583 669; x_wconf 90' lang='lat' dir='ltr'><strong>qui</strong></span> <span class='ocrx_word' id='word_1_28' title='bbox 1609 601 1827 656; x_wconf 87' lang='lat' dir='ltr'><strong>erudire</strong></span> <span class='ocrx_word' id='word_1_29' title='bbox 1862 611 1917 656; x_wconf 88' lang='lat' dir='ltr'><strong>et</strong></span> <span class='ocrx_word' id='word_1_30' title='bbox 1954 603 2225 658; x_wconf 90' lang='lat' dir='ltr'><strong>consolari</strong></span> <span class='ocrx_word' id='word_1_31' title='bbox 2261 612 2459 673; x_wconf 91' lang='lat' dir='ltr'><strong>potens</strong></span> <span class='ocrx_word' id='word_1_32' title='bbox 2493 604 2582 671; x_wconf 85' lang='lat' dir='ltr'><strong>sil,</strong></span> <span class='ocrx_word' id='word_1_33' title='bbox 2613 619 2737 660; x_wconf 93' lang='lat' dir='ltr'><strong>cum</strong></span> <span class='ocrx_word' id='word_1_34' title='bbox 2768 605 2855 661; x_wconf 70' lang='lat' dir='ltr'><strong>his</strong></span> <span class='ocrx_word' id='word_1_35' title='bbox 2882 605 3135 677; x_wconf 75' lang='lat' dir='ltr'><strong>loquatur</strong></span> <span class='ocrx_word' id='word_1_36' title='bbox 3158 610 3249 679; x_wconf 89' lang='lat' dir='ltr'><strong>qui</strong></span> <span class='ocrx_word' id='word_1_37' title='bbox 3284 612 3496 668; x_wconf 79' lang='lat' dir='ltr'><strong>erudiri</strong></span> 
     </span>
    </p>
   </div>
   <div class='ocr_carea' id='block_1_4' title="bbox 215 688 3496 773">
    <p class='ocr_par' dir='ltr' id='par_1_4' title="bbox 215 688 3496 773">
     <span class='ocr_line' id='line_1_4' title="bbox 215 688 3496 773; baseline 0.004 -27"><span class='ocrx_word' id='word_1_38' title='bbox 215 699 279 746; x_wconf 84' lang='lat' dir='ltr'><strong>et</strong></span> <span class='ocrx_word' id='word_1_39' title='bbox 312 688 583 746; x_wconf 86' lang='lat' dir='ltr'><strong>consolari</strong></span> <span class='ocrx_word' id='word_1_40' title='bbox 621 697 812 762; x_wconf 75' lang='lat' dir='ltr'><strong>egent;</strong></span> <span class='ocrx_word' id='word_1_41' title='bbox 864 689 951 745; x_wconf 87' lang='lat' dir='ltr'><strong>sin</strong></span> <span class='ocrx_word' id='word_1_42' title='bbox 981 697 1163 746; x_wconf 85' lang='lat' dir='ltr'><strong>autem</strong></span> <span class='ocrx_word' id='word_1_43' title='bbox 1194 689 1309 773; x_wconf 81' lang='lat' dir='ltr'><strong>ipse</strong></span> <span class='ocrx_word' id='word_1_44' title='bbox 1333 690 1705 747; x_wconf 65' lang='lat' dir='ltr'><strong>consolatione</strong></span> <span class='ocrx_word' id='word_1_45' title='bbox 1737 692 1826 747; x_wconf 87' lang='lat' dir='ltr'><strong>vel</strong></span> <span class='ocrx_word' id='word_1_46' title='bbox 1843 692 2150 749; x_wconf 84' lang='lat' dir='ltr'><strong>eruditione</strong></span> <span class='ocrx_word' id='word_1_47' title='bbox 2179 709 2314 764; x_wconf 85' lang='lat' dir='ltr'><strong>opus</strong></span> <span class='ocrx_word' id='word_1_48' title='bbox 2352 690 2539 763; x_wconf 87' lang='lat' dir='ltr'><strong>habet,</strong></span> <span class='ocrx_word' id='word_1_49' title='bbox 2568 710 2692 751; x_wconf 87' lang='lat' dir='ltr'><strong>cum</strong></span> <span class='ocrx_word' id='word_1_50' title='bbox 2724 696 2811 755; x_wconf 87' lang='lat' dir='ltr'><strong>his</strong></span> <span class='ocrx_word' id='word_1_51' title='bbox 2835 697 2930 754; x_wconf 82' lang='lat' dir='ltr'><strong>eui</strong></span> <span class='ocrx_word' id='word_1_52' title='bbox 2964 699 3081 756; x_wconf 69' lang='lat' dir='ltr'><strong>haec</strong></span> <span class='ocrx_word' id='word_1_53' title='bbox 3112 709 3361 773; x_wconf 87' lang='lat' dir='ltr'><strong>prestare</strong></span> <span class='ocrx_word' id='word_1_54' title='bbox 3396 719 3496 760; x_wconf 56' lang='lat' dir='ltr'><strong>nov</strong></span> 
     </span>
    </p>
   </div>
   <div class='ocr_carea' id='block_1_5' title="bbox 219 787 443 836">
    <p class='ocr_par' dir='ltr' id='par_1_5' title="bbox 219 787 443 836">
     <span class='ocr_line' id='line_1_5' title="bbox 219 787 443 836; baseline -0.004 -1"><span class='ocrx_word' id='word_1_55' title='bbox 219 793 392 836; x_wconf 78' lang='lat' dir='ltr'><strong>vernn</strong></span> <span class='ocrx_word' id='word_1_56' title='bbox 401 787 443 834; x_wconf 79' lang='grc' dir='ltr'>ι.</span> 
     </span>
    </p>
   </div>
   <div class='ocr_carea' id='block_1_6' title="bbox 1456 857 2270 927">
    <p class='ocr_par' dir='ltr' id='par_1_6' title="bbox 1456 857 2270 927">
     <span class='ocr_line' id='line_1_6' title="bbox 1456 857 2270 927; baseline 0.005 -3"><span class='ocrx_word' id='word_1_57' title='bbox 1456 866 1973 926; x_wconf 83' lang='lat' dir='ltr'><strong>CAPITULUM</strong></span> <span class='ocrx_word' id='word_1_58' title='bbox 2030 857 2270 927; x_wconf 78' lang='lat' dir='ltr'><strong>va.</strong></span> 
     </span>
    </p>
   </div>
   <div class='ocr_carea' id='block_1_7' title="bbox 1553 957 2347 1031">
    <p class='ocr_par' dir='ltr' id='par_1_7' title="bbox 1553 957 2347 1031">
     <span class='ocr_line' id='line_1_7' title="bbox 1553 957 2347 1031; baseline 0.006 -19"><span class='ocrx_word' id='word_1_59' title='bbox 1553 957 1688 1013; x_wconf 83' lang='lat' dir='ltr'><strong>Item</strong></span> <span class='ocrx_word' id='word_1_60' title='bbox 1714 960 1778 1014; x_wconf 85' lang='lat' dir='ltr'><strong>de</strong></span> <span class='ocrx_word' id='word_1_61' title='bbox 1801 970 2164 1031; x_wconf 77' lang='lat' dir='ltr'><strong>procuratore.</strong></span> <span class='ocrx_word' id='word_1_62' title='bbox 2342 1016 2347 1023; x_wconf 76' lang='grc'>,</span> 
     </span>
    </p>
   </div>
   <div class='ocr_carea' id='block_1_8' title="bbox 289 1050 3501 1131">
    <p class='ocr_par' dir='ltr' id='par_1_8' title="bbox 289 1050 3501 1131">
     <span class='ocr_line' id='line_1_8' title="bbox 289 1050 3501 1131; baseline 0.004 -22"><span class='ocrx_word' id='word_1_63' title='bbox 289 1051 408 1109; x_wconf 79' lang='lat' dir='ltr'><strong>Hoc</strong></span> <span class='ocrx_word' id='word_1_64' title='bbox 439 1052 605 1108; x_wconf 86' lang='lat' dir='ltr'><strong>etiam</strong></span> <span class='ocrx_word' id='word_1_65' title='bbox 636 1051 992 1108; x_wconf 85' lang='lat' dir='ltr'><strong>omittendum</strong></span> <span class='ocrx_word' id='word_1_66' title='bbox 1024 1065 1132 1106; x_wconf 91' lang='lat' dir='ltr'><strong>non</strong></span> <span class='ocrx_word' id='word_1_67' title='bbox 1159 1059 1278 1119; x_wconf 88' lang='lat' dir='ltr'><strong>est,</strong></span> <span class='ocrx_word' id='word_1_68' title='bbox 1314 1050 1467 1119; x_wconf 72' lang='lat' dir='ltr'><strong>quod</strong></span> <span class='ocrx_word' id='word_1_69' title='bbox 1503 1066 1642 1120; x_wconf 86' lang='lat' dir='ltr'><strong>pene</strong></span> <span class='ocrx_word' id='word_1_70' title='bbox 1674 1060 1853 1106; x_wconf 84' lang='lat' dir='ltr'><strong>tamen</strong></span> <span class='ocrx_word' id='word_1_71' title='bbox 1875 1050 2029 1107; x_wconf 85' lang='lat' dir='ltr'><strong>obliti</strong></span> <span class='ocrx_word' id='word_1_72' title='bbox 2062 1051 2340 1110; x_wconf 80' lang='lat' dir='ltr'><strong>fueramus</strong></span> <span class='ocrx_word' id='word_1_73' title='bbox 2361 1095 2376 1119; x_wconf 89' lang='lat'><strong>,</strong></span> <span class='ocrx_word' id='word_1_74' title='bbox 2412 1055 2552 1125; x_wconf 83' lang='lat' dir='ltr'><strong>quia</strong></span> <span class='ocrx_word' id='word_1_75' title='bbox 2578 1058 2869 1127; x_wconf 59' lang='lat' dir='ltr'><strong>pradictns</strong></span> <span class='ocrx_word' id='word_1_76' title='bbox 2896 1070 3219 1131; x_wconf 80' lang='lat' dir='ltr'><strong>procurator</strong></span> <span class='ocrx_word' id='word_1_77' title='bbox 3248 1064 3305 1119; x_wconf 90' lang='lat' dir='ltr'><strong>in</strong></span> <span class='ocrx_word' id='word_1_78' title='bbox 3331 1066 3501 1125; x_wconf 77' lang='lat' dir='ltr'><strong>domo</strong></span> 
     </span>
    </p>
   </div>
   <div class='ocr_carea' id='block_1_9' title="bbox 217 1141 3498 1223">
    <p class='ocr_par' dir='ltr' id='par_1_9' title="bbox 217 1141 3498 1223">
     <span class='ocr_line' id='line_1_9' title="bbox 217 1141 3498 1223; baseline 0.003 -22"><span class='ocrx_word' id='word_1_79' title='bbox 217 1144 468 1201; x_wconf 84' lang='lat' dir='ltr'><strong>inferiori</strong></span> <span class='ocrx_word' id='word_1_80' title='bbox 497 1144 651 1200; x_wconf 91' lang='lat' dir='ltr'><strong>vices</strong></span> <span class='ocrx_word' id='word_1_81' title='bbox 676 1143 876 1214; x_wconf 84' lang='lat' dir='ltr'><strong>prioris</strong></span> <span class='ocrx_word' id='word_1_82' title='bbox 904 1157 1200 1207; x_wconf 88' lang='lat' dir='ltr'><strong>exercens,</strong></span> <span class='ocrx_word' id='word_1_83' title='bbox 1247 1141 1493 1211; x_wconf 74' lang='lat' dir='ltr'><strong>hospites</strong></span> <span class='ocrx_word' id='word_1_84' title='bbox 1519 1141 1779 1212; x_wconf 85' lang='lat' dir='ltr'><strong>suscipit,</strong></span> <span class='ocrx_word' id='word_1_85' title='bbox 1818 1141 2115 1210; x_wconf 85' lang='lat' dir='ltr'><strong>osculatur,</strong></span> <span class='ocrx_word' id='word_1_86' title='bbox 2148 1145 2285 1207; x_wconf 85' lang='lat' dir='ltr'><strong>etsi</strong></span> <span class='ocrx_word' id='word_1_87' title='bbox 2326 1145 2419 1199; x_wconf 89' lang='lat' dir='ltr'><strong>tali</strong></span> <span class='ocrx_word' id='word_1_88' title='bbox 2456 1146 2532 1215; x_wconf 87' lang='lat' dir='ltr'><strong>(id</strong></span> <span class='ocrx_word' id='word_1_89' title='bbox 2563 1157 2644 1203; x_wconf 83' lang='lat' dir='ltr'><strong>est</strong></span> <span class='ocrx_word' id='word_1_90' title='bbox 2669 1149 2816 1205; x_wconf 89' lang='lat' dir='ltr'><strong>circa</strong></span> <span class='ocrx_word' id='word_1_91' title='bbox 2839 1153 3076 1219; x_wconf 83' lang='lat' dir='ltr'><strong>sextam)</strong></span> <span class='ocrx_word' id='word_1_92' title='bbox 3101 1154 3329 1223; x_wconf 60' lang='lat' dir='ltr'><strong>rapiunt</strong></span> <span class='ocrx_word' id='word_1_93' title='bbox 3355 1164 3498 1211; x_wconf 88' lang='lat' dir='ltr'><strong>tem-</strong></span> 
     </span>
    </p>
   </div>
   <div class='ocr_carea' id='block_1_10' title="bbox 216 1233 3488 1311">
    <p class='ocr_par' dir='ltr' id='par_1_10' title="bbox 216 1233 3488 1311">
     <span class='ocr_line' id='line_1_10' title="bbox 216 1233 3488 1311; baseline 0.004 -20"><span class='ocrx_word' id='word_1_94' title='bbox 216 1252 387 1310; x_wconf 79' lang='lat' dir='ltr'><strong>pore,</strong></span> <span class='ocrx_word' id='word_1_95' title='bbox 415 1247 476 1292; x_wconf 84' lang='lat' dir='ltr'><strong>et</strong></span> <span class='ocrx_word' id='word_1_96' title='bbox 515 1236 650 1292; x_wconf 84' lang='lat' dir='ltr'><strong>tales</strong></span> <span class='ocrx_word' id='word_1_97' title='bbox 678 1250 941 1306; x_wconf 67' lang='lat' dir='ltr'><strong>personae,</strong></span> <span class='ocrx_word' id='word_1_98' title='bbox 985 1234 1087 1289; x_wconf 89' lang='lat' dir='ltr'><strong>hoc</strong></span> <span class='ocrx_word' id='word_1_99' title='bbox 1112 1240 1201 1289; x_wconf 79' lang='lat' dir='ltr'><strong>est</strong></span> <span class='ocrx_word' id='word_1_100' title='bbox 1223 1233 1485 1304; x_wconf 61' lang='lat' dir='ltr'><strong>religiosa</strong></span> <span class='ocrx_word' id='word_1_101' title='bbox 1515 1242 1677 1299; x_wconf 90' lang='lat' dir='ltr'><strong>sunt,</strong></span> <span class='ocrx_word' id='word_1_102' title='bbox 1710 1242 1766 1287; x_wconf 85' lang='lat' dir='ltr'><strong>et</strong></span> <span class='ocrx_word' id='word_1_103' title='bbox 1794 1235 2125 1305; x_wconf 65' lang='lat' dir='ltr'><strong>praecipuum</strong></span> <span class='ocrx_word' id='word_1_104' title='bbox 2156 1250 2262 1290; x_wconf 90' lang='lat' dir='ltr'><strong>non</strong></span> <span class='ocrx_word' id='word_1_105' title='bbox 2292 1247 2376 1292; x_wconf 89' lang='lat' dir='ltr'><strong>est</strong></span> <span class='ocrx_word' id='word_1_106' title='bbox 2414 1237 2714 1307; x_wconf 80' lang='lat' dir='ltr'><strong>jejunium,</strong></span> <span class='ocrx_word' id='word_1_107' title='bbox 2745 1242 2975 1311; x_wconf 82' lang='lat' dir='ltr'><strong>prandet</strong></span> <span class='ocrx_word' id='word_1_108' title='bbox 3003 1258 3131 1299; x_wconf 86' lang='lat' dir='ltr'><strong>cum</strong></span> <span class='ocrx_word' id='word_1_109' title='bbox 3158 1245 3270 1309; x_wconf 85' lang='lat' dir='ltr'><strong>eis,</strong></span> <span class='ocrx_word' id='word_1_110' title='bbox 3318 1246 3488 1303; x_wconf 83' lang='lat' dir='ltr'><strong>absti-</strong></span> 
     </span>
    </p>
   </div>
   <div class='ocr_carea' id='block_1_11' title="bbox 218 1321 2731 1397">
    <p class='ocr_par' dir='ltr' id='par_1_11' title="bbox 218 1321 2731 1397">
     <span class='ocr_line' id='line_1_11' title="bbox 218 1321 2731 1397; baseline -0.002 -11"><span class='ocrx_word' id='word_1_111' title='bbox 218 1329 426 1387; x_wconf 76' lang='lat' dir='ltr'><strong>nentia:</strong></span> <span class='ocrx_word' id='word_1_112' title='bbox 451 1343 681 1384; x_wconf 87' lang='lat' dir='ltr'><strong>censura</strong></span> <span class='ocrx_word' id='word_1_113' title='bbox 706 1325 878 1383; x_wconf 89' lang='lat' dir='ltr'><strong>soluta</strong></span> <span class='ocrx_word' id='word_1_114' title='bbox 894 1365 910 1391; x_wconf 88' lang='lat'><strong>,</strong></span> <span class='ocrx_word' id='word_1_115' title='bbox 941 1332 997 1380; x_wconf 89' lang='lat' dir='ltr'><strong>et</strong></span> <span class='ocrx_word' id='word_1_116' title='bbox 1024 1326 1093 1380; x_wconf 90' lang='lat' dir='ltr'><strong>ad</strong></span> <span class='ocrx_word' id='word_1_117' title='bbox 1115 1324 1353 1395; x_wconf 83' lang='lat' dir='ltr'><strong>priorem</strong></span> <span class='ocrx_word' id='word_1_118' title='bbox 1381 1338 1518 1394; x_wconf 90' lang='lat' dir='ltr'><strong>quos</strong></span> <span class='ocrx_word' id='word_1_119' title='bbox 1540 1322 1732 1391; x_wconf 84' lang='lat' dir='ltr'><strong>dignos</strong></span> <span class='ocrx_word' id='word_1_120' title='bbox 1753 1321 1965 1392; x_wconf 73' lang='lat' dir='ltr'><strong>iudicat</strong></span> <span class='ocrx_word' id='word_1_121' title='bbox 1988 1334 2353 1397; x_wconf 75' lang='lat' dir='ltr'><strong>congruenter</strong></span> <span class='ocrx_word' id='word_1_122' title='bbox 2388 1326 2731 1397; x_wconf 84' lang='lat' dir='ltr'><strong>transmittit.</strong></span> 
     </span>
    </p>
   </div>
   <div class='ocr_carea' id='block_1_12' title="bbox 1534 1433 2208 1493">
    <p class='ocr_par' dir='ltr' id='par_1_12' title="bbox 1534 1433 2208 1493">
     <span class='ocr_line' id='line_1_12' title="bbox 1534 1433 2208 1493; baseline 0.007 -4"><span class='ocrx_word' id='word_1_123' title='bbox 1534 1484 1540 1488; x_wconf 94' lang='lat'><strong>.</strong></span> <span class='ocrx_word' id='word_1_124' title='bbox 1633 1433 2208 1493; x_wconf 77' lang='lat' dir='ltr'><strong>COMMENTARIUS.</strong></span> 
     </span>
    </p>
   </div>
   <div class='ocr_carea' id='block_1_13' title="bbox 213 1435 3494 1613">
    <p class='ocr_par' dir='ltr' id='par_1_13' title="bbox 213 1435 3494 1613">
     <span class='ocr_line' id='line_1_13' title="bbox 1534 1435 2208 1493; baseline 0.006 -4"><span class='ocrx_word' id='word_1_125' title='bbox 1534 1484 1540 1488; x_wconf 94' lang='lat'><strong>.</strong></span> <span class='ocrx_word' id='word_1_126' title='bbox 1633 1435 2019 1490; x_wconf 80' lang='lat' dir='ltr'><strong>COMMENTA</strong></span> <span class='ocrx_word' id='word_1_127' title='bbox 2194 1477 2208 1493; x_wconf 93' lang='lat'><strong>.</strong></span> 
     </span>
     <span class='ocr_line' id='line_1_14' title="bbox 213 1435 3494 1613; baseline 0.003 -24"><span class='ocrx_word' id='word_1_128' title='bbox 213 1532 367 1607; x_wconf 87' lang='lat' dir='ltr'><strong>quod</strong></span> <span class='ocrx_word' id='word_1_129' title='bbox 404 1539 608 1587; x_wconf 83' lang='lat' dir='ltr'><strong>statuta</strong></span> <span class='ocrx_word' id='word_1_130' title='bbox 648 1537 835 1586; x_wconf 88' lang='lat' dir='ltr'><strong>nostra</strong></span> <span class='ocrx_word' id='word_1_131' title='bbox 896 1538 1003 1584; x_wconf 85' lang='lat' dir='ltr'><strong>tam</strong></span> <span class='ocrx_word' id='word_1_132' title='bbox 1050 1528 1274 1598; x_wconf 84' lang='lat' dir='ltr'><strong>antiqua</strong></span> <span class='ocrx_word' id='word_1_133' title='bbox 1326 1542 1489 1598; x_wconf 88' lang='lat' dir='ltr'><strong>quam</strong></span> <span class='ocrx_word' id='word_1_134' title='bbox 1542 1527 1805 1583; x_wconf 89' lang='lat' dir='ltr'><strong>moderna</strong></span> <span class='ocrx_word' id='word_1_135' title='bbox 1833 1544 1881 1602; x_wconf 73' lang='grc' dir='ltr'><strong>Α</strong></span> <span class='ocrx_word' id='word_1_136' title='bbox 1908 1435 2351 1596; x_wconf 52' lang='grc' dir='ltr'><strong>Ιιιιηῖᾟδθιίειπι</strong></span> <span class='ocrx_word' id='word_1_137' title='bbox 2373 1531 2638 1603; x_wconf 78' lang='lat' dir='ltr'><strong>jejunium</strong></span> <span class='ocrx_word' id='word_1_138' title='bbox 2662 1531 2869 1589; x_wconf 87' lang='lat' dir='ltr'><strong>ordinis</strong></span> <span class='ocrx_word' id='word_1_139' title='bbox 2892 1545 3077 1604; x_wconf 83' lang='lat' dir='ltr'><strong>posset</strong></span> <span class='ocrx_word' id='word_1_140' title='bbox 3103 1537 3279 1612; x_wconf 79' lang='lat' dir='ltr'><strong>frangi</strong></span> <span class='ocrx_word' id='word_1_141' title='bbox 3307 1556 3338 1596; x_wconf 91' lang='lat' dir='ltr'><strong>a</strong></span> <span class='ocrx_word' id='word_1_142' title='bbox 3362 1557 3494 1613; x_wconf 88' lang='lat' dir='ltr'><strong>pro-</strong></span> 
     </span>
    </p>
   </div>
   <div class='ocr_carea' id='block_1_14' title="bbox 213 1619 1806 1692">
    <p class='ocr_par' dir='ltr' id='par_1_14' title="bbox 213 1619 1806 1692">
     <span class='ocr_line' id='line_1_15' title="bbox 213 1619 1806 1692; baseline -0.006 -12"><span class='ocrx_word' id='word_1_143' title='bbox 213 1632 506 1692; x_wconf 81' lang='lat' dir='ltr'><strong>tantopere</strong></span> <span class='ocrx_word' id='word_1_144' title='bbox 535 1619 945 1684; x_wconf 73' lang='lat' dir='ltr'><strong>commendant,</strong></span> <span class='ocrx_word' id='word_1_145' title='bbox 965 1619 1157 1674; x_wconf 86' lang='lat' dir='ltr'><strong>eadem</strong></span> <span class='ocrx_word' id='word_1_146' title='bbox 1179 1619 1342 1674; x_wconf 81' lang='lat' dir='ltr'><strong>verba</strong></span> <span class='ocrx_word' id='word_1_147' title='bbox 1367 1619 1663 1686; x_wconf 86' lang='lat' dir='ltr'><strong>repetendo</strong></span> <span class='ocrx_word' id='word_1_148' title='bbox 1685 1631 1806 1688; x_wconf 78' lang='lat' dir='ltr'><strong>qua:</strong></span> 
     </span>
    </p>
   </div>
   <div class='ocr_carea' id='block_1_15' title="bbox 212 1707 1647 1780">
    <p class='ocr_par' dir='ltr' id='par_1_15' title="bbox 212 1707 1647 1780">
     <span class='ocr_line' id='line_1_16' title="bbox 212 1707 1647 1780; baseline -0.008 -7"><span class='ocrx_word' id='word_1_149' title='bbox 212 1717 311 1773; x_wconf 82' lang='lat' dir='ltr'><strong>hic</strong></span> <span class='ocrx_word' id='word_1_150' title='bbox 339 1714 529 1771; x_wconf 77' lang='lat' dir='ltr'><strong>scribit</strong></span> <span class='ocrx_word' id='word_1_151' title='bbox 560 1711 629 1766; x_wconf 73' lang='lat' dir='ltr'><strong>lt.</strong></span> <span class='ocrx_word' id='word_1_152' title='bbox 660 1711 721 1766; x_wconf 87' lang='lat' dir='ltr'><strong>P.</strong></span> <span class='ocrx_word' id='word_1_153' title='bbox 754 1710 948 1780; x_wconf 75' lang='lat' dir='ltr'><strong>Guigo,</strong></span> <span class='ocrx_word' id='word_1_154' title='bbox 980 1720 1035 1764; x_wconf 89' lang='lat' dir='ltr'><strong>et</strong></span> <span class='ocrx_word' id='word_1_155' title='bbox 1062 1710 1169 1764; x_wconf 85' lang='lat' dir='ltr'><strong>alia</strong></span> <span class='ocrx_word' id='word_1_156' title='bbox 1196 1710 1350 1779; x_wconf 90' lang='lat' dir='ltr'><strong>plura</strong></span> <span class='ocrx_word' id='word_1_157' title='bbox 1380 1707 1647 1771; x_wconf 83' lang='lat' dir='ltr'><strong>addendo.</strong></span> 
     </span>
    </p>
   </div>
   <div class='ocr_carea' id='block_1_16' title="bbox 291 1797 1807 1872">
    <p class='ocr_par' dir='ltr' id='par_1_16' title="bbox 291 1797 1807 1872">
     <span class='ocr_line' id='line_1_17' title="bbox 291 1797 1807 1872; baseline -0.006 -10"><span class='ocrx_word' id='word_1_158' title='bbox 291 1805 522 1862; x_wconf 71' lang='lat' dir='ltr'><strong>Num.2.</strong></span> <span class='ocrx_word' id='word_1_159' title='bbox 555 1804 836 1859; x_wconf 73' lang='lat' dir='ltr'><strong>Emtraneis</strong></span> <span class='ocrx_word' id='word_1_160' title='bbox 863 1803 963 1857; x_wconf 84' lang='lat' dir='ltr'><strong>nisi</strong></span> <span class='ocrx_word' id='word_1_161' title='bbox 976 1801 1365 1872; x_wconf 85' lang='lat' dir='ltr'><strong>jussus,etc.ld</strong></span> <span class='ocrx_word' id='word_1_162' title='bbox 1379 1797 1807 1871; x_wconf 78' lang='lat' dir='ltr'><strong>signiﬁcatquod</strong></span> 
     </span>
    </p>
   </div>
   <div class='ocr_carea' id='block_1_17' title="bbox 214 1891 1806 1962">
    <p class='ocr_par' dir='ltr' id='par_1_17' title="bbox 214 1891 1806 1962">
     <span class='ocr_line' id='line_1_18' title="bbox 214 1891 1806 1962; baseline -0.005 -8"><span class='ocrx_word' id='word_1_163' title='bbox 214 1914 344 1954; x_wconf 83' lang='lat' dir='ltr'><strong>cum</strong></span> <span class='ocrx_word' id='word_1_164' title='bbox 372 1897 649 1953; x_wconf 74' lang='lat' dir='ltr'><strong>extraneis</strong></span> <span class='ocrx_word' id='word_1_165' title='bbox 667 1936 681 1960; x_wconf 91' lang='lat'><strong>,</strong></span> <span class='ocrx_word' id='word_1_166' title='bbox 707 1895 774 1950; x_wconf 86' lang='lat' dir='ltr'><strong>ad</strong></span> <span class='ocrx_word' id='word_1_167' title='bbox 797 1894 1016 1950; x_wconf 86' lang='lat' dir='ltr'><strong>domum</strong></span> <span class='ocrx_word' id='word_1_168' title='bbox 1059 1892 1372 1948; x_wconf 76' lang='lat' dir='ltr'><strong>inferiorem</strong></span> <span class='ocrx_word' id='word_1_169' title='bbox 1399 1892 1604 1962; x_wconf 89' lang='lat' dir='ltr'><strong>passim</strong></span> <span class='ocrx_word' id='word_1_170' title='bbox 1637 1891 1806 1946; x_wconf 86' lang='lat' dir='ltr'><strong>adve-</strong></span> 
     </span>
    </p>
   </div>
   <div class='ocr_carea' id='block_1_18' title="bbox 213 1982 1801 2052">
    <p class='ocr_par' dir='ltr' id='par_1_18' title="bbox 213 1982 1801 2052">
     <span class='ocr_line' id='line_1_19' title="bbox 213 1982 1801 2052; baseline -0.007 -7"><span class='ocrx_word' id='word_1_171' title='bbox 213 1988 527 2052; x_wconf 81' lang='lat' dir='ltr'><strong>nientibus,</strong></span> <span class='ocrx_word' id='word_1_172' title='bbox 575 1985 876 2041; x_wconf 85' lang='lat' dir='ltr'><strong>monachus</strong></span> <span class='ocrx_word' id='word_1_173' title='bbox 920 1983 1170 2039; x_wconf 88' lang='lat' dir='ltr'><strong>inﬁrmus</strong></span> <span class='ocrx_word' id='word_1_174' title='bbox 1222 1984 1350 2037; x_wconf 89' lang='lat' dir='ltr'><strong>illuc</strong></span> <span class='ocrx_word' id='word_1_175' title='bbox 1403 1984 1604 2041; x_wconf 78' lang='lat' dir='ltr'><strong>missus</strong></span> <span class='ocrx_word' id='word_1_176' title='bbox 1654 1982 1801 2051; x_wconf 88' lang='lat' dir='ltr'><strong>loqui</strong></span> 
     </span>
    </p>
   </div>
   <div class='ocr_carea' id='block_1_19' title="bbox 213 2072 1806 2150">
    <p class='ocr_par' dir='ltr' id='par_1_19' title="bbox 213 2072 1806 2150">
     <span class='ocr_line' id='line_1_20' title="bbox 213 2072 1806 2150; baseline -0.008 -13"><span class='ocrx_word' id='word_1_177' title='bbox 213 2096 330 2137; x_wconf 76' lang='lat' dir='ltr'><strong>non</strong></span> <span class='ocrx_word' id='word_1_178' title='bbox 361 2088 574 2150; x_wconf 81' lang='lat' dir='ltr'><strong>poterat</strong></span> <span class='ocrx_word' id='word_1_179' title='bbox 601 2079 718 2134; x_wconf 87' lang='lat' dir='ltr'><strong>sine</strong></span> <span class='ocrx_word' id='word_1_180' title='bbox 752 2076 969 2132; x_wconf 81' lang='lat' dir='ltr'><strong>licentia</strong></span> <span class='ocrx_word' id='word_1_181' title='bbox 998 2076 1122 2148; x_wconf 75' lang='lat' dir='ltr'><strong>(hoc</strong></span> <span class='ocrx_word' id='word_1_182' title='bbox 1154 2075 1256 2131; x_wconf 88' lang='lat' dir='ltr'><strong>sibi</strong></span> <span class='ocrx_word' id='word_1_183' title='bbox 1290 2076 1402 2128; x_wconf 88' lang='lat' dir='ltr'><strong>vult</strong></span> <span class='ocrx_word' id='word_1_184' title='bbox 1437 2075 1663 2129; x_wconf 90' lang='lat' dir='ltr'><strong>verbum</strong></span> <span class='ocrx_word' id='word_1_185' title='bbox 1704 2072 1806 2125; x_wconf 80' lang='lat' dir='ltr'><strong>nisi</strong></span> 
     </span>
    </p>
   </div>
   <div class='ocr_carea' id='block_1_20' title="bbox 205 2162 1809 2242">
    <p class='ocr_par' dir='ltr' id='par_1_20' title="bbox 205 2162 1809 2242">
     <span class='ocr_line' id='line_1_21' title="bbox 205 2162 1809 2242; baseline -0.007 -17"><span class='ocrx_word' id='word_1_186' title='bbox 205 2171 431 2242; x_wconf 74' lang='lat' dir='ltr'><strong>jussus,</strong></span> <span class='ocrx_word' id='word_1_187' title='bbox 462 2184 570 2239; x_wconf 90' lang='lat' dir='ltr'><strong>quo</strong></span> <span class='ocrx_word' id='word_1_188' title='bbox 591 2169 755 2224; x_wconf 86' lang='lat' dir='ltr'><strong>etiam</strong></span> <span class='ocrx_word' id='word_1_189' title='bbox 786 2181 887 2236; x_wconf 89' lang='lat' dir='ltr'><strong>pro</strong></span> <span class='ocrx_word' id='word_1_190' title='bbox 906 2166 1123 2220; x_wconf 84' lang='lat' dir='ltr'><strong>licentia</strong></span> <span class='ocrx_word' id='word_1_191' title='bbox 1147 2163 1506 2236; x_wconf 88' lang='lat' dir='ltr'><strong>signiﬁcanda</strong></span> <span class='ocrx_word' id='word_1_192' title='bbox 1538 2163 1671 2223; x_wconf 82' lang='lat' dir='ltr'><strong>alibi</strong></span> <span class='ocrx_word' id='word_1_193' title='bbox 1700 2162 1809 2216; x_wconf 88' lang='lat' dir='ltr'><strong>uti-</strong></span> 
     </span>
    </p>
   </div>
   <div class='ocr_carea' id='block_1_21' title="bbox 218 2258 1806 2332">
    <p class='ocr_par' dir='ltr' id='par_1_21' title="bbox 218 2258 1806 2332">
     <span class='ocr_line' id='line_1_22' title="bbox 218 2258 1806 2332; baseline -0.006 -12"><span class='ocrx_word' id='word_1_194' title='bbox 218 2275 310 2320; x_wconf 89' lang='lat' dir='ltr'><strong>tur</strong></span> <span class='ocrx_word' id='word_1_195' title='bbox 335 2262 404 2317; x_wconf 84' lang='lat' dir='ltr'><strong>R.</strong></span> <span class='ocrx_word' id='word_1_196' title='bbox 434 2262 598 2317; x_wconf 83' lang='lat' dir='ltr'><strong>Pater</strong></span> <span class='ocrx_word' id='word_1_197' title='bbox 632 2261 860 2332; x_wconf 84' lang='lat' dir='ltr'><strong>Guigo),</strong></span> <span class='ocrx_word' id='word_1_198' title='bbox 894 2275 993 2315; x_wconf 88' lang='lat' dir='ltr'><strong>nec</strong></span> <span class='ocrx_word' id='word_1_199' title='bbox 1019 2260 1182 2314; x_wconf 88' lang='lat' dir='ltr'><strong>etiam</strong></span> <span class='ocrx_word' id='word_1_200' title='bbox 1224 2273 1346 2313; x_wconf 89' lang='lat' dir='ltr'><strong>cum</strong></span> <span class='ocrx_word' id='word_1_201' title='bbox 1392 2258 1806 2327; x_wconf 87' lang='lat' dir='ltr'><strong>quibuscunque</strong></span> 
     </span>
    </p>
   </div>
   <div class='ocr_carea' id='block_1_22' title="bbox 214 2345 1807 2422">
    <p class='ocr_par' dir='ltr' id='par_1_22' title="bbox 214 2345 1807 2422">
     <span class='ocr_line' id='line_1_23' title="bbox 214 2345 1807 2422; baseline -0.008 -11"><span class='ocrx_word' id='word_1_202' title='bbox 214 2355 521 2411; x_wconf 83' lang='lat' dir='ltr'><strong>conversis.</strong></span> <span class='ocrx_word' id='word_1_203' title='bbox 566 2354 643 2410; x_wconf 89' lang='lat' dir='ltr'><strong>De</strong></span> <span class='ocrx_word' id='word_1_204' title='bbox 686 2351 1078 2422; x_wconf 80' lang='lat' dir='ltr'><strong>dispensatoris</strong></span> <span class='ocrx_word' id='word_1_205' title='bbox 1133 2359 1315 2404; x_wconf 89' lang='lat' dir='ltr'><strong>autem</strong></span> <span class='ocrx_word' id='word_1_206' title='bbox 1362 2347 1563 2418; x_wconf 86' lang='lat' dir='ltr'><strong>placito</strong></span> <span class='ocrx_word' id='word_1_207' title='bbox 1610 2347 1699 2402; x_wconf 84' lang='lat' dir='ltr'><strong>hic</strong></span> <span class='ocrx_word' id='word_1_208' title='bbox 1746 2345 1807 2399; x_wconf 82' lang='lat' dir='ltr'><strong>ﬁt</strong></span> 
     </span>
    </p>
   </div>
   <div class='ocr_carea' id='block_1_23' title="bbox 214 2437 1799 2514">
    <p class='ocr_par' dir='ltr' id='par_1_23' title="bbox 214 2437 1799 2514">
     <span class='ocr_line' id='line_1_24' title="bbox 214 2437 1799 2514; baseline -0.006 -13"><span class='ocrx_word' id='word_1_209' title='bbox 214 2446 446 2512; x_wconf 84' lang='lat' dir='ltr'><strong>mentio,</strong></span> <span class='ocrx_word' id='word_1_210' title='bbox 472 2444 621 2514; x_wconf 82' lang='lat' dir='ltr'><strong>quia,</strong></span> <span class='ocrx_word' id='word_1_211' title='bbox 654 2452 710 2498; x_wconf 93' lang='lat' dir='ltr'><strong>ut</strong></span> <span class='ocrx_word' id='word_1_212' title='bbox 741 2441 880 2497; x_wconf 89' lang='lat' dir='ltr'><strong>infra</strong></span> <span class='ocrx_word' id='word_1_213' title='bbox 908 2439 1195 2504; x_wconf 81' lang='lat' dir='ltr'><strong>videbitur,</strong></span> <span class='ocrx_word' id='word_1_214' title='bbox 1226 2439 1292 2494; x_wconf 92' lang='lat' dir='ltr'><strong>ad</strong></span> <span class='ocrx_word' id='word_1_215' title='bbox 1327 2452 1675 2502; x_wconf 81' lang='lat' dir='ltr'><strong>conversum,</strong></span> <span class='ocrx_word' id='word_1_216' title='bbox 1706 2437 1799 2505; x_wconf 86' lang='lat' dir='ltr'><strong>qui</strong></span> 
     </span>
    </p>
   </div>
   <div class='ocr_carea' id='block_1_24' title="bbox 213 2529 1807 2605">
    <p class='ocr_par' dir='ltr' id='par_1_24' title="bbox 213 2529 1807 2605">
     <span class='ocr_line' id='line_1_25' title="bbox 213 2529 1807 2605; baseline -0.008 -13"><span class='ocrx_word' id='word_1_217' title='bbox 213 2536 457 2593; x_wconf 72' lang='lat' dir='ltr'><strong>cilicium</strong></span> <span class='ocrx_word' id='word_1_218' title='bbox 484 2535 868 2605; x_wconf 84' lang='lat' dir='ltr'><strong>dispensatoris</strong></span> <span class='ocrx_word' id='word_1_219' title='bbox 886 2534 1195 2596; x_wconf 72' lang='lat' dir='ltr'><strong>exercebat,</strong></span> <span class='ocrx_word' id='word_1_220' title='bbox 1213 2529 1521 2600; x_wconf 86' lang='lat' dir='ltr'><strong>pertinebat</strong></span> <span class='ocrx_word' id='word_1_221' title='bbox 1538 2530 1589 2582; x_wconf 91' lang='lat' dir='ltr'><strong>in</strong></span> <span class='ocrx_word' id='word_1_222' title='bbox 1612 2529 1807 2584; x_wconf 78' lang='lat' dir='ltr'><strong>absen-</strong></span> 
     </span>
    </p>
   </div>
   <div class='ocr_carea' id='block_1_25' title="bbox 214 2618 1804 2697">
    <p class='ocr_par' dir='ltr' id='par_1_25' title="bbox 214 2618 1804 2697">
     <span class='ocr_line' id='line_1_26' title="bbox 214 2618 1804 2697; baseline -0.007 -15"><span class='ocrx_word' id='word_1_223' title='bbox 214 2628 293 2683; x_wconf 93' lang='lat' dir='ltr'><strong>tia</strong></span> <span class='ocrx_word' id='word_1_224' title='bbox 325 2626 524 2697; x_wconf 87' lang='lat' dir='ltr'><strong>prioris</strong></span> <span class='ocrx_word' id='word_1_225' title='bbox 542 2634 596 2679; x_wconf 87' lang='lat' dir='ltr'><strong>et</strong></span> <span class='ocrx_word' id='word_1_226' title='bbox 626 2623 990 2695; x_wconf 81' lang='lat' dir='ltr'><strong>procuratoris</strong></span> <span class='ocrx_word' id='word_1_227' title='bbox 1013 2623 1141 2676; x_wconf 89' lang='lat' dir='ltr'><strong>dare</strong></span> <span class='ocrx_word' id='word_1_228' title='bbox 1180 2619 1300 2675; x_wconf 86' lang='lat' dir='ltr'><strong>aliis</strong></span> <span class='ocrx_word' id='word_1_229' title='bbox 1325 2619 1604 2675; x_wconf 87' lang='lat' dir='ltr'><strong>conversis</strong></span> <span class='ocrx_word' id='word_1_230' title='bbox 1636 2618 1804 2673; x_wconf 89' lang='lat' dir='ltr'><strong>licen-</strong></span> 
     </span>
    </p>
   </div>
   <div class='ocr_carea' id='block_1_26' title="bbox 216 2711 1808 2788">
    <p class='ocr_par' dir='ltr' id='par_1_26' title="bbox 216 2711 1808 2788">
     <span class='ocr_line' id='line_1_27' title="bbox 216 2711 1808 2788; baseline -0.006 -14"><span class='ocrx_word' id='word_1_231' title='bbox 216 2719 355 2774; x_wconf 82' lang='lat' dir='ltr'><strong>tiam</strong></span> <span class='ocrx_word' id='word_1_232' title='bbox 390 2716 640 2788; x_wconf 84' lang='lat' dir='ltr'><strong>loquendi</strong></span> <span class='ocrx_word' id='word_1_233' title='bbox 661 2756 676 2778; x_wconf 87' lang='lat'><strong><em>.</em></strong></span> <span class='ocrx_word' id='word_1_234' title='bbox 712 2716 829 2771; x_wconf 88' lang='lat' dir='ltr'><strong>sine</strong></span> <span class='ocrx_word' id='word_1_235' title='bbox 854 2731 957 2783; x_wconf 85' lang='lat' dir='ltr'><strong>qua</strong></span> <span class='ocrx_word' id='word_1_236' title='bbox 985 2713 1198 2771; x_wconf 87' lang='lat' dir='ltr'><strong>licentia</strong></span> <span class='ocrx_word' id='word_1_237' title='bbox 1239 2712 1511 2768; x_wconf 89' lang='lat' dir='ltr'><strong>silentium</strong></span> <span class='ocrx_word' id='word_1_238' title='bbox 1544 2711 1808 2781; x_wconf 62' lang='lat' dir='ltr'><strong>frangere</strong></span> 
     </span>
    </p>
   </div>
   <div class='ocr_carea' id='block_1_27' title="bbox 216 2805 1800 2875">
    <p class='ocr_par' dir='ltr' id='par_1_27' title="bbox 216 2805 1800 2875">
     <span class='ocr_line' id='line_1_28' title="bbox 216 2805 1800 2875; baseline -0.005 -10"><span class='ocrx_word' id='word_1_239' title='bbox 216 2810 328 2865; x_wconf 87' lang='lat' dir='ltr'><strong>illis</strong></span> <span class='ocrx_word' id='word_1_240' title='bbox 364 2809 608 2865; x_wconf 87' lang='lat' dir='ltr'><strong>illicitum</strong></span> <span class='ocrx_word' id='word_1_241' title='bbox 645 2816 794 2874; x_wconf 87' lang='lat' dir='ltr'><strong>erat,</strong></span> <span class='ocrx_word' id='word_1_242' title='bbox 831 2806 935 2861; x_wconf 85' lang='lat' dir='ltr'><strong>nisi</strong></span> <span class='ocrx_word' id='word_1_243' title='bbox 973 2806 1029 2861; x_wconf 90' lang='lat' dir='ltr'><strong>in</strong></span> <span class='ocrx_word' id='word_1_244' title='bbox 1066 2805 1291 2862; x_wconf 24' lang='lat' dir='ltr'><strong>casibus“</strong></span> <span class='ocrx_word' id='word_1_245' title='bbox 1331 2805 1422 2875; x_wconf 87' lang='lat' dir='ltr'><strong>qui</strong></span> <span class='ocrx_word' id='word_1_246' title='bbox 1461 2820 1557 2875; x_wconf 91' lang='lat' dir='ltr'><strong>per</strong></span> <span class='ocrx_word' id='word_1_247' title='bbox 1598 2811 1800 2859; x_wconf 88' lang='lat' dir='ltr'><strong>statuta</strong></span> 
     </span>
    </p>
   </div>
   <div class='ocr_carea' id='block_1_28' title="bbox 217 2899 673 2955">
    <p class='ocr_par' dir='ltr' id='par_1_28' title="bbox 217 2899 673 2955">
     <span class='ocr_line' id='line_1_29' title="bbox 217 2899 673 2955; baseline -0.007 0"><span class='ocrx_word' id='word_1_248' title='bbox 217 2899 673 2955; x_wconf 74' lang='lat' dir='ltr'><strong>determinautur.</strong></span> 
     </span>
    </p>
   </div>
   <div class='ocr_carea' id='block_1_29' title="bbox 248 2976 1805 3058">
    <p class='ocr_par' dir='ltr' id='par_1_29' title="bbox 248 2976 1805 3058">
     <span class='ocr_line' id='line_1_30' title="bbox 248 2976 1805 3058; baseline -0.006 -12"><span class='ocrx_word' id='word_1_249' title='bbox 248 2976 259 2985; x_wconf 69' lang='grc'><strong>’</strong></span> <span class='ocrx_word' id='word_1_250' title='bbox 287 2990 426 3046; x_wconf 83' lang='lat' dir='ltr'><strong>Ibid.</strong></span> <span class='ocrx_word' id='word_1_251' title='bbox 455 2987 523 3043; x_wconf 88' lang='lat' dir='ltr'><strong>Ut</strong></span> <span class='ocrx_word' id='word_1_252' title='bbox 552 2991 599 3043; x_wconf 95' lang='lat' dir='ltr'><strong>si</strong></span> <span class='ocrx_word' id='word_1_253' title='bbox 618 2976 748 3042; x_wconf 26' lang='lat' dir='ltr'><strong>Italis</strong></span> <span class='ocrx_word' id='word_1_254' title='bbox 774 2996 869 3050; x_wconf 78' lang='lat' dir='ltr'><strong>est,</strong></span> <span class='ocrx_word' id='word_1_255' title='bbox 901 2995 1006 3042; x_wconf 86' lang='lat' dir='ltr'><strong>etc.</strong></span> <span class='ocrx_word' id='word_1_256' title='bbox 1035 2987 1164 3042; x_wconf 88' lang='lat' dir='ltr'><strong>Inde</strong></span> <span class='ocrx_word' id='word_1_257' title='bbox 1187 2996 1413 3058; x_wconf 87' lang='lat' dir='ltr'><strong>apparet</strong></span> <span class='ocrx_word' id='word_1_258' title='bbox 1438 2994 1700 3057; x_wconf 78' lang='lat' dir='ltr'><strong>quantum</strong></span> <span class='ocrx_word' id='word_1_259' title='bbox 1751 2984 1805 3038; x_wconf 90' lang='lat' dir='ltr'><strong>in</strong></span> 
     </span>
    </p>
   </div>
   <div class='ocr_carea' id='block_1_30' title="bbox 219 3074 1808 3148">
    <p class='ocr_par' dir='ltr' id='par_1_30' title="bbox 219 3074 1808 3148">
     <span class='ocr_line' id='line_1_31' title="bbox 219 3074 1808 3148; baseline -0.006 -12"><span class='ocrx_word' id='word_1_260' title='bbox 219 3076 417 3136; x_wconf 84' lang='lat' dir='ltr'><strong>dandis</strong></span> <span class='ocrx_word' id='word_1_261' title='bbox 448 3077 789 3148; x_wconf 82' lang='lat' dir='ltr'><strong>colloquendi</strong></span> <span class='ocrx_word' id='word_1_262' title='bbox 820 3077 1056 3133; x_wconf 85' lang='lat' dir='ltr'><strong>licentiis</strong></span> <span class='ocrx_word' id='word_1_263' title='bbox 1084 3078 1335 3132; x_wconf 82' lang='lat' dir='ltr'><strong>habenda</strong></span> <span class='ocrx_word' id='word_1_264' title='bbox 1368 3078 1439 3131; x_wconf 88' lang='lat' dir='ltr'><strong>sit</strong></span> <span class='ocrx_word' id='word_1_265' title='bbox 1471 3076 1611 3130; x_wconf 89' lang='lat' dir='ltr'><strong>ratio</strong></span> <span class='ocrx_word' id='word_1_266' title='bbox 1640 3074 1808 3142; x_wconf 82' lang='lat' dir='ltr'><strong>majo—</strong></span> 
     </span>
    </p>
   </div>
   <div class='ocr_carea' id='block_1_31' title="bbox 218 3164 1808 3238">
    <p class='ocr_par' dir='ltr' id='par_1_31' title="bbox 218 3164 1808 3238">
     <span class='ocr_line' id='line_1_32' title="bbox 218 3164 1808 3238; baseline -0.004 -13"><span class='ocrx_word' id='word_1_267' title='bbox 218 3171 299 3226; x_wconf 88' lang='lat' dir='ltr'><strong>ris</strong></span> <span class='ocrx_word' id='word_1_268' title='bbox 327 3170 578 3224; x_wconf 85' lang='lat' dir='ltr'><strong>utilitatis</strong></span> <span class='ocrx_word' id='word_1_269' title='bbox 604 3168 920 3238; x_wconf 87' lang='lat' dir='ltr'><strong>spirilualis,</strong></span> <span class='ocrx_word' id='word_1_270' title='bbox 951 3167 1244 3222; x_wconf 89' lang='lat' dir='ltr'><strong>secundum</strong></span> <span class='ocrx_word' id='word_1_271' title='bbox 1270 3176 1505 3223; x_wconf 87' lang='lat' dir='ltr'><strong>mentem</strong></span> <span class='ocrx_word' id='word_1_272' title='bbox 1538 3166 1603 3220; x_wconf 78' lang='grc' dir='ltr'><strong>Β.</strong></span> <span class='ocrx_word' id='word_1_273' title='bbox 1630 3164 1808 3219; x_wconf 87' lang='lat' dir='ltr'><strong>Patris</strong></span> 
     </span>
    </p>
   </div>
   <div class='ocr_carea' id='block_1_32' title="bbox 219 3257 1804 3333">
    <p class='ocr_par' dir='ltr' id='par_1_32' title="bbox 219 3257 1804 3333">
     <span class='ocr_line' id='line_1_33' title="bbox 219 3257 1804 3333; baseline -0.004 -15"><span class='ocrx_word' id='word_1_274' title='bbox 219 3261 505 3333; x_wconf 73' lang='lat' dir='ltr'><strong>Guigonis,</strong></span> <span class='ocrx_word' id='word_1_275' title='bbox 541 3268 598 3316; x_wconf 89' lang='lat' dir='ltr'><strong>ut</strong></span> <span class='ocrx_word' id='word_1_276' title='bbox 623 3259 873 3316; x_wconf 88' lang='lat' dir='ltr'><strong>solatium</strong></span> <span class='ocrx_word' id='word_1_277' title='bbox 902 3269 1187 3315; x_wconf 76' lang='lat' dir='ltr'><strong>externum</strong></span> <span class='ocrx_word' id='word_1_278' title='bbox 1221 3261 1432 3315; x_wconf 87' lang='lat' dir='ltr'><strong>interno</strong></span> <span class='ocrx_word' id='word_1_279' title='bbox 1456 3268 1507 3313; x_wconf 90' lang='lat' dir='ltr'><strong>et</strong></span> <span class='ocrx_word' id='word_1_280' title='bbox 1535 3257 1804 3329; x_wconf 88' lang='lat' dir='ltr'><strong>spirituali</strong></span> 
     </span>
    </p>
   </div>
   <div class='ocr_carea' id='block_1_33' title="bbox 217 3349 1807 3420">
    <p class='ocr_par' dir='ltr' id='par_1_33' title="bbox 217 3349 1807 3420">
     <span class='ocr_line' id='line_1_34' title="bbox 217 3349 1807 3420; baseline -0.004 -10"><span class='ocrx_word' id='word_1_281' title='bbox 217 3370 330 3420; x_wconf 85' lang='lat' dir='ltr'><strong>non</strong></span> <span class='ocrx_word' id='word_1_282' title='bbox 364 3360 640 3409; x_wconf 87' lang='lat' dir='ltr'><strong>remaneat</strong></span> <span class='ocrx_word' id='word_1_283' title='bbox 668 3352 1005 3415; x_wconf 87' lang='lat' dir='ltr'><strong>destitutmn,</strong></span> <span class='ocrx_word' id='word_1_284' title='bbox 1033 3360 1246 3406; x_wconf 85' lang='lat' dir='ltr'><strong>servata</strong></span> <span class='ocrx_word' id='word_1_285' title='bbox 1275 3351 1577 3420; x_wconf 65' lang='lat' dir='ltr'><strong>prudentiae</strong></span> <span class='ocrx_word' id='word_1_286' title='bbox 1601 3349 1807 3404; x_wconf 85' lang='lat' dir='ltr'><strong>discre-</strong></span> 
     </span>
    </p>
   </div>
   <div class='ocr_carea' id='block_1_34' title="bbox 220 3442 1573 3513">
    <p class='ocr_par' dir='ltr' id='par_1_34' title="bbox 220 3442 1573 3513">
     <span class='ocr_line' id='line_1_35' title="bbox 220 3442 1573 3513; baseline -0.003 -13"><span class='ocrx_word' id='word_1_287' title='bbox 220 3446 370 3501; x_wconf 87' lang='lat' dir='ltr'><strong>tione</strong></span> <span class='ocrx_word' id='word_1_288' title='bbox 382 3446 540 3513; x_wconf 81' lang='lat' dir='ltr'><strong>juxta</strong></span> <span class='ocrx_word' id='word_1_289' title='bbox 565 3442 879 3513; x_wconf 84' lang='lat' dir='ltr'><strong>qualitatem</strong></span> <span class='ocrx_word' id='word_1_290' title='bbox 910 3443 1110 3498; x_wconf 85' lang='lat' dir='ltr'><strong>inlirmi</strong></span> <span class='ocrx_word' id='word_1_291' title='bbox 1136 3454 1190 3498; x_wconf 85' lang='lat' dir='ltr'><strong>et</strong></span> <span class='ocrx_word' id='word_1_292' title='bbox 1215 3442 1573 3498; x_wconf 76' lang='lat' dir='ltr'><strong>inﬁrmitatis.</strong></span> 
     </span>
    </p>
   </div>
   <div class='ocr_carea' id='block_1_35' title="bbox 292 3532 1808 3603">
    <p class='ocr_par' dir='ltr' id='par_1_35' title="bbox 292 3532 1808 3603">
     <span class='ocr_line' id='line_1_36' title="bbox 292 3532 1808 3603; baseline -0.005 -9"><span class='ocrx_word' id='word_1_293' title='bbox 292 3538 425 3594; x_wconf 69' lang='lat' dir='ltr'><strong>Car.</strong></span> <span class='ocrx_word' id='word_1_294' title='bbox 460 3538 646 3593; x_wconf 73' lang='lat' dir='ltr'><strong>XVIII.</strong></span> <span class='ocrx_word' id='word_1_295' title='bbox 689 3563 761 3578; x_wconf 67' lang='grc' dir='ltr'><strong>-ν-</strong></span> <span class='ocrx_word' id='word_1_296' title='bbox 803 3536 871 3590; x_wconf 83' lang='grc' dir='ltr'><strong>1η</strong></span> <span class='ocrx_word' id='word_1_297' title='bbox 915 3535 1070 3589; x_wconf 87' lang='lat' dir='ltr'><strong>domo</strong></span> <span class='ocrx_word' id='word_1_298' title='bbox 1114 3534 1389 3603; x_wconf 77' lang='lat' dir='ltr'><strong>inferiori,</strong></span> <span class='ocrx_word' id='word_1_299' title='bbox 1436 3533 1569 3588; x_wconf 80' lang='lat' dir='ltr'><strong>vices</strong></span> <span class='ocrx_word' id='word_1_300' title='bbox 1614 3532 1808 3602; x_wconf 79' lang='lat' dir='ltr'><strong>prioris</strong></span> 
     </span>
    </p>
   </div>
   <div class='ocr_carea' id='block_1_36' title="bbox 220 3625 1809 3696">
    <p class='ocr_par' dir='ltr' id='par_1_36' title="bbox 220 3625 1809 3696">
     <span class='ocr_line' id='line_1_37' title="bbox 220 3625 1809 3696; baseline -0.005 -11"><span class='ocrx_word' id='word_1_301' title='bbox 220 3646 499 3693; x_wconf 67' lang='lat' dir='ltr'><strong>exercens,</strong></span> <span class='ocrx_word' id='word_1_302' title='bbox 546 3638 680 3694; x_wconf 90' lang='lat' dir='ltr'><strong>ctc.,</strong></span> <span class='ocrx_word' id='word_1_303' title='bbox 718 3628 946 3696; x_wconf 80' lang='lat' dir='ltr'><strong>hospites</strong></span> <span class='ocrx_word' id='word_1_304' title='bbox 986 3627 1222 3694; x_wconf 79' lang='lat' dir='ltr'><strong>suscipit.</strong></span> <span class='ocrx_word' id='word_1_305' title='bbox 1274 3626 1401 3680; x_wconf 88' lang='lat' dir='ltr'><strong>Inde</strong></span> <span class='ocrx_word' id='word_1_306' title='bbox 1447 3625 1676 3680; x_wconf 86' lang='lat' dir='ltr'><strong>evidens</strong></span> <span class='ocrx_word' id='word_1_307' title='bbox 1720 3632 1809 3678; x_wconf 90' lang='lat' dir='ltr'><strong>est</strong></span> 
     </span>
    </p>
   </div>
   <div class='ocr_carea' id='block_1_37' title="bbox 222 3714 1808 3791">
    <p class='ocr_par' dir='ltr' id='par_1_37' title="bbox 222 3714 1808 3791">
     <span class='ocr_line' id='line_1_38' title="bbox 222 3714 1808 3791; baseline -0.004 -18"><span class='ocrx_word' id='word_1_308' title='bbox 222 3723 368 3791; x_wconf 81' lang='lat' dir='ltr'><strong>quod</strong></span> <span class='ocrx_word' id='word_1_309' title='bbox 395 3728 717 3791; x_wconf 80' lang='lat' dir='ltr'><strong>procurator</strong></span> <span class='ocrx_word' id='word_1_310' title='bbox 740 3720 913 3773; x_wconf 86' lang='lat' dir='ltr'><strong>vicem</strong></span> <span class='ocrx_word' id='word_1_311' title='bbox 949 3718 1144 3788; x_wconf 85' lang='lat' dir='ltr'><strong>agebat</strong></span> <span class='ocrx_word' id='word_1_312' title='bbox 1173 3716 1374 3786; x_wconf 87' lang='lat' dir='ltr'><strong>prioris</strong></span> <span class='ocrx_word' id='word_1_313' title='bbox 1416 3716 1470 3769; x_wconf 92' lang='lat' dir='ltr'><strong>iu</strong></span> <span class='ocrx_word' id='word_1_314' title='bbox 1511 3716 1675 3770; x_wconf 91' lang='lat' dir='ltr'><strong>domo</strong></span> <span class='ocrx_word' id='word_1_315' title='bbox 1722 3714 1808 3768; x_wconf 89' lang='lat' dir='ltr'><strong>in-</strong></span> 
     </span>
    </p>
   </div>
   <div class='ocr_carea' id='block_1_38' title="bbox 219 3807 1808 3882">
    <p class='ocr_par' dir='ltr' id='par_1_38' title="bbox 219 3807 1808 3882">
     <span class='ocr_line' id='line_1_39' title="bbox 219 3807 1808 3882; baseline -0.006 -14"><span class='ocrx_word' id='word_1_316' title='bbox 219 3813 444 3877; x_wconf 84' lang='lat' dir='ltr'><strong>feriori,</strong></span> <span class='ocrx_word' id='word_1_317' title='bbox 484 3824 557 3867; x_wconf 76' lang='lat' dir='ltr'><strong>er</strong></span> <span class='ocrx_word' id='word_1_318' title='bbox 581 3811 726 3882; x_wconf 84' lang='lat' dir='ltr'><strong>quod</strong></span> <span class='ocrx_word' id='word_1_319' title='bbox 772 3822 898 3871; x_wconf 86' lang='lat' dir='ltr'><strong>tunc</strong></span> <span class='ocrx_word' id='word_1_320' title='bbox 954 3809 1193 3878; x_wconf 84' lang='lat' dir='ltr'><strong>hospites</strong></span> <span class='ocrx_word' id='word_1_321' title='bbox 1237 3809 1303 3862; x_wconf 91' lang='lat' dir='ltr'><strong>ad</strong></span> <span class='ocrx_word' id='word_1_322' title='bbox 1338 3807 1685 3863; x_wconf 83' lang='lat' dir='ltr'><strong>Carthusiam</strong></span> <span class='ocrx_word' id='word_1_323' title='bbox 1717 3820 1808 3859; x_wconf 81' lang='lat' dir='ltr'><strong>ve-</strong></span> 
     </span>
    </p>
   </div>
   <div class='ocr_carea' id='block_1_39' title="bbox 223 3898 1808 3970">
    <p class='ocr_par' dir='ltr' id='par_1_39' title="bbox 223 3898 1808 3970">
     <span class='ocr_line' id='line_1_40' title="bbox 223 3898 1808 3970; baseline -0.006 -11"><span class='ocrx_word' id='word_1_324' title='bbox 223 3904 439 3961; x_wconf 87' lang='lat' dir='ltr'><strong>nientes</strong></span> <span class='ocrx_word' id='word_1_325' title='bbox 483 3903 537 3958; x_wconf 91' lang='lat' dir='ltr'><strong>in</strong></span> <span class='ocrx_word' id='word_1_326' title='bbox 585 3903 745 3958; x_wconf 90' lang='lat' dir='ltr'><strong>domo</strong></span> <span class='ocrx_word' id='word_1_327' title='bbox 779 3899 1025 3957; x_wconf 81' lang='lat' dir='ltr'><strong>inferiori</strong></span> <span class='ocrx_word' id='word_1_328' title='bbox 1067 3899 1244 3970; x_wconf 91' lang='lat' dir='ltr'><strong>primo</strong></span> <span class='ocrx_word' id='word_1_329' title='bbox 1295 3898 1715 3968; x_wconf 86' lang='lat' dir='ltr'><strong>recipiebantur,</strong></span> <span class='ocrx_word' id='word_1_330' title='bbox 1753 3904 1808 3950; x_wconf 87' lang='lat' dir='ltr'><strong>et</strong></span> 
     </span>
    </p>
   </div>
   <div class='ocr_carea' id='block_1_40' title="bbox 222 3988 1827 4067">
    <p class='ocr_par' dir='ltr' id='par_1_40' title="bbox 222 3988 1827 4067">
     <span class='ocr_line' id='line_1_41' title="bbox 222 3988 1827 4067; baseline -0.011 -15"><span class='ocrx_word' id='word_1_331' title='bbox 222 4006 411 4067; x_wconf 84' lang='lat' dir='ltr'><strong>postea</strong></span> <span class='ocrx_word' id='word_1_332' title='bbox 435 3995 503 4050; x_wconf 90' lang='lat' dir='ltr'><strong>ad</strong></span> <span class='ocrx_word' id='word_1_333' title='bbox 530 3994 764 4065; x_wconf 82' lang='lat' dir='ltr'><strong>priorem</strong></span> <span class='ocrx_word' id='word_1_334' title='bbox 796 3993 865 4049; x_wconf 87' lang='lat' dir='ltr'><strong>ad</strong></span> <span class='ocrx_word' id='word_1_335' title='bbox 898 3992 1114 4046; x_wconf 87' lang='lat' dir='ltr'><strong>domum</strong></span> <span class='ocrx_word' id='word_1_336' title='bbox 1142 3990 1472 4059; x_wconf 82' lang='lat' dir='ltr'><strong>superiorem</strong></span> <span class='ocrx_word' id='word_1_337' title='bbox 1520 3988 1827 4045; x_wconf 66' lang='lat' dir='ltr'><strong>mittebam.</strong></span> 
     </span>
    </p>
   </div>
   <div class='ocr_carea' id='block_1_41' title="bbox 225 4077 1808 4156">
    <p class='ocr_par' dir='ltr' id='par_1_41' title="bbox 225 4077 1808 4156">
     <span class='ocr_line' id='line_1_42' title="bbox 225 4077 1808 4156; baseline -0.009 -10"><span class='ocrx_word' id='word_1_338' title='bbox 225 4099 337 4156; x_wconf 87' lang='lat' dir='ltr'><strong>tur,</strong></span> <span class='ocrx_word' id='word_1_339' title='bbox 366 4097 583 4144; x_wconf 87' lang='lat' dir='ltr'><strong>servata</strong></span> <span class='ocrx_word' id='word_1_340' title='bbox 613 4086 938 4142; x_wconf 85' lang='lat' dir='ltr'><strong>discretione</strong></span> <span class='ocrx_word' id='word_1_341' title='bbox 968 4083 1059 4139; x_wconf 88' lang='lat' dir='ltr'><strong>hic</strong></span> <span class='ocrx_word' id='word_1_342' title='bbox 1082 4091 1288 4147; x_wconf 89' lang='lat' dir='ltr'><strong>notata,</strong></span> <span class='ocrx_word' id='word_1_343' title='bbox 1320 4079 1411 4151; x_wconf 88' lang='lat' dir='ltr'><strong>qui</strong></span> <span class='ocrx_word' id='word_1_344' title='bbox 1443 4089 1623 4134; x_wconf 88' lang='lat' dir='ltr'><strong>tamen</strong></span> <span class='ocrx_word' id='word_1_345' title='bbox 1657 4077 1808 4148; x_wconf 89' lang='lat' dir='ltr'><strong>prior</strong></span> 
     </span>
    </p>
   </div>
   <div class='ocr_carea' id='block_1_42' title="bbox 223 4172 1806 4253">
    <p class='ocr_par' dir='ltr' id='par_1_42' title="bbox 223 4172 1806 4253">
     <span class='ocr_line' id='line_1_43' title="bbox 223 4172 1806 4253; baseline -0.007 -16"><span class='ocrx_word' id='word_1_346' title='bbox 223 4185 292 4239; x_wconf 90' lang='lat' dir='ltr'><strong>ad</strong></span> <span class='ocrx_word' id='word_1_347' title='bbox 315 4182 562 4253; x_wconf 82' lang='lat' dir='ltr'><strong>hospites</strong></span> <span class='ocrx_word' id='word_1_348' title='bbox 584 4179 918 4242; x_wconf 87' lang='lat' dir='ltr'><strong>invisendos,</strong></span> <span class='ocrx_word' id='word_1_349' title='bbox 941 4178 987 4233; x_wconf 91' lang='lat' dir='ltr'><strong>si</strong></span> <span class='ocrx_word' id='word_1_350' title='bbox 1019 4178 1072 4232; x_wconf 90' lang='lat' dir='ltr'><strong>id</strong></span> <span class='ocrx_word' id='word_1_351' title='bbox 1100 4184 1458 4240; x_wconf 87' lang='lat' dir='ltr'><strong>mererentur,</strong></span> <span class='ocrx_word' id='word_1_352' title='bbox 1491 4172 1558 4227; x_wconf 88' lang='lat' dir='ltr'><strong>ad</strong></span> <span class='ocrx_word' id='word_1_353' title='bbox 1586 4174 1806 4227; x_wconf 90' lang='lat' dir='ltr'><strong>domum</strong></span> 
     </span>
    </p>
   </div>
   <div class='ocr_carea' id='block_1_43' title="bbox 224 4264 1809 4340">
    <p class='ocr_par' dir='ltr' id='par_1_43' title="bbox 224 4264 1809 4340">
     <span class='ocr_line' id='line_1_44' title="bbox 224 4264 1809 4340; baseline -0.009 -6"><span class='ocrx_word' id='word_1_354' title='bbox 224 4277 540 4334; x_wconf 85' lang='lat' dir='ltr'><strong>inferiorem</strong></span> <span class='ocrx_word' id='word_1_355' title='bbox 565 4274 946 4340; x_wconf 86' lang='lat' dir='ltr'><strong>descendebat,</strong></span> <span class='ocrx_word' id='word_1_356' title='bbox 983 4279 1042 4325; x_wconf 91' lang='lat' dir='ltr'><strong>ut</strong></span> <span class='ocrx_word' id='word_1_357' title='bbox 1065 4284 1228 4340; x_wconf 89' lang='lat' dir='ltr'><strong>supra</strong></span> <span class='ocrx_word' id='word_1_358' title='bbox 1258 4284 1378 4339; x_wconf 90' lang='lat' dir='ltr'><strong>cap.</strong></span> <span class='ocrx_word' id='word_1_359' title='bbox 1418 4282 1510 4333; x_wconf 85' lang='lat' dir='ltr'><strong>xv,</strong></span> <span class='ocrx_word' id='word_1_360' title='bbox 1541 4285 1597 4322; x_wconf 89' lang='grc' dir='ltr'>ιι.</span> <span class='ocrx_word' id='word_1_361' title='bbox 1627 4264 1683 4332; x_wconf 88' lang='grc'><strong>6,</strong></span> <span class='ocrx_word' id='word_1_362' title='bbox 1714 4280 1809 4321; x_wconf 85' lang='lat' dir='ltr'><strong>ex-</strong></span> 
     </span>
    </p>
   </div>
   <div class='ocr_carea' id='block_1_44' title="bbox 224 4369 1377 4443">
    <p class='ocr_par' dir='ltr' id='par_1_44' title="bbox 224 4369 1377 4443">
     <span class='ocr_line' id='line_1_45' title="bbox 224 4369 1377 4443; baseline -0.017 -17"><span class='ocrx_word' id='word_1_363' title='bbox 224 4369 505 4443; x_wconf 89' lang='lat' dir='ltr'><strong>primitur.</strong></span> <span class='ocrx_word' id='word_1_364' title='bbox 1374 4420 1377 4421; x_wconf 17' lang='grc' dir='ltr'><em>ν</em></span> 
     </span>
    </p>
   </div>
   <div class='ocr_carea' id='block_1_45' title="bbox 297 4450 1811 4526">
    <p class='ocr_par' dir='ltr' id='par_1_45' title="bbox 297 4450 1811 4526">
     <span class='ocr_line' id='line_1_46' title="bbox 297 4450 1811 4526; baseline -0.009 -9"><span class='ocrx_word' id='word_1_365' title='bbox 297 4460 456 4517; x_wconf 77' lang='lat' dir='ltr'><strong>Circa</strong></span> <span class='ocrx_word' id='word_1_366' title='bbox 492 4468 725 4522; x_wconf 71' lang='lat' dir='ltr'><strong>sextam,</strong></span> <span class='ocrx_word' id='word_1_367' title='bbox 765 4465 894 4518; x_wconf 88' lang='lat' dir='ltr'><strong>etc.,</strong></span> <span class='ocrx_word' id='word_1_368' title='bbox 941 4465 987 4511; x_wconf 87' lang='lat' dir='ltr'><strong>et</strong></span> <span class='ocrx_word' id='word_1_369' title='bbox 1022 4456 1347 4526; x_wconf 81' lang='lat' dir='ltr'><strong>prtrcipuum</strong></span> <span class='ocrx_word' id='word_1_370' title='bbox 1390 4468 1499 4508; x_wconf 70' lang='lat' dir='ltr'><strong>non</strong></span> <span class='ocrx_word' id='word_1_371' title='bbox 1534 4460 1612 4507; x_wconf 83' lang='lat' dir='ltr'><strong>est</strong></span> <span class='ocrx_word' id='word_1_372' title='bbox 1658 4450 1811 4522; x_wconf 77' lang='lat' dir='ltr'><strong>jeju-</strong></span> 
     </span>
    </p>
   </div>
   <div class='ocr_carea' id='block_1_46' title="bbox 231 4543 1815 4620">
    <p class='ocr_par' dir='ltr' id='par_1_46' title="bbox 231 4543 1815 4620">
     <span class='ocr_line' id='line_1_47' title="bbox 231 4543 1815 4620; baseline -0.008 -13"><span class='ocrx_word' id='word_1_373' title='bbox 231 4553 401 4617; x_wconf 73' lang='lat' dir='ltr'><strong>nium,</strong></span> <span class='ocrx_word' id='word_1_374' title='bbox 431 4551 672 4620; x_wconf 84' lang='lat' dir='ltr'><strong>prandet,</strong></span> <span class='ocrx_word' id='word_1_375' title='bbox 703 4560 809 4603; x_wconf 85' lang='lat' dir='ltr'><strong>etc.</strong></span> <span class='ocrx_word' id='word_1_376' title='bbox 840 4547 896 4603; x_wconf 83' lang='grc' dir='ltr'><strong>ιιι</strong></span> <span class='ocrx_word' id='word_1_377' title='bbox 927 4548 1028 4602; x_wconf 87' lang='lat' dir='ltr'><strong>hoc</strong></span> <span class='ocrx_word' id='word_1_378' title='bbox 1053 4554 1278 4616; x_wconf 82' lang='lat' dir='ltr'><strong>apparet</strong></span> <span class='ocrx_word' id='word_1_379' title='bbox 1301 4553 1563 4612; x_wconf 84' lang='lat' dir='ltr'><strong>quantum</strong></span> <span class='ocrx_word' id='word_1_380' title='bbox 1597 4543 1815 4597; x_wconf 88' lang='lat' dir='ltr'><strong>abesset</strong></span> 
     </span>
    </p>
   </div>
   <div class='ocr_carea' id='block_1_47' title="bbox 228 4636 1811 4711">
    <p class='ocr_par' dir='ltr' id='par_1_47' title="bbox 228 4636 1811 4711">
     <span class='ocr_line' id='line_1_48' title="bbox 228 4636 1811 4711; baseline -0.007 -13"><span class='ocrx_word' id='word_1_381' title='bbox 228 4660 261 4698; x_wconf 90' lang='lat' dir='ltr'><strong>a</strong></span> <span class='ocrx_word' id='word_1_382' title='bbox 296 4641 488 4711; x_wconf 78' lang='lat' dir='ltr'><strong>primis</strong></span> <span class='ocrx_word' id='word_1_383' title='bbox 529 4640 734 4693; x_wconf 82' lang='lat' dir='ltr'><strong>ordinis</strong></span> <span class='ocrx_word' id='word_1_384' title='bbox 789 4638 1188 4708; x_wconf 82' lang='lat' dir='ltr'><strong>professoribus</strong></span> <span class='ocrx_word' id='word_1_385' title='bbox 1239 4636 1516 4691; x_wconf 86' lang='lat' dir='ltr'><strong>obstinata</strong></span> <span class='ocrx_word' id='word_1_386' title='bbox 1565 4636 1811 4703; x_wconf 67' lang='lat' dir='ltr'><strong>quautam</strong></span> 
     </span>
    </p>
   </div>
   <div class='ocr_carea' id='block_1_48' title="bbox 227 4727 1815 4797">
    <p class='ocr_par' dir='ltr' id='par_1_48' title="bbox 227 4727 1815 4797">
     <span class='ocr_line' id='line_1_49' title="bbox 227 4727 1815 4797; baseline -0.006 -9"><span class='ocrx_word' id='word_1_387' title='bbox 227 4731 563 4788; x_wconf 65' lang='lat' dir='ltr'><strong>adhaerentia</strong></span> <span class='ocrx_word' id='word_1_388' title='bbox 594 4732 706 4784; x_wconf 89' lang='lat' dir='ltr'><strong>suis</strong></span> <span class='ocrx_word' id='word_1_389' title='bbox 743 4728 1117 4793; x_wconf 85' lang='lat' dir='ltr'><strong>abstinentiis,</strong></span> <span class='ocrx_word' id='word_1_390' title='bbox 1153 4742 1290 4797; x_wconf 89' lang='lat' dir='ltr'><strong>quas</strong></span> <span class='ocrx_word' id='word_1_391' title='bbox 1334 4727 1644 4781; x_wconf 87' lang='lat' dir='ltr'><strong>subdendas</strong></span> <span class='ocrx_word' id='word_1_392' title='bbox 1694 4738 1815 4778; x_wconf 84' lang='lat' dir='ltr'><strong>esse</strong></span> 
     </span>
    </p>
   </div>
   <div class='ocr_carea' id='block_1_49' title="bbox 227 4814 1816 4895">
    <p class='ocr_par' dir='ltr' id='par_1_49' title="bbox 227 4814 1816 4895">
     <span class='ocr_line' id='line_1_50' title="bbox 227 4814 1816 4895; baseline -0.008 -15"><span class='ocrx_word' id='word_1_393' title='bbox 227 4824 522 4895; x_wconf 84' lang='lat' dir='ltr'><strong>aliquando</strong></span> <span class='ocrx_word' id='word_1_394' title='bbox 566 4822 822 4879; x_wconf 83' lang='lat' dir='ltr'><strong>cbaritati</strong></span> <span class='ocrx_word' id='word_1_395' title='bbox 866 4831 943 4875; x_wconf 87' lang='lat' dir='ltr'><strong>et-</strong></span> <span class='ocrx_word' id='word_1_396' title='bbox 970 4835 1186 4889; x_wconf 80' lang='lat' dir='ltr'><strong>semper</strong></span> <span class='ocrx_word' id='word_1_397' title='bbox 1226 4816 1581 4880; x_wconf 60' lang='lat' dir='ltr'><strong>obedientiie,</strong></span> <span class='ocrx_word' id='word_1_398' title='bbox 1637 4814 1816 4868; x_wconf 86' lang='lat' dir='ltr'><strong>verbis</strong></span> 
     </span>
    </p>
   </div>
   <div class='ocr_carea' id='block_1_50' title="bbox 228 4903 1815 4981">
    <p class='ocr_par' dir='ltr' id='par_1_50' title="bbox 228 4903 1815 4981">
     <span class='ocr_line' id='line_1_51' title="bbox 228 4903 1815 4981; baseline -0.008 -12"><span class='ocrx_word' id='word_1_399' title='bbox 228 4914 502 4970; x_wconf 88' lang='lat' dir='ltr'><strong>docebant</strong></span> <span class='ocrx_word' id='word_1_400' title='bbox 547 4923 601 4967; x_wconf 88' lang='lat' dir='ltr'><strong>et</strong></span> <span class='ocrx_word' id='word_1_401' title='bbox 630 4912 892 4981; x_wconf 82' lang='lat' dir='ltr'><strong>exemplis</strong></span> <span class='ocrx_word' id='word_1_402' title='bbox 932 4908 1400 4966; x_wconf 83' lang='lat' dir='ltr'><strong>demonstrabant.</strong></span> <span class='ocrx_word' id='word_1_403' title='bbox 1436 4906 1555 4971; x_wconf 85' lang='lat' dir='ltr'><strong>Quo</strong></span> <span class='ocrx_word' id='word_1_404' title='bbox 1605 4903 1712 4958; x_wconf 82' lang='lat' dir='ltr'><strong>(ine</strong></span> <span class='ocrx_word' id='word_1_405' title='bbox 1761 4903 1815 4956; x_wconf 88' lang='lat' dir='ltr'><strong>id</strong></span> 
     </span>
    </p>
   </div>
   <div class='ocr_carea' id='block_1_51' title="bbox 230 4996 1814 5075">
    <p class='ocr_par' dir='ltr' id='par_1_51' title="bbox 230 4996 1814 5075">
     <span class='ocr_line' id='line_1_52' title="bbox 230 4996 1814 5075; baseline -0.007 -13"><span class='ocrx_word' id='word_1_406' title='bbox 230 5006 517 5063; x_wconf 84' lang='lat' dir='ltr'><strong>facerent?</strong></span> <span class='ocrx_word' id='word_1_407' title='bbox 564 5004 634 5061; x_wconf 79' lang='lat' dir='ltr'><strong>Ut</strong></span> <span class='ocrx_word' id='word_1_408' title='bbox 672 5004 944 5075; x_wconf 81' lang='lat' dir='ltr'><strong>prepriam</strong></span> <span class='ocrx_word' id='word_1_409' title='bbox 983 5001 1325 5057; x_wconf 89' lang='lat' dir='ltr'><strong>subditorum</strong></span> <span class='ocrx_word' id='word_1_410' title='bbox 1367 4998 1577 5053; x_wconf 82' lang='lat' dir='ltr'><strong>ordinis</strong></span> <span class='ocrx_word' id='word_1_411' title='bbox 1625 4996 1814 5051; x_wconf 81' lang='lat' dir='ltr'><strong>volun-</strong></span> 
     </span>
    </p>
   </div>
   <div class='ocr_carea' id='block_1_52' title="bbox 232 5089 1813 5162">
    <p class='ocr_par' dir='ltr' id='par_1_52' title="bbox 232 5089 1813 5162">
     <span class='ocr_line' id='line_1_53' title="bbox 232 5089 1813 5162; baseline -0.007 -9"><span class='ocrx_word' id='word_1_412' title='bbox 232 5107 405 5153; x_wconf 89' lang='lat' dir='ltr'><strong>tatem</strong></span> <span class='ocrx_word' id='word_1_413' title='bbox 436 5097 504 5151; x_wconf 89' lang='lat' dir='ltr'><strong>ad</strong></span> <span class='ocrx_word' id='word_1_414' title='bbox 535 5096 717 5149; x_wconf 86' lang='lat' dir='ltr'><strong>omnia</strong></span> <span class='ocrx_word' id='word_1_415' title='bbox 748 5109 961 5162; x_wconf 81' lang='lat' dir='ltr'><strong>semper</strong></span> <span class='ocrx_word' id='word_1_416' title='bbox 987 5090 1273 5151; x_wconf 80' lang='lat' dir='ltr'><strong>ﬂexibilem</strong></span> <span class='ocrx_word' id='word_1_417' title='bbox 1303 5089 1609 5152; x_wconf 84' lang='lat' dir='ltr'><strong>redderent,</strong></span> <span class='ocrx_word' id='word_1_418' title='bbox 1634 5095 1689 5141; x_wconf 91' lang='lat' dir='ltr'><strong>et</strong></span> <span class='ocrx_word' id='word_1_419' title='bbox 1719 5101 1813 5142; x_wconf 80' lang='lat' dir='ltr'><strong>ex-</strong></span> 
     </span>
    </p>
   </div>
   <div class='ocr_carea' id='block_1_53' title="bbox 230 5177 1818 5248">
    <p class='ocr_par' dir='ltr' id='par_1_53' title="bbox 230 5177 1818 5248">
     <span class='ocr_line' id='line_1_54' title="bbox 230 5177 1818 5248; baseline -0.009 -4"><span class='ocrx_word' id='word_1_420' title='bbox 230 5188 484 5244; x_wconf 84' lang='lat' dir='ltr'><strong>hiberem</strong></span> <span class='ocrx_word' id='word_1_421' title='bbox 518 5186 586 5239; x_wconf 83' lang='lat' dir='ltr'><strong>ad</strong></span> <span class='ocrx_word' id='word_1_422' title='bbox 617 5183 788 5240; x_wconf 85' lang='lat' dir='ltr'><strong>nostri</strong></span> <span class='ocrx_word' id='word_1_423' title='bbox 836 5182 1067 5238; x_wconf 87' lang='lat' dir='ltr'><strong>instituti</strong></span> <span class='ocrx_word' id='word_1_424' title='bbox 1101 5180 1362 5235; x_wconf 89' lang='lat' dir='ltr'><strong>rationem</strong></span> <span class='ocrx_word' id='word_1_425' title='bbox 1410 5177 1715 5248; x_wconf 90' lang='lat' dir='ltr'><strong>pertinere,</strong></span> <span class='ocrx_word' id='word_1_426' title='bbox 1754 5184 1818 5231; x_wconf 88' lang='lat' dir='ltr'><strong>ut</strong></span> 
     </span>
    </p>
   </div>
   <div class='ocr_carea' id='block_1_54' title="bbox 228 5269 1815 5346">
    <p class='ocr_par' dir='ltr' id='par_1_54' title="bbox 228 5269 1815 5346">
     <span class='ocr_line' id='line_1_55' title="bbox 228 5269 1815 5346; baseline -0.01 -10"><span class='ocrx_word' id='word_1_427' title='bbox 228 5279 414 5336; x_wconf 86' lang='lat' dir='ltr'><strong>omnia</strong></span> <span class='ocrx_word' id='word_1_428' title='bbox 452 5278 737 5339; x_wconf 88' lang='lat' dir='ltr'><strong>onmibus,</strong></span> <span class='ocrx_word' id='word_1_429' title='bbox 788 5284 1049 5346; x_wconf 89' lang='lat' dir='ltr'><strong>quantum</strong></span> <span class='ocrx_word' id='word_1_430' title='bbox 1102 5273 1264 5336; x_wconf 86' lang='lat' dir='ltr'><strong>satis,</strong></span> <span class='ocrx_word' id='word_1_431' title='bbox 1315 5272 1431 5326; x_wconf 87' lang='lat' dir='ltr'><strong>ﬁeri</strong></span> <span class='ocrx_word' id='word_1_432' title='bbox 1480 5269 1815 5325; x_wconf 81' lang='lat' dir='ltr'><strong>Studeamus.</strong></span> 
     </span>
    </p>
   </div>
   <div class='ocr_carea' id='block_1_55' title="bbox 231 5359 1818 5440">
    <p class='ocr_par' dir='ltr' id='par_1_55' title="bbox 231 5359 1818 5440">
     <span class='ocr_line' id='line_1_56' title="bbox 231 5359 1818 5440; baseline -0.008 -13"><span class='ocrx_word' id='word_1_433' title='bbox 231 5368 635 5440; x_wconf 84' lang='lat' dir='ltr'><strong>Hospitalitatis</strong></span> <span class='ocrx_word' id='word_1_434' title='bbox 664 5381 794 5438; x_wconf 83' lang='lat' dir='ltr'><strong>ergo</strong></span> <span class='ocrx_word' id='word_1_435' title='bbox 822 5366 997 5435; x_wconf 81' lang='lat' dir='ltr'><strong>gratia</strong></span> <span class='ocrx_word' id='word_1_436' title='bbox 1036 5365 1278 5433; x_wconf 86' lang='lat' dir='ltr'><strong>hospites</strong></span> <span class='ocrx_word' id='word_1_437' title='bbox 1308 5363 1690 5426; x_wconf 82' lang='lat' dir='ltr'><strong>advenientes,</strong></span> <span class='ocrx_word' id='word_1_438' title='bbox 1738 5359 1818 5415; x_wconf 90' lang='lat' dir='ltr'><strong>sic</strong></span> 
     </span>
    </p>
   </div>
   <div class='ocr_carea' id='block_1_56' title="bbox 227 5451 1819 5533">
    <p class='ocr_par' dir='ltr' id='par_1_56' title="bbox 227 5451 1819 5533">
     <span class='ocr_line' id='line_1_57' title="bbox 227 5451 1819 5533; baseline -0.007 -16"><span class='ocrx_word' id='word_1_439' title='bbox 227 5460 465 5533; x_wconf 84' lang='lat' dir='ltr'><strong>probata</strong></span> <span class='ocrx_word' id='word_1_440' title='bbox 493 5458 778 5515; x_wconf 89' lang='lat' dir='ltr'><strong>cbaritatis</strong></span> <span class='ocrx_word' id='word_1_441' title='bbox 812 5456 1121 5512; x_wconf 84' lang='lat' dir='ltr'><strong>urbanitate</strong></span> <span class='ocrx_word' id='word_1_442' title='bbox 1159 5455 1301 5526; x_wconf 89' lang='lat' dir='ltr'><strong>apud</strong></span> <span class='ocrx_word' id='word_1_443' title='bbox 1343 5470 1443 5509; x_wconf 89' lang='lat' dir='ltr'><strong>nos</strong></span> <span class='ocrx_word' id='word_1_444' title='bbox 1472 5452 1641 5523; x_wconf 85' lang='lat' dir='ltr'><strong>recipi</strong></span> <span class='ocrx_word' id='word_1_445' title='bbox 1674 5451 1819 5507; x_wconf 84' lang='lat' dir='ltr'><strong>vole-</strong></span> 
     </span>
    </p>
   </div>
   <div class='ocr_carea' id='block_1_57' title="bbox 301 5606 1812 5679">
    <p class='ocr_par' dir='ltr' id='par_1_57' title="bbox 301 5606 1812 5679">
     <span class='ocr_line' id='line_1_58' title="bbox 301 5606 1812 5679; baseline -0.003 -13"><span class='ocrx_word' id='word_1_446' title='bbox 301 5612 384 5679; x_wconf 80' lang='lat'><strong>(5)</strong></span> <span class='ocrx_word' id='word_1_447' title='bbox 421 5611 648 5679; x_wconf 85' lang='lat' dir='ltr'><strong>Quando</strong></span> <span class='ocrx_word' id='word_1_448' title='bbox 688 5612 753 5666; x_wconf 93' lang='lat' dir='ltr'><strong>de</strong></span> <span class='ocrx_word' id='word_1_449' title='bbox 784 5607 1128 5665; x_wconf 89' lang='lat' dir='ltr'><strong>instituendis</strong></span> <span class='ocrx_word' id='word_1_450' title='bbox 1169 5623 1267 5679; x_wconf 90' lang='lat' dir='ltr'><strong>pro</strong></span> <span class='ocrx_word' id='word_1_451' title='bbox 1313 5607 1444 5663; x_wconf 81' lang='lat' dir='ltr'><strong>viris</strong></span> <span class='ocrx_word' id='word_1_452' title='bbox 1468 5606 1812 5679; x_wconf 84' lang='lat' dir='ltr'><strong>militaribus</strong></span> 
     </span>
    </p>
   </div>
   <div class='ocr_carea' id='block_1_58' title="bbox 226 5678 1811 5753">
    <p class='ocr_par' dir='ltr' id='par_1_58' title="bbox 226 5678 1811 5753">
     <span class='ocr_line' id='line_1_59' title="bbox 226 5678 1811 5753; baseline -0.004 -13"><span class='ocrx_word' id='word_1_453' title='bbox 226 5678 533 5753; x_wconf 79' lang='lat' dir='ltr'><strong>Splendidis</strong></span> <span class='ocrx_word' id='word_1_454' title='bbox 577 5682 841 5736; x_wconf 72' lang='lat' dir='ltr'><strong>COﬂVlVlIS</strong></span> <span class='ocrx_word' id='word_1_455' title='bbox 880 5678 1181 5753; x_wconf 75' lang='lat' dir='ltr'><strong>loquimur,</strong></span> <span class='ocrx_word' id='word_1_456' title='bbox 1210 5679 1268 5753; x_wconf 85' lang='lat' dir='ltr'><strong>id</strong></span> <span class='ocrx_word' id='word_1_457' title='bbox 1294 5695 1404 5753; x_wconf 23' lang='lat' dir='ltr'><strong>Anon</strong></span> <span class='ocrx_word' id='word_1_458' title='bbox 1461 5678 1811 5753; x_wconf 81' lang='lat' dir='ltr'><strong>intelligimus</strong></span> 
     </span>
    </p>
   </div>
   <div class='ocr_carea' id='block_1_59' title="bbox 228 5749 1809 5818">
    <p class='ocr_par' dir='ltr' id='par_1_59' title="bbox 228 5749 1809 5818">
     <span class='ocr_line' id='line_1_60' title="bbox 228 5749 1809 5818; baseline -0.004 -8"><span class='ocrx_word' id='word_1_459' title='bbox 228 5749 530 5810; x_wconf 54' lang='lat' dir='ltr'><strong>chndum</strong></span> <span class='ocrx_word' id='word_1_460' title='bbox 555 5767 710 5806; x_wconf 87' lang='lat' dir='ltr'><strong>usum</strong></span> <span class='ocrx_word' id='word_1_461' title='bbox 733 5752 1008 5808; x_wconf 63' lang='lat' dir='ltr'><strong>sazcularis</strong></span> <span class='ocrx_word' id='word_1_462' title='bbox 1037 5749 1358 5818; x_wconf 88' lang='lat' dir='ltr'><strong>splendoris,</strong></span> <span class='ocrx_word' id='word_1_463' title='bbox 1386 5749 1479 5803; x_wconf 87' lang='lat' dir='ltr'><strong>sed</strong></span> <span class='ocrx_word' id='word_1_464' title='bbox 1510 5750 1809 5804; x_wconf 87' lang='lat' dir='ltr'><strong>secundum</strong></span> 
     </span>
    </p>
   </div>
   <div class='ocr_carea' id='block_1_60' title="bbox 231 5818 1801 5893">
    <p class='ocr_par' dir='ltr' id='par_1_60' title="bbox 231 5818 1801 5893">
     <span class='ocr_line' id='line_1_61' title="bbox 231 5818 1801 5893; baseline -0.004 -13"><span class='ocrx_word' id='word_1_465' title='bbox 231 5839 395 5880; x_wconf 88' lang='lat' dir='ltr'><strong>usum</strong></span> <span class='ocrx_word' id='word_1_466' title='bbox 423 5823 653 5893; x_wconf 85' lang='lat' dir='ltr'><strong>ordinis,</strong></span> <span class='ocrx_word' id='word_1_467' title='bbox 686 5822 739 5878; x_wconf 90' lang='lat' dir='ltr'><strong>id</strong></span> <span class='ocrx_word' id='word_1_468' title='bbox 773 5832 854 5879; x_wconf 86' lang='lat' dir='ltr'><strong>est</strong></span> <span class='ocrx_word' id='word_1_469' title='bbox 887 5821 1031 5893; x_wconf 89' lang='lat' dir='ltr'><strong>quod</strong></span> <span class='ocrx_word' id='word_1_470' title='bbox 1056 5821 1301 5878; x_wconf 75' lang='lat' dir='ltr'><strong>convivia</strong></span> <span class='ocrx_word' id='word_1_471' title='bbox 1329 5820 1429 5877; x_wconf 82' lang='lat' dir='ltr'><strong>ista</strong></span> <span class='ocrx_word' id='word_1_472' title='bbox 1471 5818 1748 5890; x_wconf 85' lang='lat' dir='ltr'><strong>splendida</strong></span> <span class='ocrx_word' id='word_1_473' title='bbox 1775 5837 1801 5874; x_wconf 68' lang='grc' dir='ltr'><strong>ιι</strong></span> 
     </span>
    </p>
   </div>
   <div class='ocr_carea' id='block_1_61' title="bbox 1900 1621 3494 1701">
    <p class='ocr_par' dir='ltr' id='par_1_61' title="bbox 1900 1621 3494 1701">
     <span class='ocr_line' id='line_1_62' title="bbox 1900 1621 3494 1701; baseline 0.007 -26"><span class='ocrx_word' id='word_1_474' title='bbox 1900 1631 2162 1678; x_wconf 78' lang='lat' dir='ltr'><strong>curatore</strong></span> <span class='ocrx_word' id='word_1_475' title='bbox 2199 1621 2321 1679; x_wconf 76' lang='lat' dir='ltr'><strong>illos</strong></span> <span class='ocrx_word' id='word_1_476' title='bbox 2345 1625 2667 1695; x_wconf 80' lang='lat' dir='ltr'><strong>excipiente.</strong></span> <span class='ocrx_word' id='word_1_477' title='bbox 2699 1625 2936 1681; x_wconf 82' lang='lat' dir='ltr'><strong>Verbum</strong></span> <span class='ocrx_word' id='word_1_478' title='bbox 2970 1638 3182 1697; x_wconf 86' lang='lat' dir='ltr'><strong>autem,</strong></span> <span class='ocrx_word' id='word_1_479' title='bbox 3230 1634 3494 1701; x_wconf 76' lang='lat' dir='ltr'><strong>prandet,</strong></span> 
     </span>
    </p>
   </div>
   <div class='ocr_carea' id='block_1_62' title="bbox 1907 1714 3490 1792">
    <p class='ocr_par' dir='ltr' id='par_1_62' title="bbox 1907 1714 3490 1792">
     <span class='ocr_line' id='line_1_63' title="bbox 1907 1714 3490 1792; baseline 0.007 -25"><span class='ocrx_word' id='word_1_480' title='bbox 1907 1727 2015 1782; x_wconf 81' lang='lat' dir='ltr'><strong>quo</strong></span> <span class='ocrx_word' id='word_1_481' title='bbox 2052 1714 2218 1768; x_wconf 83' lang='lat' dir='ltr'><strong>etiam</strong></span> <span class='ocrx_word' id='word_1_482' title='bbox 2265 1729 2477 1770; x_wconf 66' lang='lat' dir='ltr'><strong>orenam</strong></span> <span class='ocrx_word' id='word_1_483' title='bbox 2500 1716 2756 1784; x_wconf 77' lang='lat' dir='ltr'><strong>exprimit</strong></span> <span class='ocrx_word' id='word_1_484' title='bbox 2789 1717 2853 1771; x_wconf 74' lang='grc' dir='ltr'><strong>Β.</strong></span> <span class='ocrx_word' id='word_1_485' title='bbox 2886 1717 3048 1774; x_wconf 88' lang='lat' dir='ltr'><strong>Pater</strong></span> <span class='ocrx_word' id='word_1_486' title='bbox 3077 1719 3285 1792; x_wconf 87' lang='lat' dir='ltr'><strong>Guigo,</strong></span> <span class='ocrx_word' id='word_1_487' title='bbox 3314 1721 3490 1778; x_wconf 77' lang='lat' dir='ltr'><strong>tecto-</strong></span> 
     </span>
    </p>
   </div>
   <div class='ocr_carea' id='block_1_63' title="bbox 1908 1806 3487 1883">
    <p class='ocr_par' dir='ltr' id='par_1_63' title="bbox 1908 1806 3487 1883">
     <span class='ocr_line' id='line_1_64' title="bbox 1908 1806 3487 1883; baseline 0.006 -26"><span class='ocrx_word' id='word_1_488' title='bbox 1908 1819 2024 1860; x_wconf 89' lang='lat' dir='ltr'><strong>rem</strong></span> <span class='ocrx_word' id='word_1_489' title='bbox 2061 1818 2280 1860; x_wconf 88' lang='lat' dir='ltr'><strong>movere</strong></span> <span class='ocrx_word' id='word_1_490' title='bbox 2325 1820 2430 1860; x_wconf 86' lang='lat' dir='ltr'><strong>non</strong></span> <span class='ocrx_word' id='word_1_491' title='bbox 2460 1806 2623 1861; x_wconf 84' lang='lat' dir='ltr'><strong>debet</strong></span> <span class='ocrx_word' id='word_1_492' title='bbox 2664 1822 2786 1862; x_wconf 92' lang='lat' dir='ltr'><strong>cum</strong></span> <span class='ocrx_word' id='word_1_493' title='bbox 2822 1808 2975 1877; x_wconf 80' lang='lat' dir='ltr'><strong>alibi,</strong></span> <span class='ocrx_word' id='word_1_494' title='bbox 3003 1825 3196 1881; x_wconf 90' lang='lat' dir='ltr'><strong>nempe</strong></span> <span class='ocrx_word' id='word_1_495' title='bbox 3234 1827 3356 1883; x_wconf 88' lang='lat' dir='ltr'><strong>cap.</strong></span> <span class='ocrx_word' id='word_1_496' title='bbox 3409 1812 3443 1867; x_wconf 84' lang='lat'><strong>5</strong></span> <span class='ocrx_word' id='word_1_497' title='bbox 3467 1853 3487 1880; x_wconf 93' lang='lat'><strong>,</strong></span> 
     </span>
    </p>
   </div>
   <div class='ocr_carea' id='block_1_64' title="bbox 1907 1897 3493 1970">
    <p class='ocr_par' dir='ltr' id='par_1_64' title="bbox 1907 1897 3493 1970">
     <span class='ocr_line' id='line_1_65' title="bbox 1907 1897 3493 1970; baseline 0.004 -19"><span class='ocrx_word' id='word_1_498' title='bbox 1907 1912 1964 1951; x_wconf 71' lang='grc' dir='ltr'>ιι.</span> <span class='ocrx_word' id='word_1_499' title='bbox 1996 1897 2048 1962; x_wconf 91' lang='grc'>7,</span> <span class='ocrx_word' id='word_1_500' title='bbox 2078 1897 2270 1952; x_wconf 87' lang='lat' dir='ltr'><strong>eodem</strong></span> <span class='ocrx_word' id='word_1_501' title='bbox 2318 1902 2484 1953; x_wconf 88' lang='lat' dir='ltr'><strong>verbo</strong></span> <span class='ocrx_word' id='word_1_502' title='bbox 2530 1899 2597 1953; x_wconf 88' lang='lat' dir='ltr'><strong>ad</strong></span> <span class='ocrx_word' id='word_1_503' title='bbox 2647 1901 3058 1970; x_wconf 81' lang='lat' dir='ltr'><strong>exprimendum</strong></span> <span class='ocrx_word' id='word_1_504' title='bbox 3089 1911 3200 1957; x_wconf 88' lang='lat' dir='ltr'><strong>tum</strong></span> <span class='ocrx_word' id='word_1_505' title='bbox 3252 1912 3493 1970; x_wconf 54' lang='lat' dir='ltr'><strong>cuinam,</strong></span> 
     </span>
    </p>
   </div>
   <div class='ocr_carea' id='block_1_65' title="bbox 1909 1991 2565 2062">
    <p class='ocr_par' dir='ltr' id='par_1_65' title="bbox 1909 1991 2565 2062">
     <span class='ocr_line' id='line_1_66' title="bbox 1909 1991 2565 2062; baseline 0.002 -16"><span class='ocrx_word' id='word_1_506' title='bbox 1909 2000 2021 2047; x_wconf 89' lang='lat' dir='ltr'><strong>tum</strong></span> <span class='ocrx_word' id='word_1_507' title='bbox 2049 1991 2336 2062; x_wconf 87' lang='lat' dir='ltr'><strong>prandium</strong></span> <span class='ocrx_word' id='word_1_508' title='bbox 2361 2001 2565 2047; x_wconf 91' lang='lat' dir='ltr'><strong>utatur.</strong></span> 
     </span>
    </p>
   </div>
   <div class='ocr_carea' id='block_1_66' title="bbox 1978 2082 3489 2154">
    <p class='ocr_par' dir='ltr' id='par_1_66' title="bbox 1978 2082 3489 2154">
     <span class='ocr_line' id='line_1_67' title="bbox 1978 2082 3489 2154; baseline 0.001 -18"><span class='ocrx_word' id='word_1_509' title='bbox 1978 2083 2373 2153; x_wconf 89' lang='lat' dir='ltr'><strong>Hospitalitatis</strong></span> <span class='ocrx_word' id='word_1_510' title='bbox 2442 2082 2626 2153; x_wconf 87' lang='lat' dir='ltr'><strong>itaque</strong></span> <span class='ocrx_word' id='word_1_511' title='bbox 2684 2084 2948 2154; x_wconf 69' lang='lat' dir='ltr'><strong>religiosas</strong></span> <span class='ocrx_word' id='word_1_512' title='bbox 3001 2084 3305 2149; x_wconf 83' lang='lat' dir='ltr'><strong>urbanitas,</strong></span> <span class='ocrx_word' id='word_1_513' title='bbox 3363 2098 3489 2152; x_wconf 62' lang='lat' dir='ltr'><strong>quas</strong></span> 
     </span>
    </p>
   </div>
   <div class='ocr_carea' id='block_1_67' title="bbox 1906 2168 3503 2243">
    <p class='ocr_par' dir='ltr' id='par_1_67' title="bbox 1906 2168 3503 2243">
     <span class='ocr_line' id='line_1_68' title="bbox 1906 2168 3503 2243; baseline 0.003 -18"><span class='ocrx_word' id='word_1_514' title='bbox 1906 2168 2016 2227; x_wconf 86' lang='lat' dir='ltr'><strong>huc</strong></span> <span class='ocrx_word' id='word_1_515' title='bbox 2062 2186 2235 2241; x_wconf 89' lang='lat' dir='ltr'><strong>usque</strong></span> <span class='ocrx_word' id='word_1_516' title='bbox 2284 2172 2339 2226; x_wconf 89' lang='lat' dir='ltr'><strong>in</strong></span> <span class='ocrx_word' id='word_1_517' title='bbox 2381 2172 2572 2228; x_wconf 89' lang='lat' dir='ltr'><strong>ordine</strong></span> <span class='ocrx_word' id='word_1_518' title='bbox 2628 2172 2730 2227; x_wconf 87' lang='lat' dir='ltr'><strong>fuit</strong></span> <span class='ocrx_word' id='word_1_519' title='bbox 2775 2174 3180 2240; x_wconf 86' lang='lat' dir='ltr'><strong>commendata,</strong></span> <span class='ocrx_word' id='word_1_520' title='bbox 3221 2188 3252 2227; x_wconf 88' lang='lat' dir='ltr'><strong>a</strong></span> <span class='ocrx_word' id='word_1_521' title='bbox 3301 2172 3503 2243; x_wconf 81' lang='lat' dir='ltr'><strong>primis</strong></span> 
     </span>
    </p>
   </div>
   <div class='ocr_carea' id='block_1_68' title="bbox 1909 2251 3496 2336">
    <p class='ocr_par' dir='ltr' id='par_1_68' title="bbox 1909 2251 3496 2336">
     <span class='ocr_line' id='line_1_69' title="bbox 1909 2251 3496 2336; baseline 0.001 -18"><span class='ocrx_word' id='word_1_522' title='bbox 1909 2251 2165 2320; x_wconf 80' lang='lat' dir='ltr'><strong>Patribus</strong></span> <span class='ocrx_word' id='word_1_523' title='bbox 2218 2265 2422 2320; x_wconf 87' lang='lat' dir='ltr'><strong>nostris</strong></span> <span class='ocrx_word' id='word_1_524' title='bbox 2465 2264 2732 2336; x_wconf 85' lang='lat' dir='ltr'><strong>originem</strong></span> <span class='ocrx_word' id='word_1_525' title='bbox 2781 2265 3033 2335; x_wconf 91' lang='lat' dir='ltr'><strong>sumpsit,</strong></span> <span class='ocrx_word' id='word_1_526' title='bbox 3057 2278 3178 2335; x_wconf 57' lang='lat' dir='ltr'><strong>qua</strong></span> <span class='ocrx_word' id='word_1_527' title='bbox 3205 2265 3249 2320; x_wconf 87' lang='lat' dir='ltr'><strong>si</strong></span> <span class='ocrx_word' id='word_1_528' title='bbox 3280 2279 3496 2335; x_wconf 88' lang='lat' dir='ltr'><strong>semper</strong></span> 
     </span>
    </p>
   </div>
   <div class='ocr_carea' id='block_1_69' title="bbox 1907 2355 3493 2425">
    <p class='ocr_par' dir='ltr' id='par_1_69' title="bbox 1907 2355 3493 2425">
     <span class='ocr_line' id='line_1_70' title="bbox 1907 2355 3493 2425; baseline -0.002 -13"><span class='ocrx_word' id='word_1_529' title='bbox 1907 2366 1964 2412; x_wconf 90' lang='lat' dir='ltr'><strong>et</strong></span> <span class='ocrx_word' id='word_1_530' title='bbox 1992 2355 2191 2425; x_wconf 85' lang='lat' dir='ltr'><strong>ubique</strong></span> <span class='ocrx_word' id='word_1_531' title='bbox 2222 2357 2276 2411; x_wconf 91' lang='lat' dir='ltr'><strong>in</strong></span> <span class='ocrx_word' id='word_1_532' title='bbox 2305 2357 2557 2412; x_wconf 88' lang='lat' dir='ltr'><strong>domibus</strong></span> <span class='ocrx_word' id='word_1_533' title='bbox 2597 2366 2845 2411; x_wconf 87' lang='lat' dir='ltr'><strong>servetur</strong></span> <span class='ocrx_word' id='word_1_534' title='bbox 2862 2355 3017 2425; x_wconf 81' lang='lat' dir='ltr'><strong>juxta</strong></span> <span class='ocrx_word' id='word_1_535' title='bbox 3066 2357 3493 2412; x_wconf 88' lang='lat' dir='ltr'><strong>moderationem</strong></span> 
     </span>
    </p>
   </div>
   <div class='ocr_carea' id='block_1_70' title="bbox 1905 2448 3494 2519">
    <p class='ocr_par' dir='ltr' id='par_1_70' title="bbox 1905 2448 3494 2519">
     <span class='ocr_line' id='line_1_71' title="bbox 1905 2448 3494 2519; baseline -0.002 -15"><span class='ocrx_word' id='word_1_536' title='bbox 1905 2458 1962 2504; x_wconf 90' lang='lat' dir='ltr'><strong>et</strong></span> <span class='ocrx_word' id='word_1_537' title='bbox 2009 2450 2394 2504; x_wconf 85' lang='lat' dir='ltr'><strong>discretionem</strong></span> <span class='ocrx_word' id='word_1_538' title='bbox 2445 2449 2498 2503; x_wconf 93' lang='lat' dir='ltr'><strong>in</strong></span> <span class='ocrx_word' id='word_1_539' title='bbox 2544 2449 2819 2504; x_wconf 84' lang='lat' dir='ltr'><strong>modernis</strong></span> <span class='ocrx_word' id='word_1_540' title='bbox 2877 2448 3099 2506; x_wconf 89' lang='lat' dir='ltr'><strong>statutis</strong></span> <span class='ocrx_word' id='word_1_541' title='bbox 3153 2462 3494 2519; x_wconf 80' lang='lat' dir='ltr'><strong>expressam,</strong></span> 
     </span>
    </p>
   </div>
   <div class='ocr_carea' id='block_1_71' title="bbox 1909 2538 3501 2609">
    <p class='ocr_par' dir='ltr' id='par_1_71' title="bbox 1909 2538 3501 2609">
     <span class='ocr_line' id='line_1_72' title="bbox 1909 2538 3501 2609; baseline -0.003 -14"><span class='ocrx_word' id='word_1_542' title='bbox 1909 2549 2039 2595; x_wconf 86' lang='lat' dir='ltr'><strong>tunc</strong></span> <span class='ocrx_word' id='word_1_543' title='bbox 2060 2541 2332 2597; x_wconf 86' lang='lat' dir='ltr'><strong>immunes</strong></span> <span class='ocrx_word' id='word_1_544' title='bbox 2352 2539 2560 2595; x_wconf 85' lang='lat' dir='ltr'><strong>erimus</strong></span> <span class='ocrx_word' id='word_1_545' title='bbox 2581 2540 2648 2595; x_wconf 87' lang='lat' dir='ltr'><strong>ab</strong></span> <span class='ocrx_word' id='word_1_546' title='bbox 2675 2540 2822 2594; x_wconf 87' lang='lat' dir='ltr'><strong>omni</strong></span> <span class='ocrx_word' id='word_1_547' title='bbox 2842 2555 2995 2595; x_wconf 58' lang='lat' dir='ltr'><strong>naevo</strong></span> <span class='ocrx_word' id='word_1_548' title='bbox 3023 2540 3181 2609; x_wconf 55' lang='lat' dir='ltr'><strong>justas</strong></span> <span class='ocrx_word' id='word_1_549' title='bbox 3201 2538 3501 2609; x_wconf 87' lang='lat' dir='ltr'><strong>reprehen-</strong></span> 
     </span>
    </p>
   </div>
   <div class='ocr_carea' id='block_1_72' title="bbox 1900 2628 3493 2696">
    <p class='ocr_par' dir='ltr' id='par_1_72' title="bbox 1900 2628 3493 2696">
     <span class='ocr_line' id='line_1_73' title="bbox 1900 2628 3493 2696; baseline -0.002 -12"><span class='ocrx_word' id='word_1_550' title='bbox 1900 2630 2097 2685; x_wconf 83' lang='lat' dir='ltr'><strong>sionis.</strong></span> <span class='ocrx_word' id='word_1_551' title='bbox 2124 2630 2299 2686; x_wconf 90' lang='lat' dir='ltr'><strong>Secus</strong></span> <span class='ocrx_word' id='word_1_552' title='bbox 2324 2645 2476 2696; x_wconf 90' lang='lat' dir='ltr'><strong>vero,</strong></span> <span class='ocrx_word' id='word_1_553' title='bbox 2509 2631 2554 2685; x_wconf 90' lang='lat' dir='ltr'><strong>si</strong></span> <span class='ocrx_word' id='word_1_554' title='bbox 2581 2630 2780 2686; x_wconf 85' lang='lat' dir='ltr'><strong>limites</strong></span> <span class='ocrx_word' id='word_1_555' title='bbox 2805 2631 3051 2687; x_wconf 66' lang='lat' dir='ltr'><strong>honestie</strong></span> <span class='ocrx_word' id='word_1_556' title='bbox 3086 2628 3493 2694; x_wconf 85' lang='lat' dir='ltr'><strong>mediocritatis,</strong></span> 
     </span>
    </p>
   </div>
   <div class='ocr_carea' id='block_1_73' title="bbox 1908 2719 3496 2792">
    <p class='ocr_par' dir='ltr' id='par_1_73' title="bbox 1908 2719 3496 2792">
     <span class='ocr_line' id='line_1_74' title="bbox 1908 2719 3496 2792; baseline -0.002 -16"><span class='ocrx_word' id='word_1_557' title='bbox 1908 2732 2123 2776; x_wconf 88' lang='lat' dir='ltr'><strong>servata</strong></span> <span class='ocrx_word' id='word_1_558' title='bbox 2160 2736 2514 2790; x_wconf 87' lang='lat' dir='ltr'><strong>personarum</strong></span> <span class='ocrx_word' id='word_1_559' title='bbox 2544 2730 2608 2776; x_wconf 15' lang='lat' dir='ltr'><strong>{et</strong></span> <span class='ocrx_word' id='word_1_560' title='bbox 2636 2721 2877 2776; x_wconf 87' lang='lat' dir='ltr'><strong>locorum</strong></span> <span class='ocrx_word' id='word_1_561' title='bbox 2927 2722 3209 2792; x_wconf 86' lang='lat' dir='ltr'><strong>qualitate,</strong></span> <span class='ocrx_word' id='word_1_562' title='bbox 3258 2719 3496 2776; x_wconf 86' lang='lat' dir='ltr'><strong>exceda-</strong></span> 
     </span>
    </p>
   </div>
   <div class='ocr_carea' id='block_1_74' title="bbox 1912 2809 3493 2880">
    <p class='ocr_par' dir='ltr' id='par_1_74' title="bbox 1912 2809 3493 2880">
     <span class='ocr_line' id='line_1_75' title="bbox 1912 2809 3493 2880; baseline -0.001 -16"><span class='ocrx_word' id='word_1_563' title='bbox 1912 2825 2057 2875; x_wconf 80' lang='lat' dir='ltr'><strong>mus,</strong></span> <span class='ocrx_word' id='word_1_564' title='bbox 2093 2824 2217 2864; x_wconf 86' lang='lat' dir='ltr'><strong>cum</strong></span> <span class='ocrx_word' id='word_1_565' title='bbox 2244 2810 2295 2864; x_wconf 92' lang='lat' dir='ltr'><strong>id</strong></span> <span class='ocrx_word' id='word_1_566' title='bbox 2321 2818 2433 2864; x_wconf 85' lang='lat' dir='ltr'><strong>tum</strong></span> <span class='ocrx_word' id='word_1_567' title='bbox 2458 2824 2555 2880; x_wconf 90' lang='lat' dir='ltr'><strong>per</strong></span> <span class='ocrx_word' id='word_1_568' title='bbox 2576 2809 2797 2879; x_wconf 89' lang='lat' dir='ltr'><strong>antiqua</strong></span> <span class='ocrx_word' id='word_1_569' title='bbox 2821 2819 3050 2875; x_wconf 82' lang='lat' dir='ltr'><strong>statuta,</strong></span> <span class='ocrx_word' id='word_1_570' title='bbox 3083 2820 3195 2863; x_wconf 90' lang='lat' dir='ltr'><strong>tum</strong></span> <span class='ocrx_word' id='word_1_571' title='bbox 3218 2822 3316 2877; x_wconf 90' lang='lat' dir='ltr'><strong>per</strong></span> <span class='ocrx_word' id='word_1_572' title='bbox 3350 2823 3493 2863; x_wconf 87' lang='lat' dir='ltr'><strong>nova</strong></span> 
     </span>
    </p>
   </div>
   <div class='ocr_carea' id='block_1_75' title="bbox 1839 2892 3498 2970">
    <p class='ocr_par' dir='ltr' id='par_1_75' title="bbox 1839 2892 3498 2970">
     <span class='ocr_line' id='line_1_76' title="bbox 1839 2892 3498 2970; baseline 0.002 -20"><span class='ocrx_word' id='word_1_573' title='bbox 1839 2892 1882 2950; x_wconf 86' lang='grc' dir='ltr'><strong>Β</strong></span> <span class='ocrx_word' id='word_1_574' title='bbox 1915 2902 2136 2957; x_wconf 87' lang='lat' dir='ltr'><strong>vetitum</strong></span> <span class='ocrx_word' id='word_1_575' title='bbox 2161 2902 2252 2967; x_wconf 88' lang='lat' dir='ltr'><strong>sit,</strong></span> <span class='ocrx_word' id='word_1_576' title='bbox 2278 2900 2380 2956; x_wconf 91' lang='lat' dir='ltr'><strong>nisi</strong></span> <span class='ocrx_word' id='word_1_577' title='bbox 2407 2903 2473 2956; x_wconf 90' lang='lat' dir='ltr'><strong>ad</strong></span> <span class='ocrx_word' id='word_1_578' title='bbox 2508 2901 2559 2955; x_wconf 92' lang='lat' dir='ltr'><strong>id</strong></span> <span class='ocrx_word' id='word_1_579' title='bbox 2588 2917 2690 2956; x_wconf 92' lang='lat' dir='ltr'><strong>nos</strong></span> <span class='ocrx_word' id='word_1_580' title='bbox 2723 2909 2882 2970; x_wconf 79' lang='lat' dir='ltr'><strong>cogat</strong></span> <span class='ocrx_word' id='word_1_581' title='bbox 2930 2899 3254 2955; x_wconf 88' lang='lat' dir='ltr'><strong>inevitabilis</strong></span> <span class='ocrx_word' id='word_1_582' title='bbox 3306 2913 3498 2954; x_wconf 86' lang='lat' dir='ltr'><strong>neces-</strong></span> 
     </span>
    </p>
   </div>
   <div class='ocr_carea' id='block_1_76' title="bbox 1909 2989 3498 3063">
    <p class='ocr_par' dir='ltr' id='par_1_76' title="bbox 1909 2989 3498 3063">
     <span class='ocr_line' id='line_1_77' title="bbox 1909 2989 3498 3063; baseline -0.003 -16"><span class='ocrx_word' id='word_1_583' title='bbox 1909 2993 2063 3047; x_wconf 89' lang='lat' dir='ltr'><strong>sitas.</strong></span> <span class='ocrx_word' id='word_1_584' title='bbox 2094 2992 2318 3062; x_wconf 82' lang='lat' dir='ltr'><strong>Explico</strong></span> <span class='ocrx_word' id='word_1_585' title='bbox 2356 2992 2644 3061; x_wconf 83' lang='lat' dir='ltr'><strong>exemplis.</strong></span> <span class='ocrx_word' id='word_1_586' title='bbox 2697 2992 2854 3063; x_wconf 79' lang='lat' dir='ltr'><strong>Viget</strong></span> <span class='ocrx_word' id='word_1_587' title='bbox 2903 2992 3125 3055; x_wconf 88' lang='lat' dir='ltr'><strong>bellum,</strong></span> <span class='ocrx_word' id='word_1_588' title='bbox 3157 2990 3350 3045; x_wconf 88' lang='lat' dir='ltr'><strong>domus</strong></span> <span class='ocrx_word' id='word_1_589' title='bbox 3396 2989 3498 3044; x_wconf 84' lang='lat' dir='ltr'><strong>ali-</strong></span> 
     </span>
    </p>
   </div>
   <div class='ocr_carea' id='block_1_77' title="bbox 1909 3080 3496 3152">
    <p class='ocr_par' dir='ltr' id='par_1_77' title="bbox 1909 3080 3496 3152">
     <span class='ocr_line' id='line_1_78' title="bbox 1909 3080 3496 3152; baseline 0.001 -17"><span class='ocrx_word' id='word_1_590' title='bbox 1909 3098 2015 3152; x_wconf 88' lang='lat' dir='ltr'><strong>qua</strong></span> <span class='ocrx_word' id='word_1_591' title='bbox 2067 3083 2276 3137; x_wconf 90' lang='lat' dir='ltr'><strong>ordinis</strong></span> <span class='ocrx_word' id='word_1_592' title='bbox 2329 3083 2566 3152; x_wconf 89' lang='lat' dir='ltr'><strong>undique</strong></span> <span class='ocrx_word' id='word_1_593' title='bbox 2614 3082 2877 3137; x_wconf 90' lang='lat' dir='ltr'><strong>militibus</strong></span> <span class='ocrx_word' id='word_1_594' title='bbox 2915 3081 3304 3146; x_wconf 86' lang='lat' dir='ltr'><strong>circumdatur,</strong></span> <span class='ocrx_word' id='word_1_595' title='bbox 3350 3090 3406 3135; x_wconf 89' lang='lat' dir='ltr'><strong>et</strong></span> <span class='ocrx_word' id='word_1_596' title='bbox 3440 3080 3496 3136; x_wconf 86' lang='lat' dir='ltr'><strong>in</strong></span> 
     </span>
    </p>
   </div>
   <div class='ocr_carea' id='block_1_78' title="bbox 1909 3172 3495 3245">
    <p class='ocr_par' dir='ltr' id='par_1_78' title="bbox 1909 3172 3495 3245">
     <span class='ocr_line' id='line_1_79' title="bbox 1909 3172 3495 3245; baseline -0.001 -16"><span class='ocrx_word' id='word_1_597' title='bbox 1909 3172 2148 3245; x_wconf 84' lang='lat' dir='ltr'><strong>periculo</strong></span> <span class='ocrx_word' id='word_1_598' title='bbox 2170 3184 2254 3229; x_wconf 80' lang='lat' dir='ltr'><strong>est</strong></span> <span class='ocrx_word' id='word_1_599' title='bbox 2279 3174 2510 3228; x_wconf 78' lang='lat' dir='ltr'><strong>maxima</strong></span> <span class='ocrx_word' id='word_1_600' title='bbox 2546 3175 2739 3230; x_wconf 89' lang='lat' dir='ltr'><strong>damna</strong></span> <span class='ocrx_word' id='word_1_601' title='bbox 2781 3174 3116 3240; x_wconf 87' lang='lat' dir='ltr'><strong>incurrendi,</strong></span> <span class='ocrx_word' id='word_1_602' title='bbox 3150 3172 3255 3228; x_wconf 90' lang='lat' dir='ltr'><strong>nisi</strong></span> <span class='ocrx_word' id='word_1_603' title='bbox 3296 3172 3495 3228; x_wconf 90' lang='lat' dir='ltr'><strong>ducum</strong></span> 
     </span>
    </p>
   </div>
   <div class='ocr_carea' id='block_1_79' title="bbox 1862 3265 3500 3337">
    <p class='ocr_par' dir='ltr' id='par_1_79' title="bbox 1862 3265 3500 3337">
     <span class='ocr_line' id='line_1_80' title="bbox 1862 3265 3500 3337; baseline 0 -16"><span class='ocrx_word' id='word_1_604' title='bbox 1862 3288 1867 3292; x_wconf 53' lang='grc' dir='ltr'>υ</span> <span class='ocrx_word' id='word_1_605' title='bbox 1908 3277 1962 3321; x_wconf 91' lang='lat' dir='ltr'><strong>et</strong></span> <span class='ocrx_word' id='word_1_606' title='bbox 1990 3267 2296 3322; x_wconf 84' lang='lat' dir='ltr'><strong>ollieialium</strong></span> <span class='ocrx_word' id='word_1_607' title='bbox 2321 3268 2549 3337; x_wconf 86' lang='lat' dir='ltr'><strong>gratiam</strong></span> <span class='ocrx_word' id='word_1_608' title='bbox 2573 3266 2675 3322; x_wconf 90' lang='lat' dir='ltr'><strong>sibi</strong></span> <span class='ocrx_word' id='word_1_609' title='bbox 2704 3267 2976 3333; x_wconf 90' lang='lat' dir='ltr'><strong>conciliet,</strong></span> <span class='ocrx_word' id='word_1_610' title='bbox 3016 3274 3177 3336; x_wconf 89' lang='lat' dir='ltr'><strong>prout</strong></span> <span class='ocrx_word' id='word_1_611' title='bbox 3225 3273 3302 3320; x_wconf 93' lang='lat' dir='ltr'><strong>tot</strong></span> <span class='ocrx_word' id='word_1_612' title='bbox 3339 3265 3500 3321; x_wconf 85' lang='lat' dir='ltr'><strong>annis</strong></span> 
     </span>
    </p>
   </div>
   <div class='ocr_carea' id='block_1_80' title="bbox 1911 3347 3502 3429">
    <p class='ocr_par' dir='ltr' id='par_1_80' title="bbox 1911 3347 3502 3429">
     <span class='ocr_line' id='line_1_81' title="bbox 1911 3347 3502 3429; baseline -0.001 -15"><span class='ocrx_word' id='word_1_613' title='bbox 1911 3360 2119 3429; x_wconf 71' lang='lat' dir='ltr'><strong>experti</strong></span> <span class='ocrx_word' id='word_1_614' title='bbox 2147 3375 2335 3416; x_wconf 83' lang='lat' dir='ltr'><strong>sumus</strong></span> <span class='ocrx_word' id='word_1_615' title='bbox 2375 3361 2428 3415; x_wconf 92' lang='lat' dir='ltr'><strong>in</strong></span> <span class='ocrx_word' id='word_1_616' title='bbox 2459 3360 2707 3414; x_wconf 90' lang='lat' dir='ltr'><strong>domibus</strong></span> <span class='ocrx_word' id='word_1_617' title='bbox 2732 3358 3016 3423; x_wconf 86' lang='lat' dir='ltr'><strong>Picardiae,</strong></span> <span class='ocrx_word' id='word_1_618' title='bbox 3074 3347 3245 3427; x_wconf 77' lang='lat' dir='ltr'><strong>Belgii</strong></span> <span class='ocrx_word' id='word_1_619' title='bbox 3273 3365 3330 3413; x_wconf 92' lang='lat' dir='ltr'><strong>et</strong></span> <span class='ocrx_word' id='word_1_620' title='bbox 3351 3357 3502 3415; x_wconf 80' lang='lat' dir='ltr'><strong>Ger-</strong></span> 
     </span>
    </p>
   </div>
   <div class='ocr_carea' id='block_1_81' title="bbox 1910 3450 3501 3522">
    <p class='ocr_par' dir='ltr' id='par_1_81' title="bbox 1910 3450 3501 3522">
     <span class='ocr_line' id='line_1_82' title="bbox 1910 3450 3501 3522; baseline -0.001 -15"><span class='ocrx_word' id='word_1_621' title='bbox 1910 3452 2105 3507; x_wconf 67' lang='lat' dir='ltr'><strong>manias</strong></span> <span class='ocrx_word' id='word_1_622' title='bbox 2146 3452 2613 3522; x_wconf 84' lang='lat' dir='ltr'><strong>:quis&#39;cordatus</strong></span> <span class='ocrx_word' id='word_1_623' title='bbox 2668 3452 2841 3522; x_wconf 89' lang='lat' dir='ltr'><strong>possit</strong></span> <span class='ocrx_word' id='word_1_624' title='bbox 2893 3450 3040 3522; x_wconf 90' lang='lat' dir='ltr'><strong>juste</strong></span> <span class='ocrx_word' id='word_1_625' title='bbox 3097 3450 3501 3521; x_wconf 82' lang='lat' dir='ltr'><strong>reprehendere</strong></span> 
     </span>
    </p>
   </div>
   <div class='ocr_carea' id='block_1_82' title="bbox 1909 3539 3499 3611">
    <p class='ocr_par' dir='ltr' id='par_1_82' title="bbox 1909 3539 3499 3611">
     <span class='ocr_line' id='line_1_83' title="bbox 1909 3539 3499 3611; baseline -0.003 -11"><span class='ocrx_word' id='word_1_626' title='bbox 1909 3542 2167 3600; x_wconf 77' lang='lat' dir='ltr'><strong>ofﬁciales</strong></span> <span class='ocrx_word' id='word_1_627' title='bbox 2187 3546 2379 3598; x_wconf 89' lang='lat' dir='ltr'><strong>domus</strong></span> <span class='ocrx_word' id='word_1_628' title='bbox 2406 3544 2550 3599; x_wconf 84' lang='lat' dir='ltr'><strong>illius</strong></span> <span class='ocrx_word' id='word_1_629' title='bbox 2578 3543 2622 3597; x_wconf 86' lang='lat' dir='ltr'><strong>si</strong></span> <span class='ocrx_word' id='word_1_630' title='bbox 2649 3543 2881 3597; x_wconf 89' lang='lat' dir='ltr'><strong>invitent</strong></span> <span class='ocrx_word' id='word_1_631' title='bbox 2914 3543 3099 3608; x_wconf 90' lang='lat' dir='ltr'><strong>duces,</strong></span> <span class='ocrx_word' id='word_1_632' title='bbox 3134 3550 3188 3596; x_wconf 90' lang='lat' dir='ltr'><strong>et</strong></span> <span class='ocrx_word' id='word_1_633' title='bbox 3214 3539 3499 3611; x_wconf 85' lang='lat' dir='ltr'><strong>splendida</strong></span> 
     </span>
    </p>
   </div>
   <div class='ocr_carea' id='block_1_83' title="bbox 1909 3631 3497 3705">
    <p class='ocr_par' dir='ltr' id='par_1_83' title="bbox 1909 3631 3497 3705">
     <span class='ocr_line' id='line_1_84' title="bbox 1909 3631 3497 3705; baseline -0.003 -18"><span class='ocrx_word' id='word_1_634' title='bbox 1909 3636 2152 3704; x_wconf 77' lang='lat' dir='ltr'><strong>quaedam</strong></span> <span class='ocrx_word' id='word_1_635' title='bbox 2178 3636 2445 3691; x_wconf 89' lang='lat' dir='ltr'><strong>instruant</strong></span> <span class='ocrx_word' id='word_1_636' title='bbox 2460 3633 2704 3690; x_wconf 87' lang='lat' dir='ltr'><strong>convivia</strong></span> <span class='ocrx_word' id='word_1_637' title='bbox 2723 3633 2800 3705; x_wconf 71' lang='grc' dir='ltr'><strong>(ὅ)</strong></span> <span class='ocrx_word' id='word_1_638' title='bbox 2825 3632 2890 3687; x_wconf 82' lang='lat' dir='ltr'><strong>ad</strong></span> <span class='ocrx_word' id='word_1_639' title='bbox 2902 3631 3223 3701; x_wconf 81' lang='lat' dir='ltr'><strong>captandam</strong></span> <span class='ocrx_word' id='word_1_640' title='bbox 3252 3631 3497 3684; x_wconf 86' lang='lat' dir='ltr'><strong>virorum</strong></span> 
     </span>
    </p>
   </div>
   <div class='ocr_carea' id='block_1_84' title="bbox 1912 3719 3502 3792">
    <p class='ocr_par' dir='ltr' id='par_1_84' title="bbox 1912 3719 3502 3792">
     <span class='ocr_line' id='line_1_85' title="bbox 1912 3719 3502 3792; baseline -0.006 -10"><span class='ocrx_word' id='word_1_641' title='bbox 1912 3728 2225 3782; x_wconf 87' lang='lat' dir='ltr'><strong>militarium</strong></span> <span class='ocrx_word' id='word_1_642' title='bbox 2263 3725 2723 3789; x_wconf 85' lang='lat' dir='ltr'><strong>benevolentiam,</strong></span> <span class='ocrx_word' id='word_1_643' title='bbox 2755 3724 2844 3792; x_wconf 90' lang='lat' dir='ltr'><strong>qui</strong></span> <span class='ocrx_word' id='word_1_644' title='bbox 2874 3722 3121 3777; x_wconf 86' lang='lat' dir='ltr'><strong>nesciunt</strong></span> <span class='ocrx_word' id='word_1_645' title='bbox 3161 3719 3381 3775; x_wconf 88' lang='lat' dir='ltr'><strong>statutis</strong></span> <span class='ocrx_word' id='word_1_646' title='bbox 3411 3731 3502 3772; x_wconf 82' lang='lat' dir='ltr'><strong>re-</strong></span> 
     </span>
    </p>
   </div>
   <div class='ocr_carea' id='block_1_85' title="bbox 1911 3809 3499 3889">
    <p class='ocr_par' dir='ltr' id='par_1_85' title="bbox 1911 3809 3499 3889">
     <span class='ocr_line' id='line_1_86' title="bbox 1911 3809 3499 3889; baseline -0.006 -16"><span class='ocrx_word' id='word_1_647' title='bbox 1911 3819 2187 3889; x_wconf 78' lang='lat' dir='ltr'><strong>gularibus</strong></span> <span class='ocrx_word' id='word_1_648' title='bbox 2213 3819 2518 3881; x_wconf 85' lang='lat' dir='ltr'><strong>attendere,</strong></span> <span class='ocrx_word' id='word_1_649' title='bbox 2551 3816 2646 3871; x_wconf 84' lang='lat' dir='ltr'><strong>sed</strong></span> <span class='ocrx_word' id='word_1_650' title='bbox 2699 3823 2892 3886; x_wconf 86' lang='lat' dir='ltr'><strong>putant</strong></span> <span class='ocrx_word' id='word_1_651' title='bbox 2929 3813 3185 3884; x_wconf 90' lang='lat' dir='ltr'><strong>injuriam</strong></span> <span class='ocrx_word' id='word_1_652' title='bbox 3237 3810 3340 3866; x_wconf 92' lang='lat' dir='ltr'><strong>sibi</strong></span> <span class='ocrx_word' id='word_1_653' title='bbox 3379 3809 3499 3864; x_wconf 87' lang='lat' dir='ltr'><strong>ﬁeri</strong></span> 
     </span>
    </p>
   </div>
   <div class='ocr_carea' id='block_1_86' title="bbox 1914 3901 3496 3979">
    <p class='ocr_par' dir='ltr' id='par_1_86' title="bbox 1914 3901 3496 3979">
     <span class='ocr_line' id='line_1_87' title="bbox 1914 3901 3496 3979; baseline -0.006 -14"><span class='ocrx_word' id='word_1_654' title='bbox 1914 3911 2019 3966; x_wconf 91' lang='lat' dir='ltr'><strong>nisi</strong></span> <span class='ocrx_word' id='word_1_655' title='bbox 2042 3925 2285 3966; x_wconf 89' lang='lat' dir='ltr'><strong>mensam</strong></span> <span class='ocrx_word' id='word_1_656' title='bbox 2317 3910 2541 3979; x_wconf 81' lang='lat' dir='ltr'><strong>epipare</strong></span> <span class='ocrx_word' id='word_1_657' title='bbox 2566 3918 2812 3978; x_wconf 88' lang='lat' dir='ltr'><strong>paratam</strong></span> <span class='ocrx_word' id='word_1_658' title='bbox 2842 3906 3124 3961; x_wconf 89' lang='lat' dir='ltr'><strong>inveniant</strong></span> <span class='ocrx_word' id='word_1_659' title='bbox 3152 3921 3167 3970; x_wconf 93' lang='lat'><strong>;</strong></span> <span class='ocrx_word' id='word_1_660' title='bbox 3202 3903 3287 3958; x_wconf 92' lang='lat' dir='ltr'><strong>cui</strong></span> <span class='ocrx_word' id='word_1_661' title='bbox 3315 3903 3362 3958; x_wconf 91' lang='lat' dir='ltr'><strong>si</strong></span> <span class='ocrx_word' id='word_1_662' title='bbox 3390 3901 3496 3956; x_wconf 84' lang='lat' dir='ltr'><strong>ali-</strong></span> 
     </span>
    </p>
   </div>
   <div class='ocr_carea' id='block_1_87' title="bbox 1912 3985 3566 4073">
    <p class='ocr_par' dir='ltr' id='par_1_87' title="bbox 1912 3985 3566 4073">
     <span class='ocr_line' id='line_1_88' title="bbox 1912 3985 3566 4073; baseline -0.005 -19"><span class='ocrx_word' id='word_1_663' title='bbox 1912 4003 2041 4073; x_wconf 83' lang='lat' dir='ltr'><strong>quid</strong></span> <span class='ocrx_word' id='word_1_664' title='bbox 2065 4002 2204 4056; x_wconf 88' lang='lat' dir='ltr'><strong>desit</strong></span> <span class='ocrx_word' id='word_1_665' title='bbox 2226 3990 2497 4069; x_wconf 83' lang='lat' dir='ltr'><strong>quodsuae</strong></span> <span class='ocrx_word' id='word_1_666' title='bbox 2518 3999 2814 4053; x_wconf 86' lang='lat' dir='ltr'><strong>conditioni</strong></span> <span class='ocrx_word' id='word_1_667' title='bbox 2865 3997 3050 4053; x_wconf 86' lang='lat' dir='ltr'><strong>deberi</strong></span> <span class='ocrx_word' id='word_1_668' title='bbox 3101 4003 3314 4066; x_wconf 89' lang='lat' dir='ltr'><strong>putant,</strong></span> <span class='ocrx_word' id='word_1_669' title='bbox 3377 3992 3491 4047; x_wconf 88' lang='lat' dir='ltr'><strong>ira-</strong></span> <span class='ocrx_word' id='word_1_670' title='bbox 3559 3985 3566 3997; x_wconf 85' lang='grc'><em>’</em></span> 
     </span>
    </p>
   </div>
   <div class='ocr_carea' id='block_1_88' title="bbox 1913 4088 3495 4157">
    <p class='ocr_par' dir='ltr' id='par_1_88' title="bbox 1913 4088 3495 4157">
     <span class='ocr_line' id='line_1_89' title="bbox 1913 4088 3495 4157; baseline -0.006 -9"><span class='ocrx_word' id='word_1_671' title='bbox 1913 4101 2139 4149; x_wconf 77' lang='lat' dir='ltr'><strong>scuntur</strong></span> <span class='ocrx_word' id='word_1_672' title='bbox 2158 4099 2212 4147; x_wconf 90' lang='lat' dir='ltr'><strong>et</strong></span> <span class='ocrx_word' id='word_1_673' title='bbox 2239 4090 2553 4146; x_wconf 86' lang='lat' dir='ltr'><strong>occasiones</strong></span> <span class='ocrx_word' id='word_1_674' title='bbox 2577 4102 2638 4144; x_wconf 89' lang='lat' dir='ltr'><strong>se</strong></span> <span class='ocrx_word' id='word_1_675' title='bbox 2660 4088 2967 4143; x_wconf 86' lang='lat' dir='ltr'><strong>vindicandi</strong></span> <span class='ocrx_word' id='word_1_676' title='bbox 3016 4095 3290 4157; x_wconf 62' lang='lat' dir='ltr'><strong>quaerunt,</strong></span> <span class='ocrx_word' id='word_1_677' title='bbox 3329 4091 3495 4156; x_wconf 86' lang='lat' dir='ltr'><strong>prout</strong></span> 
     </span>
    </p>
   </div>
   <div class='ocr_carea' id='block_1_89' title="bbox 1916 4174 3508 4255">
    <p class='ocr_par' dir='ltr' id='par_1_89' title="bbox 1916 4174 3508 4255">
     <span class='ocr_line' id='line_1_90' title="bbox 1916 4174 3508 4255; baseline -0.004 -15"><span class='ocrx_word' id='word_1_678' title='bbox 1916 4186 2209 4240; x_wconf 89' lang='lat' dir='ltr'><strong>identidem</strong></span> <span class='ocrx_word' id='word_1_679' title='bbox 2261 4182 2472 4255; x_wconf 59' lang='lat' dir='ltr'><strong>experti</strong></span> <span class='ocrx_word' id='word_1_680' title='bbox 2540 4196 2748 4246; x_wconf 91' lang='lat' dir='ltr'><strong>sumus,</strong></span> <span class='ocrx_word' id='word_1_681' title='bbox 2800 4174 2910 4234; x_wconf 89' lang='lat' dir='ltr'><strong>imo</strong></span> <span class='ocrx_word' id='word_1_682' title='bbox 2964 4195 3065 4235; x_wconf 90' lang='lat' dir='ltr'><strong>nec</strong></span> <span class='ocrx_word' id='word_1_683' title='bbox 3121 4177 3508 4234; x_wconf 67' lang='lat' dir='ltr'><strong>escusationes</strong></span> 
     </span>
    </p>
   </div>
   <div class='ocr_carea' id='block_1_90' title="bbox 1919 4270 3502 4345">
    <p class='ocr_par' dir='ltr' id='par_1_90' title="bbox 1919 4270 3502 4345">
     <span class='ocr_line' id='line_1_91' title="bbox 1919 4270 3502 4345; baseline -0.004 -15"><span class='ocrx_word' id='word_1_684' title='bbox 1919 4277 2299 4330; x_wconf 83' lang='lat' dir='ltr'><strong>admittuntah</strong></span> <span class='ocrx_word' id='word_1_685' title='bbox 2343 4273 2791 4345; x_wconf 84' lang='lat' dir='ltr'><strong>impossibilitate</strong></span> <span class='ocrx_word' id='word_1_686' title='bbox 2832 4272 3133 4343; x_wconf 87' lang='lat' dir='ltr'><strong>reperiendi</strong></span> <span class='ocrx_word' id='word_1_687' title='bbox 3174 4270 3502 4341; x_wconf 86' lang='lat' dir='ltr'><strong>pretiosiora</strong></span> 
     </span>
    </p>
   </div>
   <div class='ocr_carea' id='block_1_91' title="bbox 1916 4362 3501 4434">
    <p class='ocr_par' dir='ltr' id='par_1_91' title="bbox 1916 4362 3501 4434">
     <span class='ocr_line' id='line_1_92' title="bbox 1916 4362 3501 4434; baseline -0.004 -12"><span class='ocrx_word' id='word_1_688' title='bbox 1916 4367 2194 4422; x_wconf 89' lang='lat' dir='ltr'><strong>esculenta</strong></span> <span class='ocrx_word' id='word_1_689' title='bbox 2219 4367 2496 4421; x_wconf 88' lang='lat' dir='ltr'><strong>deductas.</strong></span> <span class='ocrx_word' id='word_1_690' title='bbox 2528 4366 2670 4420; x_wconf 89' lang='lat' dir='ltr'><strong>Idem</strong></span> <span class='ocrx_word' id='word_1_691' title='bbox 2707 4366 3095 4434; x_wconf 82' lang='lat' dir='ltr'><strong>nonnunquam</strong></span> <span class='ocrx_word' id='word_1_692' title='bbox 3128 4362 3326 4417; x_wconf 90' lang='lat' dir='ltr'><strong>accidit</strong></span> <span class='ocrx_word' id='word_1_693' title='bbox 3355 4362 3501 4417; x_wconf 82' lang='lat' dir='ltr'><strong>circa</strong></span> 
     </span>
    </p>
   </div>
   <div class='ocr_carea' id='block_1_92' title="bbox 1914 4452 3501 4528">
    <p class='ocr_par' dir='ltr' id='par_1_92' title="bbox 1914 4452 3501 4528">
     <span class='ocr_line' id='line_1_93' title="bbox 1914 4452 3501 4528; baseline -0.005 -15"><span class='ocrx_word' id='word_1_694' title='bbox 1914 4460 2174 4528; x_wconf 83' lang='lat' dir='ltr'><strong>quosdam</strong></span> <span class='ocrx_word' id='word_1_695' title='bbox 2224 4458 2430 4513; x_wconf 88' lang='lat' dir='ltr'><strong>nobiles</strong></span> <span class='ocrx_word' id='word_1_696' title='bbox 2479 4457 2787 4522; x_wconf 60' lang='lat' dir='ltr'><strong>saeculares,</strong></span> <span class='ocrx_word' id='word_1_697' title='bbox 2837 4469 3067 4524; x_wconf 83' lang='lat' dir='ltr'><strong>quorum</strong></span> <span class='ocrx_word' id='word_1_698' title='bbox 3126 4452 3401 4507; x_wconf 81' lang='lat' dir='ltr'><strong>favoribus</strong></span> <span class='ocrx_word' id='word_1_699' title='bbox 3442 4452 3501 4505; x_wconf 86' lang='lat' dir='ltr'><strong>in</strong></span> 
     </span>
    </p>
   </div>
   <div class='ocr_carea' id='block_1_93' title="bbox 1915 4543 3499 4615">
    <p class='ocr_par' dir='ltr' id='par_1_93' title="bbox 1915 4543 3499 4615">
     <span class='ocr_line' id='line_1_94' title="bbox 1915 4543 3499 4615; baseline -0.006 -12"><span class='ocrx_word' id='word_1_700' title='bbox 1915 4549 2078 4604; x_wconf 90' lang='lat' dir='ltr'><strong>certis</strong></span> <span class='ocrx_word' id='word_1_701' title='bbox 2104 4549 2321 4603; x_wconf 87' lang='lat' dir='ltr'><strong>casibus</strong></span> <span class='ocrx_word' id='word_1_702' title='bbox 2361 4547 2607 4602; x_wconf 88' lang='lat' dir='ltr'><strong>absolute</strong></span> <span class='ocrx_word' id='word_1_703' title='bbox 2656 4546 2974 4615; x_wconf 81' lang='lat' dir='ltr'><strong>indigemus,</strong></span> <span class='ocrx_word' id='word_1_704' title='bbox 3006 4543 3204 4614; x_wconf 89' lang='lat' dir='ltr'><strong>quibus</strong></span> <span class='ocrx_word' id='word_1_705' title='bbox 3224 4543 3270 4597; x_wconf 85' lang='lat' dir='ltr'><strong>si</strong></span> <span class='ocrx_word' id='word_1_706' title='bbox 3308 4555 3499 4595; x_wconf 79' lang='lat' dir='ltr'><strong>mensa</strong></span> 
     </span>
    </p>
   </div>
   <div class='ocr_carea' id='block_1_94' title="bbox 1916 4636 3498 4708">
    <p class='ocr_par' dir='ltr' id='par_1_94' title="bbox 1916 4636 3498 4708">
     <span class='ocr_line' id='line_1_95' title="bbox 1916 4636 3498 4708; baseline -0.006 -14"><span class='ocrx_word' id='word_1_707' title='bbox 1916 4641 2130 4695; x_wconf 89' lang='lat' dir='ltr'><strong>illorum</strong></span> <span class='ocrx_word' id='word_1_708' title='bbox 2153 4640 2401 4708; x_wconf 84' lang='lat' dir='ltr'><strong>qualitati</strong></span> <span class='ocrx_word' id='word_1_709' title='bbox 2422 4648 2524 4692; x_wconf 87' lang='lat' dir='ltr'><strong>&#39;aut</strong></span> <span class='ocrx_word' id='word_1_710' title='bbox 2569 4638 2828 4707; x_wconf 85' lang='lat' dir='ltr'><strong>appetitui</strong></span> <span class='ocrx_word' id='word_1_711' title='bbox 2877 4636 3265 4691; x_wconf 88' lang='lat' dir='ltr'><strong>convenienter</strong></span> <span class='ocrx_word' id='word_1_712' title='bbox 3308 4640 3498 4702; x_wconf 83' lang='lat' dir='ltr'><strong>parata</strong></span> 
     </span>
    </p>
   </div>
   <div class='ocr_carea' id='block_1_95' title="bbox 1916 4723 3503 4797">
    <p class='ocr_par' dir='ltr' id='par_1_95' title="bbox 1916 4723 3503 4797">
     <span class='ocr_line' id='line_1_96' title="bbox 1916 4723 3503 4797; baseline -0.005 -12"><span class='ocrx_word' id='word_1_713' title='bbox 1916 4747 2023 4785; x_wconf 85' lang='lat' dir='ltr'><strong>non</strong></span> <span class='ocrx_word' id='word_1_714' title='bbox 2062 4730 2344 4793; x_wconf 71' lang='lat' dir='ltr'><strong>oﬂ‘eratur,</strong></span> <span class='ocrx_word' id='word_1_715' title='bbox 2391 4745 2450 4784; x_wconf 91' lang='lat' dir='ltr'><strong>se</strong></span> <span class='ocrx_word' id='word_1_716' title='bbox 2485 4728 2719 4784; x_wconf 81' lang='lat' dir='ltr'><strong>oﬁ&#39;ensos</strong></span> <span class='ocrx_word' id='word_1_717' title='bbox 2773 4735 3044 4797; x_wconf 87' lang='lat' dir='ltr'><strong>reputant,</strong></span> <span class='ocrx_word' id='word_1_718' title='bbox 3093 4733 3146 4780; x_wconf 92' lang='lat' dir='ltr'><strong>et</strong></span> <span class='ocrx_word' id='word_1_719' title='bbox 3198 4734 3266 4778; x_wconf 80' lang='lat' dir='ltr'><strong>ex</strong></span> <span class='ocrx_word' id='word_1_720' title='bbox 3309 4723 3503 4777; x_wconf 84' lang='lat' dir='ltr'><strong>amicis</strong></span> 
     </span>
    </p>
   </div>
   <div class='ocr_carea' id='block_1_96' title="bbox 1921 4813 3508 4879">
    <p class='ocr_par' dir='ltr' id='par_1_96' title="bbox 1921 4813 3508 4879">
     <span class='ocr_line' id='line_1_97' title="bbox 1921 4813 3508 4879; baseline -0.005 -2"><span class='ocrx_word' id='word_1_721' title='bbox 1921 4823 2058 4877; x_wconf 89' lang='lat' dir='ltr'><strong>ﬁunt</strong></span> <span class='ocrx_word' id='word_1_722' title='bbox 2086 4823 2244 4877; x_wconf 91' lang='lat' dir='ltr'><strong>nobis</strong></span> <span class='ocrx_word' id='word_1_723' title='bbox 2298 4821 2516 4875; x_wconf 81' lang='lat' dir='ltr'><strong>infensi.</strong></span> <span class='ocrx_word' id='word_1_724' title='bbox 2554 4821 2750 4875; x_wconf 83' lang='lat' dir='ltr'><strong>Videre</strong></span> <span class='ocrx_word' id='word_1_725' title='bbox 2798 4828 2882 4874; x_wconf 87' lang='lat' dir='ltr'><strong>est</strong></span> <span class='ocrx_word' id='word_1_726' title='bbox 2931 4816 3225 4872; x_wconf 79' lang='lat' dir='ltr'><strong>miseriam.</strong></span> <span class='ocrx_word' id='word_1_727' title='bbox 3272 4814 3328 4868; x_wconf 91' lang='lat' dir='ltr'><strong>ln</strong></span> <span class='ocrx_word' id='word_1_728' title='bbox 3362 4813 3508 4879; x_wconf 81' lang='lat' dir='ltr'><strong>istis</strong></span> 
     </span>
    </p>
   </div>
   <div class='ocr_carea' id='block_1_97' title="bbox 1916 4904 3503 4986">
    <p class='ocr_par' dir='ltr' id='par_1_97' title="bbox 1916 4904 3503 4986">
     <span class='ocr_line' id='line_1_98' title="bbox 1916 4904 3503 4986; baseline -0.009 -15"><span class='ocrx_word' id='word_1_729' title='bbox 1916 4930 2046 4986; x_wconf 87' lang='lat' dir='ltr'><strong>ergo</strong></span> <span class='ocrx_word' id='word_1_730' title='bbox 2094 4916 2336 4980; x_wconf 88' lang='lat' dir='ltr'><strong>casibus,</strong></span> <span class='ocrx_word' id='word_1_731' title='bbox 2391 4914 2586 4983; x_wconf 87' lang='lat' dir='ltr'><strong>quibus</strong></span> <span class='ocrx_word' id='word_1_732' title='bbox 2654 4912 2865 4968; x_wconf 86' lang='lat' dir='ltr'><strong>ceditur</strong></span> <span class='ocrx_word' id='word_1_733' title='bbox 2914 4918 3119 4964; x_wconf 81' lang='lat' dir='ltr'><strong>tantum</strong></span> <span class='ocrx_word' id='word_1_734' title='bbox 3170 4904 3503 4970; x_wconf 83' lang='lat' dir='ltr'><strong>necessitati,</strong></span> 
     </span>
    </p>
   </div>
   <div class='ocr_carea' id='block_1_98' title="bbox 1921 4997 3504 5076">
    <p class='ocr_par' dir='ltr' id='par_1_98' title="bbox 1921 4997 3504 5076">
     <span class='ocr_line' id='line_1_99' title="bbox 1921 4997 3504 5076; baseline -0.008 -12"><span class='ocrx_word' id='word_1_735' title='bbox 1921 5018 2126 5066; x_wconf 86' lang='lat' dir='ltr'><strong>temere</strong></span> <span class='ocrx_word' id='word_1_736' title='bbox 2158 5008 2485 5075; x_wconf 74' lang='lat' dir='ltr'><strong>iudicarent,</strong></span> <span class='ocrx_word' id='word_1_737' title='bbox 2521 5007 2611 5076; x_wconf 88' lang='lat' dir='ltr'><strong>qui</strong></span> <span class='ocrx_word' id='word_1_738' title='bbox 2644 5006 2759 5060; x_wconf 83' lang='lat' dir='ltr'><strong>haec</strong></span> <span class='ocrx_word' id='word_1_739' title='bbox 2786 5002 3017 5058; x_wconf 88' lang='lat' dir='ltr'><strong>videndo</strong></span> <span class='ocrx_word' id='word_1_740' title='bbox 3042 5016 3140 5057; x_wconf 86' lang='lat' dir='ltr'><strong>nos</strong></span> <span class='ocrx_word' id='word_1_741' title='bbox 3162 5001 3228 5055; x_wconf 88' lang='lat' dir='ltr'><strong>de</strong></span> <span class='ocrx_word' id='word_1_742' title='bbox 3257 4997 3425 5053; x_wconf 91' lang='lat' dir='ltr'><strong>nimio</strong></span> <span class='ocrx_word' id='word_1_743' title='bbox 3448 4997 3504 5053; x_wconf 88' lang='lat' dir='ltr'><strong>in</strong></span> 
     </span>
    </p>
   </div>
   <div class='ocr_carea' id='block_1_99' title="bbox 1920 5099 3000 5172">
    <p class='ocr_par' dir='ltr' id='par_1_99' title="bbox 1920 5099 3000 5172">
     <span class='ocr_line' id='line_1_100' title="bbox 1920 5099 3000 5172; baseline -0.006 -17"><span class='ocrx_word' id='word_1_744' title='bbox 1920 5101 2095 5172; x_wconf 85' lang='lat' dir='ltr'><strong>epulis</strong></span> <span class='ocrx_word' id='word_1_745' title='bbox 2122 5101 2223 5155; x_wconf 88' lang='lat' dir='ltr'><strong>illis</strong></span> <span class='ocrx_word' id='word_1_746' title='bbox 2250 5099 2534 5171; x_wconf 77' lang='lat' dir='ltr'><strong>Splendore</strong></span> <span class='ocrx_word' id='word_1_747' title='bbox 2562 5099 3000 5155; x_wconf 88' lang='lat' dir='ltr'><strong>condemnarent.</strong></span> 
     </span>
    </p>
   </div>
   <div class='ocr_carea' id='block_1_100' title="bbox 1990 5182 3501 5253">
    <p class='ocr_par' dir='ltr' id='par_1_100' title="bbox 1990 5182 3501 5253">
     <span class='ocr_line' id='line_1_101' title="bbox 1990 5182 3501 5253; baseline -0.004 -12"><span class='ocrx_word' id='word_1_748' title='bbox 1990 5190 2339 5246; x_wconf 76' lang='lat' dir='ltr'><strong>Cessautibus</strong></span> <span class='ocrx_word' id='word_1_749' title='bbox 2388 5203 2517 5245; x_wconf 82' lang='lat' dir='ltr'><strong>vero</strong></span> <span class='ocrx_word' id='word_1_750' title='bbox 2580 5188 2701 5243; x_wconf 90' lang='lat' dir='ltr'><strong>istis</strong></span> <span class='ocrx_word' id='word_1_751' title='bbox 2747 5186 2950 5253; x_wconf 87' lang='lat' dir='ltr'><strong>causis,</strong></span> <span class='ocrx_word' id='word_1_752' title='bbox 3006 5185 3186 5250; x_wconf 84' lang='lat' dir='ltr'><strong>idest,</strong></span> <span class='ocrx_word' id='word_1_753' title='bbox 3227 5184 3277 5239; x_wconf 86' lang='lat' dir='ltr'><strong>si</strong></span> <span class='ocrx_word' id='word_1_754' title='bbox 3311 5182 3501 5238; x_wconf 86' lang='lat' dir='ltr'><strong>eadem</strong></span> 
     </span>
    </p>
   </div>
   <div class='ocr_carea' id='block_1_101' title="bbox 1920 5272 3505 5351">
    <p class='ocr_par' dir='ltr' id='par_1_101' title="bbox 1920 5272 3505 5351">
     <span class='ocr_line' id='line_1_102' title="bbox 1920 5272 3505 5351; baseline -0.007 -12"><span class='ocrx_word' id='word_1_755' title='bbox 1920 5283 2248 5346; x_wconf 84' lang='lat' dir='ltr'><strong>faceremus,</strong></span> <span class='ocrx_word' id='word_1_756' title='bbox 2287 5281 2504 5351; x_wconf 84' lang='lat' dir='ltr'><strong>quando</strong></span> <span class='ocrx_word' id='word_1_757' title='bbox 2544 5296 2666 5336; x_wconf 90' lang='lat' dir='ltr'><strong>cum</strong></span> <span class='ocrx_word' id='word_1_758' title='bbox 2711 5280 2948 5336; x_wconf 89' lang='lat' dir='ltr'><strong>cordatis</strong></span> <span class='ocrx_word' id='word_1_759' title='bbox 2975 5278 3153 5348; x_wconf 86' lang='lat' dir='ltr'><strong>etpiis</strong></span> <span class='ocrx_word' id='word_1_760' title='bbox 3186 5275 3315 5331; x_wconf 87' lang='lat' dir='ltr'><strong>viris</strong></span> <span class='ocrx_word' id='word_1_761' title='bbox 3346 5272 3505 5329; x_wconf 83' lang='lat' dir='ltr'><strong>nobis</strong></span> 
     </span>
    </p>
   </div>
   <div class='ocr_carea' id='block_1_102' title="bbox 1920 5366 3505 5448">
    <p class='ocr_par' dir='ltr' id='par_1_102' title="bbox 1920 5366 3505 5448">
     <span class='ocr_line' id='line_1_103' title="bbox 1920 5366 3505 5448; baseline -0.006 -18"><span class='ocrx_word' id='word_1_762' title='bbox 1920 5376 2186 5448; x_wconf 83' lang='lat' dir='ltr'><strong>agendum</strong></span> <span class='ocrx_word' id='word_1_763' title='bbox 2210 5383 2336 5436; x_wconf 74' lang='lat' dir='ltr'><strong>&quot;est,</strong></span> <span class='ocrx_word' id='word_1_764' title='bbox 2395 5374 2485 5444; x_wconf 90' lang='lat' dir='ltr'><strong>qui</strong></span> <span class='ocrx_word' id='word_1_765' title='bbox 2520 5374 2697 5428; x_wconf 82' lang='lat' dir='ltr'><strong>sciunt</strong></span> <span class='ocrx_word' id='word_1_766' title='bbox 2744 5372 2880 5427; x_wconf 88' lang='lat' dir='ltr'><strong>bene</strong></span> <span class='ocrx_word' id='word_1_767' title='bbox 2936 5371 3267 5442; x_wconf 86' lang='lat' dir='ltr'><strong>perpendere</strong></span> <span class='ocrx_word' id='word_1_768' title='bbox 3316 5366 3505 5436; x_wconf 82' lang='lat' dir='ltr'><strong>quida</strong></span> 
     </span>
    </p>
   </div>
   <div class='ocr_carea' id='block_1_103' title="bbox 1922 5455 3506 5538">
    <p class='ocr_par' dir='ltr' id='par_1_103' title="bbox 1922 5455 3506 5538">
     <span class='ocr_line' id='line_1_104' title="bbox 1922 5455 3506 5538; baseline -0.009 -14"><span class='ocrx_word' id='word_1_769' title='bbox 1922 5470 2068 5527; x_wconf 88' lang='lat' dir='ltr'><strong>veris</strong></span> <span class='ocrx_word' id='word_1_770' title='bbox 2091 5466 2469 5525; x_wconf 84' lang='lat' dir='ltr'><strong>Carthusianis</strong></span> <span class='ocrx_word' id='word_1_771' title='bbox 2493 5468 2684 5538; x_wconf 85' lang='lat' dir='ltr'><strong>possit,</strong></span> <span class='ocrx_word' id='word_1_772' title='bbox 2715 5474 2930 5522; x_wconf 85' lang='lat' dir='ltr'><strong>servata</strong></span> <span class='ocrx_word' id='word_1_773' title='bbox 2974 5462 3223 5520; x_wconf 86' lang='lat' dir='ltr'><strong>decentia</strong></span> <span class='ocrx_word' id='word_1_774' title='bbox 3249 5468 3305 5514; x_wconf 90' lang='lat' dir='ltr'><strong>et</strong></span> <span class='ocrx_word' id='word_1_775' title='bbox 3326 5455 3506 5528; x_wconf 80' lang='lat' dir='ltr'><strong>quali-</strong></span> 
     </span>
    </p>
   </div>
   <div class='ocr_carea' id='block_1_104' title="bbox 1923 5606 3505 5690">
    <p class='ocr_par' dir='ltr' id='par_1_104' title="bbox 1923 5606 3505 5690">
     <span class='ocr_line' id='line_1_105' title="bbox 1923 5606 3505 5690; baseline -0.011 -13"><span class='ocrx_word' id='word_1_776' title='bbox 1923 5621 2081 5678; x_wconf 89' lang='lat' dir='ltr'><strong>nobis</strong></span> <span class='ocrx_word' id='word_1_777' title='bbox 2118 5632 2465 5678; x_wconf 84' lang='lat' dir='ltr'><strong>assumantur</strong></span> <span class='ocrx_word' id='word_1_778' title='bbox 2487 5637 2554 5676; x_wconf 87' lang='lat' dir='ltr'><strong>ex</strong></span> <span class='ocrx_word' id='word_1_779' title='bbox 2586 5606 2832 5690; x_wconf 84' lang='lat' dir='ltr'><strong>respectu</strong></span> <span class='ocrx_word' id='word_1_780' title='bbox 2877 5618 2942 5673; x_wconf 89' lang='lat' dir='ltr'><strong>ad</strong></span> <span class='ocrx_word' id='word_1_781' title='bbox 2976 5631 3130 5690; x_wconf 86' lang='lat' dir='ltr'><strong>usum</strong></span> <span class='ocrx_word' id='word_1_782' title='bbox 3177 5617 3505 5690; x_wconf 66' lang='lat' dir='ltr'><strong>consuetum</strong></span> 
     </span>
    </p>
   </div>
   <div class='ocr_carea' id='block_1_105' title="bbox 1920 5677 3515 5747">
    <p class='ocr_par' dir='ltr' id='par_1_105' title="bbox 1920 5677 3515 5747">
     <span class='ocr_line' id='line_1_106' title="bbox 1920 5677 3515 5747; baseline -0.007 -1"><span class='ocrx_word' id='word_1_783' title='bbox 1920 5677 2254 5747; x_wconf 10' lang='lat' dir='ltr'><strong>ordinis.r—</strong></span> <span class='ocrx_word' id='word_1_784' title='bbox 2281 5692 2415 5747; x_wconf 67' lang='lat' dir='ltr'><strong>Hazc</strong></span> <span class='ocrx_word' id='word_1_785' title='bbox 2460 5691 2652 5747; x_wconf 77' lang='lat' dir='ltr'><strong>Editur</strong></span> <span class='ocrx_word' id='word_1_786' title='bbox 2679 5677 3070 5745; x_wconf 53' lang='lat' dir='ltr'><strong>&#39;Carthust&#39;atttts</strong></span> <span class='ocrx_word' id='word_1_787' title='bbox 3111 5688 3164 5742; x_wconf 78' lang='lat' dir='ltr'><strong>in</strong></span> <span class='ocrx_word' id='word_1_788' title='bbox 3204 5680 3400 5739; x_wconf 69' lang='lat' dir='ltr'><strong>Manilo</strong></span> <span class='ocrx_word' id='word_1_789' title='bbox 3439 5677 3515 5735; x_wconf 66' lang='lat' dir='ltr'><strong>uti</strong></span> 
     </span>
    </p>
   </div>
   <div class='ocr_carea' id='block_1_106' title="bbox 1922 5762 2913 5837">
    <p class='ocr_par' dir='ltr' id='par_1_106' title="bbox 1922 5762 2913 5837">
     <span class='ocr_line' id='line_1_107' title="bbox 1922 5762 2913 5837; baseline -0.003 -20"><span class='ocrx_word' id='word_1_790' title='bbox 1922 5763 2208 5825; x_wconf 78' lang='lat' dir='ltr'><strong>Lcctarcm.</strong></span> <span class='ocrx_word' id='word_1_791' title='bbox 2232 5764 2303 5820; x_wconf 85' lang='lat' dir='ltr'><strong>ad</strong></span> <span class='ocrx_word' id='word_1_792' title='bbox 2320 5780 2513 5819; x_wconf 73' lang='lat' dir='ltr'><strong>calcem</strong></span> <span class='ocrx_word' id='word_1_793' title='bbox 2544 5762 2841 5819; x_wconf 77' lang='lat' dir='ltr'><strong>voluminis.</strong></span> <span class='ocrx_word' id='word_1_794' title='bbox 2884 5818 2913 5837; x_wconf 11' lang='grc' dir='ltr'><strong>,ἡ</strong></span> 
     </span>
    </p>
   </div>
  </div>
