3900 6296
137 329 144 334 ’
165 355 258 417 673
1211 363 1216 366 -
1440 342 1711 402 cessus

1820 343 2040 401 DINES.
3286 351 3391 406 οτι

164 471 606 537 consuetudinem,
649 485 811 540 quam
840 470 890 524 in
921 466 1125 532 multis,
1157 464 1386 534 quorum
1416 465 1534 534 pios
1564 465 1776 520 labores
1811 475 1864 518 et
1913 471 2154 518 sanctam
2187 461 2238 517 in
2261 461 2480 518 Christo
2510 441 2980 516 conversationem
3020 464 3154 517 satis
3179 465 3401 522 laudare

163 588 257 628 non
279 567 581 632 suﬂicimus,
610 566 898 622 occasione
922 554 1332 624 misericordiae,
1364 569 1422 614 ut
1453 560 1663 616 scilicet
1713 560 1857 629 quod
1899 557 2412 629 supervenientibus
2467 557 2737 612 tribuatur
2793 556 3098 628 acquirant,
3161 559 3390 615 multum

167 666 426 722 inolevisse
461 662 726 717 dolemus.

222 763 270 817 5.
297 760 396 815 Sed
421 731 474 813 et
497 757 625 828 ipsis
655 754 958 824 hospitibus
987 767 1090 807 non
1122 765 1312 822 parum
1337 749 1444 805 hoc
1491 748 1748 817 expedire
1787 757 2061 818 putamus,
2096 748 2186 818 qui
2238 747 2441 803 nostris
2497 747 2833 817 spiritalibus
2881 765 2974 804 seu
3027 753 3399 821 corporalibus

163 857 225 911 ita
255 853 439 908 debent
461 849 613 904 bonis
634 847 1058 908 communicare,
1088 853 1144 897 ut
1168 857 1263 896 nos
1291 842 1356 896 ad
1389 841 1527 895 mala
1555 857 1663 894 non
1685 846 1876 910 cogant
1905 839 2197 894 declinare.
2220 840 2303 894 Ad
2324 841 2465 894 mala
2491 851 2675 896 autem
2703 841 2977 898 declinare
3007 851 3138 898 tunc
3159 843 3424 910 facium,

161 951 198 1007 si
226 948 327 1005 suis
355 961 448 1002 nos
474 944 722 1016 expensis
746 943 814 997 ad
844 941 1142 1013 vagandum
1168 939 1632 1010 quzerendumque
1661 933 2016 1004 compellunt.

1507 1030 1906 1089 CAPITULUM
1939 1031 2059 1086 XX.

1304 1128 1380 1184 De
1407 1127 1724 1199 pauperibus
1764 1136 1823 1202 et
1846 1126 2205 1199 eleemosynis.
3043 1177 3103 1214 .-

222 1230 268 1283 l.
302 1227 628 1298 Pauperibus
654 1224 834 1282 szeculi
861 1239 1062 1294 panem
1095 1221 1176 1276 vel
1207 1221 1353 1276 aliud
1381 1220 1609 1290 aliquid,
1638 1221 1783 1289 quod
1833 1219 1919 1274 vel
1976 1219 2208 1274 facultas
2255 1218 2414 1276 olfert
2451 1221 2535 1276 vel
2587 1221 2836 1278 voluntas
2882 1226 3121 1296 suggerit
3185 1227 3398 1295 damus,

163 1339 272 1379 raro
317 1333 458 1378 tecto
520 1321 870 1390 suscipimus,
926 1317 1022 1374 scd
1050 1317 1117 1372 ad
1149 1315 1331 1370 villam
1380 1316 1554 1386 magis
1607 1314 1878 1370 mittimus
1911 1314 2263 1385 hospitatum.
2297 1315 2413 1370 Non
2464 1317 2607 1370 enim
2660 1328 2881 1388 propter
2918 1321 3218 1378 alienorum
3268 1335 3402 1378 tem-

162 1416 376 1486 puralem
432 1429 620 1470 curam
659 1427 971 1482 corporum,
1035 1408 1130 1464 sed
1187 1422 1287 1480 pro
1325 1420 1634 1462 nostrarum
1689 1406 2020 1476 sempiterna
2079 1405 2254 1463 salute
2311 1407 2884 1481 animarnminhujns
2940 1415 3107 1469 eremi
3151 1432 3400 1473 secessus

160 1508 458 1577 stringimus.
519 1503 587 1558 Et
622 1503 743 1558 ideo
805 1501 1114 1556 mirandum
1167 1513 1272 1553 non
1321 1507 1401 1553 est
1457 1497 1500 1552 si
1533 1497 1653 1567 plus
1692 1495 2079 1552 familiaritatis
2110 1506 2165 1552 et
2199 1497 2377 1552 solatii
2407 1497 2495 1553 his
2529 1501 2620 1566 qui
2658 1513 2756 1567 pro
2787 1501 3070 1557 animabus
3117 1520 3276 1574 quam
3308 1509 3399 1574 qui

160 1619 242 1670 pro
266 1601 373 1656 suis
401 1600 503 1655 h‘uc
525 1599 842 1668 corporibus
863 1597 1106 1661 veniunt,
1150 1593 1496 1649 exhibemus.
1528 1592 1787 1662 Alioquin
1817 1609 1923 1647 non
1970 1594 2022 1647 in
2055 1601 2165 1648 tam
2215 1593 2424 1662 asperis
2446 1601 2500 1648 et
2529 1595 2753 1648 remotis
2779 1603 2834 1648 et
2862 1609 3000 1664 pene
3055 1595 3404 1652 inaccessibi-

160 1699 280 1752 lihns
304 1697 433 1751 locis
479 1695 611 1766 (quo
635 1695 950 1764 quicunque
995 1689 1298 1762 corporalis
1343 1688 1524 1744 solatii
1553 1688 1764 1744 venerit
1802 1689 1998 1759 gratia,
2054 1688 2176 1759 plus
2233 1687 2474 1759 patiatur
2511 1688 2719 1744 laboris
2768 1703 2932 1760 quam
2969 1699 3294 1759 assequatur
3317 1707 3404 1745 re-

168 1793 350 1864 medii),
391 1793 482 1848 sed
512 1791 566 1845 in
599 1798 769 1845 strata
790 1789 972 1859 potius
1017 1787 1231 1859 publica
1256 1786 1386 1842 olim
1416 1785 1778 1842 debueramus
1801 1784 1992 1854 utique
2026 1783 2360 1840 consedisse.

823 1869 828 1877 ⁴
1514 1873 2091 1932 COMMENTARIUS.

161 1979 466 2047 temporibus
513 1976 714 2047 aliquid
757 1977 897 2046 apud
950 1991 1052 2031 nos
1116 1973 1382 2030 indultum
1431 1974 1504 2030 sit
1562 1975 1707 2030 circa
1739 1989 1790 2048 Α
1818 1975 2144 2031 horrendam
2172 2013 2187 2038 ,
2226 1971 2497 2028 invehitur
2552 1970 2620 2025 Β.
2668 1947 2966 2042 Ρξϐιιίεο,
3004 1971 3129 2041 quia
3166 1972 3406 2029 cadia-

161 2069 306 2122 lectos
330 2067 622 2137 hospitum,
646 2066 697 2121 id
725 2067 792 2121 ad
819 2081 1021 2123 meram
1073 2065 1318 2136 politiam
1344 2073 1628 2120 externam
1659 2073 1716 2119 et

160 2161 214 2215 ad
248 2171 538 2229 temporum
560 2159 864 2214 decentiam
900 2159 1154 2229 pertinet,
1184 2173 1287 2213 nec
1321 2158 1373 2212 in
1409 2157 1520 2212 ullo
1569 2157 1718 2214 laedit

159 2252 530 2307 observantiam
573 2251 896 2322 regularem,
924 2266 1048 2306 cum
1091 2252 1156 2304 ad
1192 2265 1454 2318 personas
1501 2250 1714 2307 ordinis

160 2360 249 2397 non
290 2351 514 2414 spectet,
583 2359 705 2413 qua:
749 2343 951 2399 eisdem
1008 2357 1223 2413 semper
1274 2342 1429 2399 lectis
1487 2350 1716 2399 utuntur

159 2436 329 2504 quibus
356 2435 517 2506 primi
550 2434 742 2491 Patres
775 2433 984 2490 ordinis
1016 2435 1329 2489 utebantur.

215 2528 358 2582 Num.
372 2531 387 2580 l
401 2565 416 2581 .
433 2526 742 2598 Sagmarios
755 2526 1388 2598 nostroskxtralmittimus
1402 2527 1708 2582 hiematum.

157 2618 244 2673 Per
265 2619 559 2690 sagmarius
584 2619 760 2673 mulos
791 2618 1059 2689 intelligit,
1104 2633 1336 2688 quorum
1381 2617 1712 2673 adminiculo

157 2724 208 2762 ea
236 2718 433 2762 lautttm
480 2722 767 2778 possumus
796 2709 958 2763 etiam
992 2723 1144 2762 nunc
1183 2709 1386 2763 habere
1415 2723 1537 2779 quae
1559 2719 1713 2763 extra

158 2814 374 2853 eremum
402 2800 706 2853 nascuntur
728 2807 821 2854 aut
841 2809 1117 2866 crescunt,
1164 2810 1323 2870 prout
1350 2809 1478 2856 sunt
1502 2801 1710 2870 vinum,

159 2891 394 2956 triticum,
421 2891 622 2957 oleum,
645 2901 751 2946 etc.
798 2890 932 2945 Nam
977 2908 1170 2948 currus
1218 2909 1324 2948 non
1382 2905 1608 2964 possunt
1645 2912 1712 2950 ex

157 2984 270 3051 pede
295 2984 505 3053 rupium
539 2998 710 3053 usque
735 2984 801 3037 ad
823 2982 1165 3039 Carthusiam
1186 2985 1482 3040 ascendere
1516 3002 1531 3051 ;
1567 2982 1711 3042 un‘de

157 3074 395 3130 mulorum
441 3075 619 3130 dorsis
682 3089 744 3129 ea
810 3075 876 3128 ad
927 3090 1026 3130 nos
1085 3074 1278 3131 advehi
1334 3089 1556 3131 necesse
1606 3085 1711 3131 est.

155 3166 318 3221 Adhuc
338 3168 502 3221 etiam
551 3167 798 3236 cogimur
828 3181 1025 3222 vaccas
1051 3175 1106 3222 et
1129 3162 1231 3222 alia
1260 3167 1516 3222 animalia
1556 3177 1714 3222 extra

154 3274 366 3313 eremum
393 3259 614 3314 mittere
638 3259 956 3314 hiematum.
985 3259 1251 3328 Sagmarii
1277 3266 1461 3314 autem
1490 3274 1712 3326 nomen,

1820 2075 1994 2120 metro
2023 2073 2230 2135 pugnat
2253 2077 2375 2117 Clllll
2423 2063 2670 2117 instituto
2726 2071 2931 2126 nostro,
2987 2063 3055 2116 ad
3104 2061 3246 2132 quod
3286 2079 3404 2118 ser-

1816 2157 2050 2211 vandum
2084 2169 2246 2208 unum
2275 2168 2308 2207 e
2345 2151 2554 2207 duobus
2577 2151 2880 2223 eligendum
2913 2161 3035 2207 est:
3072 2167 3286 2223 nempe,
3316 2154 3406 2209 vel

1816 2246 2124 2303 habendum
2155 2254 2238 2300 est
2262 2244 2404 2299 unde
2428 2258 2676 2313 personae
2692 2255 2747 2298 et
2774 2245 2968 2298 domus
3006 2243 3215 2300 ordinis
3248 2247 3402 2315 paci-

1816 2340 1918 2394 ﬁce
1950 2345 2343 2404 sustentcntur,
2375 2337 2579 2405 absque
2616 2335 2727 2390 ulla
2764 2337 3086 2391 necessitate
3102 2338 3401 2407 quaerendi,

1819 2446 1939 2487 cum
1973 2432 2097 2486 vitae
2116 2429 2373 2486 solitaria:
2410 2429 2550 2484 ratio
2580 2429 2633 2484 id
2663 2428 2862 2497 exigat,
2893 2438 2949 2483 et
2982 2443 3205 2485 necesse
3242 2429 3313 2484 sit
3343 2441 3402 2484 ut

1818 2525 2120 2580 monachus
2145 2531 2324 2578 cesset
2361 2535 2484 2578 esse
2511 2520 2810 2588 solitarius,
2846 2522 3032 2577 statim
3065 2532 3227 2594 atque
3256 2538 3405 2591 (ιιιευ-

1815 2632 1939 2671 rere
1961 2615 2064 2670 sibi
2094 2614 2403 2675 necessaria
2425 2622 2578 2670 extra
2602 2614 2818 2668 domum
2845 2613 3092 2684 cogitur;
3121 2613 3205 2668 vel
3229 2614 3402 2671 sinon

1817 2705 2104 2771 habeatur,
2123 2705 2234 2776 jam
2271 2720 2338 2760 ex
2378 2704 2707 2760 necessitate
2734 2704 2836 2760 sibi
2866 2706 3182 2775 providendi
3223 2715 3403 2762 cesset

1817 2797 1982 2852 etiam
2027 2811 2150 2853 esse
2193 2796 2492 2862 solitarius,
2522 2811 2589 2851 ac
2615 2796 2843 2865 proinde
2886 2795 3299 2852 Carthnsianus.
3323 2797 3404 2853 De

1818 2891 1922 2946 hac
1959 2905 2090 2961 ergo
2119 2905 2179 2945 re
2205 2889 2349 2944 idem
2395 2888 2681 2942 dicendum
2705 2895 2788 2942 est
2815 2888 2960 2957 quod
2991 2891 3057 2941 de
3091 2889 3234 2942 nive.
3283 2888 3403 2944 Non

1817 2990 1995 3052 potest
2023 2995 2143 3037 esse
2175 2981 2268 3035 nix
2321 2979 2539 3046 calida;
2588 2980 2772 3034 statim
2819 2981 2964 3034 enim
3021 2990 3186 3050 atque
3229 2981 3403 3036 calida

1817 3085 1923 3140 est,
1959 3075 2158 3130 desiuit
2181 3089 2305 3130 esse
2333 3074 2448 3128 nix.

1887 3167 2074 3223 Zelum
2101 3175 2283 3221 autem
2315 3181 2471 3220 suum
2532 3164 2619 3220 hic
2673 3164 2908 3221 discreto
2950 3165 3126 3220 exerit
3179 3175 3404 3222 sanctus

1819 3260 1923 3326 vir,
1949 3267 2003 3315 et
2028 3258 2263 3314 videndo
2297 3273 2407 3328 quo
2437 3268 2700 3329 praetextu
2724 3259 2943 3329 quidam
2993 3259 3240 3314 monachi
3274 3271 3404 3316 tunc

156 3361 424 3422 asagmate
467 3351 756 3405 formatum
786 3361 888 3415 est,
932 3352 1073 3420 quod
1099 3352 1321 3406 verbum
1346 3367 1442 3423 pro
1484 3349 1715 3419 jumenti
1750 3352 1792 3408 Β
1823 3353 2082 3424 temporis
2144 3352 2412 3422 prnritnm
2472 3351 2848 3420 possessiones
2909 3351 3302 3422 multiplicandi
3347 3363 3404 3408 et

154 3440 284 3507 sella,
306 3441 417 3496 sive
443 3450 635 3502 strato,
661 3441 948 3511 accipitur,
974 3457 1004 3496 a
1031 3456 1137 3511 quo
1160 3441 1467 3511 sagmarius
1493 3449 1714 3496 vocatus

153 3541 221 3585 est
253 3533 426 3588 mulus
448 3532 675 3602 sagmaIi
699 3534 966 3602 portando
988 3533 1310 3589 destinatus.

208 3623 278 3676 Ex
304 3624 406 3679 hoc
436 3635 613 3678 autem
653 3625 772 3679 loco
801 3625 1020 3680 evidens
1043 3634 1127 3680 est
1149 3625 1313 3695 quod,
1342 3624 1468 3680 licet
1499 3640 1711 3680 renun-

154 3715 324 3770 tiarent
365 3717 550 3788 optimi
591 3717 781 3773 Patres
831 3718 1108 3787 cupiditati
1152 3716 1354 3787 aliquid
1403 3718 1711 3787 possidendi

152 3818 283 3860 extra
307 3815 573 3875 eremum,
614 3809 666 3864 id
694 3810 883 3864 stricte
934 3809 1340 3880 intelligendum
1375 3818 1458 3864 est
1496 3810 1562 3863 de
1590 3824 1713 3878 spe-

152 3897 314 3954 ciebus
331 3915 509 3954 rerum
528 3917 648 3970 qua:
672 3903 724 3954 in
748 3899 1052 3971 capitulo“
1078 3899 1302 3955 inferius
1321 3901 1709 3970 exprimentur.

153 3988 266 4044 Nam
290 4001 493 4048 certum
518 4004 602 4048 est
631 3993 750 4048 illos
775 4003 901 4049 tunc
927 3993 1177 4048 habuisse
1199 3991 1410 4047 stabula
1437 4001 1492 4046 et
1513 4007 1711 4061 pascua

153 4080 196 4135 in
220 4084 515 4139 conﬁnibus
537 4087 705 4140 eremi
725 4085 1047 4153 Carthusize,
1072 4085 1137 4139 ad
1163 4085 1323 4154 pedes
1341 4083 1598 4139 videlicet
1618 4100 1710 4139 ru-

155 4172 280 4243 pium
303 4177 611 4244 existentia,
636 4193 868 4247 quorum
894 4176 1224 4232 adminiculo
1243 4176 1570 4231 animalibus
1597 4177 1712 4233 suis

155 4276 377 4337 tempore
394 4269 587 4323 hiemis
602 4271 965 4340 providerent.
983 4270 1266 4325 Eratenim
1283 4269 1611 4325 inevitabilis
1625 4285 1714 4324 ne-

149 4361 356 4416 cessitas
385 4361 434 4416 id
465 4362 719 4426 habendi,
745 4361 990 4432 alioquin
1015 4375 1212 4432 magno
1234 4360 1408 4432 pretio
1445 4359 1553 4416 illis
1597 4359 1712 4415 elo-

149 4453 307 4508 canda
341 4454 567 4509 fuissent
617 4455 850 4518 stabula,
895 4463 950 4509 et
980 4454 1162 4510 fenum
1211 4455 1500 4509 emendum
1525 4455 1592 4508 ad
1613 4470 1713 4508 nu-

151 4545 339 4600 trienda
354 4549 625 4615 animalia,
641 4564 702 4605 ac
723 4550 800 4604 sic
821 4564 1182 4619 expensarum
1203 4551 1446 4620 gravitas
1459 4565 1546 4604 res
1563 4549 1712 4604 fami-

150 4633 299 4692 liares
317 4639 520 4712 integre
537 4639 926 4695 absorbuisset.
944 4639 999 4694 ld
1024 4641 1239 4711 quidem
1267 4641 1399 4695 satis
1421 4641 1710 4710 probatura

148 4722 361 4782 habetur
383 4705 478 4798 per
499 4745 621 4799 cap.
661 4729 730 4782 76
787 4705 1254 4785 Consuetudinum
1313 4705 1661 4798 prmsentium
1689 4744 1706 4783 :
1739 4705 1782 4766 (ἶ

148 4818 230 4871 sed
256 4820 428 4876 nullus
481 4831 730 4877 remanet
778 4823 1033 4891 scrupulo
1081 4822 1257 4884 locus,
1299 4821 1426 4876 dum
1458 4821 1708 4876 visuntur

148 4911 308 4967 adhuc
357 4914 549 4969 rudera
612 4924 856 4971 veterum
913 4917 1140 4971 istorum
1191 4915 1552 4982 stabulorum,
1589 4930 1710 4984 quae

149 5002 450 5060 animalibus
492 5006 832 5077 excipiendis
881 5007 1269 5062 inserviebant.
1313 5005 1368 5060 In
1399 5021 1506 5076 quo
1544 5006 1707 5060 etiam

150 5090 254 5148 loco
296 5101 762 5170 congregabantur
819 5101 1067 5156 triticum
1106 5110 1161 5155 et
1213 5101 1320 5155 alia
1374 5101 1706 5164 necessaria,

148 5198 255 5250 quae
284 5199 460 5256 postea
490 5207 588 5260 per
624 5191 943 5248 horribilem
983 5191 1296 5268 transitum,
1355 5191 1446 5259 qui
1489 5198 1710 5244 vocatur

148 5273 189 5326 le
218 5273 372 5344 Frou,
407 5282 651 5337 humeris
700 5284 980 5338 hominum
1012 5284 1080 5337 ad
1109 5283 1479 5336 summitatem
1530 5282 1712 5352 cujus-

150 5365 262 5421 dam
285 5374 426 5441 rupis
451 5373 843 5431 deferebantur
875 5391 890 5442 ;
933 5376 1074 5430 unde
1103 5385 1292 5444 postea
1332 5374 1508 5430 dorsis
1543 5375 1715 5428 mulo-

150 5468 259 5508 rum
303 5459 546 5529 imposita
592 5478 690 5533 per
735 5462 918 5517 villam
971 5473 1218 5517 vocatam
1279 5461 1602 5515 Rucheriam
1643 5463 1709 5516 ad

149 5543 348 5603 domum
377 5550 678 5608 Carthusia:
715 5554 1227 5609 transvehebantur.

213 5637 359 5698 Nutu.
391 5646 443 5698 ‘2.
490 5643 794 5716 Vagmtdiet
817 5645 1152 5715 quazsitcmdi,
1189 5659 1296 5698 etc.
1349 5643 1544 5697 Merito
1578 5659 1712 5698 cou—

131 5741 225 5789 .tra
254 5736 382 5797 hanc
426 5741 894 5806 consuetudinem,
941 5741 1096 5810 quasi
1141 5748 1332 5794 contra
1387 5755 1501 5794 rem
1563 5738 1718 5795 nobis

1819 3443 2020 3512 absque
2048 3441 2156 3497 ullo
2183 3442 2287 3504 [ine
2309 3442 2623 3512 acquirendi
2651 3441 2923 3508 volabant,
2954 3443 3198 3498 occurrit
3241 3444 3404 3501 nobis

1817 3546 1871 3591 et
1906 3535 2148 3591 velamen
2185 3534 2314 3589 illud
2356 3528 2531 3588 aufert
2553 3543 2608 3588 et
2635 3531 2834 3602 rejicit,
2861 3548 2930 3588 ne
2967 3535 3185 3604 quando
3217 3543 3405 3590 tenta-

1820 3627 1893 3682 tio
1915 3641 1978 3681 eo
2001 3625 2184 3680 utendi
2231 3633 2447 3679 nostros
2504 3623 2802 3684 invaderet,
2837 3633 2998 3692 prout
3048 3624 3133 3678 hic
3179 3624 3400 3694 legitur.

1818 3715 2062 3770 [labeant
2089 3729 2218 3784 ergo
2249 3713 2390 3768 idem
2417 3712 2484 3766 R.
2524 3711 2702 3766 Patris
2753 3711 3012 3782 Guignnis
3041 3757 3048 3761 .
3077 3727 3400 3783 responsura

1815 3806 2070 3862 olliciales
2093 3805 2321 3871 ordinis,
2347 3805 2438 3874 qui
2466 3804 2610 3875 apud
2651 3819 2750 3859 nos
2799 3805 2960 3858 etiam
3003 3819 3218 3875 semper
3261 3822 3398 3861 nova

1815 3898 2130 3970 acquirendi
2165 3898 2431 3968 pruritnm
2460 3895 2677 3962 vellent,
2731 3895 2996 3949 ementito
3040 3893 3130 3949 illo
3183 3895 3402 3965 pietatis

1817 4000 2081 4062 prmtextu
2111 3999 2167 4044 et
2195 3988 2375 4044 colore
2427 3987 2734 4052 admittere,
2766 3995 2821 4040 et
2855 3985 3076 4040 audiant
3103 4001 3132 4039 a
3173 4002 3260 4040 Inc
3300 3987 3399 4042 do-

1816 4100 1934 4140 mos
1955 4095 2010 4139 et
2035 4082 2290 4138 olliciales
2318 4081 2530 4136 ordinis
2559 4079 2745 4134 eadem
2779 4078 2868 4132 via
2895 4087 2949 4132 et
2983 4079 3174 4134 eodem
3209 4094 3397 4150 gressu

1815 4195 1845 4232 a
1870 4179 1950 4233 sui
1976 4175 2207 4232 instituti
2233 4183 2287 4229 et
2311 4190 2339 4228 a
2359 4189 2469 4230 sua:
2495 4171 2851 4244 professionis
2875 4171 3068 4242 spiritu
3093 4172 3397 4240 discedere,

1813 4287 1922 4341 quo
1939 4271 2140 4341 absque
2155 4268 2300 4338 justa
2327 4275 2380 4322 et
2396 4267 2704 4322 necessaria
2733 4280 2919 4330 causa,
2938 4279 3106 4338 novas
3128 4273 3184 4320 et
3213 4279 3401 4335 super-

1815 4363 1949 4418 tluas
1972 4360 2346 4432 possessiones
2377 4365 2736 4414 conantur‘et
2773 4355 2992 4411 student
3037 4355 3142 4410 sibi
3183 4370 3402 4426 compa-

1814 4469 1956 4510 rare.
1989 4453 2082 4508 Sic
2124 4451 2269 4507 enim
2305 4465 2373 4506 ex
2419 4447 2794 4519 spiritualibus
2833 4446 3038 4502 sensim
3089 4445 3227 4500 fiunt
3265 4455 3401 4500 tem-

1814 4543 2047 4614 porales,
2079 4553 2131 4597 et
2159 4555 2227 4597 ex
2251 4540 2534 4594 monachis
2569 4537 2879 4594 saeculares.
2920 4536 2990 4590 At
3039 4535 3176 4590 nihil
3204 4541 3396 4590 horum

1815 4634 1883 4687 ad
1910 4639 2125 4686 nostros
2149 4636 2358 4698 spectat
2382 4625 2724 4691 claustrales,
2748 4625 2944 4694 quibus
2965 4623 3176 4678 ordinis
3199 4639 3397 4693 corpus

1813 4720 2178 4791 componitur,
2207 4716 2302 4772 scd
2326 4715 2394 4769 ad
2424 4713 2684 4770 olliciales
2706 4713 2800 4783 qui
2835 4720 2965 4768 sunt
2995 4719 3205 4766 tantum
3241 4712 3399 4767 istius

1815 4815 2058 4885 corporis
2086 4808 2330 4866 membra
2366 4806 2680 4878 singularia.
2715 4804 3044 4860 Claustrales
3086 4803 3253 4867 enim,
3294 4806 3395 4858 etsi

1814 4905 2187 4979 possessiones
2225 4908 2544 4972 augeantur,
2609 4913 2674 4952 ac
2717 4897 2840 4952 inde
2891 4912 2958 4950 ex
3020 4895 3396 4966 temporalium

1815 4995 2265 5066 multiplicatione
2289 4990 2621 5051 ollicialium,
2648 4987 3041 5045 sollicitudines
3065 4988 3230 5043 etiam
3260 4989 3399 5042 mul—

1817 5089 2146 5161 tiplicentur,
2187 5097 2400 5155 semper
2421 5089 2705 5138 remanent
2731 5081 2785 5134 in
2808 5079 3047 5134 claustro
3073 5079 3262 5148 quieti,
3299 5097 3399 5135 ucc
3437 5159 3440 5164 Ι

1816 5182 2115 5254 quidquam
2147 5179 2360 5234 illorum
2401 5175 2620 5242 attingit
2667 5188 2782 5238 eos,
2839 5172 2949 5226 imo
3011 5171 3261 5227 nesciunt
3298 5188 3400 5227 nec

1818 5275 1946 5346 quid
1979 5275 2172 5329 domus
2201 5271 2400 5326 habeat
2429 5276 2522 5323 aut
2545 5266 2840 5337 possideat,
2873 5280 2975 5320 nec
3024 5264 3152 5335 quid
3177 5265 3245 5320 ab
3279 5263 3398 5320 olli-

1819 5368 2048 5424 cialibus
2074 5375 2284 5435 agatur.

1889 5461 2020 5516 Car.
2050 5457 2170 5512 XX.
2201 5485 2270 5497 —
2292 5453 2430 5510 Num
2466 5454 2516 5507 1.
2571 5450 2904 5521 Pauperibus
2962 5447 3142 5501 swculi
3183 5461 3396 5514 panem,

1820 5565 1952 5618 etc.,
1995 5552 2086 5607 sed
2110 5553 2178 5604 ad
2207 5549 2405 5611 villam,
2466 5556 2590 5602 ctc._
2629 5543 2821 5599 Smculi
2888 5540 3104 5594 nomine
3148 5534 3402 5604 intelligit

1821 5659 2090 5718 pauperes
2117 5641 2430 5705 saeculares,
2465 5639 2518 5693 in
2548 5635 2744 5708 quibus
2780 5629 3034 5700 juvandis
3081 5625 3401 5718 qualitatem

1822 5717 2165 5804 lacultatum,
2189 5746 2244 5792 et
2272 5734 2324 5790 iu
2350 5731 2530 5788 dando
2558 5729 2866 5784 libertatem
2912 5720 3118 5776 servari
3161 5717 3402 5773 volebat.
