  <div class='ocr_page' id='page_1' title='image "/cluster/home/n/w/nwhite01/storage/ocr_20150623/153/hvd.32044015473812/343.png"; bbox 0 0 3992 6442; ppageno 0'>
   <div class='ocr_carea' id='block_1_1' title="bbox 511 303 3770 390">
    <p class='ocr_par' dir='ltr' id='par_1_1' title="bbox 511 303 3770 390">
     <span class='ocr_line' id='line_1_1' title="bbox 511 303 3770 390; baseline 0.001 -6"><span class='ocrx_word' id='word_1_1' title='bbox 511 332 619 390; x_wconf 73' lang='lat'><strong>675</strong></span> <span class='ocrx_word' id='word_1_2' title='bbox 1334 321 1665 381; x_wconf 82' lang='lat' dir='ltr'><strong>GUlGONlS</strong></span> <span class='ocrx_word' id='word_1_3' title='bbox 1697 321 1719 378; x_wconf 85' lang='grc' dir='ltr'>Ι</span> <span class='ocrx_word' id='word_1_4' title='bbox 1758 318 2178 377; x_wconf 66' lang='lat' dir='ltr'><strong>CARTIIUSIE</strong></span> <span class='ocrx_word' id='word_1_5' title='bbox 2219 319 2510 379; x_wconf 72' lang='lat' dir='ltr'><strong>MAIORIS</strong></span> <span class='ocrx_word' id='word_1_6' title='bbox 2539 319 2818 379; x_wconf 77' lang='lat' dir='ltr'><strong>PRIORIS</strong></span> <span class='ocrx_word' id='word_1_7' title='bbox 2854 321 2900 377; x_wconf 69' lang='grc' dir='ltr'>γ</span> <span class='ocrx_word' id='word_1_8' title='bbox 2922 303 2936 331; x_wconf 43' lang='grc'><strong><em>³</em></strong></span> <span class='ocrx_word' id='word_1_9' title='bbox 3681 328 3770 386; x_wconf 71' lang='grc' dir='ltr'><strong>ωε</strong></span> 
     </span>
    </p>
   </div>
   <div class='ocr_carea' id='block_1_2' title="bbox 590 437 3773 518">
    <p class='ocr_par' dir='ltr' id='par_1_2' title="bbox 590 437 3773 518">
     <span class='ocr_line' id='line_1_2' title="bbox 590 437 3773 518; baseline -0.002 -13"><span class='ocrx_word' id='word_1_10' title='bbox 590 451 647 505; x_wconf 74' lang='grc'><strong>2.</strong></span> <span class='ocrx_word' id='word_1_11' title='bbox 682 450 895 506; x_wconf 78' lang='lat' dir='ltr'><strong>Habeat</strong></span> <span class='ocrx_word' id='word_1_12' title='bbox 953 447 1142 518; x_wconf 87' lang='lat' dir='ltr'><strong>itaque</strong></span> <span class='ocrx_word' id='word_1_13' title='bbox 1196 444 1405 500; x_wconf 82' lang='lat' dir='ltr'><strong>Martha</strong></span> <span class='ocrx_word' id='word_1_14' title='bbox 1473 440 1743 496; x_wconf 77' lang='lat' dir='ltr'><strong>laudabile</strong></span> <span class='ocrx_word' id='word_1_15' title='bbox 1800 440 2052 509; x_wconf 85' lang='lat' dir='ltr'><strong>quidem,</strong></span> <span class='ocrx_word' id='word_1_16' title='bbox 2112 439 2206 495; x_wconf 87' lang='lat' dir='ltr'><strong>sed</strong></span> <span class='ocrx_word' id='word_1_17' title='bbox 2259 448 2440 494; x_wconf 89' lang='lat' dir='ltr'><strong>tamen</strong></span> <span class='ocrx_word' id='word_1_18' title='bbox 2495 454 2604 494; x_wconf 90' lang='lat' dir='ltr'><strong>non</strong></span> <span class='ocrx_word' id='word_1_19' title='bbox 2670 439 2789 494; x_wconf 87' lang='lat' dir='ltr'><strong>sine</strong></span> <span class='ocrx_word' id='word_1_20' title='bbox 2849 437 3221 495; x_wconf 86' lang='lat' dir='ltr'><strong>sollicitudine</strong></span> <span class='ocrx_word' id='word_1_21' title='bbox 3264 448 3321 494; x_wconf 86' lang='lat' dir='ltr'><strong>et</strong></span> <span class='ocrx_word' id='word_1_22' title='bbox 3376 443 3773 512; x_wconf 83' lang='lat' dir='ltr'><strong>perturbatione</strong></span> 
     </span>
    </p>
   </div>
   <div class='ocr_carea' id='block_1_3' title="bbox 506 530 3769 611">
    <p class='ocr_par' dir='ltr' id='par_1_3' title="bbox 506 530 3769 611">
     <span class='ocr_line' id='line_1_3' title="bbox 506 530 3769 611; baseline -0.003 -8"><span class='ocrx_word' id='word_1_23' title='bbox 506 548 896 611; x_wconf 81' lang='lat' dir='ltr'><strong>‘miuisterinm,</strong></span> <span class='ocrx_word' id='word_1_24' title='bbox 944 558 1047 600; x_wconf 91' lang='lat' dir='ltr'><strong>nec</strong></span> <span class='ocrx_word' id='word_1_25' title='bbox 1090 557 1331 600; x_wconf 80' lang='lat' dir='ltr'><strong>sororem</strong></span> <span class='ocrx_word' id='word_1_26' title='bbox 1376 539 1634 595; x_wconf 76' lang='lat' dir='ltr'><strong>sollicitet</strong></span> <span class='ocrx_word' id='word_1_27' title='bbox 1685 536 1890 592; x_wconf 85' lang='lat' dir='ltr'><strong>Christi</strong></span> <span class='ocrx_word' id='word_1_28' title='bbox 1935 537 2182 607; x_wconf 76' lang='lat' dir='ltr'><strong>vestigiis</strong></span> <span class='ocrx_word' id='word_1_29' title='bbox 2234 537 2611 601; x_wconf 69' lang='lat' dir='ltr'><strong>inhmrentem,</strong></span> <span class='ocrx_word' id='word_1_30' title='bbox 2659 538 2997 607; x_wconf 80' lang='lat' dir='ltr'><strong>etquoniam</strong></span> <span class='ocrx_word' id='word_1_31' title='bbox 3038 538 3154 608; x_wconf 89' lang='lat' dir='ltr'><strong>ipse</strong></span> <span class='ocrx_word' id='word_1_32' title='bbox 3194 548 3278 593; x_wconf 90' lang='lat' dir='ltr'><strong>est</strong></span> <span class='ocrx_word' id='word_1_33' title='bbox 3328 530 3477 593; x_wconf 88' lang='lat' dir='ltr'><strong>Deus</strong></span> <span class='ocrx_word' id='word_1_34' title='bbox 3537 539 3769 597; x_wconf 82' lang='lat' dir='ltr'><strong>vacando</strong></span> 
     </span>
    </p>
   </div>
   <div class='ocr_carea' id='block_1_4' title="bbox 516 635 3776 711">
    <p class='ocr_par' dir='ltr' id='par_1_4' title="bbox 516 635 3776 711">
     <span class='ocr_line' id='line_1_4' title="bbox 516 635 3776 711; baseline -0.002 -15"><span class='ocrx_word' id='word_1_35' title='bbox 516 642 787 696; x_wconf 85' lang='lat' dir='ltr'><strong>videntem</strong></span> <span class='ocrx_word' id='word_1_36' title='bbox 816 681 832 704; x_wconf 88' lang='lat'><strong>,</strong></span> <span class='ocrx_word' id='word_1_37' title='bbox 905 643 1154 711; x_wconf 85' lang='lat' dir='ltr'><strong>spiritum</strong></span> <span class='ocrx_word' id='word_1_38' title='bbox 1200 654 1354 695; x_wconf 88' lang='lat' dir='ltr'><strong>suum</strong></span> <span class='ocrx_word' id='word_1_39' title='bbox 1402 645 1733 706; x_wconf 88' lang='lat' dir='ltr'><strong>scopeutem,</strong></span> <span class='ocrx_word' id='word_1_40' title='bbox 1787 650 2053 704; x_wconf 85' lang='lat' dir='ltr'><strong>suamque</strong></span> <span class='ocrx_word' id='word_1_41' title='bbox 2093 635 2396 689; x_wconf 89' lang='lat' dir='ltr'><strong>oralionem</strong></span> <span class='ocrx_word' id='word_1_42' title='bbox 2451 635 2501 689; x_wconf 94' lang='lat' dir='ltr'><strong>in</strong></span> <span class='ocrx_word' id='word_1_43' title='bbox 2528 636 2704 689; x_wconf 84' lang='lat' dir='ltr'><strong>sinunt</strong></span> <span class='ocrx_word' id='word_1_44' title='bbox 2750 651 2908 689; x_wconf 89' lang='lat' dir='ltr'><strong>suum</strong></span> <span class='ocrx_word' id='word_1_45' title='bbox 2960 646 3394 699; x_wconf 88' lang='lat' dir='ltr'><strong>convertentem,</strong></span> <span class='ocrx_word' id='word_1_46' title='bbox 3425 636 3641 705; x_wconf 86' lang='lat' dir='ltr'><strong>etquid</strong></span> <span class='ocrx_word' id='word_1_47' title='bbox 3684 637 3776 694; x_wconf 82' lang='lat' dir='ltr'><strong>sibi</strong></span> 
     </span>
    </p>
   </div>
   <div class='ocr_carea' id='block_1_5' title="bbox 517 731 3775 807">
    <p class='ocr_par' dir='ltr' id='par_1_5' title="bbox 517 731 3775 807">
     <span class='ocr_line' id='line_1_5' title="bbox 517 731 3775 807; baseline -0.001 -14"><span class='ocrx_word' id='word_1_48' title='bbox 517 739 572 794; x_wconf 89' lang='lat' dir='ltr'><strong>in</strong></span> <span class='ocrx_word' id='word_1_49' title='bbox 612 756 675 792; x_wconf 88' lang='lat' dir='ltr'><strong>se</strong></span> <span class='ocrx_word' id='word_1_50' title='bbox 715 741 972 807; x_wconf 83' lang='lat' dir='ltr'><strong>loquatur</strong></span> <span class='ocrx_word' id='word_1_51' title='bbox 1015 738 1271 791; x_wconf 73' lang='lat' dir='ltr'><strong>bominus</strong></span> <span class='ocrx_word' id='word_1_52' title='bbox 1325 735 1657 797; x_wconf 78' lang='lat' dir='ltr'><strong>audientem,</strong></span> <span class='ocrx_word' id='word_1_53' title='bbox 1704 733 1891 803; x_wconf 87' lang='lat' dir='ltr'><strong>sicque</strong></span> <span class='ocrx_word' id='word_1_54' title='bbox 1931 747 1997 786; x_wconf 79' lang='lat' dir='ltr'><strong>ex</strong></span> <span class='ocrx_word' id='word_1_55' title='bbox 2048 732 2333 801; x_wconf 85' lang='lat' dir='ltr'><strong>quantula,</strong></span> <span class='ocrx_word' id='word_1_56' title='bbox 2384 747 2481 801; x_wconf 82' lang='lat' dir='ltr'><strong>per</strong></span> <span class='ocrx_word' id='word_1_57' title='bbox 2530 731 2808 801; x_wconf 86' lang='lat' dir='ltr'><strong>speculum</strong></span> <span class='ocrx_word' id='word_1_58' title='bbox 2848 741 2904 786; x_wconf 92' lang='lat' dir='ltr'><strong>ct</strong></span> <span class='ocrx_word' id='word_1_59' title='bbox 2949 733 3002 785; x_wconf 92' lang='lat' dir='ltr'><strong>in</strong></span> <span class='ocrx_word' id='word_1_60' title='bbox 3047 733 3336 803; x_wconf 71' lang='lat' dir='ltr'><strong>mnigmate</strong></span> <span class='ocrx_word' id='word_1_61' title='bbox 3384 738 3546 805; x_wconf 77' lang='lat' dir='ltr'><strong>parte</strong></span> <span class='ocrx_word' id='word_1_62' title='bbox 3596 748 3775 807; x_wconf 77' lang='lat' dir='ltr'><strong>potest,</strong></span> 
     </span>
    </p>
   </div>
   <div class='ocr_carea' id='block_1_6' title="bbox 514 826 3762 904">
    <p class='ocr_par' dir='ltr' id='par_1_6' title="bbox 514 826 3762 904">
     <span class='ocr_line' id='line_1_6' title="bbox 514 826 3762 904; baseline 0 -16"><span class='ocrx_word' id='word_1_63' title='bbox 514 851 677 904; x_wconf 84' lang='lat' dir='ltr'><strong>quam</strong></span> <span class='ocrx_word' id='word_1_64' title='bbox 725 845 807 891; x_wconf 90' lang='lat' dir='ltr'><strong>est</strong></span> <span class='ocrx_word' id='word_1_65' title='bbox 849 836 1031 890; x_wconf 78' lang='lat' dir='ltr'><strong>suavis</strong></span> <span class='ocrx_word' id='word_1_66' title='bbox 1081 840 1387 901; x_wconf 85' lang='lat' dir='ltr'><strong>gustantem</strong></span> <span class='ocrx_word' id='word_1_67' title='bbox 1428 839 1482 884; x_wconf 90' lang='lat' dir='ltr'><strong>ct</strong></span> <span class='ocrx_word' id='word_1_68' title='bbox 1507 830 1805 893; x_wconf 89' lang='lat' dir='ltr'><strong>videntem,</strong></span> <span class='ocrx_word' id='word_1_69' title='bbox 1850 836 1905 881; x_wconf 92' lang='lat' dir='ltr'><strong>ct</strong></span> <span class='ocrx_word' id='word_1_70' title='bbox 1948 835 2057 880; x_wconf 90' lang='lat' dir='ltr'><strong>tam</strong></span> <span class='ocrx_word' id='word_1_71' title='bbox 2095 842 2195 897; x_wconf 90' lang='lat' dir='ltr'><strong>pro</strong></span> <span class='ocrx_word' id='word_1_72' title='bbox 2237 826 2350 895; x_wconf 89' lang='lat' dir='ltr'><strong>ipsa</strong></span> <span class='ocrx_word' id='word_1_73' title='bbox 2398 843 2561 897; x_wconf 88' lang='lat' dir='ltr'><strong>quam</strong></span> <span class='ocrx_word' id='word_1_74' title='bbox 2615 843 2712 897; x_wconf 87' lang='lat' dir='ltr'><strong>pro</strong></span> <span class='ocrx_word' id='word_1_75' title='bbox 2778 827 2992 882; x_wconf 89' lang='lat' dir='ltr'><strong>cunctis</strong></span> <span class='ocrx_word' id='word_1_76' title='bbox 3039 827 3217 882; x_wconf 80' lang='lat' dir='ltr'><strong>taliter</strong></span> <span class='ocrx_word' id='word_1_77' title='bbox 3264 828 3647 887; x_wconf 82' lang='lat' dir='ltr'><strong>laborantibus</strong></span> <span class='ocrx_word' id='word_1_78' title='bbox 3678 848 3762 888; x_wconf 79' lang='lat' dir='ltr'><strong>ex-</strong></span> 
     </span>
    </p>
   </div>
   <div class='ocr_carea' id='block_1_7' title="bbox 514 942 785 986">
    <p class='ocr_par' dir='ltr' id='par_1_7' title="bbox 514 942 785 986">
     <span class='ocr_line' id='line_1_7' title="bbox 514 942 785 986; baseline -0.011 0"><span class='ocrx_word' id='word_1_79' title='bbox 514 942 785 986; x_wconf 87' lang='lat' dir='ltr'><strong>orantem.</strong></span> 
     </span>
    </p>
   </div>
   <div class='ocr_carea' id='block_1_8' title="bbox 581 1016 3774 1093">
    <p class='ocr_par' dir='ltr' id='par_1_8' title="bbox 581 1016 3774 1093">
     <span class='ocr_line' id='line_1_8' title="bbox 581 1016 3774 1093; baseline -0 -13"><span class='ocrx_word' id='word_1_80' title='bbox 581 1027 635 1080; x_wconf 79' lang='lat'><strong>3.</strong></span> <span class='ocrx_word' id='word_1_81' title='bbox 681 1026 834 1093; x_wconf 86' lang='lat' dir='ltr'><strong>Quod</strong></span> <span class='ocrx_word' id='word_1_82' title='bbox 861 1025 905 1079; x_wconf 92' lang='lat' dir='ltr'><strong>si</strong></span> <span class='ocrx_word' id='word_1_83' title='bbox 927 1023 1221 1079; x_wconf 87' lang='lat' dir='ltr'><strong>sollicitare</strong></span> <span class='ocrx_word' id='word_1_84' title='bbox 1250 1038 1355 1076; x_wconf 93' lang='lat' dir='ltr'><strong>non</strong></span> <span class='ocrx_word' id='word_1_85' title='bbox 1394 1020 1618 1082; x_wconf 89' lang='lat' dir='ltr'><strong>desinit,</strong></span> <span class='ocrx_word' id='word_1_86' title='bbox 1667 1019 1835 1074; x_wconf 82' lang='lat' dir='ltr'><strong>habet</strong></span> <span class='ocrx_word' id='word_1_87' title='bbox 1872 1017 1960 1073; x_wconf 87' lang='lat' dir='ltr'><strong>illa</strong></span> <span class='ocrx_word' id='word_1_88' title='bbox 1993 1033 2101 1073; x_wconf 92' lang='lat' dir='ltr'><strong>non</strong></span> <span class='ocrx_word' id='word_1_89' title='bbox 2153 1018 2329 1074; x_wconf 89' lang='lat' dir='ltr'><strong>solum</strong></span> <span class='ocrx_word' id='word_1_90' title='bbox 2360 1016 2722 1086; x_wconf 89' lang='lat' dir='ltr'><strong>jnstissimum</strong></span> <span class='ocrx_word' id='word_1_91' title='bbox 2767 1016 3032 1087; x_wconf 90' lang='lat' dir='ltr'><strong>jndicem,</strong></span> <span class='ocrx_word' id='word_1_92' title='bbox 3063 1019 3158 1073; x_wconf 91' lang='lat' dir='ltr'><strong>sed</strong></span> <span class='ocrx_word' id='word_1_93' title='bbox 3193 1018 3360 1074; x_wconf 90' lang='lat' dir='ltr'><strong>etiam</strong></span> <span class='ocrx_word' id='word_1_94' title='bbox 3415 1020 3774 1079; x_wconf 82' lang='lat' dir='ltr'><strong>ﬁdelissimum</strong></span> 
     </span>
    </p>
   </div>
   <div class='ocr_carea' id='block_1_9' title="bbox 511 1104 3776 1196">
    <p class='ocr_par' dir='ltr' id='par_1_9' title="bbox 511 1104 3776 1196">
     <span class='ocr_line' id='line_1_9' title="bbox 511 1104 3776 1196; baseline -0.001 -20"><span class='ocrx_word' id='word_1_95' title='bbox 511 1122 1066 1196; x_wconf 50' lang='lat' dir='ltr'><strong>advocatunbipsum</strong></span> <span class='ocrx_word' id='word_1_96' title='bbox 1094 1120 1349 1174; x_wconf 77' lang='lat' dir='ltr'><strong>videlicet</strong></span> <span class='ocrx_word' id='word_1_97' title='bbox 1383 1118 1695 1180; x_wconf 89' lang='lat' dir='ltr'><strong>Dominum,</strong></span> <span class='ocrx_word' id='word_1_98' title='bbox 1722 1116 1811 1187; x_wconf 90' lang='lat' dir='ltr'><strong>qui</strong></span> <span class='ocrx_word' id='word_1_99' title='bbox 1843 1116 2181 1186; x_wconf 86' lang='lat' dir='ltr'><strong>propositum</strong></span> <span class='ocrx_word' id='word_1_100' title='bbox 2212 1114 2328 1184; x_wconf 89' lang='lat' dir='ltr'><strong>ejus</strong></span> <span class='ocrx_word' id='word_1_101' title='bbox 2360 1131 2467 1169; x_wconf 93' lang='lat' dir='ltr'><strong>non</strong></span> <span class='ocrx_word' id='word_1_102' title='bbox 2498 1116 2672 1171; x_wconf 90' lang='lat' dir='ltr'><strong>solum</strong></span> <span class='ocrx_word' id='word_1_103' title='bbox 2713 1115 3026 1179; x_wconf 86' lang='lat' dir='ltr'><strong>defendere,</strong></span> <span class='ocrx_word' id='word_1_104' title='bbox 3071 1116 3164 1171; x_wconf 90' lang='lat' dir='ltr'><strong>sed</strong></span> <span class='ocrx_word' id='word_1_105' title='bbox 3195 1104 3360 1170; x_wconf 82' lang='lat' dir='ltr'><strong>etiam</strong></span> <span class='ocrx_word' id='word_1_106' title='bbox 3406 1118 3776 1176; x_wconf 79' lang='lat' dir='ltr'><strong>commendare</strong></span> 
     </span>
    </p>
   </div>
   <div class='ocr_carea' id='block_1_10' title="bbox 509 1211 3771 1289">
    <p class='ocr_par' dir='ltr' id='par_1_10' title="bbox 509 1211 3771 1289">
     <span class='ocr_line' id='line_1_10' title="bbox 509 1211 3771 1289; baseline -0.002 -14"><span class='ocrx_word' id='word_1_107' title='bbox 509 1218 761 1289; x_wconf 81' lang='lat' dir='ltr'><strong>dignatur</strong></span> <span class='ocrx_word' id='word_1_108' title='bbox 789 1217 973 1271; x_wconf 89' lang='lat' dir='ltr'><strong>dicens</strong></span> <span class='ocrx_word' id='word_1_109' title='bbox 1004 1234 1019 1271; x_wconf 86' lang='lat'><strong>:</strong></span> <span class='ocrx_word' id='word_1_110' title='bbox 1058 1215 1231 1269; x_wconf 80' lang='lat' dir='ltr'><strong>Maria</strong></span> <span class='ocrx_word' id='word_1_111' title='bbox 1259 1216 1503 1284; x_wconf 85' lang='lat' dir='ltr'><strong>optimam</strong></span> <span class='ocrx_word' id='word_1_112' title='bbox 1549 1225 1748 1283; x_wconf 79' lang='lat' dir='ltr'><strong>partem</strong></span> <span class='ocrx_word' id='word_1_113' title='bbox 1773 1212 1921 1281; x_wconf 82' lang='lat' dir='ltr'><strong>elegit</strong></span> <span class='ocrx_word' id='word_1_114' title='bbox 1965 1229 2082 1283; x_wconf 68' lang='lat' dir='ltr'><strong>qua:</strong></span> <span class='ocrx_word' id='word_1_115' title='bbox 2122 1228 2224 1267; x_wconf 79' lang='lat' dir='ltr'><strong>non</strong></span> <span class='ocrx_word' id='word_1_116' title='bbox 2280 1213 2551 1282; x_wconf 79' lang='lat' dir='ltr'><strong>auferetur</strong></span> <span class='ocrx_word' id='word_1_117' title='bbox 2576 1212 2641 1266; x_wconf 89' lang='lat' dir='ltr'><strong>ab</strong></span> <span class='ocrx_word' id='word_1_118' title='bbox 2687 1229 2747 1266; x_wconf 84' lang='lat' dir='ltr'><strong>ea</strong></span> <span class='ocrx_word' id='word_1_119' title='bbox 2780 1211 2931 1279; x_wconf 86' lang='lat' dir='ltr'><strong>(Luc.</strong></span> <span class='ocrx_word' id='word_1_120' title='bbox 2960 1213 3038 1281; x_wconf 68' lang='grc' dir='ltr'><strong>χ).</strong></span> <span class='ocrx_word' id='word_1_121' title='bbox 3070 1213 3309 1267; x_wconf 85' lang='lat' dir='ltr'><strong>Dicendo</strong></span> <span class='ocrx_word' id='word_1_122' title='bbox 3368 1216 3647 1281; x_wconf 78' lang='lat' dir='ltr'><strong>optimam,</strong></span> <span class='ocrx_word' id='word_1_123' title='bbox 3679 1230 3771 1270; x_wconf 86' lang='lat' dir='ltr'><strong>non</strong></span> 
     </span>
    </p>
   </div>
   <div class='ocr_carea' id='block_1_11' title="bbox 514 1307 3774 1378">
    <p class='ocr_par' dir='ltr' id='par_1_11' title="bbox 514 1307 3774 1378">
     <span class='ocr_line' id='line_1_11' title="bbox 514 1307 3774 1378; baseline 0.002 -15"><span class='ocrx_word' id='word_1_124' title='bbox 514 1320 717 1365; x_wconf 89' lang='lat' dir='ltr'><strong>tantum</strong></span> <span class='ocrx_word' id='word_1_125' title='bbox 746 1310 1171 1373; x_wconf 84' lang='lat' dir='ltr'><strong>commendavit,</strong></span> <span class='ocrx_word' id='word_1_126' title='bbox 1206 1309 1299 1363; x_wconf 89' lang='lat' dir='ltr'><strong>sed</strong></span> <span class='ocrx_word' id='word_1_127' title='bbox 1324 1318 1379 1361; x_wconf 92' lang='lat' dir='ltr'><strong>et</strong></span> <span class='ocrx_word' id='word_1_128' title='bbox 1401 1308 1608 1361; x_wconf 83' lang='lat' dir='ltr'><strong>sororis</strong></span> <span class='ocrx_word' id='word_1_129' title='bbox 1642 1307 1927 1361; x_wconf 87' lang='lat' dir='ltr'><strong>laboriosis</strong></span> <span class='ocrx_word' id='word_1_130' title='bbox 1951 1308 2163 1362; x_wconf 85' lang='lat' dir='ltr'><strong>actibus</strong></span> <span class='ocrx_word' id='word_1_131' title='bbox 2199 1308 2457 1377; x_wconf 73' lang='lat' dir='ltr'><strong>prtetulit.</strong></span> <span class='ocrx_word' id='word_1_132' title='bbox 2485 1307 2721 1363; x_wconf 88' lang='lat' dir='ltr'><strong>Diceudo</strong></span> <span class='ocrx_word' id='word_1_133' title='bbox 2764 1325 2868 1361; x_wconf 85' lang='lat' dir='ltr'><strong>non</strong></span> <span class='ocrx_word' id='word_1_134' title='bbox 2905 1308 3194 1376; x_wconf 73' lang='lat' dir='ltr'><strong>auferetur,</strong></span> <span class='ocrx_word' id='word_1_135' title='bbox 3218 1309 3488 1378; x_wconf 89' lang='lat' dir='ltr'><strong>defendit,</strong></span> <span class='ocrx_word' id='word_1_136' title='bbox 3509 1322 3567 1367; x_wconf 91' lang='lat' dir='ltr'><strong>et</strong></span> <span class='ocrx_word' id='word_1_137' title='bbox 3602 1310 3774 1368; x_wconf 87' lang='lat' dir='ltr'><strong>nesol-</strong></span> 
     </span>
    </p>
   </div>
   <div class='ocr_carea' id='block_1_12' title="bbox 509 1403 2997 1477">
    <p class='ocr_par' dir='ltr' id='par_1_12' title="bbox 509 1403 2997 1477">
     <span class='ocr_line' id='line_1_12' title="bbox 509 1403 2997 1477; baseline -0.003 -14"><span class='ocrx_word' id='word_1_138' title='bbox 509 1408 879 1463; x_wconf 84' lang='lat' dir='ltr'><strong>licitudiuibus</strong></span> <span class='ocrx_word' id='word_1_139' title='bbox 906 1407 1023 1477; x_wconf 82' lang='lat' dir='ltr'><strong>ejus</strong></span> <span class='ocrx_word' id='word_1_140' title='bbox 1059 1416 1112 1459; x_wconf 89' lang='lat' dir='ltr'><strong>et</strong></span> <span class='ocrx_word' id='word_1_141' title='bbox 1136 1404 1662 1475; x_wconf 83' lang='lat' dir='ltr'><strong>perturbationibus,</strong></span> <span class='ocrx_word' id='word_1_142' title='bbox 1708 1403 2013 1475; x_wconf 86' lang='lat' dir='ltr'><strong>quamlibet</strong></span> <span class='ocrx_word' id='word_1_143' title='bbox 2043 1403 2170 1472; x_wconf 90' lang='lat' dir='ltr'><strong>piis,</strong></span> <span class='ocrx_word' id='word_1_144' title='bbox 2214 1418 2335 1458; x_wconf 89' lang='lat' dir='ltr'><strong>sese</strong></span> <span class='ocrx_word' id='word_1_145' title='bbox 2376 1403 2667 1471; x_wconf 87' lang='lat' dir='ltr'><strong>insereret,</strong></span> <span class='ocrx_word' id='word_1_146' title='bbox 2699 1403 2997 1459; x_wconf 77' lang='lat' dir='ltr'><strong>excusavit.</strong></span> 
     </span>
    </p>
   </div>
   <div class='ocr_carea' id='block_1_13' title="bbox 1856 1537 2434 1620">
    <p class='ocr_par' dir='ltr' id='par_1_13' title="bbox 1856 1537 2434 1620">
     <span class='ocr_line' id='line_1_13' title="bbox 1856 1537 2434 1620; baseline 0.002 -1"><span class='ocrx_word' id='word_1_147' title='bbox 1856 1537 2434 1620; x_wconf 64' lang='lat' dir='ltr'><strong>COMMENTARIUS.</strong></span> 
     </span>
    </p>
   </div>
   <div class='ocr_carea' id='block_1_14' title="bbox 505 1678 3776 1750">
    <p class='ocr_par' dir='ltr' id='par_1_14' title="bbox 505 1678 3776 1750">
     <span class='ocr_line' id='line_1_14' title="bbox 505 1678 3776 1750; baseline -0.002 -10"><span class='ocrx_word' id='word_1_148' title='bbox 505 1684 618 1740; x_wconf 83' lang='lat' dir='ltr'><strong>Cur</strong></span> <span class='ocrx_word' id='word_1_149' title='bbox 658 1683 788 1737; x_wconf 80' lang='lat' dir='ltr'><strong>vero</strong></span> <span class='ocrx_word' id='word_1_150' title='bbox 818 1697 964 1748; x_wconf 90' lang='lat' dir='ltr'><strong>raro,</strong></span> <span class='ocrx_word' id='word_1_151' title='bbox 998 1682 1048 1735; x_wconf 90' lang='lat' dir='ltr'><strong>id</strong></span> <span class='ocrx_word' id='word_1_152' title='bbox 1074 1690 1156 1737; x_wconf 89' lang='lat' dir='ltr'><strong>est</strong></span> <span class='ocrx_word' id='word_1_153' title='bbox 1186 1689 1338 1734; x_wconf 78' lang='lat' dir='ltr'><strong>extra</strong></span> <span class='ocrx_word' id='word_1_154' title='bbox 1392 1694 1641 1750; x_wconf 79' lang='lat' dir='ltr'><strong>magnam</strong></span> <span class='ocrx_word' id='word_1_155' title='bbox 1680 1679 2088 1741; x_wconf 86' lang='lat' dir='ltr'><strong>necessitatem,</strong></span> <span class='ocrx_word' id='word_1_156' title='bbox 2122 1680 2164 1735; x_wconf 80' lang='grc' dir='ltr'>Α</span> <span class='ocrx_word' id='word_1_157' title='bbox 2195 1693 2291 1731; x_wconf 89' lang='lat' dir='ltr'><strong>nes</strong></span> <span class='ocrx_word' id='word_1_158' title='bbox 2321 1695 2522 1747; x_wconf 88' lang='lat' dir='ltr'><strong>augere</strong></span> <span class='ocrx_word' id='word_1_159' title='bbox 2579 1679 2784 1735; x_wconf 89' lang='lat' dir='ltr'><strong>debuit.</strong></span> <span class='ocrx_word' id='word_1_160' title='bbox 2807 1679 3066 1750; x_wconf 82' lang='lat' dir='ltr'><strong>Alioquin</strong></span> <span class='ocrx_word' id='word_1_161' title='bbox 3107 1694 3212 1734; x_wconf 90' lang='lat' dir='ltr'><strong>non</strong></span> <span class='ocrx_word' id='word_1_162' title='bbox 3260 1681 3542 1750; x_wconf 88' lang='lat' dir='ltr'><strong>potuisset</strong></span> <span class='ocrx_word' id='word_1_163' title='bbox 3591 1678 3776 1748; x_wconf 79' lang='lat' dir='ltr'><strong>absque</strong></span> 
     </span>
    </p>
   </div>
   <div class='ocr_carea' id='block_1_15' title="bbox 509 1768 2097 1846">
    <p class='ocr_par' dir='ltr' id='par_1_15' title="bbox 509 1768 2097 1846">
     <span class='ocr_line' id='line_1_15' title="bbox 509 1768 2097 1846; baseline -0.004 -17"><span class='ocrx_word' id='word_1_164' title='bbox 509 1774 650 1846; x_wconf 89' lang='lat' dir='ltr'><strong>apud</strong></span> <span class='ocrx_word' id='word_1_165' title='bbox 699 1788 797 1828; x_wconf 89' lang='lat' dir='ltr'><strong>nos</strong></span> <span class='ocrx_word' id='word_1_166' title='bbox 836 1782 978 1826; x_wconf 90' lang='lat' dir='ltr'><strong>tecto</strong></span> <span class='ocrx_word' id='word_1_167' title='bbox 1024 1781 1151 1826; x_wconf 90' lang='lat' dir='ltr'><strong>tunc</strong></span> <span class='ocrx_word' id='word_1_168' title='bbox 1186 1770 1641 1840; x_wconf 86' lang='lat' dir='ltr'><strong>susciperentur?</strong></span> <span class='ocrx_word' id='word_1_169' title='bbox 1692 1770 1745 1824; x_wconf 89' lang='lat' dir='ltr'><strong>Id</strong></span> <span class='ocrx_word' id='word_1_170' title='bbox 1788 1768 2097 1837; x_wconf 89' lang='lat' dir='ltr'><strong>prudentis-</strong></span> 
     </span>
    </p>
   </div>
   <div class='ocr_carea' id='block_1_16' title="bbox 509 1862 2093 1929">
    <p class='ocr_par' dir='ltr' id='par_1_16' title="bbox 509 1862 2093 1929">
     <span class='ocr_line' id='line_1_16' title="bbox 509 1862 2093 1929; baseline -0.007 -5"><span class='ocrx_word' id='word_1_171' title='bbox 509 1870 647 1924; x_wconf 83' lang='lat' dir='ltr'><strong>sime</strong></span> <span class='ocrx_word' id='word_1_172' title='bbox 676 1867 857 1929; x_wconf 88' lang='lat' dir='ltr'><strong>licbat,</strong></span> <span class='ocrx_word' id='word_1_173' title='bbox 887 1882 955 1922; x_wconf 90' lang='lat' dir='ltr'><strong>ne</strong></span> <span class='ocrx_word' id='word_1_174' title='bbox 982 1866 1105 1921; x_wconf 89' lang='lat' dir='ltr'><strong>inde</strong></span> <span class='ocrx_word' id='word_1_175' title='bbox 1137 1865 1541 1920; x_wconf 89' lang='lat' dir='ltr'><strong>attrahercntnr</strong></span> <span class='ocrx_word' id='word_1_176' title='bbox 1571 1862 1637 1917; x_wconf 86' lang='lat' dir='ltr'><strong>ad</strong></span> <span class='ocrx_word' id='word_1_177' title='bbox 1682 1863 1822 1917; x_wconf 88' lang='lat' dir='ltr'><strong>hanc</strong></span> <span class='ocrx_word' id='word_1_178' title='bbox 1851 1876 2093 1916; x_wconf 86' lang='lat' dir='ltr'><strong>ercmum</strong></span> 
     </span>
    </p>
   </div>
   <div class='ocr_carea' id='block_1_17' title="bbox 508 1953 2095 2032">
    <p class='ocr_par' dir='ltr' id='par_1_17' title="bbox 508 1953 2095 2032">
     <span class='ocr_line' id='line_1_17' title="bbox 508 1953 2095 2032; baseline -0.006 -17"><span class='ocrx_word' id='word_1_179' title='bbox 508 1976 805 2032; x_wconf 84' lang='lat' dir='ltr'><strong>pauperum</strong></span> <span class='ocrx_word' id='word_1_180' title='bbox 839 1967 1094 2021; x_wconf 73' lang='lat' dir='ltr'><strong>catervze,</strong></span> <span class='ocrx_word' id='word_1_181' title='bbox 1117 1972 1243 2027; x_wconf 68' lang='lat' dir='ltr'><strong>quae</strong></span> <span class='ocrx_word' id='word_1_182' title='bbox 1271 1956 1619 2010; x_wconf 86' lang='lat' dir='ltr'><strong>solitudinem</strong></span> <span class='ocrx_word' id='word_1_183' title='bbox 1646 1963 1888 2008; x_wconf 87' lang='lat' dir='ltr'><strong>nostram</strong></span> <span class='ocrx_word' id='word_1_184' title='bbox 1922 1953 2095 2021; x_wconf 89' lang='lat' dir='ltr'><strong>inter-</strong></span> 
     </span>
    </p>
   </div>
   <div class='ocr_carea' id='block_1_18' title="bbox 509 2046 2097 2110">
    <p class='ocr_par' dir='ltr' id='par_1_18' title="bbox 509 2046 2097 2110">
     <span class='ocr_line' id='line_1_18' title="bbox 509 2046 2097 2110; baseline -0.005 -3"><span class='ocrx_word' id='word_1_185' title='bbox 509 2053 797 2107; x_wconf 88' lang='lat' dir='ltr'><strong>turbarent</strong></span> <span class='ocrx_word' id='word_1_186' title='bbox 819 2060 875 2105; x_wconf 87' lang='lat' dir='ltr'><strong>et</strong></span> <span class='ocrx_word' id='word_1_187' title='bbox 906 2059 1074 2104; x_wconf 90' lang='lat' dir='ltr'><strong>totam</strong></span> <span class='ocrx_word' id='word_1_188' title='bbox 1104 2066 1217 2103; x_wconf 90' lang='lat' dir='ltr'><strong>rem</strong></span> <span class='ocrx_word' id='word_1_189' title='bbox 1270 2047 1593 2102; x_wconf 80' lang='lat' dir='ltr'><strong>familiarem</strong></span> <span class='ocrx_word' id='word_1_190' title='bbox 1622 2046 1997 2110; x_wconf 84' lang='lat' dir='ltr'><strong>absorberent,</strong></span> <span class='ocrx_word' id='word_1_191' title='bbox 2027 2058 2097 2099; x_wconf 88' lang='lat' dir='ltr'><strong>ne</strong></span> 
     </span>
    </p>
   </div>
   <div class='ocr_carea' id='block_1_19' title="bbox 507 2138 2093 2213">
    <p class='ocr_par' dir='ltr' id='par_1_19' title="bbox 507 2138 2093 2213">
     <span class='ocr_line' id='line_1_19' title="bbox 507 2138 2093 2213; baseline -0.004 -14"><span class='ocrx_word' id='word_1_192' title='bbox 507 2146 672 2199; x_wconf 89' lang='lat' dir='ltr'><strong>etiam</strong></span> <span class='ocrx_word' id='word_1_193' title='bbox 703 2144 804 2198; x_wconf 88' lang='lat' dir='ltr'><strong>sub</strong></span> <span class='ocrx_word' id='word_1_194' title='bbox 828 2151 1088 2213; x_wconf 72' lang='lat' dir='ltr'><strong>prmtextu</strong></span> <span class='ocrx_word' id='word_1_195' title='bbox 1110 2139 1720 2210; x_wconf 85' lang='lat' dir='ltr'><strong>paupertatisvenirent</strong></span> <span class='ocrx_word' id='word_1_196' title='bbox 1747 2139 1814 2193; x_wconf 89' lang='lat' dir='ltr'><strong>ad</strong></span> <span class='ocrx_word' id='word_1_197' title='bbox 1846 2153 1950 2199; x_wconf 59' lang='lat' dir='ltr'><strong>nos,</strong></span> <span class='ocrx_word' id='word_1_198' title='bbox 1973 2138 2093 2207; x_wconf 78' lang='lat' dir='ltr'><strong>vagi</strong></span> 
     </span>
    </p>
   </div>
   <div class='ocr_carea' id='block_1_20' title="bbox 508 2230 2096 2299">
    <p class='ocr_par' dir='ltr' id='par_1_20' title="bbox 508 2230 2096 2299">
     <span class='ocr_line' id='line_1_20' title="bbox 508 2230 2096 2299; baseline -0.005 -8"><span class='ocrx_word' id='word_1_199' title='bbox 508 2246 564 2291; x_wconf 92' lang='lat' dir='ltr'><strong>et</strong></span> <span class='ocrx_word' id='word_1_200' title='bbox 585 2236 741 2291; x_wconf 88' lang='lat' dir='ltr'><strong>otiosi</strong></span> <span class='ocrx_word' id='word_1_201' title='bbox 773 2235 1039 2299; x_wconf 88' lang='lat' dir='ltr'><strong>homines,</strong></span> <span class='ocrx_word' id='word_1_202' title='bbox 1080 2233 1189 2287; x_wconf 92' lang='lat' dir='ltr'><strong>imo</strong></span> <span class='ocrx_word' id='word_1_203' title='bbox 1230 2247 1336 2286; x_wconf 90' lang='lat' dir='ltr'><strong>non</strong></span> <span class='ocrx_word' id='word_1_204' title='bbox 1387 2246 1512 2287; x_wconf 88' lang='lat' dir='ltr'><strong>raro</strong></span> <span class='ocrx_word' id='word_1_205' title='bbox 1559 2230 1798 2294; x_wconf 82' lang='lat' dir='ltr'><strong>scelesti,</strong></span> <span class='ocrx_word' id='word_1_206' title='bbox 1828 2230 1919 2299; x_wconf 91' lang='lat' dir='ltr'><strong>qui</strong></span> <span class='ocrx_word' id='word_1_207' title='bbox 1945 2246 2096 2285; x_wconf 86' lang='lat' dir='ltr'><strong>com-</strong></span> 
     </span>
    </p>
   </div>
   <div class='ocr_carea' id='block_1_21' title="bbox 507 2322 2096 2388">
    <p class='ocr_par' dir='ltr' id='par_1_21' title="bbox 507 2322 2096 2388">
     <span class='ocr_line' id='line_1_21' title="bbox 507 2322 2096 2388; baseline -0.003 -7"><span class='ocrx_word' id='word_1_208' title='bbox 507 2326 692 2381; x_wconf 88' lang='lat' dir='ltr'><strong>missis</strong></span> <span class='ocrx_word' id='word_1_209' title='bbox 731 2326 1044 2381; x_wconf 91' lang='lat' dir='ltr'><strong>enormibus</strong></span> <span class='ocrx_word' id='word_1_210' title='bbox 1074 2324 1416 2388; x_wconf 81' lang='lat' dir='ltr'><strong>criminibus,</strong></span> <span class='ocrx_word' id='word_1_211' title='bbox 1468 2324 1633 2377; x_wconf 79' lang='lat' dir='ltr'><strong>lixum</strong></span> <span class='ocrx_word' id='word_1_212' title='bbox 1686 2338 1796 2376; x_wconf 91' lang='lat' dir='ltr'><strong>non</strong></span> <span class='ocrx_word' id='word_1_213' title='bbox 1831 2322 2096 2377; x_wconf 84' lang='lat' dir='ltr'><strong>audentes</strong></span> 
     </span>
    </p>
   </div>
   <div class='ocr_carea' id='block_1_22' title="bbox 506 2413 2094 2483">
    <p class='ocr_par' dir='ltr' id='par_1_22' title="bbox 506 2413 2094 2483">
     <span class='ocr_line' id='line_1_22' title="bbox 506 2413 2094 2483; baseline -0.004 -11"><span class='ocrx_word' id='word_1_214' title='bbox 506 2416 712 2472; x_wconf 89' lang='lat' dir='ltr'><strong>habere</strong></span> <span class='ocrx_word' id='word_1_215' title='bbox 761 2415 1116 2478; x_wconf 90' lang='lat' dir='ltr'><strong>domicilium,</strong></span> <span class='ocrx_word' id='word_1_216' title='bbox 1158 2414 1452 2483; x_wconf 88' lang='lat' dir='ltr'><strong>assumptis</strong></span> <span class='ocrx_word' id='word_1_217' title='bbox 1509 2414 1918 2483; x_wconf 85' lang='lat' dir='ltr'><strong>peregrinorum</strong></span> <span class='ocrx_word' id='word_1_218' title='bbox 1963 2413 2094 2467; x_wconf 55' lang='lat' dir='ltr'><strong>insi.</strong></span> 
     </span>
    </p>
   </div>
   <div class='ocr_carea' id='block_1_23' title="bbox 505 2505 2093 2580">
    <p class='ocr_par' dir='ltr' id='par_1_23' title="bbox 505 2505 2093 2580">
     <span class='ocr_line' id='line_1_23' title="bbox 505 2505 2093 2580; baseline -0.003 -17"><span class='ocrx_word' id='word_1_219' title='bbox 505 2511 653 2580; x_wconf 91' lang='lat' dir='ltr'><strong>gniis</strong></span> <span class='ocrx_word' id='word_1_220' title='bbox 695 2510 894 2579; x_wconf 90' lang='lat' dir='ltr'><strong>ubique</strong></span> <span class='ocrx_word' id='word_1_221' title='bbox 946 2509 1277 2563; x_wconf 88' lang='lat' dir='ltr'><strong>discurrunt.</strong></span> <span class='ocrx_word' id='word_1_222' title='bbox 1309 2507 1355 2561; x_wconf 83' lang='lat' dir='ltr'><strong>A</strong></span> <span class='ocrx_word' id='word_1_223' title='bbox 1404 2506 1561 2576; x_wconf 86' lang='lat' dir='ltr'><strong>longe</strong></span> <span class='ocrx_word' id='word_1_224' title='bbox 1592 2506 1974 2575; x_wconf 61' lang='lat' dir='ltr'><strong>praesentiebat</strong></span> <span class='ocrx_word' id='word_1_225' title='bbox 2009 2505 2093 2559; x_wconf 89' lang='lat' dir='ltr'><strong>vir</strong></span> 
     </span>
    </p>
   </div>
   <div class='ocr_carea' id='block_1_24' title="bbox 505 2596 2096 2671">
    <p class='ocr_par' dir='ltr' id='par_1_24' title="bbox 505 2596 2096 2671">
     <span class='ocr_line' id='line_1_24' title="bbox 505 2596 2096 2671; baseline -0.005 -13"><span class='ocrx_word' id='word_1_226' title='bbox 505 2612 729 2660; x_wconf 78' lang='lat' dir='ltr'><strong>sumtus</strong></span> <span class='ocrx_word' id='word_1_227' title='bbox 777 2602 923 2671; x_wconf 91' lang='lat' dir='ltr'><strong>quod</strong></span> <span class='ocrx_word' id='word_1_228' title='bbox 980 2609 1165 2670; x_wconf 88' lang='lat' dir='ltr'><strong>postea</strong></span> <span class='ocrx_word' id='word_1_229' title='bbox 1209 2598 1388 2653; x_wconf 88' lang='lat' dir='ltr'><strong>domui</strong></span> <span class='ocrx_word' id='word_1_230' title='bbox 1455 2598 1581 2667; x_wconf 84' lang='lat' dir='ltr'><strong>huic</strong></span> <span class='ocrx_word' id='word_1_231' title='bbox 1622 2596 2096 2652; x_wconf 87' lang='lat' dir='ltr'><strong>irrcmediabilitcr</strong></span> 
     </span>
    </p>
   </div>
   <div class='ocr_carea' id='block_1_25' title="bbox 505 2687 2095 2761">
    <p class='ocr_par' dir='ltr' id='par_1_25' title="bbox 505 2687 2095 2761">
     <span class='ocr_line' id='line_1_25' title="bbox 505 2687 2095 2761; baseline -0.003 -13"><span class='ocrx_word' id='word_1_232' title='bbox 505 2694 728 2756; x_wconf 73' lang='lat' dir='ltr'><strong>accidit,</strong></span> <span class='ocrx_word' id='word_1_233' title='bbox 788 2707 887 2761; x_wconf 89' lang='lat' dir='ltr'><strong>per</strong></span> <span class='ocrx_word' id='word_1_234' title='bbox 934 2705 1261 2745; x_wconf 82' lang='lat' dir='ltr'><strong>concursum</strong></span> <span class='ocrx_word' id='word_1_235' title='bbox 1311 2688 1658 2758; x_wconf 81' lang='lat' dir='ltr'><strong>omnigenum</strong></span> <span class='ocrx_word' id='word_1_236' title='bbox 1716 2687 1994 2742; x_wconf 85' lang='lat' dir='ltr'><strong>hominum</strong></span> <span class='ocrx_word' id='word_1_237' title='bbox 2041 2698 2095 2743; x_wconf 89' lang='lat' dir='ltr'><strong>et</strong></span> 
     </span>
    </p>
   </div>
   <div class='ocr_carea' id='block_1_26' title="bbox 504 2782 2096 2856">
    <p class='ocr_par' dir='ltr' id='par_1_26' title="bbox 504 2782 2096 2856">
     <span class='ocr_line' id='line_1_26' title="bbox 504 2782 2096 2856; baseline -0.003 -18"><span class='ocrx_word' id='word_1_238' title='bbox 504 2786 936 2856; x_wconf 83' lang='lat' dir='ltr'><strong>peregrinorum,</strong></span> <span class='ocrx_word' id='word_1_239' title='bbox 966 2782 1164 2851; x_wconf 86' lang='lat' dir='ltr'><strong>quibus</strong></span> <span class='ocrx_word' id='word_1_240' title='bbox 1210 2796 1308 2851; x_wconf 89' lang='lat' dir='ltr'><strong>pro</strong></span> <span class='ocrx_word' id='word_1_241' title='bbox 1334 2795 1493 2850; x_wconf 89' lang='lat' dir='ltr'><strong>posse</strong></span> <span class='ocrx_word' id='word_1_242' title='bbox 1540 2794 1752 2845; x_wconf 87' lang='lat' dir='ltr'><strong>mensa,</strong></span> <span class='ocrx_word' id='word_1_243' title='bbox 1807 2788 2008 2835; x_wconf 86' lang='lat' dir='ltr'><strong>tectum</strong></span> <span class='ocrx_word' id='word_1_244' title='bbox 2040 2788 2096 2834; x_wconf 89' lang='lat' dir='ltr'><strong>et</strong></span> 
     </span>
    </p>
   </div>
   <div class='ocr_carea' id='block_1_27' title="bbox 503 2870 2095 2947">
    <p class='ocr_par' dir='ltr' id='par_1_27' title="bbox 503 2870 2095 2947">
     <span class='ocr_line' id='line_1_27' title="bbox 503 2870 2095 2947; baseline -0.003 -17"><span class='ocrx_word' id='word_1_245' title='bbox 503 2874 820 2947; x_wconf 89' lang='lat' dir='ltr'><strong>pecuniaria</strong></span> <span class='ocrx_word' id='word_1_246' title='bbox 884 2873 1227 2943; x_wconf 82' lang='lat' dir='ltr'><strong>eleemosyna</strong></span> <span class='ocrx_word' id='word_1_247' title='bbox 1292 2870 1711 2936; x_wconf 86' lang='lat' dir='ltr'><strong>tninistrantur,</strong></span> <span class='ocrx_word' id='word_1_248' title='bbox 1772 2878 1828 2925; x_wconf 89' lang='lat' dir='ltr'><strong>et</strong></span> <span class='ocrx_word' id='word_1_249' title='bbox 1895 2870 2095 2939; x_wconf 88' lang='lat' dir='ltr'><strong>quibus</strong></span> 
     </span>
    </p>
   </div>
   <div class='ocr_carea' id='block_1_28' title="bbox 503 2961 2093 3037">
    <p class='ocr_par' dir='ltr' id='par_1_28' title="bbox 503 2961 2093 3037">
     <span class='ocr_line' id='line_1_28' title="bbox 503 2961 2093 3037; baseline -0.003 -15"><span class='ocrx_word' id='word_1_250' title='bbox 503 2981 782 3037; x_wconf 85' lang='lat' dir='ltr'><strong>nunquam</strong></span> <span class='ocrx_word' id='word_1_251' title='bbox 841 2964 1150 3020; x_wconf 77' lang='lat' dir='ltr'><strong>sufficerent</strong></span> <span class='ocrx_word' id='word_1_252' title='bbox 1211 2963 1421 3019; x_wconf 87' lang='lat' dir='ltr'><strong>reditus</strong></span> <span class='ocrx_word' id='word_1_253' title='bbox 1458 2971 1516 3018; x_wconf 89' lang='lat' dir='ltr'><strong>et</strong></span> <span class='ocrx_word' id='word_1_254' title='bbox 1564 2962 1869 3017; x_wconf 82' lang='lat' dir='ltr'><strong>oeconomia</strong></span> <span class='ocrx_word' id='word_1_255' title='bbox 1934 2961 2093 3030; x_wconf 86' lang='lat' dir='ltr'><strong>hujus</strong></span> 
     </span>
    </p>
   </div>
   <div class='ocr_carea' id='block_1_29' title="bbox 2199 1772 3776 1844">
    <p class='ocr_par' dir='ltr' id='par_1_29' title="bbox 2199 1772 3776 1844">
     <span class='ocr_line' id='line_1_29' title="bbox 2199 1772 3776 1844; baseline 0.002 -19"><span class='ocrx_word' id='word_1_256' title='bbox 2199 1773 2477 1843; x_wconf 73' lang='lat' dir='ltr'><strong>quierendi</strong></span> <span class='ocrx_word' id='word_1_257' title='bbox 2517 1774 2681 1841; x_wconf 88' lang='lat' dir='ltr'><strong>(quod</strong></span> <span class='ocrx_word' id='word_1_258' title='bbox 2732 1775 3062 1829; x_wconf 86' lang='lat' dir='ltr'><strong>horrendum</strong></span> <span class='ocrx_word' id='word_1_259' title='bbox 3102 1783 3185 1829; x_wconf 86' lang='lat' dir='ltr'><strong>est</strong></span> <span class='ocrx_word' id='word_1_260' title='bbox 3216 1774 3277 1827; x_wconf 69' lang='grc' dir='ltr'><strong>Β.</strong></span> <span class='ocrx_word' id='word_1_261' title='bbox 3308 1773 3368 1827; x_wconf 83' lang='grc' dir='ltr'><strong>Ρ.</strong></span> <span class='ocrx_word' id='word_1_262' title='bbox 3402 1772 3669 1844; x_wconf 86' lang='lat' dir='ltr'><strong>Guiuoni)</strong></span> <span class='ocrx_word' id='word_1_263' title='bbox 3698 1788 3776 1828; x_wconf 78' lang='lat' dir='ltr'><strong>ne-</strong></span> 
     </span>
    </p>
   </div>
   <div class='ocr_carea' id='block_1_30' title="bbox 2196 1848 2817 1918">
    <p class='ocr_par' dir='ltr' id='par_1_30' title="bbox 2196 1848 2817 1918">
     <span class='ocr_line' id='line_1_30' title="bbox 2196 1848 2817 1918; baseline -0.003 0"><span class='ocrx_word' id='word_1_264' title='bbox 2196 1862 2460 1918; x_wconf 86' lang='lat' dir='ltr'><strong>cessitate</strong></span> <span class='ocrx_word' id='word_1_265' title='bbox 2499 1848 2817 1918; x_wconf 79' lang='lat' dir='ltr'><strong>subsistere.</strong></span> 
     </span>
    </p>
   </div>
   <div class='ocr_carea' id='block_1_31' title="bbox 2272 1955 3778 2029">
    <p class='ocr_par' dir='ltr' id='par_1_31' title="bbox 2272 1955 3778 2029">
     <span class='ocr_line' id='line_1_31' title="bbox 2272 1955 3778 2029; baseline 0.004 -21"><span class='ocrx_word' id='word_1_266' title='bbox 2272 1955 2604 2025; x_wconf 80' lang='lat' dir='ltr'><strong>Principium</strong></span> <span class='ocrx_word' id='word_1_267' title='bbox 2657 1958 2818 2026; x_wconf 87' lang='lat' dir='ltr'><strong>hujus</strong></span> <span class='ocrx_word' id='word_1_268' title='bbox 2873 1960 3092 2029; x_wconf 83' lang='lat' dir='ltr'><strong>capituli</strong></span> <span class='ocrx_word' id='word_1_269' title='bbox 3137 1974 3312 2029; x_wconf 91' lang='lat' dir='ltr'><strong>usque</strong></span> <span class='ocrx_word' id='word_1_270' title='bbox 3351 1960 3421 2014; x_wconf 88' lang='lat' dir='ltr'><strong>ad</strong></span> <span class='ocrx_word' id='word_1_271' title='bbox 3471 1959 3565 2014; x_wconf 87' lang='lat' dir='ltr'><strong>illa</strong></span> <span class='ocrx_word' id='word_1_272' title='bbox 3606 1958 3778 2025; x_wconf 75' lang='lat' dir='ltr'><strong>verba,</strong></span> 
     </span>
    </p>
   </div>
   <div class='ocr_carea' id='block_1_32' title="bbox 2164 2036 3779 2129">
    <p class='ocr_par' dir='ltr' id='par_1_32' title="bbox 2164 2036 3779 2129">
     <span class='ocr_line' id='line_1_32' title="bbox 2164 2036 3779 2129; baseline 0.003 -29"><span class='ocrx_word' id='word_1_273' title='bbox 2164 2036 2167 2039; x_wconf 67' lang='grc'><em>’</em></span> <span class='ocrx_word' id='word_1_274' title='bbox 2196 2045 2413 2111; x_wconf 76' lang='lat' dir='ltr'><strong>mittims</strong></span> <span class='ocrx_word' id='word_1_275' title='bbox 2462 2048 2779 2118; x_wconf 77' lang='lat' dir='ltr'><strong>hospitatum</strong></span> <span class='ocrx_word' id='word_1_276' title='bbox 2799 2090 2814 2114; x_wconf 94' lang='lat'><strong>,</strong></span> <span class='ocrx_word' id='word_1_277' title='bbox 2852 2050 3082 2106; x_wconf 90' lang='lat' dir='ltr'><strong>relatum</strong></span> <span class='ocrx_word' id='word_1_278' title='bbox 3122 2051 3358 2129; x_wconf 87' lang='lat' dir='ltr'><strong>habetur</strong></span> <span class='ocrx_word' id='word_1_279' title='bbox 3380 2051 3595 2107; x_wconf 87' lang='lat' dir='ltr'><strong>eisdem</strong></span> <span class='ocrx_word' id='word_1_280' title='bbox 3619 2052 3779 2106; x_wconf 81' lang='lat' dir='ltr'><strong>verbis</strong></span> 
     </span>
    </p>
   </div>
   <div class='ocr_carea' id='block_1_33' title="bbox 2195 2139 3780 2211">
    <p class='ocr_par' dir='ltr' id='par_1_33' title="bbox 2195 2139 3780 2211">
     <span class='ocr_line' id='line_1_33' title="bbox 2195 2139 3780 2211; baseline 0.003 -18"><span class='ocrx_word' id='word_1_281' title='bbox 2195 2152 2318 2210; x_wconf 86' lang='lat' dir='ltr'><strong>cap.</strong></span> <span class='ocrx_word' id='word_1_282' title='bbox 2340 2139 2410 2191; x_wconf 72' lang='lat'>26</span> <span class='ocrx_word' id='word_1_283' title='bbox 2432 2139 2682 2194; x_wconf 70' lang='lat' dir='ltr'><strong>scCundte</strong></span> <span class='ocrx_word' id='word_1_284' title='bbox 2701 2150 2842 2210; x_wconf 84' lang='lat' dir='ltr'><strong>part.</strong></span> <span class='ocrx_word' id='word_1_285' title='bbox 2867 2144 3038 2211; x_wconf 91' lang='lat' dir='ltr'><strong>antiq.</strong></span> <span class='ocrx_word' id='word_1_286' title='bbox 3059 2151 3272 2208; x_wconf 86' lang='lat' dir='ltr'><strong>statut.,</strong></span> <span class='ocrx_word' id='word_1_287' title='bbox 3289 2158 3344 2196; x_wconf 91' lang='lat' dir='ltr'><strong>n.</strong></span> <span class='ocrx_word' id='word_1_288' title='bbox 3368 2144 3419 2196; x_wconf 82' lang='lat' dir='ltr'><strong>l.</strong></span> <span class='ocrx_word' id='word_1_289' title='bbox 3442 2143 3780 2198; x_wconf 70' lang='lat' dir='ltr'><strong>Cmteravero</strong></span> 
     </span>
    </p>
   </div>
   <div class='ocr_carea' id='block_1_34' title="bbox 2203 2231 3780 2306">
    <p class='ocr_par' dir='ltr' id='par_1_34' title="bbox 2203 2231 3780 2306">
     <span class='ocr_line' id='line_1_34' title="bbox 2203 2231 3780 2306; baseline 0.003 -21"><span class='ocrx_word' id='word_1_290' title='bbox 2203 2231 2257 2285; x_wconf 92' lang='lat' dir='ltr'><strong>in</strong></span> <span class='ocrx_word' id='word_1_291' title='bbox 2284 2231 2510 2302; x_wconf 89' lang='lat' dir='ltr'><strong>antiqua</strong></span> <span class='ocrx_word' id='word_1_292' title='bbox 2535 2240 2739 2287; x_wconf 87' lang='lat' dir='ltr'><strong>statuta</strong></span> <span class='ocrx_word' id='word_1_293' title='bbox 2766 2249 2873 2301; x_wconf 86' lang='lat' dir='ltr'><strong>non</strong></span> <span class='ocrx_word' id='word_1_294' title='bbox 2909 2233 3125 2289; x_wconf 87' lang='lat' dir='ltr'><strong>fuerunt</strong></span> <span class='ocrx_word' id='word_1_295' title='bbox 3176 2234 3484 2300; x_wconf 86' lang='lat' dir='ltr'><strong>transfusa,</strong></span> <span class='ocrx_word' id='word_1_296' title='bbox 3528 2238 3657 2306; x_wconf 86' lang='lat' dir='ltr'><strong>quia</strong></span> <span class='ocrx_word' id='word_1_297' title='bbox 3689 2247 3780 2291; x_wconf 81' lang='lat' dir='ltr'><strong>sta-</strong></span> 
     </span>
    </p>
   </div>
   <div class='ocr_carea' id='block_1_35' title="bbox 2198 2324 3767 2391">
    <p class='ocr_par' dir='ltr' id='par_1_35' title="bbox 2198 2324 3767 2391">
     <span class='ocr_line' id='line_1_35' title="bbox 2198 2324 3767 2391; baseline 0.002 -14"><span class='ocrx_word' id='word_1_298' title='bbox 2198 2331 2435 2379; x_wconf 89' lang='lat' dir='ltr'><strong>tutorum</strong></span> <span class='ocrx_word' id='word_1_299' title='bbox 2467 2324 2870 2379; x_wconf 87' lang='lat' dir='ltr'><strong>condendorum</strong></span> <span class='ocrx_word' id='word_1_300' title='bbox 2903 2328 3100 2382; x_wconf 88' lang='lat' dir='ltr'><strong>rationi</strong></span> <span class='ocrx_word' id='word_1_301' title='bbox 3131 2343 3236 2382; x_wconf 90' lang='lat' dir='ltr'><strong>non</strong></span> <span class='ocrx_word' id='word_1_302' title='bbox 3262 2330 3632 2391; x_wconf 85' lang='lat' dir='ltr'><strong>conveniunt,</strong></span> <span class='ocrx_word' id='word_1_303' title='bbox 3660 2343 3767 2382; x_wconf 88' lang='lat' dir='ltr'><strong>cum</strong></span> 
     </span>
    </p>
   </div>
   <div class='ocr_carea' id='block_1_36' title="bbox 2201 2416 3782 2489">
    <p class='ocr_par' dir='ltr' id='par_1_36' title="bbox 2201 2416 3782 2489">
     <span class='ocr_line' id='line_1_36' title="bbox 2201 2416 3782 2489; baseline 0.004 -22"><span class='ocrx_word' id='word_1_304' title='bbox 2201 2424 2415 2468; x_wconf 89' lang='lat' dir='ltr'><strong>tantum</strong></span> <span class='ocrx_word' id='word_1_305' title='bbox 2444 2416 2762 2471; x_wconf 88' lang='lat' dir='ltr'><strong>contineant</strong></span> <span class='ocrx_word' id='word_1_306' title='bbox 2794 2417 3029 2472; x_wconf 87' lang='lat' dir='ltr'><strong>zelosant</strong></span> <span class='ocrx_word' id='word_1_307' title='bbox 3075 2423 3372 2489; x_wconf 87' lang='lat' dir='ltr'><strong>quamdam</strong></span> <span class='ocrx_word' id='word_1_308' title='bbox 3434 2420 3673 2473; x_wconf 85' lang='lat' dir='ltr'><strong>rationis</strong></span> <span class='ocrx_word' id='word_1_309' title='bbox 3710 2418 3782 2473; x_wconf 85' lang='lat' dir='ltr'><strong>sui</strong></span> 
     </span>
    </p>
   </div>
   <div class='ocr_carea' id='block_1_37' title="bbox 2197 2507 3783 2582">
    <p class='ocr_par' dir='ltr' id='par_1_37' title="bbox 2197 2507 3783 2582">
     <span class='ocr_line' id='line_1_37' title="bbox 2197 2507 3783 2582; baseline 0.003 -21"><span class='ocrx_word' id='word_1_310' title='bbox 2197 2507 2327 2563; x_wconf 90' lang='lat' dir='ltr'><strong>facti</strong></span> <span class='ocrx_word' id='word_1_311' title='bbox 2353 2516 2407 2562; x_wconf 83' lang='lat' dir='ltr'><strong>et</strong></span> <span class='ocrx_word' id='word_1_312' title='bbox 2428 2508 2558 2564; x_wconf 91' lang='lat' dir='ltr'><strong>dicti</strong></span> <span class='ocrx_word' id='word_1_313' title='bbox 2591 2509 2976 2577; x_wconf 89' lang='lat' dir='ltr'><strong>redditiouem,</strong></span> <span class='ocrx_word' id='word_1_314' title='bbox 3011 2526 3173 2582; x_wconf 91' lang='lat' dir='ltr'><strong>quam</strong></span> <span class='ocrx_word' id='word_1_315' title='bbox 3204 2520 3388 2567; x_wconf 88' lang='lat' dir='ltr'><strong>tamen</strong></span> <span class='ocrx_word' id='word_1_316' title='bbox 3435 2512 3783 2568; x_wconf 82' lang='lat' dir='ltr'><strong>indiscussatn</strong></span> 
     </span>
    </p>
   </div>
   <div class='ocr_carea' id='block_1_38' title="bbox 2197 2602 2841 2679">
    <p class='ocr_par' dir='ltr' id='par_1_38' title="bbox 2197 2602 2841 2679">
     <span class='ocr_line' id='line_1_38' title="bbox 2197 2602 2841 2679; baseline 0.002 -24"><span class='ocrx_word' id='word_1_317' title='bbox 2197 2615 2303 2679; x_wconf 83' lang='lat' dir='ltr'><strong>non</strong></span> <span class='ocrx_word' id='word_1_318' title='bbox 2335 2602 2841 2668; x_wconf 71' lang='lat' dir='ltr'><strong>prtetermittetuus.</strong></span> 
     </span>
    </p>
   </div>
   <div class='ocr_carea' id='block_1_39' title="bbox 2268 2688 3783 2764">
    <p class='ocr_par' dir='ltr' id='par_1_39' title="bbox 2268 2688 3783 2764">
     <span class='ocr_line' id='line_1_39' title="bbox 2268 2688 3783 2764; baseline 0.004 -21"><span class='ocrx_word' id='word_1_319' title='bbox 2268 2688 2387 2744; x_wconf 78' lang='lat' dir='ltr'><strong>Jam</strong></span> <span class='ocrx_word' id='word_1_320' title='bbox 2420 2691 2776 2760; x_wconf 89' lang='lat' dir='ltr'><strong>probabiliter</strong></span> <span class='ocrx_word' id='word_1_321' title='bbox 2826 2693 3044 2762; x_wconf 85' lang='lat' dir='ltr'><strong>prodire</strong></span> <span class='ocrx_word' id='word_1_322' title='bbox 3100 2701 3386 2764; x_wconf 84' lang='lat' dir='ltr'><strong>coeperant</strong></span> <span class='ocrx_word' id='word_1_323' title='bbox 3431 2704 3683 2763; x_wconf 80' lang='lat' dir='ltr'><strong>tempore</strong></span> <span class='ocrx_word' id='word_1_324' title='bbox 3723 2692 3783 2749; x_wconf 68' lang='grc' dir='ltr'><strong>Η.</strong></span> 
     </span>
    </p>
   </div>
   <div class='ocr_carea' id='block_1_40' title="bbox 2196 2779 3784 2851">
    <p class='ocr_par' dir='ltr' id='par_1_40' title="bbox 2196 2779 3784 2851">
     <span class='ocr_line' id='line_1_40' title="bbox 2196 2779 3784 2851; baseline 0.003 -16"><span class='ocrx_word' id='word_1_325' title='bbox 2196 2780 2376 2836; x_wconf 82' lang='lat' dir='ltr'><strong>Patris</strong></span> <span class='ocrx_word' id='word_1_326' title='bbox 2436 2779 2697 2851; x_wconf 85' lang='lat' dir='ltr'><strong>Guigouis</strong></span> <span class='ocrx_word' id='word_1_327' title='bbox 2749 2784 3153 2839; x_wconf 81' lang='lat' dir='ltr'><strong>susurrationes</strong></span> <span class='ocrx_word' id='word_1_328' title='bbox 3200 2795 3255 2839; x_wconf 90' lang='lat' dir='ltr'><strong>et</strong></span> <span class='ocrx_word' id='word_1_329' title='bbox 3327 2786 3784 2841; x_wconf 74' lang='lat' dir='ltr'><strong>murmurationes</strong></span> 
     </span>
    </p>
   </div>
   <div class='ocr_carea' id='block_1_41' title="bbox 2201 2874 3782 2947">
    <p class='ocr_par' dir='ltr' id='par_1_41' title="bbox 2201 2874 3782 2947">
     <span class='ocr_line' id='line_1_41' title="bbox 2201 2874 3782 2947; baseline 0.004 -19"><span class='ocrx_word' id='word_1_330' title='bbox 2201 2888 2389 2928; x_wconf 88' lang='lat' dir='ltr'><strong>eorum</strong></span> <span class='ocrx_word' id='word_1_331' title='bbox 2417 2874 2507 2943; x_wconf 86' lang='lat' dir='ltr'><strong>qui</strong></span> <span class='ocrx_word' id='word_1_332' title='bbox 2538 2875 2841 2930; x_wconf 86' lang='lat' dir='ltr'><strong>institutum</strong></span> <span class='ocrx_word' id='word_1_333' title='bbox 2874 2884 3120 2931; x_wconf 83' lang='lat' dir='ltr'><strong>nostrum</strong></span> <span class='ocrx_word' id='word_1_334' title='bbox 3152 2875 3343 2931; x_wconf 88' lang='lat' dir='ltr'><strong>inutile</strong></span> <span class='ocrx_word' id='word_1_335' title='bbox 3372 2880 3511 2947; x_wconf 88' lang='lat' dir='ltr'><strong>quid</strong></span> <span class='ocrx_word' id='word_1_336' title='bbox 3537 2880 3590 2932; x_wconf 89' lang='lat' dir='ltr'><strong>in</strong></span> <span class='ocrx_word' id='word_1_337' title='bbox 3614 2878 3782 2934; x_wconf 78' lang='lat' dir='ltr'><strong>Eccle-</strong></span> 
     </span>
    </p>
   </div>
   <div class='ocr_carea' id='block_1_42' title="bbox 2201 2963 3783 3030">
    <p class='ocr_par' dir='ltr' id='par_1_42' title="bbox 2201 2963 3783 3030">
     <span class='ocr_line' id='line_1_42' title="bbox 2201 2963 3783 3030; baseline 0.002 -11"><span class='ocrx_word' id='word_1_338' title='bbox 2201 2963 2279 3019; x_wconf 82' lang='lat' dir='ltr'><strong>sia</strong></span> <span class='ocrx_word' id='word_1_339' title='bbox 2308 2964 2399 3018; x_wconf 89' lang='lat' dir='ltr'><strong>Dei</strong></span> <span class='ocrx_word' id='word_1_340' title='bbox 2433 2980 2554 3019; x_wconf 91' lang='lat' dir='ltr'><strong>esse</strong></span> <span class='ocrx_word' id='word_1_341' title='bbox 2581 2964 2944 3030; x_wconf 86' lang='lat' dir='ltr'><strong>blaterabant,</strong></span> <span class='ocrx_word' id='word_1_342' title='bbox 2972 2976 3027 3021; x_wconf 90' lang='lat' dir='ltr'><strong>et</strong></span> <span class='ocrx_word' id='word_1_343' title='bbox 3079 2978 3270 3022; x_wconf 87' lang='lat' dir='ltr'><strong>contra</strong></span> <span class='ocrx_word' id='word_1_344' title='bbox 3326 2980 3556 3027; x_wconf 90' lang='lat' dir='ltr'><strong>nostros</strong></span> <span class='ocrx_word' id='word_1_345' title='bbox 3611 2970 3783 3026; x_wconf 66' lang='lat' dir='ltr'><strong>solita.</strong></span> 
     </span>
    </p>
   </div>
   <div class='ocr_carea' id='block_1_43' title="bbox 503 3032 3781 3128">
    <p class='ocr_par' dir='ltr' id='par_1_43' title="bbox 503 3032 3781 3128">
     <span class='ocr_line' id='line_1_43' title="bbox 503 3032 3781 3128; baseline 0 -12"><span class='ocrx_word' id='word_1_346' title='bbox 503 3060 719 3125; x_wconf 87' lang='lat' dir='ltr'><strong>domus,</strong></span> <span class='ocrx_word' id='word_1_347' title='bbox 753 3059 855 3115; x_wconf 92' lang='lat' dir='ltr'><strong>nisi</strong></span> <span class='ocrx_word' id='word_1_348' title='bbox 883 3074 945 3113; x_wconf 89' lang='lat' dir='ltr'><strong>ea</strong></span> <span class='ocrx_word' id='word_1_349' title='bbox 968 3074 1088 3128; x_wconf 71' lang='lat' dir='ltr'><strong>qua:</strong></span> <span class='ocrx_word' id='word_1_350' title='bbox 1134 3056 1494 3118; x_wconf 85' lang='lat' dir='ltr'><strong>illustrissima</strong></span> <span class='ocrx_word' id='word_1_351' title='bbox 1536 3055 1814 3112; x_wconf 88' lang='lat' dir='ltr'><strong>comitissa</strong></span> <span class='ocrx_word' id='word_1_352' title='bbox 1866 3056 2088 3125; x_wconf 79' lang='lat' dir='ltr'><strong>proviu-</strong></span> <span class='ocrx_word' id='word_1_353' title='bbox 2125 3032 2167 3091; x_wconf 71' lang='grc' dir='ltr'><strong><em>Β</em></strong></span> <span class='ocrx_word' id='word_1_354' title='bbox 2199 3057 2312 3111; x_wconf 89' lang='lat' dir='ltr'><strong>rios</strong></span> <span class='ocrx_word' id='word_1_355' title='bbox 2338 3058 2778 3123; x_wconf 87' lang='lat' dir='ltr'><strong>murmurabaut,</strong></span> <span class='ocrx_word' id='word_1_356' title='bbox 2810 3060 3088 3128; x_wconf 87' lang='lat' dir='ltr'><strong>quodsibi</strong></span> <span class='ocrx_word' id='word_1_357' title='bbox 3122 3061 3255 3116; x_wconf 89' lang='lat' dir='ltr'><strong>solis</strong></span> <span class='ocrx_word' id='word_1_358' title='bbox 3285 3077 3489 3117; x_wconf 81' lang='lat' dir='ltr'><strong>vacare</strong></span> <span class='ocrx_word' id='word_1_359' title='bbox 3524 3063 3781 3125; x_wconf 79' lang='lat' dir='ltr'><strong>volentes,</strong></span> 
     </span>
    </p>
   </div>
   <div class='ocr_carea' id='block_1_44' title="bbox 505 3149 2086 3221">
    <p class='ocr_par' dir='ltr' id='par_1_44' title="bbox 505 3149 2086 3221">
     <span class='ocr_line' id='line_1_44' title="bbox 505 3149 2086 3221; baseline -0.003 -13"><span class='ocrx_word' id='word_1_360' title='bbox 505 3153 605 3210; x_wconf 72' lang='lat' dir='ltr'><strong>cite</strong></span> <span class='ocrx_word' id='word_1_361' title='bbox 658 3153 844 3210; x_wconf 89' lang='lat' dir='ltr'><strong>domui</strong></span> <span class='ocrx_word' id='word_1_362' title='bbox 904 3153 1029 3207; x_wconf 88' lang='lat' dir='ltr'><strong>huic</strong></span> <span class='ocrx_word' id='word_1_363' title='bbox 1059 3150 1287 3206; x_wconf 90' lang='lat' dir='ltr'><strong>contulit</strong></span> <span class='ocrx_word' id='word_1_364' title='bbox 1325 3165 1355 3205; x_wconf 87' lang='lat' dir='ltr'><strong>a</strong></span> <span class='ocrx_word' id='word_1_365' title='bbox 1399 3149 1590 3221; x_wconf 86' lang='lat' dir='ltr'><strong>primis</strong></span> <span class='ocrx_word' id='word_1_366' title='bbox 1639 3150 1990 3220; x_wconf 89' lang='lat' dir='ltr'><strong>temporibus,</strong></span> <span class='ocrx_word' id='word_1_367' title='bbox 2032 3150 2086 3205; x_wconf 91' lang='lat' dir='ltr'><strong>in</strong></span> 
     </span>
    </p>
   </div>
   <div class='ocr_carea' id='block_1_45' title="bbox 505 3239 2091 3314">
    <p class='ocr_par' dir='ltr' id='par_1_45' title="bbox 505 3239 2091 3314">
     <span class='ocr_line' id='line_1_45' title="bbox 505 3239 2091 3314; baseline -0.002 -16"><span class='ocrx_word' id='word_1_368' title='bbox 505 3257 634 3307; x_wconf 78' lang='lat' dir='ltr'><strong>ova,</strong></span> <span class='ocrx_word' id='word_1_369' title='bbox 687 3243 968 3314; x_wconf 84' lang='lat' dir='ltr'><strong>butyrum,</strong></span> <span class='ocrx_word' id='word_1_370' title='bbox 999 3256 1239 3304; x_wconf 85' lang='lat' dir='ltr'><strong>caseum,</strong></span> <span class='ocrx_word' id='word_1_371' title='bbox 1272 3240 1448 3310; x_wconf 88' lang='lat' dir='ltr'><strong>pisces</strong></span> <span class='ocrx_word' id='word_1_372' title='bbox 1484 3250 1539 3294; x_wconf 89' lang='lat' dir='ltr'><strong>et</strong></span> <span class='ocrx_word' id='word_1_373' title='bbox 1572 3239 1770 3295; x_wconf 89' lang='lat' dir='ltr'><strong>similia</strong></span> <span class='ocrx_word' id='word_1_374' title='bbox 1811 3240 2091 3296; x_wconf 88' lang='lat' dir='ltr'><strong>esculenta</strong></span> 
     </span>
    </p>
   </div>
   <div class='ocr_carea' id='block_1_46' title="bbox 506 3330 2090 3403">
    <p class='ocr_par' dir='ltr' id='par_1_46' title="bbox 506 3330 2090 3403">
     <span class='ocr_line' id='line_1_46' title="bbox 506 3330 2090 3403; baseline 0.001 -16"><span class='ocrx_word' id='word_1_375' title='bbox 506 3330 824 3402; x_wconf 81' lang='lat' dir='ltr'><strong>impendere</strong></span> <span class='ocrx_word' id='word_1_376' title='bbox 845 3347 942 3403; x_wconf 90' lang='lat' dir='ltr'><strong>per</strong></span> <span class='ocrx_word' id='word_1_377' title='bbox 962 3332 1444 3387; x_wconf 85' lang='lat' dir='ltr'><strong>commutationem</strong></span> <span class='ocrx_word' id='word_1_378' title='bbox 1467 3345 1594 3385; x_wconf 89' lang='lat' dir='ltr'><strong>cum</strong></span> <span class='ocrx_word' id='word_1_379' title='bbox 1632 3331 1825 3386; x_wconf 81' lang='lat' dir='ltr'><strong>vicinis</strong></span> <span class='ocrx_word' id='word_1_380' title='bbox 1872 3333 2090 3389; x_wconf 88' lang='lat' dir='ltr'><strong>rusticis</strong></span> 
     </span>
    </p>
   </div>
   <div class='ocr_carea' id='block_1_47' title="bbox 504 3421 717 3480">
    <p class='ocr_par' dir='ltr' id='par_1_47' title="bbox 504 3421 717 3480">
     <span class='ocr_line' id='line_1_47' title="bbox 504 3421 717 3480; baseline -0.014 0"><span class='ocrx_word' id='word_1_381' title='bbox 504 3421 717 3480; x_wconf 87' lang='lat' dir='ltr'><strong>liceret.</strong></span> 
     </span>
    </p>
   </div>
   <div class='ocr_carea' id='block_1_48' title="bbox 584 3513 2093 3590">
    <p class='ocr_par' dir='ltr' id='par_1_48' title="bbox 584 3513 2093 3590">
     <span class='ocr_line' id='line_1_48' title="bbox 584 3513 2093 3590; baseline -0.001 -20"><span class='ocrx_word' id='word_1_382' title='bbox 584 3513 729 3571; x_wconf 88' lang='lat' dir='ltr'><strong>Usus</strong></span> <span class='ocrx_word' id='word_1_383' title='bbox 757 3529 886 3584; x_wconf 88' lang='lat' dir='ltr'><strong>ergo</strong></span> <span class='ocrx_word' id='word_1_384' title='bbox 936 3513 1035 3568; x_wconf 89' lang='lat' dir='ltr'><strong>iste</strong></span> <span class='ocrx_word' id='word_1_385' title='bbox 1076 3514 1279 3590; x_wconf 83' lang='lat' dir='ltr'><strong>sensim</strong></span> <span class='ocrx_word' id='word_1_386' title='bbox 1330 3513 1670 3568; x_wconf 88' lang='lat' dir='ltr'><strong>introductus</strong></span> <span class='ocrx_word' id='word_1_387' title='bbox 1692 3524 1797 3580; x_wconf 89' lang='lat' dir='ltr'><strong>est,</strong></span> <span class='ocrx_word' id='word_1_388' title='bbox 1830 3524 1883 3569; x_wconf 89' lang='lat' dir='ltr'><strong>et</strong></span> <span class='ocrx_word' id='word_1_389' title='bbox 1907 3514 2093 3569; x_wconf 88' lang='lat' dir='ltr'><strong>chari-</strong></span> 
     </span>
    </p>
   </div>
   <div class='ocr_carea' id='block_1_49' title="bbox 509 3604 2086 3683">
    <p class='ocr_par' dir='ltr' id='par_1_49' title="bbox 509 3604 2086 3683">
     <span class='ocr_line' id='line_1_49' title="bbox 509 3604 2086 3683; baseline 0 -23"><span class='ocrx_word' id='word_1_390' title='bbox 509 3615 644 3683; x_wconf 70' lang='lat' dir='ltr'><strong>tatc,</strong></span> <span class='ocrx_word' id='word_1_391' title='bbox 674 3606 827 3675; x_wconf 86' lang='lat' dir='ltr'><strong>cujus</strong></span> <span class='ocrx_word' id='word_1_392' title='bbox 853 3608 1059 3659; x_wconf 81' lang='lat' dir='ltr'><strong>viscera</strong></span> <span class='ocrx_word' id='word_1_393' title='bbox 1091 3620 1156 3659; x_wconf 83' lang='lat' dir='ltr'><strong>cx</strong></span> <span class='ocrx_word' id='word_1_394' title='bbox 1185 3604 1543 3674; x_wconf 76' lang='lat' dir='ltr'><strong>praesentibus</strong></span> <span class='ocrx_word' id='word_1_395' title='bbox 1569 3621 1831 3675; x_wconf 89' lang='lat' dir='ltr'><strong>vagorum</strong></span> <span class='ocrx_word' id='word_1_396' title='bbox 1857 3607 2086 3661; x_wconf 90' lang='lat' dir='ltr'><strong>istorum</strong></span> 
     </span>
    </p>
   </div>
   <div class='ocr_carea' id='block_1_50' title="bbox 507 3693 2087 3762">
    <p class='ocr_par' dir='ltr' id='par_1_50' title="bbox 507 3693 2087 3762">
     <span class='ocr_line' id='line_1_50' title="bbox 507 3693 2087 3762; baseline 0 -12"><span class='ocrx_word' id='word_1_397' title='bbox 507 3693 930 3751; x_wconf 85' lang='lat' dir='ltr'><strong>necessitatibus</strong></span> <span class='ocrx_word' id='word_1_398' title='bbox 980 3696 1092 3749; x_wconf 87' lang='lat' dir='ltr'><strong>sive</strong></span> <span class='ocrx_word' id='word_1_399' title='bbox 1154 3694 1301 3749; x_wconf 90' lang='lat' dir='ltr'><strong>veris</strong></span> <span class='ocrx_word' id='word_1_400' title='bbox 1346 3694 1459 3749; x_wconf 85' lang='lat' dir='ltr'><strong>sive</strong></span> <span class='ocrx_word' id='word_1_401' title='bbox 1515 3695 1658 3750; x_wconf 90' lang='lat' dir='ltr'><strong>lictis</strong></span> <span class='ocrx_word' id='word_1_402' title='bbox 1714 3697 2087 3762; x_wconf 84' lang='lat' dir='ltr'><strong>movebantur,</strong></span> 
     </span>
    </p>
   </div>
   <div class='ocr_carea' id='block_1_51' title="bbox 508 3785 2089 3857">
    <p class='ocr_par' dir='ltr' id='par_1_51' title="bbox 508 3785 2089 3857">
     <span class='ocr_line' id='line_1_51' title="bbox 508 3785 2089 3857; baseline -0.001 -14"><span class='ocrx_word' id='word_1_403' title='bbox 508 3786 842 3857; x_wconf 85' lang='lat' dir='ltr'><strong>impellente,</strong></span> <span class='ocrx_word' id='word_1_404' title='bbox 867 3786 1081 3840; x_wconf 88' lang='lat' dir='ltr'><strong>tandem</strong></span> <span class='ocrx_word' id='word_1_405' title='bbox 1112 3785 1164 3839; x_wconf 91' lang='lat' dir='ltr'><strong>in</strong></span> <span class='ocrx_word' id='word_1_406' title='bbox 1193 3785 1640 3841; x_wconf 86' lang='lat' dir='ltr'><strong>consuetudinem</strong></span> <span class='ocrx_word' id='word_1_407' title='bbox 1678 3799 1865 3841; x_wconf 86' lang='lat' dir='ltr'><strong>versus</strong></span> <span class='ocrx_word' id='word_1_408' title='bbox 1889 3794 1990 3852; x_wconf 91' lang='lat' dir='ltr'><strong>est,</strong></span> <span class='ocrx_word' id='word_1_409' title='bbox 2016 3786 2089 3841; x_wconf 87' lang='lat' dir='ltr'><strong>ita</strong></span> 
     </span>
    </p>
   </div>
   <div class='ocr_carea' id='block_1_52' title="bbox 506 3875 2088 3947">
    <p class='ocr_par' dir='ltr' id='par_1_52' title="bbox 506 3875 2088 3947">
     <span class='ocr_line' id='line_1_52' title="bbox 506 3875 2088 3947; baseline 0.001 -15"><span class='ocrx_word' id='word_1_410' title='bbox 506 3887 568 3932; x_wconf 87' lang='lat' dir='ltr'><strong>ut</strong></span> <span class='ocrx_word' id='word_1_411' title='bbox 587 3892 653 3933; x_wconf 80' lang='lat' dir='ltr'><strong>ex</strong></span> <span class='ocrx_word' id='word_1_412' title='bbox 681 3877 917 3947; x_wconf 88' lang='lat' dir='ltr'><strong>quodam</strong></span> <span class='ocrx_word' id='word_1_413' title='bbox 969 3875 1302 3946; x_wconf 68' lang='lat' dir='ltr'><strong>tictitiojure</strong></span> <span class='ocrx_word' id='word_1_414' title='bbox 1340 3876 1410 3930; x_wconf 88' lang='lat' dir='ltr'><strong>ab</strong></span> <span class='ocrx_word' id='word_1_415' title='bbox 1452 3875 1540 3931; x_wconf 89' lang='lat' dir='ltr'><strong>illa</strong></span> <span class='ocrx_word' id='word_1_416' title='bbox 1576 3877 1964 3932; x_wconf 74' lang='lat' dir='ltr'><strong>consuitudine</strong></span> <span class='ocrx_word' id='word_1_417' title='bbox 1995 3893 2088 3934; x_wconf 81' lang='lat' dir='ltr'><strong>ex-</strong></span> 
     </span>
    </p>
   </div>
   <div class='ocr_carea' id='block_1_53' title="bbox 506 3967 2087 4038">
    <p class='ocr_par' dir='ltr' id='par_1_53' title="bbox 506 3967 2087 4038">
     <span class='ocr_line' id='line_1_53' title="bbox 506 3967 2087 4038; baseline 0.001 -14"><span class='ocrx_word' id='word_1_418' title='bbox 506 3978 649 4033; x_wconf 89' lang='lat' dir='ltr'><strong>orto,</strong></span> <span class='ocrx_word' id='word_1_419' title='bbox 671 3968 820 4022; x_wconf 89' lang='lat' dir='ltr'><strong>velut</strong></span> <span class='ocrx_word' id='word_1_420' title='bbox 842 3967 893 4021; x_wconf 88' lang='lat' dir='ltr'><strong>itt</strong></span> <span class='ocrx_word' id='word_1_421' title='bbox 916 3968 1130 4021; x_wconf 79' lang='lat' dir='ltr'><strong>axioma</strong></span> <span class='ocrx_word' id='word_1_422' title='bbox 1165 3968 1436 4037; x_wconf 85' lang='lat' dir='ltr'><strong>publicum</strong></span> <span class='ocrx_word' id='word_1_423' title='bbox 1467 3968 1758 4038; x_wconf 87' lang='lat' dir='ltr'><strong>aliquando</strong></span> <span class='ocrx_word' id='word_1_424' title='bbox 1789 3972 2087 4036; x_wconf 88' lang='lat' dir='ltr'><strong>transierit,</strong></span> 
     </span>
    </p>
   </div>
   <div class='ocr_carea' id='block_1_54' title="bbox 508 4057 2091 4129">
    <p class='ocr_par' dir='ltr' id='par_1_54' title="bbox 508 4057 2091 4129">
     <span class='ocr_line' id='line_1_54' title="bbox 508 4057 2091 4129; baseline 0.004 -17"><span class='ocrx_word' id='word_1_425' title='bbox 508 4058 653 4129; x_wconf 90' lang='lat' dir='ltr'><strong>quod</strong></span> <span class='ocrx_word' id='word_1_426' title='bbox 678 4058 874 4128; x_wconf 86' lang='lat' dir='ltr'><strong>cuique</strong></span> <span class='ocrx_word' id='word_1_427' title='bbox 897 4057 1123 4113; x_wconf 89' lang='lat' dir='ltr'><strong>liberum</strong></span> <span class='ocrx_word' id='word_1_428' title='bbox 1168 4068 1310 4114; x_wconf 88' lang='lat' dir='ltr'><strong>esset</strong></span> <span class='ocrx_word' id='word_1_429' title='bbox 1332 4059 1399 4114; x_wconf 89' lang='lat' dir='ltr'><strong>ad</strong></span> <span class='ocrx_word' id='word_1_430' title='bbox 1420 4058 1764 4121; x_wconf 87' lang='lat' dir='ltr'><strong>Carthusiam</strong></span> <span class='ocrx_word' id='word_1_431' title='bbox 1800 4063 2006 4126; x_wconf 87' lang='lat' dir='ltr'><strong>venire,</strong></span> <span class='ocrx_word' id='word_1_432' title='bbox 2035 4073 2091 4118; x_wconf 87' lang='lat' dir='ltr'><strong>et</strong></span> 
     </span>
    </p>
   </div>
   <div class='ocr_carea' id='block_1_55' title="bbox 505 4150 2084 4227">
    <p class='ocr_par' dir='ltr' id='par_1_55' title="bbox 505 4150 2084 4227">
     <span class='ocr_line' id='line_1_55' title="bbox 505 4150 2084 4227; baseline 0 -20"><span class='ocrx_word' id='word_1_433' title='bbox 505 4151 582 4207; x_wconf 82' lang='lat' dir='ltr'><strong>ibi</strong></span> <span class='ocrx_word' id='word_1_434' title='bbox 611 4166 709 4222; x_wconf 76' lang='lat' dir='ltr'><strong>per</strong></span> <span class='ocrx_word' id='word_1_435' title='bbox 739 4158 851 4205; x_wconf 87' lang='lat' dir='ltr'><strong>tres</strong></span> <span class='ocrx_word' id='word_1_436' title='bbox 880 4150 997 4227; x_wconf 80' lang='lat' dir='ltr'><strong>dies</strong></span> <span class='ocrx_word' id='word_1_437' title='bbox 1027 4150 1318 4206; x_wconf 90' lang='lat' dir='ltr'><strong>continuos</strong></span> <span class='ocrx_word' id='word_1_438' title='bbox 1373 4152 1593 4221; x_wconf 79' lang='lat' dir='ltr'><strong>hOSpitii</strong></span> <span class='ocrx_word' id='word_1_439' title='bbox 1647 4152 1913 4209; x_wconf 85' lang='lat' dir='ltr'><strong>beneficio</strong></span> <span class='ocrx_word' id='word_1_440' title='bbox 1957 4152 2084 4223; x_wconf 90' lang='lat' dir='ltr'><strong>frui,</strong></span> 
     </span>
    </p>
   </div>
   <div class='ocr_carea' id='block_1_56' title="bbox 511 4240 2085 4313">
    <p class='ocr_par' dir='ltr' id='par_1_56' title="bbox 511 4240 2085 4313">
     <span class='ocr_line' id='line_1_56' title="bbox 511 4240 2085 4313; baseline 0.002 -16"><span class='ocrx_word' id='word_1_441' title='bbox 511 4250 772 4312; x_wconf 80' lang='lat' dir='ltr'><strong>tauquam</strong></span> <span class='ocrx_word' id='word_1_442' title='bbox 811 4256 878 4297; x_wconf 79' lang='lat' dir='ltr'><strong>ex</strong></span> <span class='ocrx_word' id='word_1_443' title='bbox 918 4240 1235 4297; x_wconf 88' lang='lat' dir='ltr'><strong>fundatione</strong></span> <span class='ocrx_word' id='word_1_444' title='bbox 1289 4242 1487 4298; x_wconf 90' lang='lat' dir='ltr'><strong>talibus</strong></span> <span class='ocrx_word' id='word_1_445' title='bbox 1534 4244 1839 4313; x_wconf 89' lang='lat' dir='ltr'><strong>hospitibus</strong></span> <span class='ocrx_word' id='word_1_446' title='bbox 1882 4246 2085 4301; x_wconf 86' lang='lat' dir='ltr'><strong>debito.</strong></span> 
     </span>
    </p>
   </div>
   <div class='ocr_carea' id='block_1_57' title="bbox 518 4332 2088 4407">
    <p class='ocr_par' dir='ltr' id='par_1_57' title="bbox 518 4332 2088 4407">
     <span class='ocr_line' id='line_1_57' title="bbox 518 4332 2088 4407; baseline 0.003 -19"><span class='ocrx_word' id='word_1_447' title='bbox 518 4334 661 4402; x_wconf 78' lang='lat' dir='ltr'><strong>Quid</strong></span> <span class='ocrx_word' id='word_1_448' title='bbox 682 4334 809 4388; x_wconf 84' lang='lat' dir='ltr'><strong>inde</strong></span> <span class='ocrx_word' id='word_1_449' title='bbox 835 4332 1245 4403; x_wconf 72' lang='lat' dir='ltr'><strong>inquietudinis,</strong></span> <span class='ocrx_word' id='word_1_450' title='bbox 1270 4333 1471 4388; x_wconf 89' lang='lat' dir='ltr'><strong>laboris</strong></span> <span class='ocrx_word' id='word_1_451' title='bbox 1485 4346 1538 4390; x_wconf 93' lang='lat' dir='ltr'><strong>et</strong></span> <span class='ocrx_word' id='word_1_452' title='bbox 1560 4351 1920 4405; x_wconf 82' lang='lat' dir='ltr'><strong>expcnsarum</strong></span> <span class='ocrx_word' id='word_1_453' title='bbox 1946 4338 2088 4407; x_wconf 76' lang='lat' dir='ltr'><strong>(qua:</strong></span> 
     </span>
    </p>
   </div>
   <div class='ocr_carea' id='block_1_58' title="bbox 505 4400 2158 4501">
    <p class='ocr_par' dir='ltr' id='par_1_58' title="bbox 505 4400 2158 4501">
     <span class='ocr_line' id='line_1_58' title="bbox 505 4400 2158 4501; baseline -0.001 -16"><span class='ocrx_word' id='word_1_454' title='bbox 505 4426 1236 4501; x_wconf 83' lang='lat' dir='ltr'><strong>iongemeliusiujuvandis</strong></span> <span class='ocrx_word' id='word_1_455' title='bbox 1278 4428 1423 4482; x_wconf 89' lang='lat' dir='ltr'><strong>veris</strong></span> <span class='ocrx_word' id='word_1_456' title='bbox 1469 4428 1799 4498; x_wconf 87' lang='lat' dir='ltr'><strong>pauperibus</strong></span> <span class='ocrx_word' id='word_1_457' title='bbox 1853 4430 2089 4483; x_wconf 81' lang='lat' dir='ltr'><strong>circum-</strong></span> <span class='ocrx_word' id='word_1_458' title='bbox 2118 4400 2158 4457; x_wconf 60' lang='grc' dir='ltr'><strong>ί)</strong></span> 
     </span>
    </p>
   </div>
   <div class='ocr_carea' id='block_1_59' title="bbox 507 4518 2091 4592">
    <p class='ocr_par' dir='ltr' id='par_1_59' title="bbox 507 4518 2091 4592">
     <span class='ocr_line' id='line_1_59' title="bbox 507 4518 2091 4592; baseline -0.004 -12"><span class='ocrx_word' id='word_1_459' title='bbox 507 4524 706 4580; x_wconf 86' lang='lat' dir='ltr'><strong>vicinis</strong></span> <span class='ocrx_word' id='word_1_460' title='bbox 723 4520 1185 4592; x_wconf 79' lang='lat' dir='ltr'><strong>impenderentur)</strong></span> <span class='ocrx_word' id='word_1_461' title='bbox 1208 4518 1332 4577; x_wconf 89' lang='lat' dir='ltr'><strong>huic</strong></span> <span class='ocrx_word' id='word_1_462' title='bbox 1351 4520 1529 4575; x_wconf 90' lang='lat' dir='ltr'><strong>domui</strong></span> <span class='ocrx_word' id='word_1_463' title='bbox 1552 4519 1769 4590; x_wconf 80' lang='lat' dir='ltr'><strong>ltiajoris</strong></span> <span class='ocrx_word' id='word_1_464' title='bbox 1788 4520 2091 4578; x_wconf 77' lang='lat' dir='ltr'><strong>Carthnsia:</strong></span> 
     </span>
    </p>
   </div>
   <div class='ocr_carea' id='block_1_60' title="bbox 439 4610 2082 4682">
    <p class='ocr_par' dir='ltr' id='par_1_60' title="bbox 439 4610 2082 4682">
     <span class='ocr_line' id='line_1_60' title="bbox 439 4610 2082 4682; baseline -0.002 -13"><span class='ocrx_word' id='word_1_465' title='bbox 439 4636 445 4643; x_wconf 66' lang='grc'><em>’</em></span> <span class='ocrx_word' id='word_1_466' title='bbox 505 4615 775 4677; x_wconf 84' lang='lat' dir='ltr'><strong>evenerit,</strong></span> <span class='ocrx_word' id='word_1_467' title='bbox 802 4614 888 4667; x_wconf 80' lang='lat' dir='ltr'><strong>vix</strong></span> <span class='ocrx_word' id='word_1_468' title='bbox 912 4618 1090 4682; x_wconf 89' lang='lat' dir='ltr'><strong>potest</strong></span> <span class='ocrx_word' id='word_1_469' title='bbox 1118 4611 1402 4681; x_wconf 84' lang='lat' dir='ltr'><strong>explicari.</strong></span> <span class='ocrx_word' id='word_1_470' title='bbox 1441 4610 1508 4666; x_wconf 86' lang='lat' dir='ltr'><strong>Ut</strong></span> <span class='ocrx_word' id='word_1_471' title='bbox 1530 4610 1674 4664; x_wconf 90' lang='lat' dir='ltr'><strong>enim</strong></span> <span class='ocrx_word' id='word_1_472' title='bbox 1706 4620 2082 4680; x_wconf 88' lang='lat' dir='ltr'><strong>paupertatem</strong></span> 
     </span>
    </p>
   </div>
   <div class='ocr_carea' id='block_1_61' title="bbox 503 4708 2089 4782">
    <p class='ocr_par' dir='ltr' id='par_1_61' title="bbox 503 4708 2089 4782">
     <span class='ocr_line' id='line_1_61' title="bbox 503 4708 2089 4782; baseline -0.003 -14"><span class='ocrx_word' id='word_1_473' title='bbox 503 4712 699 4769; x_wconf 88' lang='lat' dir='ltr'><strong>melius</strong></span> <span class='ocrx_word' id='word_1_474' title='bbox 726 4711 962 4782; x_wconf 81' lang='lat' dir='ltr'><strong>fingant,</strong></span> <span class='ocrx_word' id='word_1_475' title='bbox 1010 4724 1120 4763; x_wconf 90' lang='lat' dir='ltr'><strong>non</strong></span> <span class='ocrx_word' id='word_1_476' title='bbox 1169 4724 1294 4764; x_wconf 88' lang='lat' dir='ltr'><strong>raro</strong></span> <span class='ocrx_word' id='word_1_477' title='bbox 1334 4708 1547 4764; x_wconf 75' lang='lat' dir='ltr'><strong>calceos</strong></span> <span class='ocrx_word' id='word_1_478' title='bbox 1568 4718 1621 4763; x_wconf 90' lang='lat' dir='ltr'><strong>et</strong></span> <span class='ocrx_word' id='word_1_479' title='bbox 1648 4709 1809 4763; x_wconf 87' lang='lat' dir='ltr'><strong>tibias</strong></span> <span class='ocrx_word' id='word_1_480' title='bbox 1831 4709 1970 4763; x_wconf 82' lang='lat' dir='ltr'><strong>inter</strong></span> <span class='ocrx_word' id='word_1_481' title='bbox 1996 4725 2089 4765; x_wconf 71' lang='grc' dir='ltr'><strong>νεο-</strong></span> 
     </span>
    </p>
   </div>
   <div class='ocr_carea' id='block_1_62' title="bbox 505 4800 2093 4876">
    <p class='ocr_par' dir='ltr' id='par_1_62' title="bbox 505 4800 2093 4876">
     <span class='ocr_line' id='line_1_62' title="bbox 505 4800 2093 4876; baseline -0.001 -18"><span class='ocrx_word' id='word_1_482' title='bbox 505 4819 632 4876; x_wconf 87' lang='lat' dir='ltr'><strong>pres</strong></span> <span class='ocrx_word' id='word_1_483' title='bbox 661 4803 1024 4866; x_wconf 88' lang='lat' dir='ltr'><strong>abscondunt,</strong></span> <span class='ocrx_word' id='word_1_484' title='bbox 1051 4802 1369 4872; x_wconf 84' lang='lat' dir='ltr'><strong>priusquam</strong></span> <span class='ocrx_word' id='word_1_485' title='bbox 1404 4800 1470 4855; x_wconf 90' lang='lat' dir='ltr'><strong>ad</strong></span> <span class='ocrx_word' id='word_1_486' title='bbox 1509 4800 1671 4855; x_wconf 90' lang='lat' dir='ltr'><strong>limen</strong></span> <span class='ocrx_word' id='word_1_487' title='bbox 1708 4800 1903 4856; x_wconf 87' lang='lat' dir='ltr'><strong>domus</strong></span> <span class='ocrx_word' id='word_1_488' title='bbox 1931 4817 2093 4857; x_wconf 77' lang='lat' dir='ltr'><strong>acce-</strong></span> 
     </span>
    </p>
   </div>
   <div class='ocr_carea' id='block_1_63' title="bbox 504 4894 2084 4963">
    <p class='ocr_par' dir='ltr' id='par_1_63' title="bbox 504 4894 2084 4963">
     <span class='ocr_line' id='line_1_63' title="bbox 504 4894 2084 4963; baseline -0.002 -10"><span class='ocrx_word' id='word_1_489' title='bbox 504 4899 658 4963; x_wconf 86' lang='lat' dir='ltr'><strong>dant,</strong></span> <span class='ocrx_word' id='word_1_490' title='bbox 688 4904 747 4949; x_wconf 89' lang='lat' dir='ltr'><strong>ut</strong></span> <span class='ocrx_word' id='word_1_491' title='bbox 768 4896 1033 4950; x_wconf 90' lang='lat' dir='ltr'><strong>seminudi</strong></span> <span class='ocrx_word' id='word_1_492' title='bbox 1070 4904 1125 4948; x_wconf 89' lang='lat' dir='ltr'><strong>et</strong></span> <span class='ocrx_word' id='word_1_493' title='bbox 1164 4894 1475 4950; x_wconf 69' lang='lat' dir='ltr'><strong>discalceati</strong></span> <span class='ocrx_word' id='word_1_494' title='bbox 1522 4901 1875 4963; x_wconf 79' lang='lat' dir='ltr'><strong>apparentes,</strong></span> <span class='ocrx_word' id='word_1_495' title='bbox 1914 4895 2084 4950; x_wconf 80' lang='lat' dir='ltr'><strong>etiam</strong></span> 
     </span>
    </p>
   </div>
   <div class='ocr_carea' id='block_1_64' title="bbox 503 4991 2089 5064">
    <p class='ocr_par' dir='ltr' id='par_1_64' title="bbox 503 4991 2089 5064">
     <span class='ocr_line' id='line_1_64' title="bbox 503 4991 2089 5064; baseline 0.003 -17"><span class='ocrx_word' id='word_1_496' title='bbox 503 4992 721 5061; x_wconf 85' lang='lat' dir='ltr'><strong>v‘igcute</strong></span> <span class='ocrx_word' id='word_1_497' title='bbox 766 4991 987 5059; x_wconf 71' lang='lat' dir='ltr'><strong>frigore,</strong></span> <span class='ocrx_word' id='word_1_498' title='bbox 1049 4992 1318 5062; x_wconf 83' lang='lat' dir='ltr'><strong>recipiant</strong></span> <span class='ocrx_word' id='word_1_499' title='bbox 1362 4992 1579 5047; x_wconf 85' lang='lat' dir='ltr'><strong>calceos</strong></span> <span class='ocrx_word' id='word_1_500' title='bbox 1632 5002 1687 5049; x_wconf 87' lang='lat' dir='ltr'><strong>et</strong></span> <span class='ocrx_word' id='word_1_501' title='bbox 1732 4994 1838 5048; x_wconf 88' lang='lat' dir='ltr'><strong>alia</strong></span> <span class='ocrx_word' id='word_1_502' title='bbox 1892 4996 2089 5064; x_wconf 87' lang='lat' dir='ltr'><strong>quibus</strong></span> 
     </span>
    </p>
   </div>
   <div class='ocr_carea' id='block_1_65' title="bbox 507 5069 2090 5157">
    <p class='ocr_par' dir='ltr' id='par_1_65' title="bbox 507 5069 2090 5157">
     <span class='ocr_line' id='line_1_65' title="bbox 507 5069 2090 5157; baseline 0.003 -19"><span class='ocrx_word' id='word_1_503' title='bbox 507 5092 778 5155; x_wconf 78' lang='lat' dir='ltr'><strong>tegantur.</strong></span> <span class='ocrx_word' id='word_1_504' title='bbox 812 5084 942 5150; x_wconf 64' lang='lat' dir='ltr'><strong>Quae</strong></span> <span class='ocrx_word' id='word_1_505' title='bbox 970 5085 1147 5153; x_wconf 82' lang='lat' dir='ltr'><strong>lepide</strong></span> <span class='ocrx_word' id='word_1_506' title='bbox 1169 5086 1314 5141; x_wconf 86' lang='lat' dir='ltr'><strong>dicta</strong></span> <span class='ocrx_word' id='word_1_507' title='bbox 1342 5087 1475 5153; x_wconf 88' lang='lat' dir='ltr'><strong>sint,</strong></span> <span class='ocrx_word' id='word_1_508' title='bbox 1514 5095 1572 5140; x_wconf 93' lang='lat' dir='ltr'><strong>ut</strong></span> <span class='ocrx_word' id='word_1_509' title='bbox 1600 5097 1928 5157; x_wconf 87' lang='lat' dir='ltr'><strong>agnoscatur</strong></span> <span class='ocrx_word' id='word_1_510' title='bbox 1953 5069 2090 5157; x_wconf 81' lang='lat' dir='ltr'><strong>qua-</strong></span> 
     </span>
    </p>
   </div>
   <div class='ocr_carea' id='block_1_66' title="bbox 504 5172 2083 5242">
    <p class='ocr_par' dir='ltr' id='par_1_66' title="bbox 504 5172 2083 5242">
     <span class='ocr_line' id='line_1_66' title="bbox 504 5172 2083 5242; baseline 0.004 -14"><span class='ocrx_word' id='word_1_511' title='bbox 504 5173 573 5228; x_wconf 88' lang='lat' dir='ltr'><strong>lis</strong></span> <span class='ocrx_word' id='word_1_512' title='bbox 612 5172 1113 5242; x_wconf 76' lang='lat' dir='ltr'><strong>sitpercgrinorum</strong></span> <span class='ocrx_word' id='word_1_513' title='bbox 1145 5188 1451 5231; x_wconf 85' lang='lat' dir='ltr'><strong>nostrorum</strong></span> <span class='ocrx_word' id='word_1_514' title='bbox 1483 5179 1679 5233; x_wconf 87' lang='lat' dir='ltr'><strong>astutia</strong></span> <span class='ocrx_word' id='word_1_515' title='bbox 1716 5188 1772 5234; x_wconf 89' lang='lat' dir='ltr'><strong>et</strong></span> <span class='ocrx_word' id='word_1_516' title='bbox 1797 5179 2083 5236; x_wconf 82' lang='lat' dir='ltr'><strong>industria.</strong></span> 
     </span>
    </p>
   </div>
   <div class='ocr_carea' id='block_1_67' title="bbox 506 5262 2082 5333">
    <p class='ocr_par' dir='ltr' id='par_1_67' title="bbox 506 5262 2082 5333">
     <span class='ocr_line' id='line_1_67' title="bbox 506 5262 2082 5333; baseline 0.003 -12"><span class='ocrx_word' id='word_1_517' title='bbox 506 5262 897 5321; x_wconf 75' lang='lat' dir='ltr'><strong>Prtesentiebat</strong></span> <span class='ocrx_word' id='word_1_518' title='bbox 922 5264 1024 5318; x_wconf 83' lang='lat' dir='ltr'><strong>ista</strong></span> <span class='ocrx_word' id='word_1_519' title='bbox 1048 5265 1131 5319; x_wconf 90' lang='lat' dir='ltr'><strong>vir</strong></span> <span class='ocrx_word' id='word_1_520' title='bbox 1165 5277 1405 5333; x_wconf 86' lang='lat' dir='ltr'><strong>sanctus,</strong></span> <span class='ocrx_word' id='word_1_521' title='bbox 1439 5271 1532 5325; x_wconf 89' lang='lat' dir='ltr'><strong>sed</strong></span> <span class='ocrx_word' id='word_1_522' title='bbox 1563 5280 1851 5326; x_wconf 87' lang='lat' dir='ltr'><strong>crescente</strong></span> <span class='ocrx_word' id='word_1_523' title='bbox 1881 5272 2082 5327; x_wconf 89' lang='lat' dir='ltr'><strong>sensim</strong></span> 
     </span>
    </p>
   </div>
   <div class='ocr_carea' id='block_1_68' title="bbox 502 5352 2085 5431">
    <p class='ocr_par' dir='ltr' id='par_1_68' title="bbox 502 5352 2085 5431">
     <span class='ocr_line' id='line_1_68' title="bbox 502 5352 2085 5431; baseline 0.002 -17"><span class='ocrx_word' id='word_1_524' title='bbox 502 5356 696 5414; x_wconf 87' lang='lat' dir='ltr'><strong>ordine</strong></span> <span class='ocrx_word' id='word_1_525' title='bbox 724 5364 780 5411; x_wconf 86' lang='lat' dir='ltr'><strong>et</strong></span> <span class='ocrx_word' id='word_1_526' title='bbox 808 5352 967 5422; x_wconf 91' lang='lat' dir='ltr'><strong>hujus</strong></span> <span class='ocrx_word' id='word_1_527' title='bbox 989 5358 1158 5411; x_wconf 87' lang='lat' dir='ltr'><strong>eremi</strong></span> <span class='ocrx_word' id='word_1_528' title='bbox 1188 5360 1444 5428; x_wconf 79' lang='lat' dir='ltr'><strong>Opinione</strong></span> <span class='ocrx_word' id='word_1_529' title='bbox 1474 5377 1570 5431; x_wconf 90' lang='lat' dir='ltr'><strong>per</strong></span> <span class='ocrx_word' id='word_1_530' title='bbox 1601 5372 1771 5416; x_wconf 88' lang='lat' dir='ltr'><strong>totum</strong></span> <span class='ocrx_word' id='word_1_531' title='bbox 1799 5362 1985 5417; x_wconf 85' lang='lat' dir='ltr'><strong>orbem</strong></span> <span class='ocrx_word' id='word_1_532' title='bbox 2025 5377 2085 5419; x_wconf 92' lang='lat' dir='ltr'><strong>se</strong></span> 
     </span>
    </p>
   </div>
   <div class='ocr_carea' id='block_1_69' title="bbox 501 5446 2081 5524">
    <p class='ocr_par' dir='ltr' id='par_1_69' title="bbox 501 5446 2081 5524">
     <span class='ocr_line' id='line_1_69' title="bbox 501 5446 2081 5524; baseline 0.003 -18"><span class='ocrx_word' id='word_1_533' title='bbox 501 5446 838 5519; x_wconf 80' lang='lat' dir='ltr'><strong>divulgante,</strong></span> <span class='ocrx_word' id='word_1_534' title='bbox 890 5446 1225 5517; x_wconf 89' lang='lat' dir='ltr'><strong>impossibile</strong></span> <span class='ocrx_word' id='word_1_535' title='bbox 1288 5448 1409 5517; x_wconf 86' lang='lat' dir='ltr'><strong>fuit,</strong></span> <span class='ocrx_word' id='word_1_536' title='bbox 1456 5454 1737 5508; x_wconf 90' lang='lat' dir='ltr'><strong>moraliter</strong></span> <span class='ocrx_word' id='word_1_537' title='bbox 1791 5454 2081 5524; x_wconf 89' lang='lat' dir='ltr'><strong>loquemlo,</strong></span> 
     </span>
    </p>
   </div>
   <div class='ocr_carea' id='block_1_70' title="bbox 501 5539 2085 5615">
    <p class='ocr_par' dir='ltr' id='par_1_70' title="bbox 501 5539 2085 5615">
     <span class='ocr_line' id='line_1_70' title="bbox 501 5539 2085 5615; baseline 0.001 -15"><span class='ocrx_word' id='word_1_538' title='bbox 501 5544 645 5600; x_wconf 88' lang='lat' dir='ltr'><strong>hanc</strong></span> <span class='ocrx_word' id='word_1_539' title='bbox 671 5539 1102 5596; x_wconf 83' lang='lat' dir='ltr'><strong>vicissitudinem</strong></span> <span class='ocrx_word' id='word_1_540' title='bbox 1144 5540 1408 5609; x_wconf 83' lang='lat' dir='ltr'><strong>devitarc,</strong></span> <span class='ocrx_word' id='word_1_541' title='bbox 1433 5558 1462 5596; x_wconf 89' lang='lat' dir='ltr'><strong>a</strong></span> <span class='ocrx_word' id='word_1_542' title='bbox 1491 5558 1598 5613; x_wconf 87' lang='lat' dir='ltr'><strong>qua</strong></span> <span class='ocrx_word' id='word_1_543' title='bbox 1632 5544 1796 5599; x_wconf 90' lang='lat' dir='ltr'><strong>etiam</strong></span> <span class='ocrx_word' id='word_1_544' title='bbox 1831 5545 2085 5615; x_wconf 73' lang='lat' dir='ltr'><strong>impossi-</strong></span> 
     </span>
    </p>
   </div>
   <div class='ocr_carea' id='block_1_71' title="bbox 501 5626 2084 5706">
    <p class='ocr_par' dir='ltr' id='par_1_71' title="bbox 501 5626 2084 5706">
     <span class='ocr_line' id='line_1_71' title="bbox 501 5626 2084 5706; baseline 0 -14"><span class='ocrx_word' id='word_1_545' title='bbox 501 5635 665 5692; x_wconf 88' lang='lat' dir='ltr'><strong>bilius</strong></span> <span class='ocrx_word' id='word_1_546' title='bbox 692 5626 777 5689; x_wconf 82' lang='lat' dir='ltr'><strong>est</strong></span> <span class='ocrx_word' id='word_1_547' title='bbox 806 5646 866 5687; x_wconf 93' lang='lat' dir='ltr'><strong>sc</strong></span> <span class='ocrx_word' id='word_1_548' title='bbox 893 5646 1133 5706; x_wconf 87' lang='lat' dir='ltr'><strong>unquam</strong></span> <span class='ocrx_word' id='word_1_549' title='bbox 1172 5631 1427 5689; x_wconf 79' lang='lat' dir='ltr'><strong>liberare.</strong></span> <span class='ocrx_word' id='word_1_550' title='bbox 1466 5633 1526 5687; x_wconf 84' lang='lat' dir='ltr'><strong>Id</strong></span> <span class='ocrx_word' id='word_1_551' title='bbox 1567 5648 1695 5687; x_wconf 88' lang='lat' dir='ltr'><strong>vero</strong></span> <span class='ocrx_word' id='word_1_552' title='bbox 1731 5651 1835 5690; x_wconf 90' lang='lat' dir='ltr'><strong>una</strong></span> <span class='ocrx_word' id='word_1_553' title='bbox 1857 5651 1923 5691; x_wconf 74' lang='lat' dir='ltr'><strong>ex</strong></span> <span class='ocrx_word' id='word_1_554' title='bbox 1949 5654 2084 5706; x_wconf 81' lang='lat' dir='ltr'><strong>prae-</strong></span> 
     </span>
    </p>
   </div>
   <div class='ocr_carea' id='block_1_72' title="bbox 501 5721 2082 5798">
    <p class='ocr_par' dir='ltr' id='par_1_72' title="bbox 501 5721 2082 5798">
     <span class='ocr_line' id='line_1_72' title="bbox 501 5721 2082 5798; baseline 0.003 -19"><span class='ocrx_word' id='word_1_555' title='bbox 501 5725 678 5798; x_wconf 82' lang='lat' dir='ltr'><strong>cipuis</strong></span> <span class='ocrx_word' id='word_1_556' title='bbox 715 5722 896 5779; x_wconf 89' lang='lat' dir='ltr'><strong>causis</strong></span> <span class='ocrx_word' id='word_1_557' title='bbox 923 5721 1043 5792; x_wconf 87' lang='lat' dir='ltr'><strong>fuit,</strong></span> <span class='ocrx_word' id='word_1_558' title='bbox 1083 5738 1181 5780; x_wconf 89' lang='lat' dir='ltr'><strong>cur</strong></span> <span class='ocrx_word' id='word_1_559' title='bbox 1207 5724 1399 5782; x_wconf 88' lang='lat' dir='ltr'><strong>domus</strong></span> <span class='ocrx_word' id='word_1_560' title='bbox 1450 5723 1754 5780; x_wconf 71' lang='lat' dir='ltr'><strong>Carthasim</strong></span> <span class='ocrx_word' id='word_1_561' title='bbox 1787 5729 2082 5796; x_wconf 77' lang='lat' dir='ltr'><strong>possessio~</strong></span> 
     </span>
    </p>
   </div>
   <div class='ocr_carea' id='block_1_73' title="bbox 2195 3147 3778 3215">
    <p class='ocr_par' dir='ltr' id='par_1_73' title="bbox 2195 3147 3778 3215">
     <span class='ocr_line' id='line_1_73' title="bbox 2195 3147 3778 3215; baseline 0.004 -16"><span class='ocrx_word' id='word_1_562' title='bbox 2195 3162 2362 3200; x_wconf 81' lang='lat' dir='ltr'><strong>avara</strong></span> <span class='ocrx_word' id='word_1_563' title='bbox 2393 3147 2625 3215; x_wconf 84' lang='lat' dir='ltr'><strong>quadam</strong></span> <span class='ocrx_word' id='word_1_564' title='bbox 2651 3148 2940 3204; x_wconf 81' lang='lat' dir='ltr'><strong>sedulitate</strong></span> <span class='ocrx_word' id='word_1_565' title='bbox 2984 3151 3388 3205; x_wconf 88' lang='lat' dir='ltr'><strong>advenientium</strong></span> <span class='ocrx_word' id='word_1_566' title='bbox 3445 3152 3778 3208; x_wconf 55' lang='lat' dir='ltr'><strong>saecularium</strong></span> 
     </span>
    </p>
   </div>
   <div class='ocr_carea' id='block_1_74' title="bbox 2196 3238 3778 3314">
    <p class='ocr_par' dir='ltr' id='par_1_74' title="bbox 2196 3238 3778 3314">
     <span class='ocr_line' id='line_1_74' title="bbox 2196 3238 3778 3314; baseline 0.004 -22"><span class='ocrx_word' id='word_1_567' title='bbox 2196 3238 2436 3309; x_wconf 86' lang='lat' dir='ltr'><strong>(etiamsi</strong></span> <span class='ocrx_word' id='word_1_568' title='bbox 2473 3240 2628 3309; x_wconf 80' lang='lat' dir='ltr'><strong>egeni</strong></span> <span class='ocrx_word' id='word_1_569' title='bbox 2685 3241 2889 3313; x_wconf 89' lang='lat' dir='ltr'><strong>essent)</strong></span> <span class='ocrx_word' id='word_1_570' title='bbox 2933 3244 3120 3299; x_wconf 86' lang='lat' dir='ltr'><strong>turbas</strong></span> <span class='ocrx_word' id='word_1_571' title='bbox 3184 3253 3455 3313; x_wconf 90' lang='lat' dir='ltr'><strong>quantum</strong></span> <span class='ocrx_word' id='word_1_572' title='bbox 3512 3239 3778 3314; x_wconf 76' lang='lat' dir='ltr'><strong>possenia</strong></span> 
     </span>
    </p>
   </div>
   <div class='ocr_carea' id='block_1_75' title="bbox 2194 3332 3778 3409">
    <p class='ocr_par' dir='ltr' id='par_1_75' title="bbox 2194 3332 3778 3409">
     <span class='ocr_line' id='line_1_75' title="bbox 2194 3332 3778 3409; baseline 0.004 -24"><span class='ocrx_word' id='word_1_573' title='bbox 2194 3346 2291 3385; x_wconf 84' lang='lat' dir='ltr'><strong>sua</strong></span> <span class='ocrx_word' id='word_1_574' title='bbox 2330 3346 2516 3386; x_wconf 87' lang='lat' dir='ltr'><strong>eremo</strong></span> <span class='ocrx_word' id='word_1_575' title='bbox 2557 3332 2904 3402; x_wconf 88' lang='lat' dir='ltr'><strong>repellerent.</strong></span> <span class='ocrx_word' id='word_1_576' title='bbox 2963 3334 3089 3393; x_wconf 65' lang='lat' dir='ltr'><strong>Huic</strong></span> <span class='ocrx_word' id='word_1_577' title='bbox 3139 3345 3193 3390; x_wconf 88' lang='lat' dir='ltr'><strong>et</strong></span> <span class='ocrx_word' id='word_1_578' title='bbox 3229 3337 3432 3393; x_wconf 89' lang='lat' dir='ltr'><strong>similia</strong></span> <span class='ocrx_word' id='word_1_579' title='bbox 3468 3353 3571 3407; x_wconf 89' lang='lat' dir='ltr'><strong>per</strong></span> <span class='ocrx_word' id='word_1_580' title='bbox 3601 3339 3778 3409; x_wconf 82' lang='lat' dir='ltr'><strong>vulgus</strong></span> 
     </span>
    </p>
   </div>
   <div class='ocr_carea' id='block_1_76' title="bbox 2192 3423 3780 3494">
    <p class='ocr_par' dir='ltr' id='par_1_76' title="bbox 2192 3423 3780 3494">
     <span class='ocr_line' id='line_1_76' title="bbox 2192 3423 3780 3494; baseline 0.006 -17"><span class='ocrx_word' id='word_1_581' title='bbox 2192 3425 2520 3493; x_wconf 83' lang='lat' dir='ltr'><strong>spargebant</strong></span> <span class='ocrx_word' id='word_1_582' title='bbox 2543 3423 2628 3477; x_wconf 90' lang='lat' dir='ltr'><strong>isti</strong></span> <span class='ocrx_word' id='word_1_583' title='bbox 2660 3425 2939 3482; x_wconf 91' lang='lat' dir='ltr'><strong>indiscreti</strong></span> <span class='ocrx_word' id='word_1_584' title='bbox 2986 3438 3081 3481; x_wconf 86' lang='lat' dir='ltr'><strong>aut</strong></span> <span class='ocrx_word' id='word_1_585' title='bbox 3109 3429 3274 3484; x_wconf 87' lang='lat' dir='ltr'><strong>invidi</strong></span> <span class='ocrx_word' id='word_1_586' title='bbox 3305 3432 3702 3494; x_wconf 68' lang='lat' dir='ltr'><strong>aemulatores;</strong></span> <span class='ocrx_word' id='word_1_587' title='bbox 3728 3439 3780 3486; x_wconf 74' lang='lat' dir='ltr'><strong>et</strong></span> 
     </span>
    </p>
   </div>
   <div class='ocr_carea' id='block_1_77' title="bbox 2195 3515 3777 3591">
    <p class='ocr_par' dir='ltr' id='par_1_77' title="bbox 2195 3515 3777 3591">
     <span class='ocr_line' id='line_1_77' title="bbox 2195 3515 3777 3591; baseline 0.005 -22"><span class='ocrx_word' id='word_1_588' title='bbox 2195 3531 2262 3569; x_wconf 88' lang='lat' dir='ltr'><strong>uc</strong></span> <span class='ocrx_word' id='word_1_589' title='bbox 2291 3531 2355 3571; x_wconf 80' lang='lat' dir='ltr'><strong>ex</strong></span> <span class='ocrx_word' id='word_1_590' title='bbox 2385 3515 2599 3572; x_wconf 70' lang='lat' dir='ltr'><strong>illorum</strong></span> <span class='ocrx_word' id='word_1_591' title='bbox 2637 3518 2843 3589; x_wconf 86' lang='lat' dir='ltr'><strong>sparsis</strong></span> <span class='ocrx_word' id='word_1_592' title='bbox 2874 3521 3182 3576; x_wconf 89' lang='lat' dir='ltr'><strong>rumoribus</strong></span> <span class='ocrx_word' id='word_1_593' title='bbox 3221 3522 3397 3591; x_wconf 89' lang='lat' dir='ltr'><strong>pusilli</strong></span> <span class='ocrx_word' id='word_1_594' title='bbox 3443 3523 3777 3579; x_wconf 82' lang='lat' dir='ltr'><strong>scandaliza-</strong></span> 
     </span>
    </p>
   </div>
   <div class='ocr_carea' id='block_1_78' title="bbox 2195 3607 3779 3685">
    <p class='ocr_par' dir='ltr' id='par_1_78' title="bbox 2195 3607 3779 3685">
     <span class='ocr_line' id='line_1_78' title="bbox 2195 3607 3779 3685; baseline 0.006 -26"><span class='ocrx_word' id='word_1_595' title='bbox 2195 3615 2406 3673; x_wconf 89' lang='lat' dir='ltr'><strong>rentnr,</strong></span> <span class='ocrx_word' id='word_1_596' title='bbox 2445 3607 2687 3662; x_wconf 88' lang='lat' dir='ltr'><strong>occurrit</strong></span> <span class='ocrx_word' id='word_1_597' title='bbox 2734 3608 2838 3662; x_wconf 86' lang='lat' dir='ltr'><strong>illis</strong></span> <span class='ocrx_word' id='word_1_598' title='bbox 2869 3608 2934 3663; x_wconf 72' lang='grc' dir='ltr'><strong>Β.</strong></span> <span class='ocrx_word' id='word_1_599' title='bbox 2968 3610 3028 3664; x_wconf 85' lang='grc' dir='ltr'><strong>Ρ.</strong></span> <span class='ocrx_word' id='word_1_600' title='bbox 3055 3610 3247 3681; x_wconf 77' lang='lat' dir='ltr'><strong>Guigo,</strong></span> <span class='ocrx_word' id='word_1_601' title='bbox 3272 3621 3325 3667; x_wconf 91' lang='lat' dir='ltr'><strong>et</strong></span> <span class='ocrx_word' id='word_1_602' title='bbox 3372 3612 3614 3685; x_wconf 80' lang='lat' dir='ltr'><strong>ingenuo</strong></span> <span class='ocrx_word' id='word_1_603' title='bbox 3638 3629 3779 3683; x_wconf 66' lang='lat' dir='ltr'><strong>mque</strong></span> 
     </span>
    </p>
   </div>
   <div class='ocr_carea' id='block_1_79' title="bbox 2192 3702 3775 3772">
    <p class='ocr_par' dir='ltr' id='par_1_79' title="bbox 2192 3702 3775 3772">
     <span class='ocr_line' id='line_1_79' title="bbox 2192 3702 3775 3772; baseline 0.004 -19"><span class='ocrx_word' id='word_1_604' title='bbox 2192 3716 2257 3754; x_wconf 88' lang='lat' dir='ltr'><strong>ac</strong></span> <span class='ocrx_word' id='word_1_605' title='bbox 2288 3702 2534 3770; x_wconf 79' lang='lat' dir='ltr'><strong>prudenti</strong></span> <span class='ocrx_word' id='word_1_606' title='bbox 2554 3711 2608 3755; x_wconf 90' lang='lat' dir='ltr'><strong>et</strong></span> <span class='ocrx_word' id='word_1_607' title='bbox 2630 3710 2789 3757; x_wconf 87' lang='lat' dir='ltr'><strong>acuto</strong></span> <span class='ocrx_word' id='word_1_608' title='bbox 2816 3703 3083 3772; x_wconf 89' lang='lat' dir='ltr'><strong>doctoque</strong></span> <span class='ocrx_word' id='word_1_609' title='bbox 3129 3704 3313 3768; x_wconf 89' lang='lat' dir='ltr'><strong>modo,</strong></span> <span class='ocrx_word' id='word_1_610' title='bbox 3344 3720 3519 3761; x_wconf 77' lang='lat' dir='ltr'><strong>vanas</strong></span> <span class='ocrx_word' id='word_1_611' title='bbox 3572 3705 3775 3760; x_wconf 85' lang='lat' dir='ltr'><strong>illorum</strong></span> 
     </span>
    </p>
   </div>
   <div class='ocr_carea' id='block_1_80' title="bbox 2194 3793 2675 3850">
    <p class='ocr_par' dir='ltr' id='par_1_80' title="bbox 2194 3793 2675 3850">
     <span class='ocr_line' id='line_1_80' title="bbox 2194 3793 2675 3850; baseline 0.004 -5"><span class='ocrx_word' id='word_1_612' title='bbox 2194 3794 2434 3849; x_wconf 88' lang='lat' dir='ltr'><strong>rationes</strong></span> <span class='ocrx_word' id='word_1_613' title='bbox 2457 3793 2675 3850; x_wconf 85' lang='lat' dir='ltr'><strong>refutat.</strong></span> 
     </span>
    </p>
   </div>
   <div class='ocr_carea' id='block_1_81' title="bbox 2267 3887 3783 3962">
    <p class='ocr_par' dir='ltr' id='par_1_81' title="bbox 2267 3887 3783 3962">
     <span class='ocr_line' id='line_1_81' title="bbox 2267 3887 3783 3962; baseline 0.003 -21"><span class='ocrx_word' id='word_1_614' title='bbox 2267 3887 2423 3943; x_wconf 75' lang='lat' dir='ltr'><strong>Num.</strong></span> <span class='ocrx_word' id='word_1_615' title='bbox 2456 3889 2505 3942; x_wconf 82' lang='lat' dir='ltr'><strong>l.</strong></span> <span class='ocrx_word' id='word_1_616' title='bbox 2541 3888 2663 3942; x_wconf 83' lang='lat' dir='ltr'><strong>Non</strong></span> <span class='ocrx_word' id='word_1_617' title='bbox 2705 3889 2843 3943; x_wconf 83' lang='lat' dir='ltr'><strong>enim</strong></span> <span class='ocrx_word' id='word_1_618' title='bbox 2864 3898 3076 3959; x_wconf 79' lang='lat' dir='ltr'><strong>propter</strong></span> <span class='ocrx_word' id='word_1_619' title='bbox 3101 3889 3395 3945; x_wconf 80' lang='lat' dir='ltr'><strong>alienorum</strong></span> <span class='ocrx_word' id='word_1_620' title='bbox 3444 3891 3783 3962; x_wconf 62' lang='lat' dir='ltr'><strong>temporalem</strong></span> 
     </span>
    </p>
   </div>
   <div class='ocr_carea' id='block_1_82' title="bbox 2193 3980 3784 4050">
    <p class='ocr_par' dir='ltr' id='par_1_82' title="bbox 2193 3980 3784 4050">
     <span class='ocr_line' id='line_1_82' title="bbox 2193 3980 3784 4050; baseline 0.003 -17"><span class='ocrx_word' id='word_1_621' title='bbox 2193 3996 2374 4034; x_wconf 85' lang='lat' dir='ltr'><strong>curam</strong></span> <span class='ocrx_word' id='word_1_622' title='bbox 2406 3996 2707 4050; x_wconf 80' lang='lat' dir='ltr'><strong>corporum,</strong></span> <span class='ocrx_word' id='word_1_623' title='bbox 2734 3990 2840 4034; x_wconf 89' lang='lat' dir='ltr'><strong>etc.</strong></span> <span class='ocrx_word' id='word_1_624' title='bbox 2873 3982 2919 4034; x_wconf 82' lang='lat' dir='ltr'><strong>si</strong></span> <span class='ocrx_word' id='word_1_625' title='bbox 2944 3981 3059 4047; x_wconf 73' lang='lat' dir='ltr'><strong>plus</strong></span> <span class='ocrx_word' id='word_1_626' title='bbox 3104 3980 3515 4050; x_wconf 76' lang='lat' dir='ltr'><strong>familiaritatis,</strong></span> <span class='ocrx_word' id='word_1_627' title='bbox 3546 3992 3657 4038; x_wconf 78' lang='lat' dir='ltr'><strong>etc.</strong></span> <span class='ocrx_word' id='word_1_628' title='bbox 3690 3982 3784 4037; x_wconf 85' lang='lat' dir='ltr'><strong>llic</strong></span> 
     </span>
    </p>
   </div>
   <div class='ocr_carea' id='block_1_83' title="bbox 2194 4072 3783 4145">
    <p class='ocr_par' dir='ltr' id='par_1_83' title="bbox 2194 4072 3783 4145">
     <span class='ocr_line' id='line_1_83' title="bbox 2194 4072 3783 4145; baseline 0.003 -20"><span class='ocrx_word' id='word_1_629' title='bbox 2194 4072 2353 4142; x_wconf 88' lang='lat' dir='ltr'><strong>plene</strong></span> <span class='ocrx_word' id='word_1_630' title='bbox 2403 4073 2679 4134; x_wconf 85' lang='lat' dir='ltr'><strong>convincit</strong></span> <span class='ocrx_word' id='word_1_631' title='bbox 2707 4088 2895 4128; x_wconf 86' lang='lat' dir='ltr'><strong>errare</strong></span> <span class='ocrx_word' id='word_1_632' title='bbox 2932 4089 3024 4128; x_wconf 91' lang='lat' dir='ltr'><strong>cos</strong></span> <span class='ocrx_word' id='word_1_633' title='bbox 3065 4072 3157 4143; x_wconf 92' lang='lat' dir='ltr'><strong>qui</strong></span> <span class='ocrx_word' id='word_1_634' title='bbox 3194 4073 3409 4128; x_wconf 65' lang='lat' dir='ltr'><strong>duritiae</strong></span> <span class='ocrx_word' id='word_1_635' title='bbox 3442 4075 3783 4145; x_wconf 85' lang='lat' dir='ltr'><strong>imputabant</strong></span> 
     </span>
    </p>
   </div>
   <div class='ocr_carea' id='block_1_84' title="bbox 2192 4165 3783 4227">
    <p class='ocr_par' dir='ltr' id='par_1_84' title="bbox 2192 4165 3783 4227">
     <span class='ocr_line' id='line_1_84' title="bbox 2192 4165 3783 4227; baseline 0.003 -8"><span class='ocrx_word' id='word_1_636' title='bbox 2192 4165 2534 4227; x_wconf 86' lang='lat' dir='ltr'><strong>sedulitatem</strong></span> <span class='ocrx_word' id='word_1_637' title='bbox 2598 4165 2743 4220; x_wconf 92' lang='lat' dir='ltr'><strong>illam</strong></span> <span class='ocrx_word' id='word_1_638' title='bbox 2811 4165 3027 4219; x_wconf 89' lang='lat' dir='ltr'><strong>arcendi</strong></span> <span class='ocrx_word' id='word_1_639' title='bbox 3077 4182 3107 4220; x_wconf 92' lang='lat' dir='ltr'><strong>a</strong></span> <span class='ocrx_word' id='word_1_640' title='bbox 3169 4181 3267 4221; x_wconf 90' lang='lat' dir='ltr'><strong>sua</strong></span> <span class='ocrx_word' id='word_1_641' title='bbox 3315 4181 3505 4221; x_wconf 85' lang='lat' dir='ltr'><strong>eremo</strong></span> <span class='ocrx_word' id='word_1_642' title='bbox 3571 4170 3783 4223; x_wconf 80' lang='lat' dir='ltr'><strong>mendi-</strong></span> 
     </span>
    </p>
   </div>
   <div class='ocr_carea' id='block_1_85' title="bbox 2193 4256 3780 4329">
    <p class='ocr_par' dir='ltr' id='par_1_85' title="bbox 2193 4256 3780 4329">
     <span class='ocr_line' id='line_1_85' title="bbox 2193 4256 3780 4329; baseline 0.004 -19"><span class='ocrx_word' id='word_1_643' title='bbox 2193 4272 2287 4311; x_wconf 90' lang='lat' dir='ltr'><strong>cos</strong></span> <span class='ocrx_word' id='word_1_644' title='bbox 2342 4266 2672 4321; x_wconf 83' lang='lat' dir='ltr'><strong>extraneos;</strong></span> <span class='ocrx_word' id='word_1_645' title='bbox 2721 4263 2775 4312; x_wconf 91' lang='lat' dir='ltr'><strong>et</strong></span> <span class='ocrx_word' id='word_1_646' title='bbox 2805 4256 3104 4327; x_wconf 72' lang='lat' dir='ltr'><strong>explicata</strong></span> <span class='ocrx_word' id='word_1_647' title='bbox 3134 4266 3320 4312; x_wconf 79' lang='lat' dir='ltr'><strong>nostro</strong></span> <span class='ocrx_word' id='word_1_648' title='bbox 3354 4259 3644 4329; x_wconf 84' lang='lat' dir='ltr'><strong>proposito</strong></span> <span class='ocrx_word' id='word_1_649' title='bbox 3680 4275 3780 4316; x_wconf 72' lang='lat' dir='ltr'><strong>non</strong></span> 
     </span>
    </p>
   </div>
   <div class='ocr_carea' id='block_1_86' title="bbox 2193 4348 3780 4423">
    <p class='ocr_par' dir='ltr' id='par_1_86' title="bbox 2193 4348 3780 4423">
     <span class='ocr_line' id='line_1_86' title="bbox 2193 4348 3780 4423; baseline 0.004 -21"><span class='ocrx_word' id='word_1_650' title='bbox 2193 4363 2315 4403; x_wconf 90' lang='lat' dir='ltr'><strong>esse</strong></span> <span class='ocrx_word' id='word_1_651' title='bbox 2351 4348 2610 4412; x_wconf 87' lang='lat' dir='ltr'><strong>alienum,</strong></span> <span class='ocrx_word' id='word_1_652' title='bbox 2667 4364 2789 4402; x_wconf 88' lang='lat' dir='ltr'><strong>etttn</strong></span> <span class='ocrx_word' id='word_1_653' title='bbox 2822 4349 2906 4418; x_wconf 88' lang='lat' dir='ltr'><strong>pia</strong></span> <span class='ocrx_word' id='word_1_654' title='bbox 2959 4348 3326 4405; x_wconf 79' lang='lat' dir='ltr'><strong>familiaritate</strong></span> <span class='ocrx_word' id='word_1_655' title='bbox 3366 4366 3465 4405; x_wconf 83' lang='lat' dir='ltr'><strong>eos</strong></span> <span class='ocrx_word' id='word_1_656' title='bbox 3508 4353 3780 4423; x_wconf 76' lang='lat' dir='ltr'><strong>excipere,</strong></span> 
     </span>
    </p>
   </div>
   <div class='ocr_carea' id='block_1_87' title="bbox 2198 4436 3787 4508">
    <p class='ocr_par' dir='ltr' id='par_1_87' title="bbox 2198 4436 3787 4508">
     <span class='ocr_line' id='line_1_87' title="bbox 2198 4436 3787 4508; baseline 0.004 -18"><span class='ocrx_word' id='word_1_657' title='bbox 2198 4438 2288 4505; x_wconf 80' lang='lat' dir='ltr'><strong>qui</strong></span> <span class='ocrx_word' id='word_1_658' title='bbox 2338 4452 2436 4508; x_wconf 90' lang='lat' dir='ltr'><strong>pro</strong></span> <span class='ocrx_word' id='word_1_659' title='bbox 2491 4436 2759 4508; x_wconf 87' lang='lat' dir='ltr'><strong>spirituali</strong></span> <span class='ocrx_word' id='word_1_660' title='bbox 2813 4436 3055 4508; x_wconf 90' lang='lat' dir='ltr'><strong>profectu</strong></span> <span class='ocrx_word' id='word_1_661' title='bbox 3098 4440 3393 4508; x_wconf 69' lang='lat' dir='ltr'><strong>quaarendo</strong></span> <span class='ocrx_word' id='word_1_662' title='bbox 3429 4442 3501 4496; x_wconf 89' lang='lat' dir='ltr'><strong>ad</strong></span> <span class='ocrx_word' id='word_1_663' title='bbox 3555 4458 3665 4499; x_wconf 77' lang='lat' dir='ltr'><strong>nos</strong></span> <span class='ocrx_word' id='word_1_664' title='bbox 3698 4457 3787 4496; x_wconf 63' lang='lat' dir='ltr'><strong>ve.</strong></span> 
     </span>
    </p>
   </div>
   <div class='ocr_carea' id='block_1_88' title="bbox 2199 4531 2608 4604">
    <p class='ocr_par' dir='ltr' id='par_1_88' title="bbox 2199 4531 2608 4604">
     <span class='ocr_line' id='line_1_88' title="bbox 2199 4531 2608 4604; baseline 0 -22"><span class='ocrx_word' id='word_1_665' title='bbox 2199 4531 2371 4584; x_wconf 86' lang='lat' dir='ltr'><strong>niunt.</strong></span> <span class='ocrx_word' id='word_1_666' title='bbox 2605 4601 2608 4604; x_wconf 13' lang='lat'><strong><em>.</em></strong></span> 
     </span>
    </p>
   </div>
   <div class='ocr_carea' id='block_1_89' title="bbox 2267 4617 3781 4693">
    <p class='ocr_par' dir='ltr' id='par_1_89' title="bbox 2267 4617 3781 4693">
     <span class='ocr_line' id='line_1_89' title="bbox 2267 4617 3781 4693; baseline 0.003 -19"><span class='ocrx_word' id='word_1_667' title='bbox 2267 4619 2426 4674; x_wconf 84' lang='lat' dir='ltr'><strong>Num.</strong></span> <span class='ocrx_word' id='word_1_668' title='bbox 2449 4618 2505 4673; x_wconf 75' lang='lat'><strong>2.</strong></span> <span class='ocrx_word' id='word_1_669' title='bbox 2535 4618 2737 4673; x_wconf 76' lang='lat' dir='ltr'><strong>Habeat</strong></span> <span class='ocrx_word' id='word_1_670' title='bbox 2780 4621 2955 4691; x_wconf 79' lang='lat' dir='ltr'><strong>itaque</strong></span> <span class='ocrx_word' id='word_1_671' title='bbox 3004 4617 3240 4677; x_wconf 72' lang='lat' dir='ltr'><strong>Martha.</strong></span> <span class='ocrx_word' id='word_1_672' title='bbox 3270 4618 3372 4677; x_wconf 83' lang='lat' dir='ltr'><strong>llic</strong></span> <span class='ocrx_word' id='word_1_673' title='bbox 3422 4623 3513 4693; x_wconf 87' lang='lat' dir='ltr'><strong>pie</strong></span> <span class='ocrx_word' id='word_1_674' title='bbox 3545 4624 3708 4680; x_wconf 87' lang='lat' dir='ltr'><strong>simul</strong></span> <span class='ocrx_word' id='word_1_675' title='bbox 3733 4633 3781 4679; x_wconf 88' lang='lat' dir='ltr'><strong>et</strong></span> 
     </span>
    </p>
   </div>
   <div class='ocr_carea' id='block_1_90' title="bbox 2193 4709 3782 4779">
    <p class='ocr_par' dir='ltr' id='par_1_90' title="bbox 2193 4709 3782 4779">
     <span class='ocr_line' id='line_1_90' title="bbox 2193 4709 3782 4779; baseline 0.003 -15"><span class='ocrx_word' id='word_1_676' title='bbox 2193 4710 2357 4765; x_wconf 82' lang='lat' dir='ltr'><strong>docte</strong></span> <span class='ocrx_word' id='word_1_677' title='bbox 2384 4710 2626 4763; x_wconf 86' lang='lat' dir='ltr'><strong>occurrit</strong></span> <span class='ocrx_word' id='word_1_678' title='bbox 2653 4709 2988 4777; x_wconf 78' lang='lat' dir='ltr'><strong>argumentis</strong></span> <span class='ocrx_word' id='word_1_679' title='bbox 3007 4724 3195 4764; x_wconf 89' lang='lat' dir='ltr'><strong>eorum</strong></span> <span class='ocrx_word' id='word_1_680' title='bbox 3222 4711 3315 4779; x_wconf 90' lang='lat' dir='ltr'><strong>qui</strong></span> <span class='ocrx_word' id='word_1_681' title='bbox 3347 4712 3521 4767; x_wconf 87' lang='lat' dir='ltr'><strong>vitam</strong></span> <span class='ocrx_word' id='word_1_682' title='bbox 3556 4713 3782 4770; x_wconf 77' lang='lat' dir='ltr'><strong>Carthe-</strong></span> 
     </span>
    </p>
   </div>
   <div class='ocr_carea' id='block_1_91' title="bbox 2192 4802 3781 4873">
    <p class='ocr_par' dir='ltr' id='par_1_91' title="bbox 2192 4802 3781 4873">
     <span class='ocr_line' id='line_1_91' title="bbox 2192 4802 3781 4873; baseline 0.003 -15"><span class='ocrx_word' id='word_1_683' title='bbox 2192 4803 2403 4858; x_wconf 67' lang='lat' dir='ltr'><strong>sianem</strong></span> <span class='ocrx_word' id='word_1_684' title='bbox 2429 4803 2689 4873; x_wconf 86' lang='lat' dir='ltr'><strong>impetere</strong></span> <span class='ocrx_word' id='word_1_685' title='bbox 2718 4802 2926 4869; x_wconf 90' lang='lat' dir='ltr'><strong>volunt,</strong></span> <span class='ocrx_word' id='word_1_686' title='bbox 2967 4811 3023 4859; x_wconf 92' lang='lat' dir='ltr'><strong>et</strong></span> <span class='ocrx_word' id='word_1_687' title='bbox 3045 4802 3111 4857; x_wconf 90' lang='lat' dir='ltr'><strong>de</strong></span> <span class='ocrx_word' id='word_1_688' title='bbox 3137 4802 3430 4859; x_wconf 86' lang='lat' dir='ltr'><strong>inutilitate</strong></span> <span class='ocrx_word' id='word_1_689' title='bbox 3467 4816 3568 4862; x_wconf 88' lang='lat' dir='ltr'><strong>aut</strong></span> <span class='ocrx_word' id='word_1_690' title='bbox 3604 4807 3781 4863; x_wconf 80' lang='lat' dir='ltr'><strong>otiosi-</strong></span> 
     </span>
    </p>
   </div>
   <div class='ocr_carea' id='block_1_92' title="bbox 2195 4896 3778 4968">
    <p class='ocr_par' dir='ltr' id='par_1_92' title="bbox 2195 4896 3778 4968">
     <span class='ocr_line' id='line_1_92' title="bbox 2195 4896 3778 4968; baseline 0.001 -15"><span class='ocrx_word' id='word_1_691' title='bbox 2195 4906 2303 4953; x_wconf 88' lang='lat' dir='ltr'><strong>tate</strong></span> <span class='ocrx_word' id='word_1_692' title='bbox 2354 4905 2609 4968; x_wconf 86' lang='lat' dir='ltr'><strong>arguunt.</strong></span> <span class='ocrx_word' id='word_1_693' title='bbox 2649 4896 2705 4951; x_wconf 88' lang='lat' dir='ltr'><strong>Si</strong></span> <span class='ocrx_word' id='word_1_694' title='bbox 2752 4906 2935 4951; x_wconf 89' lang='lat' dir='ltr'><strong>autem</strong></span> <span class='ocrx_word' id='word_1_695' title='bbox 2989 4896 3123 4950; x_wconf 87' lang='lat' dir='ltr'><strong>tanti</strong></span> <span class='ocrx_word' id='word_1_696' title='bbox 3179 4896 3281 4951; x_wconf 90' lang='lat' dir='ltr'><strong>viri</strong></span> <span class='ocrx_word' id='word_1_697' title='bbox 3343 4897 3778 4955; x_wconf 82' lang='lat' dir='ltr'><strong>ineluctabilibus</strong></span> 
     </span>
    </p>
   </div>
   <div class='ocr_carea' id='block_1_93' title="bbox 2192 4984 3773 5056">
    <p class='ocr_par' dir='ltr' id='par_1_93' title="bbox 2192 4984 3773 5056">
     <span class='ocr_line' id='line_1_93' title="bbox 2192 4984 3773 5056; baseline -0.001 -13"><span class='ocrx_word' id='word_1_698' title='bbox 2192 4987 2493 5043; x_wconf 88' lang='lat' dir='ltr'><strong>rationibus</strong></span> <span class='ocrx_word' id='word_1_699' title='bbox 2518 4986 2719 5041; x_wconf 90' lang='lat' dir='ltr'><strong>addere</strong></span> <span class='ocrx_word' id='word_1_700' title='bbox 2749 4985 2952 5056; x_wconf 88' lang='lat' dir='ltr'><strong>aliquid</strong></span> <span class='ocrx_word' id='word_1_701' title='bbox 2976 4984 3127 5041; x_wconf 89' lang='lat' dir='ltr'><strong>nobis</strong></span> <span class='ocrx_word' id='word_1_702' title='bbox 3149 4984 3478 5051; x_wconf 72' lang='lat' dir='ltr'><strong>liceat,.ha:c</strong></span> <span class='ocrx_word' id='word_1_703' title='bbox 3504 4989 3773 5045; x_wconf 81' lang='lat' dir='ltr'><strong>dicemus:</strong></span> 
     </span>
    </p>
   </div>
   <div class='ocr_carea' id='block_1_94' title="bbox 2194 5076 3777 5148">
    <p class='ocr_par' dir='ltr' id='par_1_94' title="bbox 2194 5076 3777 5148">
     <span class='ocr_line' id='line_1_94' title="bbox 2194 5076 3777 5148; baseline -0.001 -14"><span class='ocrx_word' id='word_1_704' title='bbox 2194 5079 2357 5135; x_wconf 91' lang='lat' dir='ltr'><strong>Certe</strong></span> <span class='ocrx_word' id='word_1_705' title='bbox 2392 5077 2610 5148; x_wconf 89' lang='lat' dir='ltr'><strong>quando</strong></span> <span class='ocrx_word' id='word_1_706' title='bbox 2643 5076 2841 5148; x_wconf 90' lang='lat' dir='ltr'><strong>aliquis</strong></span> <span class='ocrx_word' id='word_1_707' title='bbox 2880 5078 3238 5133; x_wconf 88' lang='lat' dir='ltr'><strong>concionator</strong></span> <span class='ocrx_word' id='word_1_708' title='bbox 3276 5077 3424 5133; x_wconf 89' lang='lat' dir='ltr'><strong>intra</strong></span> <span class='ocrx_word' id='word_1_709' title='bbox 3473 5080 3670 5136; x_wconf 85' lang='lat' dir='ltr'><strong>scrinii</strong></span> <span class='ocrx_word' id='word_1_710' title='bbox 3694 5092 3777 5133; x_wconf 81' lang='lat' dir='ltr'><strong>se-</strong></span> 
     </span>
    </p>
   </div>
   <div class='ocr_carea' id='block_1_95' title="bbox 2198 5168 3777 5245">
    <p class='ocr_par' dir='ltr' id='par_1_95' title="bbox 2198 5168 3777 5245">
     <span class='ocr_line' id='line_1_95' title="bbox 2198 5168 3777 5245; baseline -0.003 -17"><span class='ocrx_word' id='word_1_711' title='bbox 2198 5181 2407 5228; x_wconf 91' lang='lat' dir='ltr'><strong>cretum</strong></span> <span class='ocrx_word' id='word_1_712' title='bbox 2435 5184 2494 5225; x_wconf 90' lang='lat' dir='ltr'><strong>se</strong></span> <span class='ocrx_word' id='word_1_713' title='bbox 2537 5170 2750 5241; x_wconf 89' lang='lat' dir='ltr'><strong>recipit,</strong></span> <span class='ocrx_word' id='word_1_714' title='bbox 2784 5178 2844 5224; x_wconf 90' lang='lat' dir='ltr'><strong>ut</strong></span> <span class='ocrx_word' id='word_1_715' title='bbox 2880 5169 2952 5225; x_wconf 91' lang='lat' dir='ltr'><strong>ibi</strong></span> <span class='ocrx_word' id='word_1_716' title='bbox 2990 5168 3379 5245; x_wconf 74' lang='lat' dir='ltr'><strong>componendis</strong></span> <span class='ocrx_word' id='word_1_717' title='bbox 3424 5172 3777 5228; x_wconf 85' lang='lat' dir='ltr'><strong>concionibus</strong></span> 
     </span>
    </p>
   </div>
   <div class='ocr_carea' id='block_1_96' title="bbox 2188 5265 3773 5337">
    <p class='ocr_par' dir='ltr' id='par_1_96' title="bbox 2188 5265 3773 5337">
     <span class='ocr_line' id='line_1_96' title="bbox 2188 5265 3773 5337; baseline -0.003 -15"><span class='ocrx_word' id='word_1_718' title='bbox 2188 5277 2365 5332; x_wconf 82' lang='lat' dir='ltr'><strong>vacet.</strong></span> <span class='ocrx_word' id='word_1_719' title='bbox 2406 5282 2577 5327; x_wconf 82' lang='lat' dir='ltr'><strong>nemo.</strong></span> <span class='ocrx_word' id='word_1_720' title='bbox 2612 5266 2818 5337; x_wconf 89' lang='lat' dir='ltr'><strong>estqui</strong></span> <span class='ocrx_word' id='word_1_721' title='bbox 2852 5274 2961 5320; x_wconf 89' lang='lat' dir='ltr'><strong>tam</strong></span> <span class='ocrx_word' id='word_1_722' title='bbox 3019 5266 3135 5319; x_wconf 89' lang='lat' dir='ltr'><strong>utili</strong></span> <span class='ocrx_word' id='word_1_723' title='bbox 3183 5265 3333 5335; x_wconf 88' lang='lat' dir='ltr'><strong>operi</strong></span> <span class='ocrx_word' id='word_1_724' title='bbox 3376 5265 3773 5322; x_wconf 75' lang='lat' dir='ltr'><strong>incumbentem</strong></span> 
     </span>
    </p>
   </div>
   <div class='ocr_carea' id='block_1_97' title="bbox 2189 5356 3773 5428">
    <p class='ocr_par' dir='ltr' id='par_1_97' title="bbox 2189 5356 3773 5428">
     <span class='ocr_line' id='line_1_97' title="bbox 2189 5356 3773 5428; baseline -0.006 -13"><span class='ocrx_word' id='word_1_725' title='bbox 2189 5360 2256 5415; x_wconf 90' lang='lat' dir='ltr'><strong>de</strong></span> <span class='ocrx_word' id='word_1_726' title='bbox 2280 5358 2569 5414; x_wconf 89' lang='lat' dir='ltr'><strong>inutilitate</strong></span> <span class='ocrx_word' id='word_1_727' title='bbox 2615 5365 2823 5428; x_wconf 80' lang='lat' dir='ltr'><strong>arguat.</strong></span> <span class='ocrx_word' id='word_1_728' title='bbox 2857 5356 2939 5411; x_wconf 82' lang='lat' dir='ltr'><strong>Ad</strong></span> <span class='ocrx_word' id='word_1_729' title='bbox 2980 5356 3083 5410; x_wconf 93' lang='lat' dir='ltr'><strong>hoc</strong></span> <span class='ocrx_word' id='word_1_730' title='bbox 3108 5356 3256 5411; x_wconf 91' lang='lat' dir='ltr'><strong>enim</strong></span> <span class='ocrx_word' id='word_1_731' title='bbox 3290 5364 3507 5410; x_wconf 88' lang='lat' dir='ltr'><strong>tantum</strong></span> <span class='ocrx_word' id='word_1_732' title='bbox 3552 5357 3626 5412; x_wconf 88' lang='lat' dir='ltr'><strong>ab</strong></span> <span class='ocrx_word' id='word_1_733' title='bbox 3649 5370 3773 5412; x_wconf 89' lang='lat' dir='ltr'><strong>ocu-</strong></span> 
     </span>
    </p>
   </div>
   <div class='ocr_carea' id='block_1_98' title="bbox 2188 5447 3773 5519">
    <p class='ocr_par' dir='ltr' id='par_1_98' title="bbox 2188 5447 3773 5519">
     <span class='ocr_line' id='line_1_98' title="bbox 2188 5447 3773 5519; baseline -0.004 -14"><span class='ocrx_word' id='word_1_734' title='bbox 2188 5450 2254 5505; x_wconf 92' lang='lat' dir='ltr'><strong>lis</strong></span> <span class='ocrx_word' id='word_1_735' title='bbox 2278 5457 2335 5505; x_wconf 91' lang='lat' dir='ltr'><strong>et</strong></span> <span class='ocrx_word' id='word_1_736' title='bbox 2356 5465 2386 5503; x_wconf 92' lang='lat' dir='ltr'><strong>a</strong></span> <span class='ocrx_word' id='word_1_737' title='bbox 2416 5450 2695 5504; x_wconf 90' lang='lat' dir='ltr'><strong>consortio</strong></span> <span class='ocrx_word' id='word_1_738' title='bbox 2735 5449 3013 5511; x_wconf 83' lang='lat' dir='ltr'><strong>hominum</strong></span> <span class='ocrx_word' id='word_1_739' title='bbox 3049 5461 3111 5503; x_wconf 90' lang='lat' dir='ltr'><strong>se</strong></span> <span class='ocrx_word' id='word_1_740' title='bbox 3142 5447 3394 5509; x_wconf 89' lang='lat' dir='ltr'><strong>retrahit.</strong></span> <span class='ocrx_word' id='word_1_741' title='bbox 3419 5456 3482 5501; x_wconf 88' lang='lat' dir='ltr'><strong>ut</strong></span> <span class='ocrx_word' id='word_1_742' title='bbox 3510 5457 3773 5519; x_wconf 65' lang='lat' dir='ltr'><strong>praeparet</strong></span> 
     </span>
    </p>
   </div>
   <div class='ocr_carea' id='block_1_99' title="bbox 2187 5538 3771 5610">
    <p class='ocr_par' dir='ltr' id='par_1_99' title="bbox 2187 5538 3771 5610">
     <span class='ocr_line' id='line_1_99' title="bbox 2187 5538 3771 5610; baseline -0.002 -14"><span class='ocrx_word' id='word_1_743' title='bbox 2187 5541 2330 5596; x_wconf 90' lang='lat' dir='ltr'><strong>unde</strong></span> <span class='ocrx_word' id='word_1_744' title='bbox 2356 5540 2528 5610; x_wconf 89' lang='lat' dir='ltr'><strong>possit</strong></span> <span class='ocrx_word' id='word_1_745' title='bbox 2554 5539 2735 5594; x_wconf 84' lang='lat' dir='ltr'><strong>verbis</strong></span> <span class='ocrx_word' id='word_1_746' title='bbox 2782 5538 3097 5608; x_wconf 85' lang='lat' dir='ltr'><strong>compositis</strong></span> <span class='ocrx_word' id='word_1_747' title='bbox 3142 5539 3403 5593; x_wconf 86' lang='lat' dir='ltr'><strong>veritates</strong></span> <span class='ocrx_word' id='word_1_748' title='bbox 3435 5538 3771 5594; x_wconf 75' lang='lat' dir='ltr'><strong>Christianas</strong></span> 
     </span>
    </p>
   </div>
   <div class='ocr_carea' id='block_1_100' title="bbox 2188 5625 3766 5705">
    <p class='ocr_par' dir='ltr' id='par_1_100' title="bbox 2188 5625 3766 5705">
     <span class='ocr_line' id='line_1_100' title="bbox 2188 5625 3766 5705; baseline -0.007 -14"><span class='ocrx_word' id='word_1_749' title='bbox 2188 5636 2294 5691; x_wconf 88' lang='lat' dir='ltr'><strong>illis</strong></span> <span class='ocrx_word' id='word_1_750' title='bbox 2328 5649 2632 5705; x_wconf 76' lang='lat' dir='ltr'><strong>exponere,</strong></span> <span class='ocrx_word' id='word_1_751' title='bbox 2663 5642 2716 5688; x_wconf 88' lang='lat' dir='ltr'><strong>et</strong></span> <span class='ocrx_word' id='word_1_752' title='bbox 2745 5632 2811 5686; x_wconf 89' lang='lat' dir='ltr'><strong>ad</strong></span> <span class='ocrx_word' id='word_1_753' title='bbox 2842 5646 3008 5703; x_wconf 85' lang='lat' dir='ltr'><strong>regno</strong></span> <span class='ocrx_word' id='word_1_754' title='bbox 3036 5629 3298 5688; x_wconf 77' lang='lat' dir='ltr'><strong>cmlorum</strong></span> <span class='ocrx_word' id='word_1_755' title='bbox 3320 5625 3430 5686; x_wconf 81' lang='lat' dir='ltr'><strong>vim</strong></span> <span class='ocrx_word' id='word_1_756' title='bbox 3466 5630 3766 5687; x_wconf 80' lang='lat' dir='ltr'><strong>faciendam</strong></span> 
     </span>
    </p>
   </div>
   <div class='ocr_carea' id='block_1_101' title="bbox 2186 5721 3768 5794">
    <p class='ocr_par' dir='ltr' id='par_1_101' title="bbox 2186 5721 3768 5794">
     <span class='ocr_line' id='line_1_101' title="bbox 2186 5721 3768 5794; baseline -0.007 -9"><span class='ocrx_word' id='word_1_757' title='bbox 2186 5728 2435 5787; x_wconf 85' lang='lat' dir='ltr'><strong>incitare.</strong></span> <span class='ocrx_word' id='word_1_758' title='bbox 2482 5726 2601 5792; x_wconf 83' lang='lat' dir='ltr'><strong>Quo</strong></span> <span class='ocrx_word' id='word_1_759' title='bbox 2651 5734 2834 5780; x_wconf 89' lang='lat' dir='ltr'><strong>autem</strong></span> <span class='ocrx_word' id='word_1_760' title='bbox 2886 5722 3141 5779; x_wconf 86' lang='lat' dir='ltr'><strong>veritates</strong></span> <span class='ocrx_word' id='word_1_761' title='bbox 3181 5724 3249 5778; x_wconf 90' lang='lat' dir='ltr'><strong>ab</strong></span> <span class='ocrx_word' id='word_1_762' title='bbox 3283 5722 3375 5780; x_wconf 86' lang='lat' dir='ltr'><strong>illo</strong></span> <span class='ocrx_word' id='word_1_763' title='bbox 3413 5721 3768 5794; x_wconf 59' lang='lat' dir='ltr'><strong>praedicanda:</strong></span> 
     </span>
    </p>
   </div>
  </div>
