3992 6410
150 332 315 423 ’θη-⁷
1519 355 1769 430 censu:

1874 355 2110 413 lDlNES.
2982 388 2985 391 -
3348 339 3466 426 673'

190 512 194 518 -
272 476 334 531 4.
364 476 505 547 Ergo
530 487 630 546 ego
652 470 841 527 relicta
869 471 999 527 cella
1032 484 1174 539 mea,
1203 460 1440 527 claustro
1465 486 1606 537 meo,
1634 479 1688 525 et
1710 470 1839 541 quid
1864 469 2237 540 proposuerim
2265 469 2482 538 oblitus,
2524 481 2743 543 propter
2785 490 3088 550 gyrovago‘s
3121 495 3444 554 gyrovagus,

184 575 428 637 propter
457 566 785 637 paltonarios
814 568 1168 638 paltonarius,
1205 576 1260 622 et
1287 577 1506 639 propter
1533 565 1903 637 suscipiendos
1945 567 2356 637 pascendosque
2407 569 2694 625 smeulares
2743 570 2945 631 elliciar
2988 576 3306 633 saecularis?
3351 578 3451 646 Illi,

189 663 279 717 illi
318 664 417 733 ipsi
445 673 573 719 eant
592 665 771 733 potius
799 674 860 719 ιιι
892 675 1199 736 coeperunt,
1258 665 1626 733 mundumque
1669 663 2027 727 circumeant,
2055 677 2124 717 ne
2146 664 2192 717 si
2218 671 2272 718 et
2294 678 2394 733 ego
2420 664 2555 732 iero,
2602 665 2843 737 ipsorum
2884 669 2951 725 de
2980 684 3066 725 me
3091 672 3451 728 numerositas

190 768 495 827 augeatur.
526 754 645 813 ‘Aut
666 760 711 814 si
741 761 1165 830 urgentpenitus
1195 769 1253 815 ut
1284 774 1402 815 eam
1433 774 1558 830 ego,
1591 762 1807 812 cessent
1833 755 1958 825 ipsi,
1992 753 2299 827 faciantque
2330 760 2489 828 quod
2517 774 2618 829 ego
2671 760 2832 828 facio,
2865 770 2927 817 ut
2970 763 3166 819 merito
3219 764 3441 837 religio-

188 862 389 902 sorum
419 849 605 906 labore
642 861 936 920 pascantur
959 861 1121 921 atque
1155 850 1419 920 periculo.

273 937 333 992 5.
375 937 478 994 llic
520 938 752 995 fortasse
802 941 1004 998 dixerit
1047 942 1315 1012 quispiam
1357 958 1371 995 :
1433 939 1571 1007 Quid
1614 951 1745 1009 ergo
1775 937 1841 991 de
1880 935 1966 1029 his
2017 951 2135 1006 quae
2169 939 2323 994 vobis
2367 951 2623 1011 superant
2662 944 3011 1012 facitis?Qui
3035 948 3305 1004 mordenti
3350 948 3455 1007 hoc

190 1037 400 1106 quaerit
422 1037 625 1101 animo,
658 1039 950 1096 andiatsui
989 1056 1047 1097 se
1067 1040 1246 1112 potius
1298 1040 1533 1103 trabem,
1580 1048 1745 1105 quam
1780 1033 1945 1088 alieni
1994 1034 2135 1089 oculi
2184 1051 2374 1092 curare
2412 1039 2611 1095 debere
2636 1041 2917 1098 festucam.
2945 1042 3046 1109 Qui
3069 1054 3249 1099 autem
3278 1046 3453 1102 amica

192 1133 307 1188 hoc
337 1134 526 1189 dicunt
550 1135 847 1199 voluntate,
882 1136 1138 1191 noverint
1169 1135 1450 1189 abundare
1495 1139 1714 1190 sanctos
1747 1132 1894 1188 viros
1927 1127 2010 1183 vel
2032 1133 2498 1201 congregationes,
2553 1150 2781 1205 quorum
2822 1138 3015 1207 inopiae
3059 1138 3228 1194 multo
3276 1143 3451 1212 magis

189 1243 366 1298 quam
404 1231 745 1286 saecularium
767 1232 1001 1302 compati
1023 1231 1340 1296 debeamus,
1367 1229 1666 1286 secundum
1689 1226 1818 1282 illud
1852 1225 2091 1295 Apostoli
2124 1242 2139 1280 :
2166 1225 2454 1297 Opercmur
2478 1230 2665 1286 bonum
2695 1232 2764 1286 ad
2798 1249 2992 1302 omnes,
3033 1235 3258 1290 maxime
3282 1248 3456 1291 autent

191 1322 267 1374 ad
290 1321 602 1378 dentesticos
626 1325 751 1391 ﬁdei
772 1324 973 1380 fGalat.
1001 1325 1099 1397 Ἣ)-
1544 1389 1769 1450 comm;

1874 1388 2112 1445 'ARIUS.

187 1521 547 1579 sublimiores
586 1532 735 1590 sunt,
767 1534 822 1581 et
850 1527 916 1581 ad
946 1527 1236 1584 voluntatis
1279 1527 1478 1583 Christi
1525 1524 1767 1596 proposi-
1796 1533 1841 1581 Α
1867 1532 2064 1576 nostrae
2102 1524 2452 1593 professionis
2493 1527 2673 1580 munia
2701 1569 2717 1594 ,
2753 1530 2960 1583 obicem
3003 1514 3263 1609 ponamus
3300 1533 3453 1588 ordi-

189 1620 311 1667 tnm
369 1622 426 1669 et
475 1618 876 1673 exsecutionem
914 1617 1125 1675 facilius
1158 1630 1214 1675 et
1240 1619 1512 1695 efﬁcacius
1558 1618 1777 1687 capien-

188 1710 327 1763 dum
383 1719 545 1780 atque
599 1714 652 1767 in
689 1716 963 1785 synopsim
1010 1718 1172 1772 veluti
1216 1706 1562 1788 redigendum
1603 1718 1774 1788 magis

180 1799 531 1864 conducunt,
558 1818 624 1857 eo
648 1804 816 1873 pluris
839 1806 1074 1861 laborem
1105 1816 1160 1863 et
1179 1809 1593 1877 applicationem
1621 1810 1775 1864 istius

182 1889 424 1948 latentis
449 1903 505 1948 et
532 1896 600 1949 ab
625 1896 930 1955 hominibus
956 1901 1187 1969 separati
1210 1903 1611 1957 concionatoris
1630 1903 1775 1956 aesti-

180 1981 460 2035 mandum
512 1998 631 2038 esse
680 2000 838 2041 nemo
888 1996 990 2063 est,
1044 1989 1136 2058 qui
1190 1989 1400 2043 inficias
1437 2000 1545 2045 eat.
1603 1990 1773 2046 Porro

187 2073 460 2127 omnibus
508 2077 849 2145 perspicuum
878 2086 963 2133 est
978 2070 1421 2148 praedicationem
1453 2097 1572 2150 qum
1595 2082 1655 2136 fit
1681 2098 1774 2151 per

186 2161 471 2231 exempla,
523 2163 679 2234 longe
713 2165 1021 2235 praecellere
1048 2167 1140 2223 illa
1188 2183 1306 2238 quae
1339 2168 1397 2224 fit
1438 2177 1646 2225 tantum
1677 2186 1773 2240 per

188 2251 393 2304 verba.

260 2338 369 2393 His
393 2355 524 2411 ergo
551 2357 618 2396 ex
644 2344 884 2400 omnium
915 2347 1258 2403 cordatorum
1305 2363 1570 2405 consensu
1594 2360 1646 2405 et
1678 2366 1773 2406 ne-

178 2428 347 2483 mine
379 2430 716 2499 discrepante
741 2434 993 2490 admissis
1027 2446 1081 2491 et
1118 2439 1326 2507 positis,
1360 2439 1514 2494 facile
1540 2450 1624 2496 est
1648 2457 1771 2510 pro-

188 2520 329 2574 bare
355 2520 506 2588 cujus
530 2524 774 2580 utilitatis
796 2526 868 2580 sit
891 2527 942 2580 in
970 2528 1203 2583 Ecclesia
1229 2530 1320 2585 Dei
1350 2529 1520 2586 bonus
1536 2531 1769 2587 Cartbu~

187 2610 407 2677 sianus,
432 2620 487 2666 et
509 2616 746 2671 studium
778 2618 921 2674 illius
952 2634 1111 2689 posse
1137 2637 1260 2676 cum
1283 2624 1463 2679 studio
1507 2626 1770 2682 celebrio-

180 2715 313 2755 -rum
347 2704 784 2761 concionatorum
812 2710 1002 2764 merito
1023 2713 1343 2779 comparari.

260 2793 326 2846 Si
367 2793 510 2848 intra
541 2796 833 2852 claustrum
870 2801 1071 2855 residet
1099 2812 1155 2856 et
1182 2803 1233 2855 in
1272 2803 1408 2857 cella
1445 2803 1599 2869 latet,
1628 2804 1681 2859 id
1709 2805 1768 2859 fit

180 2886 256 2939 ad
273 2891 1022 2960 contponeudamipretiosam
1046 2895 1359 2950 concionem
1386 2897 1639 2966 exempli,
1663 2912 1769 2951 non

189 2991 315 3045 quze
356 2993 453 3046 per
482 2979 669 3033 horam
697 2990 900 3037 tantum
947 2984 1122 3052 duret,
1150 2993 1309 3055 prout
1338 2987 1497 3042 durat
1522 3003 1768 3043 commu-

192 3069 346 3124 niter
370 3071 684 3140 praedicatio
713 3088 809 3142 per
836 3076 1025 3141 verba,
1050 3078 1144 3132 sed
1187 3094 1306 3147 quae
1330 3095 1426 3148 per
1465 3080 1583 3135 dies
1635 3080 1772 3134 inte-

157 3149 346 3228 ἐι-οε,
384 3178 482 3232 per
518 3180 746 3231 menses,
779 3181 876 3237 per
904 3182 1094 3236 annos,
1141 3170 1250 3225 imo
1288 3187 1384 3241 per
1428 3182 1597 3227 totum
1648 3173 1773 3226 vita:

176 3253 551 3322 curriculum,
576 3257 719 3312 illam
758 3262 1134 3330 componentis
1162 3271 1216 3316 et
1245 3266 1614 3332 praedicandis,
1651 3281 1771 3335 per-

191 3343 378 3399 duret.

260 3433 496 3491 Materia
543 3437 683 3492 illius
744 3441 1019 3497 concionis
1063 3450 1147 3498 est
1183 3444 1424 3498 omnium
1477 3446 1766 3500 veritatum

188 3525 632 3584 Christianarum
667 3531 819 3600 quasi
856 3535 1124 3603 synupsis,
1176 3546 1228 3590 et
1282 3537 1422 3592 inter
1473 3539 1770 3608 praecipuas

182 3622 469 3687 practicas
506 3623 677 3691 prima
711 3640 725 3676 :
773 3640 895 3678 nam
926 3626 991 3680 de
1021 3627 1254 3694 perfecta
1297 3630 1385 3707 sui.
1416 3631 1769 3701 abnegatione

192 3710 262 3764 ibi
292 3712 498 3782 agitur,
524 3725 578 3768 et
602 3716 669 3769 ad
693 3730 812 3771 eam
842 3716 1092 3772 omnibus
1125 3719 1468 3783 Christianis,
1502 3738 1598 3792 per
1624 3724 1769 3778 illam

182 3804 432 3872 exempli
476 3806 814 3872 concionem,
868 3808 952 3861 via
997 3819 1222 3879 paratur
1259 3821 1312 3867 et
1337 3812 1547 3868 facilior
1586 3816 1769 3870 reddi-

189 3901 301 3946 tur.
336 3893 605 3962 Operibus
624 3896 768 3949 enim
791 3898 1012 3952 exhibet
1046 3899 1181 3952 nihil
1214 3914 1335 3955 esse
1369 3901 1513 3955 inter
1548 3918 1636 3957 res
1672 3904 1769 3957 hu-

186 3999 409 4048 manas,
457 3986 619 4041 etiam
669 3987 786 4044 illas
832 4005 1059 4058 quarum
1109 3991 1353 4047 homines
1404 3994 1631 4049 credunt
1678 3996 1768 4050 vix

187 4090 441 4147 unquam,
486 4079 837 4147 privationem
868 4082 994 4137 ferri
1027 4098 1203 4151 posse,
1242 4085 1386 4156 quod
1438 4100 1543 4140 non
1597 4088 1769 4156 possit

1877 1614 2081 1667 nationi
2112 1615 2326 1679 divinae,
2350 1630 2469 1683 quae
2497 1628 2741 1671 nostrum
2769 1619 3069 1674 institutum
3095 1622 3239 1676 nasci
3264 1624 3452 1689 voluit,

1877 1717 1942 1756 eo
1969 1704 2266 1773 proposito,
2300 1715 2359 1759 ut
2384 1707 2494 1760 vita
2540 1718 2727 1763 nostra
2770 1725 2798 1763 a
2833 1710 3033 1765 mundo
3061 1722 3308 1780 separata
3337 1723 3391 1769 et
3422 1732 3454 1771 ιι

1877 1792 2038 1847 rebus
2066 1794 2318 1848 humanis
2342 1795 2614 1851 abstracta
2661 1809 2805 1852 esset
2839 1798 3152 1868 prmdicatio
3173 1802 3449 1868 continua,

1876 1897 1993 1952 quae
2019 1884 2262 1953 homines
2287 1884 2652 1940 indesinenter
2669 1890 2925 1943 continuo
2950 1890 3201 1958 exemplo
3219 1890 3454 1945 instrue-

1875 1983 1958 2028 ret
1990 1976 2055 2028 de
2080 1977 2403 2031 necessitate
2444 1977 2743 2048 abnegandi
2768 1979 3028 2047 seipsnm,
3056 1990 3109 2032 et
3129 1981 3368 2037 suaviter
3385 1982 3456 2036 ad

1875 2052 2411 2134 illius‘abnegationis
2459 2067 2689 2134 praxim'
2710 2066 2972 2122 alliceret.
3006 2068 3111 2122 Sed
3135 2068 3179 2121 si
3209 2077 3319 2123 turn
3350 2083 3449 2123 no-

1877 2163 1988 2208 stra
2020 2157 2241 2225 propria
2267 2156 2439 2222 salus,
2469 2167 2581 2212 tum
2638 2158 2843 2214 utilitas
2889 2159 3096 2215 ordinis
3124 2159 3175 2213 in
3207 2159 3450 2216 Ecclesia

1875 2243 1989 2310 Dei,
2022 2244 2073 2297 in
2115 2245 2479 2314 abnegatione
2518 2246 2601 2301 sui
2650 2247 2813 2316 ipsius
2852 2248 2962 2301 sint
3008 2247 3262 2312 fundatae,
3286 2248 3452 2303 altera

1874 2336 2091 2404 peribit,
2116 2346 2171 2392 et
2194 2337 2363 2392 altera
2394 2338 2461 2392 ad
2511 2339 2739 2393 nihilum
2793 2338 3010 2405 valebit,
3049 2341 3146 2396 sia
3179 2340 3370 2411 spiritu
3398 2349 3455 2395 et

1873 2425 2025 2494 praxi
2055 2425 2209 2480 istius
2239 2427 2492 2498 pretiosae
2523 2426 2891 2498 abnegationis
2924 2427 3273 2486 declinemus.

1946 2515 2038 2570 llis
2074 2517 2285 2571 tandem
2315 2519 2500 2587 paucis
2526 2520 2702 2574 verbis
2749 2536 2863 2575 rem
2909 2520 3064 2573 istam
3104 2520 3433 2591 perstringo.

1873 2605 2038 2683 Valde
2073 2607 2217 2662 utilis
2253 2617 2336 2663 est
2378 2609 2645 2665 Ecclesiae
2690 2612 2782 2666 Dei
2824 2612 2997 2665 bonus
3028 2610 3450 2679 Carthusianus,

1871 2698 1959 2766 qui
1997 2698 2147 2768 praxi
2193 2713 2333 2754 verae
2363 2699 2735 2771 abnegationis
2770 2701 2854 2756 sui
2883 2702 3050 2771 ipsius
3072 2703 3310 2757 studiose
3347 2717 3441 2756 ra-

1869 2796 1981 2865 cat,
2010 2796 2066 2841 et
2092 2789 2237 2842 illam
2267 2789 2385 2844 aliis
2410 2806 2504 2861 per
2532 2790 2836 2860 exemplum
2865 2792 3176 2856 annuntiat;
3212 2794 3436 2848 modica:

1866 2879 2126 2941 utilitatis
2150 2890 2263 2945 est,
2289 2882 2380 2950 qui
2407 2882 2461 2936 in
2499 2882 2600 2937 hac
2626 2882 3014 2938 exercitatione
3048 2884 3268 2953 remisse
3291 2884 3433 2954 agit:

1874 2979 1969 3034 sed
2013 2979 2213 3034 nullius
2260 2980 2506 3035 utilitatis
2540 2981 2688 3034 illum
2736 2996 2856 3037 esse
2882 2982 3208 3050 pronuntio,
3246 2983 3337 3052 qui
3387 2983 3441 3038 in

1872 3071 1977 3124 hac
2023 3072 2415 3127 exercitatione
2444 3088 2666 3142 prorsus
2695 3074 2999 3129 desidiosus
3031 3086 3146 3141 εει,
3178 3074 3304 3145 quia
3350 3089 3450 3130 nec

1872 3159 1980 3213 Deo
2005 3168 2209 3229 gratus,
2244 3175 2343 3214 nec
2371 3159 2491 3214 aliis
2518 3160 2663 3215 utilis
2688 3175 2808 3216 esse
2830 3169 3025 3231 potest,
3058 3176 3182 3231 cum
3212 3160 3311 3217 nec
3336 3164 3441 3219 sibi

1871 3251 2018 3305 utilis
2043 3251 2133 3305 sit.
2170 3240 2425 3305 Attamen
2458 3252 2561 3306 etsi
2604 3254 2850 3324 corporis
2891 3253 3096 3308 ordinis
3141 3255 3443 3311 membrum

1869 3342 1943 3396 sit
1981 3341 2280 3397 desidiosus
2332 3342 2421 3398 ille
2449 3351 2504 3397 et
2530 3344 2734 3399 inutilis
2762 3334 3085 3419 monachus,
3135 3364 3240 3404 non
3274 3349 3448 3420 impc-
3543 3365 3547 3368 '

1870 3434 1950 3487 dit
1995 3432 2282 3502 quominus
2323 3435 2656 3502 pr0positum
2707 3434 2801 3489 Dei
2848 3435 2902 3489 in
2938 3438 3185 3513 corporis
3231 3441 3443 3495 ordinis

1803 3541 1823 3557 κ
1871 3523 2203 3577 institutione
2227 3522 2476 3578 effectum
2502 3538 2656 3578 suum
2681 3525 2898 3590 habent,
2923 3541 3047 3605 nam
3067 3529 3168 3582 etsi
3194 3530 3438 3595 membra

1870 3615 2111 3683 quaedam
2140 3615 2334 3669 debilia
2380 3614 2513 3670 ordo
2543 3614 2876 3669 habeat'aut
2905 3628 3007 3671 non
3048 3632 3204 3683 sana,
3241 3634 3437 3689 corpus

1871 3703 2014 3758 illius
2043 3703 2392 3759 nihilominus
2408 3704 2539 3757 vivit
2563 3718 2627 3758 ac
2650 3703 2812 3773 viget,
2838 3712 2894 3758 et
2917 3707 3278 3761 communitas
3306 3708 3442 3761 Car-

1875 3794 2119 3848 thusiana
2161 3794 2414 3848 Ecclesiae
2460 3802 2515 3847 et
2568 3794 2739 3849 oculis
2786 3795 3064 3849 hominum
3105 3807 3333 3866 apparet
3384 3808 3445 3852 ut

1870 3901 2084 3956 corpus,
2123 3902 2228 3940 non
2261 3896 2319 3942 ιιι
2351 3887 2678 3940 membrum.

1882 3969 1903 3977 ’
1940 3956 2097 4031 Num:
2124 3977 2177 4030 4.
2209 3977 2351 4048 Ergo
2394 3994 2486 4048 ego
2528 3977 2705 4029 relicta
2735 3976 2865 4030 cella
2894 3992 3041 4044 mea,
3075 3987 3204 4042 etc.,
3231 3989 3443 4049 propter

1870 4068 2211 4137 paltouarios.
2228 4071 2461 4127 Verbum
2490 4068 2629 4127 istud
2652 4056 2936 4141 pallona'rii
2957 4070 3314 4143 quorumdam
3332 4073 3447 4126 ani-

186 4182 475 4237 generosa:
502 4171 841 4243 abnegationi
875 4189 1093 4243 propter
1126 4175 1598 4246 Deumsnsceptte
1637 4195 1766 4234 con-
1794 4194 1840 4257 ρ
1873 4175 1988 4215 “‘05
2028 4176 2133 4215 “0"
2175 4162 2383 4257 "'Odlce
2412 4163 2864 4257 άίδθῗυεωῖίίξιδ
2911 4163 3283 4257 άθξθόωηίιξηῖ
3311 4166 3442 4257 Ψ¹μίξ¹

188 4259 611 4337 iugariasicque
636 4262 849 4317 fortiter
873 4275 929 4319 et
948 4267 1189 4321 suaviter
1213 4268 1403 4323 suadet
1443 4269 1565 4323 talis
1590 4285 1767 4325 sermo

186 4351 449 4421 exempli,
480 4354 892 4410 renuntiandum
932 4371 1052 4413 esse
1098 4359 1504 4430 quibuscumque
1531 4363 1689 4418 rebus
1712 4371 1769 4419 et

175 4441 447 4510 seipsnm,
468 4444 707 4512 perfecte
733 4447 1127 4518 abnegandum,
1162 4454 1230 4506 ad
1252 4451 1526 4508 Christum
1570 4454 1769 4524 ubique

188 4533 557 4600 sequendum.

264 4619 443 4676 Porro
489 4621 608 4677 talis
646 4623 833 4678 concio
882 4634 960 4679 tot
988 4625 1148 4681 habet
1176 4629 1411 4685 rationes
1445 4631 1511 4686 ad
1538 4622 1769 4701 persua-

195 4704 438 4768 dendum
486 4713 794 4771 hominibus
845 4718 1080 4772 studium
1126 4720 1411 4774 obediendi
1469 4722 1684 4779 Christo
1710 4732 1769 4778 et

198 4804 468 4874 sequendi
509 4805 683 4879 illum,
721 4809 1034 4877 abnegando
1084 4809 1343 4879 seipsnm,
1397 4821 1526 4881 quot
1554 4814 1769 4870 concio-

198 4905 360 4950 nator
382 4904 536 4953 actus
561 4912 672 4952 suae
701 4898 1050 4967 professionis
1076 4901 1208 4954 facit
1233 4917 1248 4966 ;
1273 4915 1370 4969 per
1403 4918 1541 4971 quos
1593 4905 1770 4959 omni-

194 4983 302 5039 bus
319 4986 630 5042 hominibus
653 4988 985 5044 demonstrat
1010 4991 1191 5045 omnia
1221 5006 1341 5047 esse
1372 4992 1659 5064 possibilia:
1684 4994 1768 5049 his

197 5079 289 5145 qui
315 5077 519 5134 Christi
548 5094 732 5135 vocem
780 5082 968 5136 audire
995 5081 1199 5149 volunt,
1231 5093 1285 5137 et
1312 5084 1458 5138 illum
1486 5085 1659 5155 sequi.

264 5158 425 5224 Absit
445 5178 626 5226 autem
655 5186 686 5225 a
708 5187 816 5237 me,
848 5173 1006 5228 amici
1038 5183 1093 5229 et
1117 5173 1314 5229 fratres
1347 5175 1398 5230 in
1426 5175 1644 5233 Christo
1682 5176 1767 5232 di-

194 5258 505 5327 lectissimi,
544 5269 602 5315 ut
631 5261 755 5316 inde
787 5263 854 5316 ad
892 5262 1127 5332 aliquam
1155 5265 1319 5319 veStri
1347 5264 1540 5321 bonam
1556 5267 1769 5336 opinio-

197 5362 321 5408 nem
358 5352 522 5407 velim
565 5369 662 5408 vos
696 5370 1009 5425 provocare,
1048 5356 1145 5411 sed
1192 5358 1244 5412 id
1276 5366 1511 5413 tantum
1536 5359 1768 5415 dicimus

197 5453 259 5499 ut
279 5446 695 5502 convenientem
723 5449 788 5504 de
816 5457 1003 5504 nostro
1036 5450 1284 5506 instituto
1333 5453 1640 5520 opinionem
1673 5456 1768 5510 ha-

1874 4252 1975 4307 sibi
2004 4254 2163 4308 vellet
2184 4268 2279 4324 per
2305 4252 2407 4309 hoc
2433 4254 2653 4308 verbum
2687 4254 2750 4308 Β.
2778 4252 2938 4308 Pater
2965 4252 3157 4324 Guigo.
3182 4253 3285 4308 Sed
3321 4234 3444 4308 ialia

1872 4345 2033 4399 verba
2063 4347 2241 4415 potius
2274 4354 2616 4416 temporanea
2660 4355 2790 4400 sunt
2817 4361 2978 4415 quam
3021 4343 3213 4397 Latina
3241 4360 3255 4397 :
3299 4353 3353 4398 et
3377 4360 3444 4398 ex

1870 4437 2187 4507 COgnomine
2215 4447 2363 4492 certo
2409 4439 2685 4492 hominum
2735 4437 2919 4507 generi
2969 4449 3135 4507 vago,
3169 4435 3343 4490 otioso
3372 4437 3445 4490 si-

1870 4529 2008 4594 mul,
2052 4538 2107 4583 et
2142 4530 2278 4584 forte
2320 4530 2421 4584 sub
2464 4530 2641 4599 aliquo
2678 4528 2891 4599 pictatis
2926 4537 3187 4597 prmtcxtu
3233 4530 3441 4582 mendi-

1870 4619 2013 4671 canti
2049 4618 2298 4687 imposito
2340 4629 2516 4673 ortum
2566 4619 2782 4684 habuit,
2812 4634 2879 4673 ex
2929 4620 3134 4689 Vulgari
3178 4619 3433 4673 idiomat:

1873 4705 2130 4774 temporis
2163 4706 2303 4760 illius
2344 4707 2573 4775 primum
2606 4716 2912 4776 assumpto,
2944 4714 2998 4760 et
3032 4712 3214 4783 postea
3250 4705 3443 4762 Latine

1869 4811 2142 4866 expresso.
2174 4797 2423 4866 Ejusdem
2453 4806 2598 4853 certe
2625 4786 2828 4865 speciei
2852 4810 2971 4851 esse
2998 4795 3323 4851 credendum
3354 4806 3441 4853 cst

1870 4902 1991 4942 cum
2023 4888 2186 4942 verbo
2223 4874 2523 4958 Hugonoti,
2574 4902 2680 4957 quo
2725 4887 2777 4941 in
2812 4886 2982 4942 Gallia
3018 4885 3328 4941 Calvinisue
3357 4886 3471 4951 in-.

1868 4979 2181 5049 digitantur.

1941 5094 2157 5151 Habent
2205 5096 2295 5150 hic
2333 5097 2459 5151 boni
2517 5095 2770 5151 officiales
2810 5094 3149 5153 Carthusiani
3191 5094 3319 5166 quid
3358 5111 3441 5152 rc-

1871 5186 2171 5254 spondeant
2190 5186 2510 5256 importunis
2533 5196 2588 5240 et
2612 5186 2918 5243 indiscretis
2946 5186 3314 5254 smeularibus,
3341 5188 3438 5258 qui

1868 5277 2149 5332 crederent
2169 5279 2349 5332 omnia
2386 5279 2595 5347 negotia
2625 5279 2693 5332 ab
2723 5279 2851 5348 ipsis
2875 5293 2993 5334 esse
3015 5280 3332 5344 deserenda,
3373 5288 3432 5335 ut

1869 5367 2151 5437 colloquiis
2179 5368 2465 5439 superfluis
2494 5384 2681 5425 secum
2704 5380 2979 5439 vacarent,
3006 5387 3224 5428 mensas
3248 5372 3349 5427 sibi
3379 5372 3433 5425 in

1869 5459 2116 5517 domibus
2146 5462 2345 5517 nostris
2372 5477 2586 5532 semper
2607 5463 2803 5518 debere
2831 5464 3037 5528 offerri,
3074 5476 3129 5520 et
3155 5462 3438 5519 saecularia

172 5533 443 5601 .beamus,
466 5537 617 5602 illud,
644 5548 703 5592 ut
727 5553 826 5608 par
848 5549 952 5604 est,
980 5540 1309 5596 aestimemus
1332 5552 1388 5596 et
1415 5544 1762 5610 bonoremus,
1799 5545 1844 5600 D
1871 5550 2043 5621 ofﬁcia
2079 5553 2247 5607 reddi.
2294 5553 2377 5606 An
2416 5565 2623 5624 propter
2662 5556 3020 5625 suscipiendos
3056 5553 3441 5623 ponendasque

195 5635 253 5682 et
302 5628 429 5685 inde
465 5629 630 5684 etiam
683 5641 930 5686 sanctum
987 5632 1237 5687 timorem
1286 5636 1653 5704 concipiamus
1699 5656 1767 5695 ne

196 5732 263 5774 ex
288 5729 473 5777 nostra
511 5723 666 5794 culpa
711 5723 793 5778 vel
826 5723 1144 5779 infidelitate
1192 5726 1259 5781 ad
1309 5727 1447 5785 bene
1494 5731 1761 5802 implenda

1873 5645 2172 5711 simulares,
2202 5644 2276 5700 ait
2302 5645 2367 5699 Β.
2397 5645 2457 5699 Ρ.
2481 5645 2683 5717 Guigo,
2717 5646 2910 5716 eﬂiciar
2935 5645 3206 5700 mcularis
3226 5643 3253 5697 .’

1941 5737 2101 5793 Num.
2126 5736 2185 5793 5.’
2221 5738 2361 5806 Quid
2389 5754 2509 5809 ergo
2536 5740 2600 5794 dc
2631 5731 2854 5808 his'qme
2874 5738 3011 5793 vobis
3028 5744 3273 5807 «cperant
3304 5734 3441 5806 facit
