3992 6404
1469 234 1488 262 ι

564 339 668 396 6'0

1399 332 1722 392 GUIGONIS
1755 331 1776 388 Ι
1814 330 2230 389 CARTHUSUE
2272 331 2558 390 MAJOftlS
2597 333 2870 392 PRIORIS
2905 337 2968 392 V‘
3711 344 3799 400 630

639 457 694 509 6.
729 455 870 509 Sunt
903 453 1064 509 etiam
1097 453 1188 508 hic
1217 450 1360 504 villa:
1403 449 1685 519 proximae,
1736 447 1878 502 notis
1922 446 2078 501 nobis
2117 447 2290 516 plena:
2339 450 2684 517 pauperibus,
2735 465 2842 518 quo
2879 451 3084 520 portari
3137 451 3504 522 distribuique
3555 455 3737 522 possit,
3763 459 3800 510 si

561 546 692 617 quid
731 545 888 600 nobis
909 544 1176 615 reliquum
1209 541 1392 596 fuerit.
1425 539 1538 594 Hoc
1569 538 1716 592 enim
1749 537 1944 591 melius
1981 537 2290 605 rectiusque
2337 547 2616 606 putamus.
2662 547 2722 591 ιιι
2759 539 2802 594 si
2843 541 2970 608 quid
3029 539 3334 610 plusculum
3387 543 3802 602 distribuendum

565 647 678 704 est,
734 637 862 692 illuc
901 637 1073 708 magis
1095 634 1354 706 quidquid
1389 639 1474 686 est
1499 631 1836 699 deportetur,
1864 644 2026 698 quam
2059 628 2184 684 inde
2215 629 2319 684 huc
2351 629 2638 684 multitudo
2673 641 2918 686 vocetur.

637 729 690 784 7.
717 728 920 782 Verum
945 726 1036 794 qui
1065 723 1255 784 domus
1287 719 1448 789 hujus
1474 735 1740 790 expensas
1767 718 2004 784 noverit,
2027 732 2132 772 non
2159 718 2226 774 de
2263 716 2548 788 superﬂais
2573 729 2780 787 quaeret
2813 721 2945 790 quid
2978 722 3261 790 faciamus,
3285 725 3381 780 sed
3411 726 3599 797 potius
3621 737 3798 800 stupe-

564 821 645 876 bit
673 832 840 888 quare
874 831 981 870 non
1004 827 1278 884 egeamus.

637 913 690 968 8.
725 909 865 971 Haec,
909 907 1107 960 fratres
1139 901 1498 966 dilectissimi,
1526 901 1571 958 si
1602 899 1866 972 prolixius
1895 899 2036 954 forte
2065 913 2226 969 quam
2252 900 2433 956 decuit
2471 904 2748 970 prosecuti
2799 903 3190 977 loquaciusqne
3233 924 3442 976 sumus,
3489 912 3736 980 patimini
3759 925 3804 970 et

569 999 846 1068 indulgete
879 994 1052 1052 nobis.

1901 1051 2478 1156 COMMENTARIUS.

567 1253 675 1306 tis?
721 1247 1040 1304 Doctissime
1069 1242 1230 1298 simul
1265 1247 1320 1294 et
1352 1238 1644 1293 fortissime
1685 1237 1771 1292 hic
1802 1236 1954 1292 diluit
1989 1252 2147 1306 argu-
2177 1241 2219 1295 A
2251 1245 2455 1293 tantum
2503 1243 2769 1310 possunt?
2798 1244 2938 1310 Quot
2985 1244 3142 1300 boum
3176 1247 3374 1300 aratris
3407 1247 3476 1302 ad
3529 1250 3802 1318 pros-idene

562 1349 743 1396 menta
776 1337 1170 1400 mordentium,
1219 1331 1310 1402 qui
1353 1331 1551 1385 nodum
1597 1345 1811 1397 semper
1859 1329 1910 1382 in
1957 1329 2134 1397 scirpo

560 1441 888 1503 quaerentes,
924 1431 1024 1483 hoc
1051 1440 1190 1494 saepe
1215 1431 1420 1476 unitum
1455 1421 1652 1475 residui
1685 1422 1887 1476 habent
1924 1435 1990 1473 ex
2030 1419 2145 1474 suis

561 1523 814 1593 argutiis,
843 1521 984 1589 quod
1010 1518 1110 1571 sibi
1141 1529 1332 1568 nomen
1363 1513 1559 1566 malmn
1589 1511 1838 1574 fecerint,
1872 1519 1926 1565 et
1951 1511 2136 1580 proxi-

561 1629 680 1667 mos
726 1609 1226 1666 scamlalizaveriut.
1269 1604 1510 1672 Qualiter
1555 1614 1734 1658 autem
1787 1604 2033 1657 ordinem
2068 1602 2144 1657 si-

565 1703 674 1756 mul
703 1714 756 1756 et
791 1701 1129 1770 prudentiam
1175 1697 1226 1750 in
1256 1695 1520 1750 charitate
1562 1703 1780 1748 servare
1815 1693 2142 1756 debeamus,

559 1795 778 1864 egregie
802 1793 891 1846 hic
918 1789 1194 1860 exprimit.

634 1881 790 1938 Nunt.
825 1880 877 1934 6.
910 1877 1038 1934 Sum
1067 1877 1224 1930 etiam
1251 1875 1332 1927 hic
1371 1872 1502 1927 υίιιτε
1535 1871 1786 1942 prox-imre
1816 1870 1980 1940 pleme
2008 1888 2141 1940 pan-

555 1975 790 2046 peribus,
815 1984 943 2036 etc.,
968 1985 1122 2039 quam
1150 1968 1268 2020 inde
1290 1967 1390 2018 huc
1419 1963 1697 2017 multitudo
1725 1973 1948 2017 vocetur.
1981 1963 2138 2033 Opti-

563 2081 647 2119 n;a
675 2073 728 2119 et
767 2058 1253 2133 irreprehensibilis
1300 2057 1621 2125 propositio.
1669 2055 1762 2109 Sic
1802 2056 1946 2108 enim
1979 2070 2139 2124 agno.

559 2171 836 2212 sacremus
865 2171 932 2208 an
973 2152 1116 2206 veris
1155 2149 1480 2219 pauperibus
1527 2158 1712 2201 nostra
1745 2147 2032 2210 daremus;
2085 2147 2136 2200 in

563 2246 906 2300 multitudine
935 2257 1064 2295 vero
1091 2241 1176 2295 illa
1219 2255 1316 2309 per
1347 2239 1718 2308 elecmosynas
1755 2239 1822 2290 ad
1845 2253 1944 2291 nos
1966 2249 2136 2290 attra-

559 2345 672 2400 cta',
702 2336 822 2405 quis
847 2348 1004 2387 verus
1040 2347 1240 2401 pauper
1270 2331 1341 2384 sit
1377 2331 1667 2384 nescimus.
1717 2327 1974 2382 Mittendo
2009 2328 2140 2383 resi-

561 2430 723 2484 duum
765 2427 1078 2485 facultatum
1127 2432 1432 2478 uestrarum
1470 2425 1535 2475 ad
1573 2423 1762 2476 donius
1805 2436 2134 2490 pauperum,

561 2534 802 2576 eremum
829 2528 1063 2572 nostram
1091 2526 1140 2569 et
1170 2514 1510 2568 solitudinem
1543 2531 1570 2566 a
1615 2523 1693 2566 tot
1736 2513 2135 2566 advenientium

2245 1325 2370 1380 dum
2403 1328 2469 1384 de
2515 1329 2598 1382 his
2639 1345 2760 1398 qua:
2792 1341 2866 1386 tot
2909 1333 3184 1388 hominum
3218 1338 3644 1393 necessitatibus
3681 1340 3806 1394 suni-

2243 1415 2419 1470 ciant?
2465 1417 2625 1472 Certe
2667 1421 2940 1490 octoginta
2993 1423 3139 1478 mille
3192 1425 3343 1478 libris
3393 1426 3564 1480 annui
3621 1428 3804 1484 reditus

2243 1523 2380 1577 Opus
2433 1525 2552 1565 esse
2597 1525 2756 1565 nemo
2803 1513 3062 1568 cordatus
3105 1515 3156 1567 id
3203 1515 3429 1569 audiens
3487 1517 3672 1571 statim
3715 1533 3804 1572 non

2242 1601 2513 1666 censebit,
2545 1602 2610 1655 ad
2660 1612 2768 1656 tam
2811 1605 3048 1672 amplam
3079 1605 3340 1658 familiam
3369 1608 3806 1674 sustentandam,

2243 1698 2303 1744 ιιι
2327 1691 2696 1762 unusquisque
2720 1695 2988 1749 modicum
3011 1696 3139 1764 quid
3176 1697 3428 1766 accipiat.
3465 1696 3578 1752 Sed
3611 1699 3808 1752 verissi-

2241 1797 2389 1835 mum
2417 1797 2537 1837 esse
2565 1793 2834 1853 proteStor
2863 1801 3052 1840 omnes
3081 1786 3290 1842 reditas
3340 1788 3480 1843 fixos
3521 1789 3810 1844 Carthasim

2241 1875 2333 1928 vix
2358 1876 2568 1930 tertiam
2595 1885 2800 1946 partem
2824 1893 3050 1933 summa:
3079 1877 3234 1934 istius
3261 1894 3549 1950 superare,
3582 1883 3808 1938 casuales

2241 1983 2370 2022 vero
2399 1983 2464 2022 cx
2501 1970 2810 2024 venditione
2855 1969 3154 2040 lignorum,
3199 1973 3540 2026 nutrimento
3571 1989 3807 2041 pecorum

2241 2067 2294 2113 et
2326 2059 2592 2113 similibus
2631 2060 2698 2130 (si
2738 2060 2980 2116 oliicinas
3007 2061 3266 2115 ferrarias
3307 2077 3480 2133 llllpel'
3527 2063 3809 2118 adiﬁcatas

2240 2150 2308 2204 ad
2336 2150 2478 2220 ligna
2523 2151 2664 2204 inter
2711 2167 2872 2221 rupes
2903 2154 3187 2222 pereuntia
3215 2153 3418 2208 utiliter
3449 2155 3806 2210 consumenda

2239 2241 2499 2310 excipias)
2544 2242 2630 2295 vix
2692 2243 2758 2295 ad
2798 2257 2893 2296 sex
2936 2243 3080 2298 mille
3131 2243 3297 2298 libras
3337 2245 3670 2300 ascendere.
3701 2245 3806 2310 Quis

2241 2331 2354 2386 haec
2376 2333 2649 2406 audiendo
2678 2347 2782 2386 non
2815 2334 3199 2403 obstupescat?
3227 2335 3340 2390 Soli
3365 2350 3504 2405 ergo
3533 2334 3804 2405 providea-

2244 2423 2328 2474 tize
2357 2423 2579 2487 divinae,
2621 2438 2710 2476 res
2739 2433 2953 2478 nostras
2985 2425 3084 2478 sub
3122 2425 3364 2480 honesta:
3391 2427 3742 2495 parcimoniaz
3761 2435 3808 2478 et

2242 2513 2558 2567 (Βροιιοιιιίω
2610 2513 2810 2581 regulis
2843 2515 3150 2583 disponenti
3201 2525 3256 2570 et
3309 2517 3610 2586 dirigenti,
3657 2505 3808 2585 impa-

556 2599 840 2668 huniiuam
887 2623 1149 2662 concursu
1197 2608 1422 2660 liberam
1478 2605 1855 2668 redderemus,
1906 2605 2001 2659 sed
2049 2605 2138 2659 hic
2171 2600 2216 2660 Β
2245 2603 2406 2657 lauda
2434 2613 2519 2657 est
2559 2603 2908 2658 subsistentia
2950 2605 3142 2660 domus
3187 2606 3514 2660 Carthasim.
3557 2607 3630 2660 Et
3659 2607 3702 2661 si
3731 2607 3808 2660 alii

559 2703 765 2765 dando,
816 2700 1100 2755 multitudo
1139 2699 1203 2752 ad
1242 2712 1339 2752 nos
1385 2696 1642 2751 indirecte
1699 2705 1945 2749 vocatur.
1994 2695 2145 2750 Hanc

561 2793 699 2849 tanti
724 2793 822 2848 viri
853 2790 1275 2861 propositionem
1305 2788 1665 2844 libentissime
1696 2787 2141 2846 observaremus;

557 2886 639 2940 sic
663 2885 808 2940 enim
841 2887 955 2954 pios
977 2890 1033 2937 et
1070 2882 1326 2936 honestos
1363 2886 1570 2933 tantum
1600 2879 1873 2947 hospites,
1909 2877 1998 2946 qui
2047 2877 2144 2931 de-

557 2975 790 3030 votionis
820 2989 980 3029 causa
1010 2973 1076 3027 ad
1107 2986 1205 3026 nos
1233 2970 1514 3034 venirent,
1551 2969 1604 3022 in
1631 2968 1736 3022 hac
1774 2981 1958 3022 eremo
1987 2969 2141 3023 exci-

555 3081 830 3136 perennis,
857 3066 1153 3120 vicinormn
1188 3077 1506 3133 pauperum,
1539 3059 1738 3130 quibus
1765 3059 2138 3124 abundamus,

556 3155 784 3225 egestati
821 3156 1040 3210 uberius
1103 3153 1386 3208 consulere
1419 3165 1734 3221 possemus,
1783 3159 1837 3204 et
1877 3164 1906 3202 a
1936 3150 2146 3220 magnis

562 3249 707 3302 euris
733 3256 786 3301 et
814 3248 1084 3301 laboribus
1109 3244 1301 3300 domus
1327 3245 1432 3298 ista
1460 3243 1822 3307 liberaretur;
1849 3251 1905 3295 at
1937 3241 2142 3309 impas-

559 3340 714 3395 sibile
742 3339 1051 3408 estaliquid
1099 3337 1152 3392 in
1201 3338 1303 3390 hac
1348 3347 1501 3405 parte
1537 3351 1682 3390 nunc
1723 3343 1958 3408 mutare.
2005 3333 2140 3387 Rem

559 3431 820 3499 optimam
869 3406 1130 3483 habemus
1176 3427 1230 3480 in
1278 3427 1549 3482 desiderio
1589 3436 1644 3480 et
1689 3406 1994 3488 volun'tate;
2049 3423 2142 3477 sed

563 3522 708 3577 illaut
733 3522 888 3591 plene
911 3522 1130 3588 exsequi
1163 3537 1266 3572 non
1291 3520 1530 3574 valemus
1561 3520 1612 3572 in
1639 3533 1822 3588 opere.
1851 3518 2142 3572 Tumultus
2183 3519 2190 3524 ⁷

561 3629 692 3668 vero
720 3614 821 3668 istc
853 3613 1122 3680 hospitum
1151 3591 1471 3666 claitstrafcs
1501 3621 1739 3674 nostros,
1770 3611 1884 3679 qui,
1921 3620 1978 3664 ut
2008 3611 2138 3670 dixi.

563 3717 765 3772 corpus
811 3701 1019 3757 ordinis
1045 3699 1308 3764 cilicium,
1341 3701 1392 3754 in
1421 3700 1568 3754 nullo
1594 3701 1762 3770 tangit
1803 3710 1897 3754 aut
1933 3701 2144 3768 inquie-

561 3802 678 3848 tat:
713 3793 964 3848 monachi
1005 3793 1148 3846 enim
1177 3793 1481 3846 Carthasim
1507 3807 1661 3862 :uquc
1697 3791 1879 3861 quiete
1909 3801 1962 3845 et
2008 3793 2138 3846 soli-

561 3885 698 3940 tarie
721 3885 775 3939 in
803 3886 1039 3940 claustro
1069 3885 1268 3955 degunt
1289 3925 1302 3950 ,
1333 3900 1395 3938 ac
1423 3885 1467 3939 si
1497 3884 1774 3939 rarissime
1805 3883 2042 3953 hospites
2073 3885 2138 3938 ad

559 3991 660 4030 nos
687 3977 950 4030 venirent.

633 4066 792 4120 Nam.
821 4068 875 4120 'l.
927 4064 1114 4120 Verum
1159 4067 1248 4129 qui
1278 4067 1463 4119 domus
1495 4067 1652 4135 hujus
1694 4082 1978 4136 expensas,
2027 4074 2136 4121 etc.

559 4159 744 4213 Facile
766 4158 1100 4212 adhibebant
1129 4158 1288 4211 fidem
1329 4160 1560 4214 lectores
1589 4160 1832 4229 piissimo
1862 4159 2136 4228 scriptori,

559 4249 692 4319 quia
721 4249 898 4304 sciant
939 4248 1282 4303 Carthasiam
1331 4259 1459 4304 tunc
1506 4251 1714 4318 amplas
1761 4252 2140 4320 possessiones

558 4355 668 4395 non
703 4341 972 4395 habuisse.
1007 4339 1159 4394 Nunc
1205 4355 1362 4404 vero,
1396 4341 1518 4408 quia
1551 4340 1618 4395 de
1658 4339 1869 4410 ninguis
1919 4356 2140 4411 posses-

559 4430 807 4486 sionibus
835 4439 890 4485 et
913 4431 1116 4485 divitiis
1136 4430 1426 4486 cmuulatis
1453 4430 1652 4501 ubique
1683 4433 1956 4498 audimus,
1985 4431 2140 4500 quasi

561 4523 899 4594 paradoxum
951 4523 1246 4588 videretur,
1293 4524 1337 4577 si
1391 4537 1488 4577 nos
1536 4525 1725 4578 eadem
1773 4523 1938 4578 verba
1987 4523 2142 4578 nobis

563 4598 980 4684 usurparemus.
1032 4614 1136 4668 Sed
1191 4629 1317 4669 vere
1357 4621 1413 4668 et
1471 4616 1672 4684 absque
1715 4613 1822 4668 ullo
1877 4613 2139 4668 mendacii

559 4707 757 4763 timore
780 4709 970 4764 eadem
1001 4705 1244 4777 proferre
1271 4723 1376 4761 non
1407 4706 1614 4770 dubito,
1645 4717 1700 4760 et
1724 4706 1874 4762 testis
1901 4715 1984 4760 est
2009 4706 2140 4760 mihi

557 4797 812 4855 Christus
847 4801 973 4871 quia
1002 4815 1108 4854 non
1145 4799 1398 4854 mentior.
1443 4799 1515 4854 Ut
1560 4809 1738 4852 autem
1769 4798 1952 4869 aliquo
1983 4798 2142 4853 modo

563 4887 650 4941 via
698 4889 1007 4944 credulitati
1057 4889 1110 4964 id
1161 4889 1454 4960 legentium
1489 4888 1780 4957 aperiatur,
1842 4888 1930 4942 hic
1973 4887 2141 4942 animi

565 4981 739 5048 gratia
770 4981 968 5050 aliquid
991 4983 1056 5037 de
1084 4982 1416 5052 quotidianis
1441 4983 1633 5035 domus
1659 4979 1818 5048 hujus
1841 4979 2143 5036 Carthasim

565 5071 822 5126 oneribus
849 5074 1112 5129 dicemus.

641 5161 906 5216 Ducentas
933 5163 1320 5234 quinquaginta
1359 5172 1418 5216 et
1459 5162 1597 5217 ultra
1645 5177 1908 5232 personas
1953 5162 2143 5216 domus

569 5250 868 5328 Carthasim
923 5255 1086 5309 habet
1133 5254 1373 5322 quotidie
1419 5254 1643 5310 alcndas
1677 5263 1734 5309 et
1775 5255 1842 5309 de
1893 5253 2142 5310 omnibus

567 5341 946 5413 providendas,
977 5342 1280 5412 hospitibus
1305 5345 1718 5400 advenientibus
1745 5361 1852 5399 non
1881 5358 2140 5398 numera-

571 5433 660 5497 tis,
691 5431 782 5502 qui
814 5448 920 5488 non
952 5447 1072 5487 raro
1102 5434 1514 5503 quinquaginta,
1545 5437 1851 5506 sexaginta,
1881 5437 1991 5490 imo
2022 5434 2137 5489 fere

567 5528 840 5598 octoginta
881 5527 1174 5598 aliquando
1225 5529 1276 5580 in
1312 5543 1439 5582 una‘
1465 5529 1552 5584 die
1597 5529 1902 5584 Carthasim
1945 5545 2143 5598 peruo-

569 5628 776 5673 ctantes
801 5633 906 5673 non
935 5615 1100 5674 semel
1145 5617 1410 5671 numerati
1459 5629 1603 5672 sunt.
1641 5619 1782 5685 Quot
1822 5621 1978 5674 mulis
2007 5636 2143 5690 Opus

569 5718 684 5776 est,
721 5725 950 5777 quorum
999 5709 1174 5766 dorsis
1213 5707 1393 5766 oi'nuia
1443 5709 1750 5765 necessaria
1801 5711 1908 5765 huc
1949 5710 2144 5766 advehi

2247 2692 2414 2746 nolint
2445 2695 2510 2747 de
2541 2695 2640 2748 hac
2673 2709 2736 2749 re
2761 2696 3166 2764 obstupescere,
3190 2712 3290 2766 ego
3319 2707 3472 2752 certe
3499 2699 3624 2767 ipse
3649 2698 3810 2753 obstu-

2245 2797 2440 2850 pesco,
2471 2785 2597 2838 dum
2631 2800 2742 2840 rem
2768 2785 3000 2852 intueor,
3031 2797 3087 2841 et
3123 2788 3278 2842 ιιοϋίε
3315 2788 3445 2857 ipsis
3473 2788 3688 2857 applico
3715 2791 3812 2844 hac

2244 2875 2528 2946 Prophetas
2563 2878 2725 2932 verba
2757 2894 2770 2930 :
2815 2876 2946 2932 Haec
2977 2880 3106 2934 dicit
3139 2879 3392 2935 Dominus
3415 2895 3434 2932 :
3467 2863 3746 2938 Concedent
3771 2897 3810 2938 et

2243 2980 2398 3034 super
2417 2965 2510 3020 erit
2539 2965 2646 3035 (IV
2678 2966 2807 3037 Reg.
2837 2983 2910 3036 tv,
2936 2968 3052 3041 45).
3525 2979 3530 2983 ”

2285 3065 2292 3070 '
2317 3058 2424 3113 Sed
2452 3059 2596 3112 dicet
2624 3058 2854 3128 aliquis:
2891 3060 2998 3115 Cur
3030 3070 3236 3116 tantum
3265 3073 3558 3116 numerum
3587 3063 3806 3118 familia-

2245 3149 2382 3202 rium
2433 3165 2782 3219 personarum
2815 3152 2956 3222 apud
3003 3167 3100 3206 vos
3143 3153 3388 3220 habetis?
3419 3152 3636 3208 Nullam
3679 3169 3813 3224 pror-

2244 3253 2336 3294 sus
2381 3239 2706 3308 superﬂuam
2735 3244 2877 3312 apud
2920 3257 3016 3298 nos
3058 3244 3262 3299 servari
3301 3259 3370 3300 ex
3415 3245 3558 3300 infra
3589 3247 3814 3301 dicendis

2244 3331 2535 3385 constabit.

2315 3425 2450 3478 'l‘res
2493 3424 2685 3479 domus
2715 3440 2858 3481 nunc
2893 3424 3058 3480 unita:
3087 3434 3240 3490 sunt,
3274 3435 3330 3480 et
3361 3427 3412 3480 in
3457 3441 3624 3480 unam
3661 3427 3810 3481 velati

2241 3518 2486 3572 conﬂata:
2529 3518 2582 3572 in
2629 3519 2788 3572 domo
2833 3519 3164 3580 Carthasim,
3237 3533 3428 3589 nempe
3481 3519 3598 3588 ipsa
3639 3521 3813 3572 domus

2241 3610 2577 3673 Cat-thasiae,
2613 3611 2802 3664 domus
2841 3611 3107 3664 Curreriae
3131 3621 3186 3665 et
3225 3613 3417 3665 domus
3447 3611 3686 3678 Calesii,
3709 3627 3812 3678 qua

2240 3702 2412 3756 ambae
2443 3713 2728 3773 postrema:
2757 3717 2899 3756 nunc
2929 3703 3069 3756 intra
3101 3702 3364 3758 terminos
3395 3703 3568 3756 eremi
3595 3703 3812 3758 Cartha-

2240 3794 2336 3850 sim
2365 3794 2472 3850 late
2495 3804 2738 3864 sumptos
2763 3794 2882 3848 sine
2911 3802 3070 3858 sunt,
3112 3805 3166 3848 et
3191 3793 3318 3848 olim
3353 3793 3614 3861 quaelibet
3639 3807 3810 3848 earum

2241 3901 2396 3940 Stltltn
2442 3895 2764 3940 conventum
2813 3885 3018 3940 habuit.
3067 3883 3200 3939 Cum
3253 3894 3434 3940 autem
3485 3884 3610 3940 ista:
3639 3885 3814 3940 domus

2241 3991 2418 4046 parva:
2452 3987 2660 4043 essent,
2693 3978 2928 4031 maxime
2955 3986 3075 4046 post
3103 3975 3412 4032 incendium
3445 3977 3646 4032 (tomus
3677 3975 3814 4034 Cale-

2241 4069 2342 4134 sii,
2385 4071 2452 4123 ab
2494 4069 2759 4124 haereticis
2806 4079 3076 4139 postremo
3105 4067 3302 4123 saeculo
3341 4067 3582 4132 factum,
3633 4085 3814 4122 conre-

2241 4159 2636 4214 nientissimum
2679 4160 2975 4227 jadicatum
3021 4167 3105 4213 est
3150 4159 3316 4213 etiam
3358 4159 3586 4214 domum
3623 4159 3806 4214 Calesii

2241 4251 2421 4304 domui
2441 4250 2740 4305 Carthasim
2769 4249 2987 4321 Maioris
3009 4251 3184 4316 anire,
3215 4252 3356 4305 sicut
3381 4257 3508 4304 ante
3550 4257 3812 4308 trecentos

2243 4355 2414 4396 annos
2449 4339 2563 4410 jam
2593 4342 2642 4396 ei
2689 4343 2838 4396 unita
2886 4341 2988 4396 fuit
3025 4341 3218 4396 domus
3261 4341 3570 4405 Currerire,
3615 4352 3672 4396 et
3707 4343 3812 4395 inde

2243 4431 2446 4487 factum
2473 4443 2558 4488 est
2588 4443 2646 4486 ut
2674 4433 2971 4488 claustrum
2995 4431 3304 4488 Carthasim
3337 4432 3524 4502 augeri
3553 4431 3814 4494 debuerit,

2245 4524 2399 4578 novis
2429 4523 2582 4580 cellis
2626 4523 2985 4589 constructis,
3027 4505 3180 4592 quasi
3215 4537 3316 4592 pro
3351 4522 3526 4576 tribus
3559 4531 3814 4578 monaste-

2245 4615 2360 4668 riis.

2315 4705 2580 4762 Numerus
2601 4719 2730 4782 ergo
2755 4705 3144 4761 monachorum
3175 4704 3230 4759 in
3259 4705 3372 4774 ipsa
3395 4705 3562 4760 domo
3591 4705 3810 4760 Cartha-

2245 4799 2339 4854 siaa
2367 4800 2854 4862 commorandum,
2903 4798 2966 4852 ad
3003 4797 3356 4868 quadraginta
3390 4797 3642 4867 quiaque
3681 4811 3812 4850 cont-

2247 4889 2480 4944 maniter
2507 4888 2642 4944 solet
2692 4889 3007 4942 ascendere.
3059 4886 3192 4942 Cum
3243 4901 3374 4942 vero
3407 4887 3592 4942 missae
3633 4899 3686 4942 et
3721 4885 3810 4939 alia

2245 4979 2424 5033 divina
2451 4977 2628 5033 ofﬁcia
2665 4987 2816 5032 recto
2859 4986 2988 5031 tono
3029 4985 3124 5032 aut
3158 4976 3348 5032 Saltem
3394 4977 3670 5032 submissa
3697 4989 3810 5029 voce

2246 5071 2300 5124 in
2341 5069 2589 5124 domibus
2632 5068 2898 5124 Carrcrire
2940 5077 2994 5122 et
3034 5067 3228 5124 Calesii
3277 5069 3511 5138 persolvi
3563 5069 3784 5126 debeant

2246 5161 2538 5231 prudenter
2579 5159 2888 5214 ordinatum
2937 5157 3035 5212 fuit
3063 5167 3122 5212 ut
3173 5159 3422 5214 monachi
3473 5167 3530 5213 et
3577 5155 3808 5214 conversi

2247 5250 2517 5313 seniores,
2567 5247 2772 5303 debiles
2816 5257 2874 5302 et
2923 5247 3120 5302 infirmi
3165 5249 3234 5302 ad
3291 5249 3508 5302 domum
3561 5245 3810 5302 Cat-reri:

2247 5340 2617 5406 mitterentur,
2643 5354 2768 5394 cum
2795 5337 3080 5393 suﬁicienti
3111 5337 3314 5392 familia
3346 5339 3410 5392 ad
3426 5337 3506 5393 eis
3529 5337 3810 5392 inservien-

2247 5432 2404 5497 dum,
2437 5432 2490 5485 in
2519 5447 2624 5500 qua
2661 5430 2780 5484 ideo
2809 5430 3172 5484 communiter
3215 5429 3398 5484 decem
3427 5437 3538 5482 tam
3577 5423 3806 5484 monachi

2247 5537 2410 5593 quam
2458 5523 2708 5579 conversi
2751 5521 2992 5576 residere
3019 5520 3194 5576 solent
3223 5537 3240 5575 :
3279 5522 3331 5576 in
3360 5521 3520 5576 domo
3569 5533 3694 5574 vero
3717 5507 3808 5570 Ca-

2247 5615 2364 5669 lesii
2409 5625 2522 5670 tres
2566 5613 2817 5668 monachi
2845 5626 2967 5668 cum
2997 5613 3170 5666 tribus
3195 5611 3282 5666 vel
3321 5619 3556 5682 quatuor
3583 5609 3702 5680 plus
3725 5603 3808 5659 mi-

2249 5719 2420 5764 nusve
2466 5705 2746 5762 fratribus.
2791 5703 2849 5762 in
2879 5703 3040 5760 domo
3077 5717 3204 5760 vero
3249 5703 3551 5760 Carthasim
3595 5709 3674 5758 tot
3706 5695 3804 5752 lete
