3992 6396
187 359 300 417 681

1531 361 2124 422 CONSUE'I‘UDINES.

3376 377 3482 428 082

1539 476 1936 534 CAPITULUM
2007 477 2144 533 XXI.

1627 569 1706 623 De
1734 570 2062 626 mulieribus.

137 726 140 728 γ
273 667 328 723 1.
371 662 623 720 Mulieres
646 663 910 720 terminos
947 663 1154 718 intrare
1181 669 1396 718 nostros
1420 673 1761 733 nequaquam
1791 662 2057 727 sinimus,
2091 664 2328 720 scientes
2358 679 2458 720 nec
2488 664 2822 734 sapientem,
2861 682 2962 724 nec
2992 669 3343 740 prophetam,
3377 689 3476 731 nec

175 759 428 832 judicem
449 797 463 821 ,
503 770 605 811 nec
627 755 896 826 hospitem
927 755 1056 820 Dei,
1083 769 1184 812 nec
1215 754 1382 822 lilios,
1414 770 1514 811 nec
1541 755 1718 824 ipsum
1751 755 1846 810 Dei
1883 753 2172 812 formatum
2210 756 2459 812 manibus
2485 758 2877 829 protoplastum
2903 761 3146 830 potuisse
3183 761 3475 820 blanditias

175 854 426 908 evadere
445 847 529 903 vel
561 847 783 902 fraudes
808 846 1116 903 mulierum.

254 941 311 995 2.
359 939 650 1003 Salomon,
693 938 890 1003 David,
921 938 1153 994 Samson
1175 979 1189 1003 ,
1220 937 1342 1005 Lot,
1366 946 1420 994 et
1450 938 1542 1008 qui
1573 947 1898 1008 acceperunt
1921 939 2020 994 sibi
2049 954 2246 996 uxores
2277 953 2413 1012 quas
2439 941 2719 1014 elegerant
2740 955 2795 1002 et
2825 947 2997 1002 Adam
3032 949 3084 1003 in
3115 961 3351 1007 mentem
3383 969 3472 1006 ve-

175 1033 372 1097 niant,
411 1048 508 1087 nec
533 1046 692 1102 posse
722 1031 999 1086 hominem
1026 1040 1120 1085 aut
1150 1035 1328 1100 ignem
1355 1031 1409 1085 in
1441 1031 1562 1086 sinu
1593 1031 1965 1097 abscondere,
2003 1041 2060 1086 ut
2090 1035 2410 1090 vestimenta
2441 1036 2584 1091 illius
2612 1052 2716 1093 non
2751 1040 3006 1106 ardeant,
3051 1051 3146 1097 aut
3191 1044 3474 1100 ambulare

173 1139 350 1194 super
376 1139 581 1194 prunas
618 1124 822 1194 plantis
851 1124 1065 1190 illaesis,
1105 1132 1202 1178 aut
1230 1123 1405 1194 picem
1433 1135 1653 1195 tangere
1681 1139 1781 1180 nec
1805 1124 2109 1193 inquinari.

247 1214 309 1270 3.
351 1215 446 1271 llis
474 1215 736 1286 expletis,
767 1214 836 1272 de
865 1214 1015 1272 cella:
1043 1214 1410 1272 observantiis
1436 1215 1790 1272 disseramus.
1825 1217 1890 1272 Et
1913 1218 2168 1288 quoniam
2193 1219 2514 1290 incipientes
2539 1223 2757 1278 nouitios
2785 1239 3062 1293 vocamus,
3095 1228 3163 1283 de
3194 1228 3328 1299 ipsis
3351 1231 3461 1300 pri-

169 1318 270 1362 mo
294 1323 419 1378 qua:
438 1309 785 1364 occurrerint
805 1307 1145 1366 intimetnus.

1534 1377 1940 1436 CAPITULUM
2001 1377 2169 1437 XXII.

1671 1471 1747 1528 De
1781 1474 1992 1527 nouitio.

159 1592 163 1606 ι
200 1604 204 1606 .
242 1561 300 1616 l.
346 1558 562 1618 Novitio
595 1561 777 1632 itaque
805 1552 1236 1616 misericOrdiam
1265 1555 1563 1632 postulanti
1590 1561 2126 1633 duravpropouttntut‘
2153 1575 2207 1620 et
2233 1581 2428 1636 aspera
2468 1575 2690 1640 totaque
2720 1570 2900 1627 vilitas
2929 1579 2984 1627 et
3013 1574 3277 1645 asperitas
3303 1576 3465 1647 vitae,

165 1670 345 1725 quam
387 1654 572 1710 subire
598 1654 905 1721 desiderat,
942 1662 1103 1725 prout
1144 1653 1260 1710 ﬁeri
1305 1666 1519 1726 potest,
1553 1665 1680 1712 ante
1717 1656 1908 1714 oculos
1941 1660 2181 1729 ponitur.
2207 1660 2288 1716 Ad
2318 1678 2439 1733 quae
2461 1663 2506 1719 si
2543 1665 2944 1735 imperterritus
2981 1671 3244 1726 manserit
3275 1681 3328 1728 et
3359 1673 3464 1728 im-

168 1760 361 1806 motus
383 1789 398 1815 ,
432 1749 702 1820 elegitque
725 1788 740 1815 ,
771 1748 926 1818 juxta
959 1750 1175 1804 beatum
1207 1747 1310 1804 Job
1339 1751 1468 1819 (vn,
1511 1749 1637 1819 l5),
1687 1751 2039 1821 suspendium
2069 1751 2122 1823 (a
2164 1755 2540 1824 temporalium
2570 1757 2827 1814 videlicet
2854 1761 3063 1832 amore)
3091 1758 3270 1819 anima
3311 1765 3461 1835 ejus,

161 1854 219 1900 et
247 1853 486 1898 mortem
515 1842 606 1913 (de
635 1857 741 1911 qua
765 1841 962 1897 dicitur
993 1855 1008 1895 :
1037 1841 1096 1894 Si
1127 1857 1508 1897 coumtovemur
1527 1853 1575 1897 et
1604 1842 1927 1896 convivemus
1965 1842 2052 1916 [II
2093 1844 2228 1899 Tim.
2261 1845 2384 1919 n.])
2411 1863 2535 1903 ossa
2565 1847 2710 1917 ejus;
2747 1851 3150 1921 promptissime
3190 1856 3463 1923 spondens

160 1945 400 2005 propter
434 1933 600 1988 verba
631 1931 895 1986 labiorum
934 1932 1146 1987 Domini
1177 1942 1426 2002 paratum
1452 1947 1512 1988 se.
1545 1932 1821 1989 custodire
1852 1934 1970 1989 vias
2000 1935 2194 1996 duras;
2233 1944 2362 1992 tunc
2401 1937 2617 1992 demum
2659 1941 2919 1994 suadetur
2947 1942 2996 1996 ei
3018 1982 3034 2007 ,
3073 1945 3325 2000 omnibus
3363 1949 3457 2016 qui

159 2027 435 2081 adversus
463 2039 588 2080 eum
619 2023 822 2094 aliquid
852 2025 1092 2090 habent,
1134 2024 1288 2095 juxta
1333 2022 1723 2096 Evangelium,
1760 2026 2124 2082 reconciliari.
2167 2027 2304 2083 Etsi
2341 2030 2472 2099 quid
2503 2030 2742 2100 aliquem
2777 2031 3147 2098 defraudavit,
3181 2044 3237 2090 et
3263 2036 3309 2091 si
3346 2054 3455 2092 non

161 2115 546 2189 quadruplum
565 2153 582 2182 ,
613 2125 668 2170 ut
701 2115 982 2179 Zaclneus,
1013 2115 1266 2185 simplum
1290 2115 1485 2171 saltem
1506 2154 1521 2182 ,
1553 2115 1598 2170 si
1629 2116 1794 2171 habet
1813 2114 1985 2183 unde,
2014 2118 2322 2173 restituere.
2359 2117 2424 2173 Et
2451 2118 2578 2188 quia
2602 2121 3040 2191 congregationis
3070 2121 3231 2192 hujus
3253 2135 3459 2194 quotus

155 2218 314 2266 esset
361 2209 555 2264 debeat
577 2218 760 2264 certus
790 2217 876 2264 est
907 2221 1196 2274 numerus,
1234 2215 1417 2262 certus
1440 2207 1519 2273 ei,
1549 2221 1717 2275 usque
1744 2208 1811 2262 ad
1841 2221 2006 2278 quem
2031 2207 2215 2263 venire
2243 2209 2472 2275 debeat,
2504 2208 2664 2264 datur
2696 2219 2752 2265 et
2783 2211 3066 2266 terminus.

1577 2322 2130 2380 COMMENTARIUS

157 2430 292 2476 sunt
327 2420 528 2476 fratres
561 2418 685 2474 laici
729 2427 862 2489 quot
894 2415 1166 2473 monachi.
1199 2413 1410 2472 .lunctis
1437 2432 1568 2486 ergo
1597 2416 1756 2470 SIIIIIII
1785 2420 1834 2478 Α
1859 2416 2157 2482 charitate,
2202 2424 2260 2470 ut
2295 2430 2483 2471 eorum
2523 2416 2577 2472 in
2605 2417 2783 2473 dando
2815 2418 2889 2474 illi
2938 2420 3305 2491 propensione
3351 2437 3455 2476 un-

155 2512 450 2570 monachis
473 2511 799 2576 Carthusiae,
825 2509 1097 2566 Curreriae
1135 2517 1193 2564 et
1242 2507 1460 2572 Calesii,
1501 2523 1760 2565 numerus

104 2669 106 2671 ,
153 2619 356 2659 eorum
403 2603 469 2658 ad
512 2602 901 2674 quinquaginta
942 2601 1183 2672 quinque
1227 2599 1446 2656 circiter
1480 2599 1758 2670 ascendit,

154 2703 393 2750 tratrum
425 2709 558 2750 vero
585 2695 808 2750 totidem
848 2711 862 2749 :
905 2704 961 2748 et
990 2693 1072 2748 sic
1113 2692 1295 2748 totalis
1329 2707 1588 2748 numerus
1629 2708 1758 2763 per-

153 2803 422 2842 sonarum
450 2786 680 2854 ordinis,
714 2786 913 2856 quibus
943 2793 1245 2841 conventus
1274 2784 1582 2842 Carthusiae
1611 2785 1759 2842 intus

153 2888 207 2934 et
244 2888 412 2934 extra
459 2879 826 2950 componitur,
870 2878 941 2934 ad
978 2886 1197 2935 centum
1241 2886 1298 2934 et
1343 2878 1528 2935 decem
1561 2887 1755 2935 exten-

154 2974 333 3028 ditur.

217 3063 336 3118 Sed
383 3072 595 3119 restant
619 3063 796 3118 adhuc
824 3071 1043 3118 centum
1087 3071 1142 3117 et
1186 3061 1543 3134 quadraginta
1575 3063 1753 3134 capita

150 3165 208 3209 ut
240 3171 512 3211 numerus
547 3155 826 3212 hominum
873 3170 1037 3225 supra
1082 3155 1392 3224 assignatus
1438 3153 1750 3223 impleatur.

151 3246 291 3314 Quid
323 3262 461 3316 opus
499 3254 586 3302 est
611 3245 764 3301 vobis
806 3253 884 3300 tot
933 3244 1300 3300 mercenaries
1346 3251 1402 3298 et
1439 3252 1516 3299 tot
1563 3258 1754 3300 servos

152 3336 397 3391 habere?
427 3334 547 3391 Oh!
578 3334 623 3390 si
650 3335 765 3406 qui,
796 3333 943 3397 inde,
975 3333 1041 3388 de
1063 3331 1436 3403 superfluitate
1467 3347 1750 3388 servorum

150 3427 354 3482 vellent
384 3443 481 3481 nos
512 3441 770 3497 arguere,
799 3441 1042 3480 eremum
1069 3425 1227 3478 istam
1257 3423 1324 3478 ad
1363 3433 1575 3494 tempus
1607 3423 1752 3479 inco-

151 3516 348 3578 lerent,
376 3517 465 3571 ubi
494 3526 715 3586 pr0pter
745 3517 958 3569 viarum
985 3524 1040 3570 et
1070 3514 1314 3570 locorum
1345 3516 1672 3585 asperitates
1695 3525 1750 3571 et

153 3607 589 3678 inaequalitates,
627 3608 840 3663 nonnisi
879 3623 1074 3678 magno
1101 3606 1286 3662 labore
1324 3621 1487 3677 opera
1521 3616 1748 3678 possunt

149 3701 365 3769 perﬁci,
399 3701 452 3754 in
481 3700 630 3755 brevi
657 3699 931 3756 silentium
960 3700 1060 3756 sibi
1091 3701 1450 3770 imponerent.
1475 3699 1557 3755 Ad
1579 3715 1746 3756 onera

1863 2522 2026 2578 quam
2063 2506 2213 2562 abuti
2253 2506 2548 2573 voluisset;
2599 2507 2854 2564 omnibus
2895 2511 3040 2563 enim
3095 2509 3228 2565 dicit
3261 2526 3276 2564 :
3325 2507 3453 2565 Non

1858 2598 2144 2666 qurerimus
2187 2611 2305 2666 qua:
2349 2605 2521 2650 uestra
2565 2607 2718 2662 sunt,
2774 2596 2866 2651 sed
2916 2613 3002 2651 vos
3041 2597 3126 2669 (ll
3164 2597 3287 2652 Cor.
3337 2611 3452 2666 xu,

1861 2687 1973 2760 14).
2003 2687 2225 2759 Accepit
2253 2685 2624 2744 tantummodo
2651 2698 2913 2758 quantum
2953 2689 3086 2745 satis
3106 2731 3120 2756 ,
3176 2699 3235 2744 ut
3263 2702 3451 2761 posset

1858 2777 1926 2838 de
1966 2781 2202 2853 propriis
2231 2779 2436 2852 reliqua
2469 2779 2752 2852 perlicere.
2779 2781 2883 2837 Ista
2907 2783 2976 2837 ad
3011 2781 3440 2840 consolationem

1855 2884 2195 2947 posterorum
2221 2884 2532 2930 nostrorum
2561 2874 2721 2945 paulo
2755 2874 2930 2930 fusius
2955 2875 3355 2945 explicuimus;
3389 2887 3444 2930 et

1856 2967 1902 3022 si
1934 2966 2218 3037 loquacius
2245 2967 2335 3022 hic
2358 2966 2560 3036 aliquid
2584 2967 2651 3022 de
2679 2967 2782 3023 hac
2811 2983 2870 3023 re
2893 2969 3153 3034 diximus,
3181 2966 3446 3039 indulgeri

1856 3055 2020 3112 etiam
2049 3049 2350 3111 ιιοὺὶεὐιιιιι
2377 3056 2441 3110 ll.
2483 3057 2538 3112 P.
2565 3057 2812 3129 Guigone
2839 3074 3218 3129 apprecamur.

1927 3147 2057 3204 CAP.
2087 3147 2227 3202 XXI.
2259 3178 2328 3188 -—
2359 3147 2523 3203 Num.
2551 3150 2602 3203 l.
2642 3149 2888 3205 Mulieres
2933 3150 3204 3207 Terminos
3247 3153 3451 3210 intrare

1854 3249 2059 3294 nostros
2090 3256 2446 3312 nequaquam,
2487 3250 2595 3296 etc.
2633 3239 2744 3296 Hac
2777 3241 2843 3296 de
2873 3256 3036 3298 causa
3075 3244 3234 3314 primi
3257 3244 3451 3302 Patres

1852 3332 2099 3388 obtinere
2124 3343 2491 3389 curaverunta
2509 3331 2567 3389 S.
2587 3333 2715 3390 sede
2736 3335 3030 3406 apostolica
3058 3336 3370 3410 privilegia,
3387 3339 3450 3396 de

1852 3412 2051 3494 quibus
2079 3435 2242 3494 supra
2273 3424 2476 3479 dictum
2507 3435 2592 3480 est
2626 3439 2747 3479 cum
2779 3423 2845 3481 de
2889 3425 3135 3481 terminis
3167 3441 3449 3499 ageretur.

1852 3514 1956 3569 Sed
1985 3515 2089 3570 ista
2118 3515 2396 3588 privilegia
2425 3515 2525 3571 soli
2563 3516 2744 3572 domui
2775 3516 3074 3572 Carthusiae
3105 3532 3448 3592 competunt,

1848 3605 1958 3660 omi
1985 3620 2084 3661 nec
2100 3606 2786 3664 aliisdomibusconvenire
2814 3619 3067 3680 possunt,
3093 3629 3216 3669 cum
3246 3614 3299 3668 in
3331 3630 3450 3669 ere-

1850 3713 1936 3752 mo
1955 3696 2259 3754 Cartbusiae
2274 3700 2456 3755 omnia
2479 3702 2589 3754 sint
2614 3702 2762 3755 unita
2787 3702 2948 3757 simul
2974 3713 3034 3763 (γι
3051 3706 3323 3774 contigua,
3351 3722 3449 3761 nec

153 3801 368 3847 tantum
401 3793 647 3848 vehenda
698 3793 819 3862 plus
855 3807 1018 3862 quam
1062 3791 1254 3863 viginti
1299 3793 1537 3864 quinque
1571 3795 1744 3848 servis
1780 3781 1822 3841 Β
1851 3789 2044 3860 aliquis
2075 3791 2349 3846 saecularis
2382 3791 2453 3846 ibi
2484 3792 2687 3861 aliquid
2719 3791 2917 3848 habeat
2959 3795 3103 3866 quod
3136 3796 3441 3868 contingui-

153 3883 496 3939 incessanter
524 3882 912 3953 operantibus;
973 3884 1041 3938 ad
1082 3883 1226 3956 ligna
1265 3885 1641 3954 componenda
1693 3895 1748 3941 ct

151 3975 481 4040 scindenda,
515 3984 624 4029 tum
655 3975 724 4030 ad
766 3975 976 4046 ignem,
1023 3984 1134 4030 tutu
1164 3975 1230 4029 ad
1268 3975 1589 4039 dolaudum,
1632 3985 1743 4030 tum

152 4077 298 4122 tecta
334 4068 686 4139 grangiarum
717 4067 1033 4134 sarcienda,
1080 4076 1223 4133 etc.,,
1254 4067 1373 4138 plus
1417 4081 1581 4138 quam
1610 4083 1745 4138 qua-

151 4153 410 4226 draginta
435 4156 602 4211 fabris
620 4156 885 4226 lignariis,
915 4158 1280 4214 caementariis
1311 4165 1366 4212 et
1392 4158 1746 4214 mercennariis

151 4248 416 4300 continue
459 4248 737 4318 occupatis
764 4263 900 4318 opus
930 4257 1044 4311 est;
1095 4248 1161 4303 ad
1191 4248 1443 4303 animalia
1471 4250 1743 4320 pascenda

150 4347 203 4391 et
232 4339 573 4407 providenda
623 4355 852 4395 numero
882 4339 1129 4394 notabili.
1163 4339 1323 4395 Certe
1369 4351 1581 4410 tempus
1611 4340 1742 4397 mihi

152 4427 204 4482 in
249 4429 533 4484 narrando
575 4429 863 4495 deﬁceret,
919 4440 976 4484 et
1013 4430 1132 4500 plus
1187 4446 1351 4500 quam
1407 4431 1595 4487 decem
1653 4443 1744 4488 aut

150 4519 466 4587 quindecim
496 4534 656 4588 supra
707 4534 995 4574 numerum
1027 4520 1366 4590 designatum
1412 4522 1739 4592 reperirem,

153 4610 193 4663 si
216 4610 501 4680 capitatim
532 4625 818 4667 recensere
847 4611 966 4666 illos
997 4611 1084 4672 hic
1111 4611 1323 4666 vellem.

220 4697 284 4753 Si
311 4712 443 4752 vero
474 4699 557 4754 his
591 4701 844 4756 omnibus
870 4701 1100 4756 addatur
1131 4715 1388 4757 numerus
1416 4700 1741 4758 latomorum

151 4797 204 4843 et
229 4789 548 4859 fabrorum,
597 4792 690 4862 qui
732 4793 802 4847 ab
838 4807 981 4847 anno
1015 4791 1152 4847 l676
1195 4808 1302 4863 quo
1339 4793 1539 4848 accidit
1577 4796 1743 4851 totale

150 4881 496 4952 incendium,
524 4884 612 4942 vel
653 4887 834 4958 potius
857 4885 1180 4942 incincratio
1210 4887 1403 4941 domus
1435 4885 1744 4942 Carthusite

151 4989 326 5048 usque
347 4977 418 5032 ad
448 4976 590 5034 hanc
621 4979 764 5035 diem
789 4979 1116 5051 stipendium
1148 4989 1477 5049 acceperunt
1512 4988 1566 5035 et
1596 4981 1741 5034 acci-

149 5068 334 5136 piunt,
384 5067 498 5125 fere
525 5069 908 5127 tniraculosum
955 5071 1272 5142 apparebit,
1307 5087 1547 5143 quonam
1580 5073 1740 5129 modo

150 5166 228 5212 tot
271 5157 531 5228 expensis
582 5161 853 5232 provideri
888 5163 1144 5232 potuerit.
1189 5162 1260 5217 At
1305 5179 1410 5217 non
1457 5172 1738 5234 tantopere

152 5251 474 5319 stupebant,
529 5253 621 5323 qui
679 5254 941 5309 sciverint
985 5263 1187 5326 quanta
1231 5255 1501 5310 charitate
1552 5271 1743 5310 OIIIIICS

155 5336 349 5394 domus
384 5341 592 5398 ordinis
630 5342 682 5397 in
714 5343 817 5399 hoc
845 5359 972 5400 casu
1007 5345 1166 5400 matri
1206 5345 1513 5401 Carthusiae
1544 5349 1742 5402 subve-

157 5431 356 5498 nerint,
388 5431 461 5488 ita
493 5443 552 5486 ut
581 5435 852 5489 nonnullis
873 5436 1054 5492 dicere
1087 5439 1463 5505 debueritnus;
1483 5440 1598 5508 jam
1629 5439 1742 5494 suf-

158 5517 306 5584 ficit,
354 5533 413 5576 ut
442 5524 521 5578 sic
559 5526 726 5580 veluti
765 5535 938 5582 staret
975 5527 1153 5584 oleum
1195 5528 1480 5584 charitatis
1505 5531 1560 5585 in
1609 5545 1736 5585 vasa

156 5620 341 5666 nostra
366 5614 704 5672 decurrentis
728 5617 964 5687 quandiu
997 5634 1224 5674 vacuum
1255 5635 1349 5677 vas
1375 5620 1662 5677 habuimus
1684 5629 1736 5675 et

153 5702 504 5775 indiguimus.
534 5708 689 5763 Absit
718 5721 898 5764 autem
931 5702 960 5779 a
995 5711 1186 5767 matris
1219 5722 1402 5768 tenera
1437 5728 1564 5785 erga
1601 5714 1738 5768 lilios

433 5803 708 5863 Panos.
755 5804 965 5864 CLIII.

1854 3871 2016 3936 tatem
2050 3881 2192 3936 illam
2224 3880 2599 3958 interrumpat.
2630 3884 2686 3938 ln
2713 3885 2835 3941 aliis
2863 3898 2999 3942 vero
3037 3888 3287 3942 domibus
3307 3929 3322 3953 ,
3356 3889 3443 3944 in-

1851 3983 1929 4028 tra
1963 3975 2224 4029 ambitum
2259 3977 2614 4032 termiuorum
2653 3989 3090 4050 assrgnatoruin,
3127 3982 3311 4051 plures
3339 3998 3444 4037 sa:-

1848 4065 2062 4120 culares
2085 4064 2286 4122 habent
2315 4082 2442 4122 suas
2471 4083 2872 4138 possessiones,
2901 4087 2930 4124 a
2958 4086 3187 4140 quarum
3218 4087 3444 4129 accessu

1847 4172 1970 4213 cum
1995 4159 2252 4214 uxoribus
2267 4167 2321 4212 et
2348 4159 2535 4215 liberis
2564 4162 2866 4230 promiscui
2891 4177 3056 4219 sexus
3086 4178 3193 4219 non
3217 4175 3443 4233 possunt

1847 4247 2118 4319 impediri.
2149 4247 2204 4303 Id
2238 4257 2420 4304 tamen
2453 4249 2542 4306 hic
2565 4252 2795 4324 exponit
2829 4252 2894 4306 Β.
2933 4252 3097 4308 Pater
3124 4252 3334 4326 Guigo,
3387 4265 3445 4310 ut

1845 4357 2036 4398 omnes
2095 4345 2299 4400 scirent
2349 4356 2558 4414 quanta
2609 4346 3100 4418 circumspectione
3155 4350 3444 4404 studerent

1845 4435 2004 4504 primi
2050 4435 2241 4492 Patres
2272 4447 2443 4493 nostri
2483 4452 2518 4492 a
2551 4454 2646 4494 sua
2677 4453 2864 4495 eremo
2908 4438 3167 4494 mulieres
3197 4439 3440 4508 abigere.

1845 4528 2050 4584 Causas
2077 4528 2279 4585 diserte
2309 4540 2560 4603 assngnat
2608 4531 2692 4586 vir
2719 4543 2978 4600 sanctus,
3030 4545 3152 4602 qua:
3180 4530 3438 4586 omnibus

1747 4680 1750 4683 _
1845 4618 2158 4674 hominibus
2181 4619 2307 4675 [iliis
2343 4623 2520 4684 Adam
2553 4632 2694 4678 nota:
2727 4631 2888 4688 sunt;
2931 4622 3022 4692 qui
3065 4620 3440 4691 cujuscunque

1845 4711 2063 4768 virtutis
2089 4710 2217 4779 sint,
2247 4729 2360 4784 quo
2395 4717 2575 4770 minus
2601 4716 2666 4770 de
2701 4714 2896 4785 seipsis
2927 4715 2980 4769 in
3010 4715 3117 4770 hae
3145 4720 3299 4784 parte
3325 4713 3438 4767 dis-

1847 4802 2065 4868 sidunt,
2110 4818 2176 4858 eo
2205 4819 2381 4876 magis
2423 4806 2491 4866 ad
2521 4805 2746 4861 cadendi
2794 4805 3111 4869 facilitatem
3145 4805 3436 4861 accedunt.

1847 4893 2073 4964 Semper
2113 4909 2243 4966 ergo
2273 4898 2438 4951 verba
2480 4898 2584 4951 ista
2625 4896 2726 4952 SS.
2770 4897 3059 4968 Augustini
3089 4906 3144 4950 et
3188 4896 3436 4967 Gregorii

1845 4983 1916 5038 ob
1957 4984 2154 5040 mentis
2184 4985 2372 5040 oculos
2404 4986 2602 5042 habere
2632 4987 2932 5042 debemus:
2986 4986 3116 5042 Filii
3165 4989 3436 5043 hominum

1845 5076 2078 5130 homines
2107 5086 2256 5132 sunt.
2285 5076 2571 5132 Reminisci
2598 5077 2843 5134 debemus
2873 5080 2998 5150 quia
3025 5097 3149 5135 caro
3177 5098 3382 5136 sumus.

1917 5168 2044 5222 Car.
2082 5167 2480 5224 XX'tI.—Num.
2515 5171 2567 5225 l.
2609 5169 2824 5226 Novitio
2853 5173 3287 5242 misericordiam,
3326 5183 3434 5229 etc.

1848 5259 1929 5312 Ab
1968 5260 2067 5314 hac
2093 5261 2468 5330 expressione,
2497 5276 2605 5332 qua
2641 5263 2722 5317 usi
2755 5272 2882 5317 sunt
2907 5263 3066 5333 primi
3102 5266 3296 5322 Patres
3339 5279 3434 5319 no-

1847 5351 1944 5404 stri
1987 5351 2052 5404 ad
2087 5351 2504 5423 signiﬁcandum
2546 5354 2600 5408 in
2642 5369 2839 5425 genere
2864 5356 3122 5426 quidquid
3155 5357 3431 5426 petebant,

1849 5459 1978 5499 usus
2009 5443 2096 5499 ille
2125 5446 2334 5502 ordinis
2361 5456 2521 5502 natus
2541 5456 2645 5514 est,
2680 5457 2737 5502 ut
2767 5449 3028 5520 quidquid
3059 5446 3431 5505 conventuali-

1848 5545 1930 5589 ter
1953 5535 2186 5604 petimus
2228 5537 2328 5593 sub
2363 5541 2738 5595 misericordia:
2781 5541 3001 5597 nomine
3050 5549 3318 5609 petamus.
3365 5538 3432 5593 Et

1845 5627 1970 5692 quia
2005 5641 2054 5678 ιη
2089 5627 2314 5698 singulis
2340 5630 2592 5700 capitulis
2626 5617 2970 5701 generalibus
2996 5632 3209 5701 priores
3241 5640 3429 5703 petunt

1847 5732 1893 5768 ςι-
1928 5715 2042 5770 suis
2094 5717 2286 5774 oﬂiciis
2310 5721 2514 5778 absolvi
2564 5723 2666 5779 sub
2693 5724 2848 5780 titulo
2875 5725 3270 5788 misericordiae,
3307 5723 3429 5778 inde
