3992 6404
543 392 647 452 085
1378 391 1701 448 GUiGONIS
1734 392 1752 446 ι
1787 386 2207 447 εΑιιτιιυειΑε
2248 388 2537 446 MAIORIS
2567 385 2844 448 PRIORIS
2884 389 2927 443 ν
3704 389 3800 446 εει

615 484 672 543 2.
714 482 795 537 Ad
824 482 1009 537 datum
1042 489 1221 537 autem
1250 482 1538 537 terminum
1564 484 1804 546 veniens,
1832 490 1954 552 post
2003 480 2295 552 supplicem
2336 481 2394 536 in
2423 489 2693 537 conventu
2722 482 3164 553 postulationem.
3202 492 3260 539 tn
3292 479 3703 539 examinatione
3728 483 3792 537 ad

547 590 727 630 minus
751 589 927 629 annua
961 575 1200 643 ponitur,
1231 572 1343 628 suis
1381 573 1633 627 omnibus
1663 573 1872 642 integre
1911 585 2083 642 usque
2116 571 2184 627 ad
2223 573 2367 628 diem
2404 571 2758 643 professionis
2800 573 3021 628 omnino
3067 572 3383 630 reservatis.
3424 573 3585 641 Quod
3618 571 3668 627 ei
3701 587 3798 629 non

553 664 658 719 nisi
691 665 791 719 sub
825 664 917 719 taii
958 663 1243 732 sponsione
1266 662 1601 727 conceditur,
1630 672 1689 716 ut
1716 663 1760 717 si
1788 661 1926 718 forte
1948 670 2193 723 nostrum
2230 663 2535 734 nequiverit
2567 671 2662 719 aut
2697 662 2934 720 noluerit
2960 662 3194 719 tolerare
3218 662 3581 733 propositum,
3610 662 3681 716 ad
3703 677 3796 719 εε-
3832 718 3841 727 ,

550 755 735 811 culum
764 769 1103 824 nequaquam
1136 752 1344 817 redeat,
1374 753 1467 807 sed
1497 751 1712 822 aliquod
1745 753 1924 821 potius
1959 752 2102 808 aliud
2141 752 2418 824 religionis
2449 768 2616 823 genus
2645 753 2791 823 quod
2825 753 2970 810 ferre
3001 752 3174 824 possit
3198 751 3449 821 accipiat.
3483 750 3640 817 Quod
3677 751 3723 807 si
3748 753 3797 811 in

553 844 669 912 ipsa
700 843 1103 899 examinatione
1130 840 1480 896 laudabiliter
1500 856 1559 897 se
1587 842 1790 897 habens
1811 850 2054 899 mortuus
2074 841 2259 910 fuerit,
2283 844 2547 914 quidquid
2575 859 2674 914 pro
2692 842 2940 916 professo
2959 850 3014 900 et
3039 856 3263 898 sacrum
3291 841 3537 897 habitum
3569 852 3801 914 gestante

551 932 803 997 facimus,
832 947 932 1003 pro
951 947 1019 986 eo
1045 930 1294 987 similiter
1318 930 1603 986 faciemus.

621 1023 676 1078 ὅ.
719 1023 816 1078 Cui
849 1022 902 1077 in
930 1020 1120 1077 cellam
1149 1019 1456 1076 introducto
1480 1019 1753 1074 seniorum
1781 1018 1977 1090 aliquis
2001 1021 2311 1091 deputatur,
2349 1025 2442 1093 qui
2472 1038 2596 1078 eum
2635 1038 2732 1094 per
2768 1038 2960 1091 unam,
2988 1021 3075 1078 vel
3107 1019 3343 1091 amplius
3378 1019 3424 1075 si
3454 1033 3596 1090 opus
3630 1016 3798 1084 fuerit,

557 1112 974 1174 hebdomadam,
1011 1110 1161 1166 boris
1194 1109 1621 1179 competentibus
1652 1109 1900 1176 visitans,
1929 1111 1994 1167 de
2021 1114 2344 1168 necessariis
2368 1114 2623 1169 instruat.

626 1199 684 1253 4.
726 1199 828 1267 Qui
852 1208 1036 1255 tamen
1064 1199 1262 1255 blande
1294 1199 1595 1269 leniterque
1623 1199 1855 1256 maxime
1889 1208 2157 1256 tractatur
2191 1202 2245 1257 in
2285 1204 2494 1272 primis,
2531 1219 2633 1260 nec
2657 1203 2709 1260 ei
2753 1213 2922 1261 totam
2953 1204 3132 1263 subito
3168 1205 3530 1263 institutionis
3554 1207 3799 1277 asperita-

550 1299 660 1345 tem
691 1289 875 1347 subire
900 1290 1242 1357 conceditur,
1272 1291 1365 1346 sed
1392 1290 1675 1360 paulatim,
1716 1298 1772 1345 et
1804 1299 1862 1345 ut
1894 1292 2032 1346 ratio
2060 1290 2144 1346 vel
2187 1294 2481 1349 necessitas
2508 1295 2781 1365 postulare
2813 1297 3056 1369 videtur;
3090 1312 3215 1355 nam
3268 1306 3472 1355 etcum
3496 1298 3802 1369 coquinaria

553 1380 877 1451 quandoque
897 1378 1149 1452 loquendi
1169 1378 1450 1435 licentiam
1479 1381 1664 1446 habet,
1690 1387 1750 1435 et
1775 1394 1805 1434 a
1831 1379 2023 1451 priore
2052 1380 2253 1452 saepius
2280 1382 2544 1439 visitatur.

1916 1547 2502 1632 sumussumus.

552 1741 624 1796 sit
649 1748 708 1795 ut
725 1728 786 1795 in
812 1737 1016 1794 chartis
1039 1734 1426 1809 capitularibus
1464 1734 1746 1790 domorum
1791 1724 1998 1789 ordinis
2031 1744 2132 1789 no-
2158 1738 2209 1799 Α
2235 1740 2291 1789 et
2314 1732 2452 1789 alius
2474 1733 2701 1790 idoneus
2718 1743 3110 1807 seprtesentet,
3140 1734 3288 1793 illum
3315 1736 3493 1796 libere
3510 1742 3803 1813 recipimus,

553 1833 699 1887 atina
729 1831 919 1885 ordine
944 1829 1279 1900 antiquitatis
1311 1826 1583 1898 sigillatim
1625 1825 1955 1890 scribantur,
1998 1830 2053 1879 et
2079 1823 2135 1879 in

552 1922 781 1993 singulis
809 1923 1022 1977 dicatur
1051 1921 1215 1991 priori
1246 1920 1438 1976 domus
1471 1918 1535 1973 Ν.
1562 1933 1577 1973 :
1611 1915 1733 1972 Non
1762 1917 1821 1986 ﬁt
1840 1916 2137 1972 misericor-

551 2014 667 2078 dia,
696 2013 748 2068 id
778 2022 859 2069 est
893 2012 1078 2082 petitio
1102 2011 1187 2066 illa
1223 2026 1328 2067 non
1357 2020 1440 2065 est
1478 2009 1733 2072 admissa,
1774 2022 1880 2076 qua
1912 2003 2015 2061 sub
2040 2019 2138 2059 no~

544 2105 697 2161 mine
734 2104 1124 2160 misericordia:
1157 2102 1305 2173 prior
1349 2117 1383 2156 a
1428 2100 1666 2171 prioratu
1714 2097 1919 2153 absolvi
1956 2096 2131 2169 petiit.

553 2195 660 2252 Sed
687 2197 902 2266 quando
929 2195 1144 2260 dicitur,
1176 2192 1276 2249 Fit
1303 2191 1683 2256 misericordia,
1718 2198 1846 2246 tunc
1873 2190 2139 2244 indicatur

557 2288 873 2365 petitionem
905 2302 1058 2341 suam
1100 2286 1267 2341 fuisse
1310 2282 1623 2349 admisSam,
1653 2290 1707 2336 et
1745 2280 2138 2365 illumabsolu-

562 2389 674 2432 tum
704 2392 824 2435 esse
849 2379 1172 2448 aprioratu.
1217 2376 1342 2431 Haec
1383 2385 1652 2437 notamus,
1689 2381 1748 2426 nt
1785 2368 2027 2428 extranei
2067 2371 2138 2427 is-

554 2477 693 2534 tam,
729 2477 788 2523 ut
820 2466 1480 2534 vocant,‘misericord1'am
1509 2451 2001 2529 Carthasianar‘um,
2040 2452 2138 2517 mi-

549 2560 666 2616 rari
705 2559 975 2616 desinant.

625 2649 727 2708 Hic
769 2660 950 2707 autem
988 2648 1213 2706 "tradere
1250 2647 1436 2719 incipit
1486 2634 1554 2703 ῐι.
1588 2633 1655 2702 Ρ.
1695 2634 1869 2716 Guigo
1908 2644 2137 2701 formam

554 2758 718 2815 quam
745 2742 900 2814 sequi
942 2741 1201 2798 debemus
1247 2740 1301 2796 in
1346 2738 1660 2811 probandis,
1694 2737 1823 2805 imo,
1854 2744 1912 2791 ut
1944 2736 2017 2790 ita
2054 2736 2145 2817 di‘o‘

548 2849 697 2899 cam,
718 2834 772 2889 in
801 2832 1072 2891 tentandis
1086 2832 1384 2903 juvenibus
1408 2832 1500 2902 qui
1524 2831 1592 2886 ad
1625 2834 1723 2886 nos
1748 2827 2139 2885 acceditntOr-

555 2926 734 2980 dinem
760 2914 1004 2995 petituri,
1052 2924 1127 2979 ita
1174 2932 1233 2979 ut
1264 2928 1470 2978 terrere
1511 2936 1608 2977 eos
1640 2920 1818 2991 potius
1856 2934 2138 2989 conemur,

561 3032 722 3085 quam
757 3016 1139 3072 blandimentis
1173 3004 1401 3070 delinire
1433 3020 1494 3070 ut
1522 3012 1849 3068 a’liiciant‘ur.
1884 3011 2136 3081 Alitiquin

562 3106 960 3176 imperterritus
1016 3120 1120 3161 non
1169 3113 1416 3160 maneret
1453 3088 1757 3174 postulans,
1808 3101 1948 3156 sicut
1990 3098 2142 3171 optat

557 3207 779 3252 sanctus
803 3200 903 3263 vir,
937 3198 981 3253 si
1008 3197 1239 3252 iitum-ex
1264 3196 1544 3254 charitatis
1568 3203 1624 3250 et
1656 3188 1957 3266 prudentiae
1992 3193 2142 3247 indu-

557 3286 694 3341 stria
718 3269 878 3343 veluti
909 3292 1114 3343 terrere
1150 3288 1621 3349 non'conaremur,
1654 3292 1709 3339 et
1739 3283 1932 3337 merito
1959 3297 1975 3336 :
2014 3292 2141 3336 nam

506 3439 509 3442 ή
563 3372 871 3430 institutum
888 3383 1165 3441 nostrum,
1190 3386 1311 3430 cum
1346 3373 1418 3430 sit
1452 3371 1644 3428 durum
1674 3380 1729 3427 et
1747 3386 2019 3441 asperum,
2048 3385 2142 3425 ne-

561 3455 764 3520 minem
791 3466 951 3520 debet
982 3456 1273 3521 admittere
1319 3464 1411 3534 qui
1461 3478 1565 3517 non
1602 3462 1816 3518 tantum
1859 3453 2143 3518 vocatione

561 3554 767 3613 cmlesti
797 3564 1057 3626 appareat
1083 3564 1419 3624 praeventus;
1449 3554 1543 3608 sed
1564 3553 1728 3609 ctiam
1753 3553 1982 3607 naturali
2010 3567 2142 3622 qua-

561 3649 689 3707 dam
711 3649 879 3705 animi
908 3647 1246 3711 fortitudine,
1276 3661 1405 3701 sana
1427 3659 1557 3700 vero
1579 3653 1739 3714 atque
1764 3643 1920 3700 hilari
1950 3659 2143 3713 corpo-

558 3741 640 3799 ris
666 3742 1052 3798 constitutione
1075 3739 1147 3796 sit
1176 3736 1460 3809 praaditus;
1492 3737 1583 3808 qui
1626 3736 1771 3793 enim
1804 3736 2143 3794 constitutis-

560 3835 648 3891 nis
674 3833 1038 3890 melancolicae
1063 3872 1080 3899 ,
1123 3833 1238 3887 sive
1262 3829 1517 3887 atrabiles
1541 3836 1687 3895 sunt,
1735 3828 2008 3884 solitudini
2046 3843 2142 3886 no—

568 3939 697 3986 strae
721 3942 828 3986 non
858 3939 982 3986 sunt
1009 3928 1139 4000 apti.
1173 3916 1272 3983 Hic
1299 3936 1479 3982 autem
1524 3924 1671 3998 rigor
1718 3915 2002 3995 probandi,
2031 3921 2140 3978 imo

563 4024 802 4079 terrendi
832 4022 1187 4095 postulantes,
1219 4027 1378 4090 quem
1425 4006 1667 4091 suggerit
1702 4016 1784 4071 vir
1823 4024 2063 4080 sanctus,
2094 4015 2138 4070 si

559 4114 727 4171 semel
755 4129 785 4168 a
814 4113 968 4169 nobis
999 4113 1098 4167 sub
1130 4110 1425 4166 indiscrete
1455 4117 1717 4181 praetextu
1746 4107 2028 4162 charitatls
2054 4121 2139 4162 re-

559 4206 796 4270 laxetur,
829 4203 1058 4258 iniirmis
1080 4212 1134 4257 et
1159 4196 1422 4256 debilibus
1446 4201 1636 4255 domos
1668 4207 1883 4252 nostras
1913 4190 2142 4267 replebi-

561 4310 706 4360 mus,
750 4308 781 4348 a
829 4293 1022 4363 quibus
1060 4289 1316 4361 propositi
1357 4287 1762 4348 Carthusiensis
1798 4288 2141 4344 observantia

561 4402 668 4441 non
694 4385 893 4455 poterit
912 4382 1150 4448 servari;
1183 4391 1239 4438 et
1261 4381 1388 4453 quid
1409 4380 1531 4435 inde
1556 4379 1805 4436 eveniet?
1841 4376 2009 4434 Nemo
2032 4396 2138 4434 non

2235 1824 2361 1895 quia
2389 1839 2419 1881 a
2440 1824 2801 1897 promissione
2829 1836 3012 1883 nostra
3046 1828 3201 1885 liberi
3230 1846 3438 1887 sumus.

2307 1916 2465 1972 Num.
2493 1918 2548 1973 8.
2590 1918 2744 1984 Quod
2777 1921 2826 1974 ei
2860 1938 2962 1975 non
3000 1923 3103 1976 nisi
3129 1923 3224 1977 sub
3250 1923 3349 1977 tali
3379 1926 3687 1994 sponsione,
3708 1937 3805 1983 etc.

2237 2008 2350 2066 lloc
2371 2018 2452 2065 est
2477 2012 2769 2081 singulare,
2796 2022 2857 2069 et
2879 2012 2983 2068 illis
3006 2022 3225 2069 tantum
3249 2015 3594 2085 temporibus
3622 2016 3807 2075 licitum

2239 2098 2409 2156 fuisse
2451 2103 2782 2159 credendum
2823 2113 2940 2173 est;
2976 2106 3288 2163 libertatem
3323 2108 3473 2163 enim
3513 2107 3809 2180 aiiquaiiter

2237 2192 2526 2260 adimebat,
2552 2203 2796 2251 nostrum
2821 2197 3655 2271 ordinemingredivolentibus.
3676 2201 3810 2259 Unde

2239 2283 2353 2340 hzec
2383 2285 2622 2340 conditio
2649 2302 2755 2342 non
2790 2286 2890 2343 fuit
2923 2287 2976 2342 in
2999 2289 3239 2361 antiquis
3261 2290 3486 2347 statutis
3508 2292 3716 2349 nostris
3738 2308 3809 2347 re-

2238 2372 2368 2439 lata,
2400 2374 2524 2443 quia
2555 2374 2736 2431 fuerat
2771 2386 3039 2435 correcta.
3112 2430 3115 2435 .

2306 2464 2468 2520 Num.
2499 2464 2554 2520 5.
2597 2464 2874 2522 Seniorum
2907 2468 3097 2540 aliquis
3125 2468 3428 2540 deputatur,
3467 2457 3565 2544 qui
3590 2490 3707 2528 eum
3731 2490 3811 2544 per

2236 2562 2421 2622 unam,
2449 2563 2579 2622 etc.,
2605 2556 3004 2613 hebdomadam.
3041 2558 3141 2616 Hic
3160 2561 3293 2617 oriri
3317 2561 3509 2633 incipit
3528 2579 3668 2619 usus
3689 2579 3813 2619 sem-

2238 2663 2336 2716 per
2363 2646 2616 2719 deinceps
2651 2649 2702 2704 in
2740 2650 2927 2706 ordine
2955 2660 3223 2717 servatus,
3268 2663 3329 2708 ut
3356 2668 3499 2709 unus
3537 2669 3611 2709 ex
3648 2668 3816 2709 mona-

2239 2739 2358 2826 chis
2386 2742 2686 2826 deputetur-
2706 2742 2777 2798 ad
2813 2743 2977 2800 horas
3022 2745 3283 2802 dicendas
3326 2760 3452 2801 cum
3494 2747 3738 2813 novitiis,
3764 2752 3817 2801 ut

2240 2822 2525 2888 addiscant
2553 2822 2786 2904 qualiter
2823 2843 2878 2890 et
2922 2844 3045 2891 cum
3088 2837 3285 2908 quibus
3323 2839 3671 2894 cteremoniis
3712 2837 3816 2894 oﬂi-

2235 2923 2383 2978 rium
2414 2923 2659 2979 divinum
2705 2918 3016 2994 persolvere
3049 2916 3307 2993 debeant,
3347 2927 3440 2997 qu’i
3488 2927 3620 2983 ideo
3649 2923 3817 2984 mona-

2237 3013 2379 3069 chus
2404 3015 2698 3071 secundum
2732 3013 2990 3084 majorem
3018 3015 3104 3073 vel
3132 3018 3396 3074 minorem
3420 3010 3621 3074 novitii
3653 3019 3706 3074 in
3727 3019 3818 3075 hoc

2245 3104 2570 3162 addiscendo
2623 3107 2995 3179 sagacitatem,
3046 3102 3171 3178 plus
3222 3108 3305 3166 vel
3351 3109 3540 3179 minus
3594 3109 3665 3166 ad
3708 3124 3819 3166 cun

2237 3193 2438 3268 pergit.

2244 3366 2250 3369 _
2310 3281 2471 3343 Num.
2500 3279 2556 3343 ι.
2598 3278 2701 3356 Qui
2725 3298 2898 3345 tamen
2932 3281 3146 3358 blande,
3172 3298 3305 3358 etc.,
3352 3307 3445 3347 nec
3471 3292 3522 3347 ei
3551 3302 3716 3347 totam
3734 3308 3814 3347 ss-

2243 3378 2346 3434 bito
2376 3379 2712 3435 institutionis
2739 3380 3090 3449 asperitatem,
3127 3388 3232 3437 etc.
3272 3379 3411 3437 Ecce
3474 3383 3713 3453 qualiter
3735 3397 3819 3436 aa-

2244 3467 2375 3536 tiqui
2404 3466 2593 3522 Patres
2632 3470 2803 3525 nostri
2851 3470 3201 3527 discretionis
3241 3472 3460 3543 regulas
3490 3461 3546 3528 in
3578 3473 3819 3529 omnibus

2243 3558 2539 3615 servandas
2564 3560 2665 3615 sibi
2702 3568 3125 3632 proposuerunt.
3164 3551 3396 3620 Terrore
3421 3563 3619 3620 volunt
3651 3573 3820 3635 postu-

2242 3649 2444 3704 lantem
2471 3649 2648 3720 prima
2685 3650 2884 3719 fronte,
2912 3660 2971 3706 ut
3001 3653 3126 3708 inde
3152 3652 3471 3709 discernant
3497 3669 3612 3723 quo
3642 3653 3817 3724 spiritu

2242 3735 2473 3797 ducatur
2527 3738 2582 3797 et
2631 3741 2838 3798 ordinis
2888 3742 3196 3814 ingressum
3256 3740 3423 3814 petat.
3479 3743 3594 3799 Sed
3649 3753 3819 3814 postea

2242 3834 2476 3889 scientes
2505 3832 2647 3903 quod
2674 3833 2857 3888 omnia
2888 3833 3124 3889 debeant
3156 3832 3394 3890 suaviter
3435 3826 3651 3905 disponi
3690 3833 3819 3887 circa

2242 3922 2533 3978 humanam
2561 3923 2952 3990 infirmitatem,
2975 3919 3035 3978 ut
3064 3925 3131 3979 ad
3169 3924 3328 3979 finem
3356 3918 3576 3979 fortiter
3596 3924 3819 3993 attinga-

2243 4023 2350 4080 tur,
2375 4015 2573 4088 gradus
2599 4013 2890 4072 observant
2918 4018 2972 4072 in
3001 4016 3339 4087 probationis
3360 4017 3682 4083 exercitiis;
3711 4016 3822 4070 visi-

2244 4111 2388 4158 tatur
2414 4104 2608 4174 saapius
2630 4121 2657 4159 a
2684 4106 2868 4175 pridre
2898 4105 3150 4169 novitius,
3178 4115 3238 4162 ut
3262 4098 3319 4162 in
3347 4105 3724 4177 spiritualibus
3748 4106 3816 4158 in-

2244 4204 2507 4260 struatur,
2531 4203 2588 4249 et
2613 4195 2689 4249 sic
2715 4194 3082 4265 spiritualibus
3104 4193 3378 4250 alimentis
3398 4195 3679 4250 enutritus
3703 4194 3819 4248 ado—

2245 4283 2414 4339 lescat
2439 4283 2489 4338 in
2521 4298 2620 4340 suo
2649 4285 2944 4354 proposito,
2978 4285 3148 4339 donec
3173 4284 3239 4339 ad
3267 4283 3579 4340 institutum
3614 4298 3822 4341 servan-

2244 4373 2371 4430 dum
2413 4391 2510 4445 per
2550 4374 2935 4445 professionem
2985 4384 3041 4431 et
3087 4383 3211 4430 Vota
3254 4375 3457 4431 emissa
3501 4388 3567 4431 se
3615 4374 3819 4445 obliget.

564 4448 735 4531 videt.
755 4475 831 4531 Ex
856 4448 1348 4547 dispensationibbs
1362 4472 1502 4526 enim
1527 4470 1897 4542 multiplicatis
1915 4484 2141 4526 nascun-
2167 4448 2211 4506 (ἶ
2248 4463 2408 4520 Tales
2428 4474 2607 4521 autem
2635 4464 2862 4522 licentiae
2878 4459 3133 4537 loquendi
3148 4470 3274 4521 cum
3291 4466 3616 4536 coquinario
3638 4464 3822 4520 nostris

566 4576 652 4622 tur
677 4565 1125 4629 consuetudines;
1155 4580 1219 4618 ex
1250 4561 1728 4618 consuetudinibtrs
1775 4570 1961 4617 centra
1990 4562 2143 4617 insti-

563 4671 675 4715 tttta
715 4656 1013 4715 monastica
1055 4654 1223 4711 semel
1256 4652 1572 4709 introductis
1599 4650 1840 4708 nascitur
1880 4666 2041 4722 prava
2072 4652 2139 4706 li-

560 4753 762 4817 bertas,
799 4761 855 4805 et
880 4765 947 4804 ex
978 4749 1078 4803 hac
1121 4745 1372 4801 libertate
1411 4744 1565 4798 ruina
1598 4741 1955 4798 observantia:
1985 4758 2142 4813 regit-'-

563 4847 710 4899 iaris.
745 4845 882 4900 Ecce
915 4857 1021 4913 quo
1050 4840 1266 4895 tandem
1298 4835 1603 4907 perveniret
1643 4835 1885 4904 quaedam
1916 4833 2139 4888 mollitia

565 4934 617 4990 in
640 4934 933 5006 probandis
962 4942 1017 4989 et
1049 4928 1345 4988 educandis
1368 4925 1611 4992 novitiis,
1654 4923 1699 4980 si
1746 4925 1884 4994 apud
1923 4937 2021 4979 nos
2045 4923 2141 4978 ad-

564 5027 892 5080 mitteretur.

633 5114 767 5170 lbid.
801 5115 853 5168 Ι.
893 5110 962 5166 Et
1000 5112 1124 5182 quia
1153 5106 1595 5181 congregationis,
1622 5116 1728 5160 etc.
1760 5112 1930 5159 ‘certus
1960 5119 2138 5158 nume-

566 5222 680 5270 rus,
714 5212 821 5258 etc.
849 5201 1114 5255 Numerus
1133 5200 1517 5255 monachorum
1542 5196 1682 5267 apud
1708 5207 1807 5250 nos
1834 5210 1937 5248 non
1966 5201 2142 5264 potest

566 5294 831 5353 excedere
858 5305 1138 5346 numerum
1165 5288 1477 5344 cellularum
1496 5301 1615 5359 qua:
1643 5286 1695 5340 in
1720 5285 1963 5356 qualibet
1983 5285 2141 5339 domo

566 5392 893 5447 constructae
916 5389 1059 5437 sunt.
1089 5379 1222 5436 Cum
1247 5382 1369 5434 enin
1399 5379 1501 5435 soli
1548 5379 1808 5448 degamus
1837 5377 1887 5431 in
1918 5376 2142 5446 singulis

568 5481 793 5549 cellulis,
820 5477 886 5535 ad
913 5474 1249 5532 solitudinem
1279 5470 1598 5526 servandam
1623 5469 1917 5537 dispositis,
1951 5467 2138 5523 novitii

568 5578 708 5630 sicut
754 5580 810 5628 et
844 5564 1095 5625 monachi
1132 5549 1329 5632 d'ebent
1367 5561 1464 5618 soli
1511 5559 1773 5616 habitare.
1809 5559 1873 5613 Et
1913 5559 2027 5615 haec
2059 5566 2143 5615 est

567 5659 824 5727 ratiocur
853 5666 1165 5730 terminum,
1202 5662 1253 5716 id
1285 5666 1369 5716 est
1391 5667 1598 5715 certum
1629 5664 1844 5725 tempus
1869 5653 2144 5725 postulan-

575 5764 720 5821 tibus
743 5762 1091 5834 assignemus,
1117 5770 1223 5828 quo
1243 5754 1441 5824 elapso,
1471 5749 1516 5807 si
1544 5747 1820 5821 postulans
1848 5756 1952 5801 utin
1978 5745 2141 5813 "adsit,

2252 4556 2469 4612 novitiis
2496 4566 2603 4611 non
2635 4555 2865 4624 amplius
2906 4555 3128 4621 dantur,
3167 4567 3222 4610 et
3250 4547 3457 4624 integra
3485 4550 3819 4609 observantia

2250 4648 2319 4703 ab
2342 4647 2448 4703 illis
2467 4646 2720 4719 exigitur,
2741 4646 2865 4718 quia
2886 4644 3132 4703 suﬁicere
3152 4646 3412 4711 creditur,
3439 4647 3484 4700 si
3501 4647 3821 4716 spatiamenc

2250 4742 2362 4793 tum
2389 4753 2510 4793 cum
2540 4737 2822 4794 monachis
2843 4737 3010 4794 semel
3046 4738 3100 4793 in
3132 4733 3467 4793 hebdomada
3497 4736 3757 4792 habeant.

2320 4824 2447 4884 llaec
2471 4836 2712 4885 veterum
2742 4826 2963 4884 Patrum
2989 4837 3295 4884 nostrorum
3311 4827 3455 4883 circa
3484 4827 3720 4882 novitios
3746 4821 3820 4879 di-

2250 4918 2474 4991 sciplina
2490 4921 2645 4975 bonis
2663 4920 2729 4975 de
2743 4919 2921 4975 ‘causis
2939 4927 2994 4976 et
3012 4934 3109 4989 per
3129 4919 3306 4974 varias
3320 4918 3689 4988 experientias
3707 4929 3819 4972 con-

2253 5011 2503 5079 firmatis,
2528 5009 2628 5065 fuit
2657 5010 2833 5081 aliqua
2861 5010 3013 5081 parte
3044 5010 3097 5065 in
3133 5010 3324 5065 melius
3350 5019 3592 5073 mutata,
3622 5022 3816 5082 perpo-

2251 5101 2479 5157 st'eriora
2511 5109 2738 5166 statuta,
2758 5099 3159 5155 sicutvidemus
3175 5098 3377 5154 factum
3405 5112 3526 5154 esse
3551 5114 3652 5169 per
3677 5102 3814 5152 saera

2247 5193 2474 5248 concilia
2505 5192 2829 5263 posteriora,
2860 5206 2982 5262 quae
3015 5200 3224 5261 tempus
3259 5189 3600 5260 probationis
3622 5197 3676 5243 et
3701 5192 3815 5241 aeta-

2248 5291 2356 5337 tem
2387 5283 2737 5353 professionis
2778 5283 2934 5337 aliter
2969 5281 3405 5337 determinarunt
3430 5288 3597 5350 quam
3627 5278 3812 5349 prima.

2247 5374 2505 5429 Poterunt
2552 5383 2679 5430 tunc
2706 5375 2772 5428 ab
2803 5373 2991 5428 ordine
3033 5371 3229 5443 expelli
3273 5370 3549 5436 monachi,
3596 5370 3643 5426 si
3677 5365 3815 5421 valde

2249 5466 2436 5523 discoli
2468 5476 2561 5521 aut
2600 5467 2775 5522 vitiosi
2820 5465 3048 5520 fuissent
3076 5463 3276 5529 effecti,
3306 5472 3367 5517 ut
3392 5461 3663 5517 videbitur
3687 5456 3811 5512 infra

2250 5575 2370 5628 cap.
2398 5558 2486 5624 '77,
2514 5568 2569 5612 et
2590 5558 2669 5613 sic
2695 5556 2854 5611 ovilia
2878 5555 3173 5611 monastica
3198 5555 3265 5609 ab
3289 5553 3482 5609 ovibus
3508 5552 3593 5606 lue
3617 5546 3813 5606 infectis

2253 5648 2492 5720 purgari.
2526 5647 2678 5702 Nunc
2710 5653 2836 5703 vero
2865 5645 3022 5704 aliter
3040 5644 3249 5717 juribus
3277 5642 3658 5701 ecclesiasticis
3679 5634 3814 5696 etei-

2254 5739 2445 5795 vilibus
2470 5739 2734 5797 sancitum
2756 5746 2858 5795 est.
3290 5725 3295 5729 ’
