3992 6398
167 353 292 412 685
1471 413 1473 416 ⁴
1527 355 1748 414 CONSU

1865 357 2121 416 UDINES.
3351 374 3456 430 686

248 467 307 520 5.
347 465 480 521 Cum
509 474 688 522 autem
725 475 934 539 tempus
963 481 1070 539 quo
1114 465 1361 524 benedici
1394 467 1586 523 debeat
1622 468 1900 535 institerit,
1957 471 2004 526 si
2039 470 2336 542 probabilis
2369 472 2682 542 apparuerit
2716 481 2768 528 ct
2799 474 2849 528 in
2891 479 3120 546 petendo
3150 481 3463 540 misericor-

163 556 328 612 diam
352 555 576 612 sedulus
600 556 782 622 fuerit,
813 559 930 614 dies
957 559 1006 613 ei
1033 575 1162 630 quo,
1193 559 1236 614 si
1263 562 1717 631 perseveraverit,
1750 562 1802 616 in
1834 571 2002 617 totum
2045 564 2244 636 suscipi
2275 565 2472 619 debeat
2505 572 2686 619 certus
2714 568 3091 624 constituetur.
3132 570 3186 624 lu
3211 587 3460 642 quocum

163 647 228 703 in
263 645 500 718 capitulo
528 646 713 718 itidem
742 647 1172 703 misericordiam
1206 649 1484 705 humiliter
1502 651 1888 722 postulaverit,
1919 650 2150 709 facultas
2177 653 2224 708 ei
2247 669 2341 709 seu
2373 653 2657 709 recedendi
2686 655 2729 708 si
2758 663 3010 730 γυιιιεει-ῑι⁹
3039 680 3133 724 sm.
3159 684 3254 723 sua
3279 674 3462 728 omnia

123 729 130 734 ’
161 735 456 808 quomodo
479 737 564 792 vel
585 737 785 808 quibus
811 738 1101 808 placuerit,
1133 740 1492 796 distribuendi
1524 740 1696 795 libera
1727 740 2016 797 tribuetur.
2049 743 2202 810 Quod
2233 746 2278 800 si
2310 745 2739 816 perseveraverit
2764 729 3004 822 pulsans,
3033 765 3255 827 optatus
3284 760 3333 816 ei
3361 763 3462 816 ui-

158 831 377 888 buetur
401 845 684 901 assensus,
709 838 764 886 et
791 838 920 886 tunc
941 829 1026 886 vel
1051 831 1168 902 ipse
1193 830 1273 886 vel
1305 831 1462 897 alius,
1493 833 1540 888 si
1565 833 1808 889 scribere
1843 835 2038 900 nescit,
2072 834 2215 892 hanc
2240 836 2710 908 ei'professionem
2741 841 2964 898 scribet.

1496 940 1896 1000 CAPITULUM
1948 943 2137 1024 xxtu.

1551 1031 1822 1104 Professio
1866 1035 1918 1090 Ν
1923 1037 2090 1091 ovitii.

246 1127 300 1180 ι.
355 1145 372 1176 ι
414 1125 526 1196 Ego
553 1124 722 1180 frater
746 1125 835 1178 ille
862 1123 1119 1195 promitto
1150 1121 1530 1188 stabilitatem,
1561 1132 1617 1179 et
1649 1123 2046 1207 obedientiam,
2075 1137 2132 1182 et
2157 1129 2565 1186 conversionem
2593 1147 2803 1188 morum
2835 1151 3100 1202 meorum,
3132 1152 3314 1193 coram
3352 1139 3460 1193 Deo

198 1237 225 1270 ι
257 1218 464 1272 sanctis
493 1217 610 1286 ejus
635 1227 687 1270 et
719 1216 963 1285 reliquiis
985 1217 1140 1271 istius
1163 1217 1356 1281 eremi,
1383 1229 1506 1286 qua:
1531 1223 1844 1270 constructa
1877 1225 1962 1270 est
1988 1218 2054 1272 ad
2077 1214 2341 1274 honorem
2363 1218 2458 1276 Dei
2483 1237 2537 1277 et
2561 1223 2732 1280 beatae
2759 1241 2973 1298 semper
2992 1227 3228 1299 Virginis
3251 1229 3454 1296 Mai-ite,

176 1320 223 1367 :t
245 1310 391 1365 beati
414 1307 648 1366 Joannis
669 1310 940 1380 Baptista,
970 1306 1026 1361 in
1052 1306 1340 1376 praesentia
1365 1304 1549 1360 domui
1574 1303 1718 1358 illius
1749 1305 1964 1374 prioris.
2007 1325 2026 1357 ι
2063 1312 2122 1371 ›Ῑ‹

1567 1417 2122 1477 COMMENTARIUS
2142 1463 2153 1477 .

235 1514 408 1570 Num.
439 1513 493 1570 5.
543 1512 636 1570 Vel
660 1514 798 1570 alius
823 1515 868 1570 si
889 1513 1114 1570 scribere
1140 1513 1318 1568 nescit.
1374 1511 1430 1567 Id
1456 1511 1758 1581 intelligen-
1788 1517 1832 1572 Α
1865 1512 2074 1579 domus,
2115 1531 2236 1570 esse
2269 1526 2476 1574 tantum
2523 1521 2623 1576 sub
2676 1522 2777 1578 hac
2823 1525 3130 1582 conditione
3170 1529 3452 1596 emissum,

160 1607 298 1661 dum
331 1617 416 1662 est
445 1622 550 1661 non
590 1607 656 1662 de
688 1606 837 1662 totali
881 1606 1154 1662 scribendi
1186 1604 1479 1676 imperitia,
1513 1619 1638 1658 nam
1672 1604 1762 1673 qui

158 1699 416 1755 scribere
459 1700 718 1755 nescisset
763 1699 979 1769 ineptus
1014 1700 1081 1753 ad
1115 1682 1430 1754 clericatum
1459 1695 1669 1761 luisset,
1697 1694 1764 1750 ad

159 1805 340 1860 quem
369 1789 482 1861 apti
509 1805 631 1846 esse
654 1790 925 1846 debebant
949 1804 1138 1846 omnes
1159 1790 1248 1859 qui
1274 1791 1340 1844 ad
1365 1797 1564 1845 statum
1584 1802 1767 1843 mona-

157 1880 402 1936 chorum
426 1880 873 1949 admittebantur,
903 1890 1063 1952 prout
1079 1879 1306 1936 inferius
1326 1896 1448 1951 cap.
1476 1880 1546 1934 75
1570 1881 1766 1950 proba-

157 1970 339 2038 bitur,
390 1970 488 2027 sed
522 1972 588 2028 de
645 1971 918 2042 imperitia
969 1970 1195 2042 pulchre
1249 1969 1556 2034 scribeubi,
1603 1978 1764 2040 prout

156 2061 414 2118 scribere
442 2062 780 2118 docebantur
807 2062 977 2117 nostri
1009 2061 1077 2118 ad
1105 2061 1274 2117 libros
1298 2059 1760 2124 transcribendos,

156 2151 310 2208 sicut
335 2153 570 2208 habetur
591 2169 712 2224 cap.
742 2153 833 2219 28,
863 2169 918 2207 u.
947 2153 1003 2208 2.

227 2240 414 2298 Porro
447 2251 618 2298 totum
649 2243 944 2314 capitulum
978 2243 1144 2310 istud,
1176 2251 1402 2311 excepta
1451 2239 1762 2296 conditione

157 2333 253 2389 illa
281 2349 453 2404 supra
484 2343 696 2400 notata,
738 2335 967 2392 relatum
994 2335 1235 2391 invenies
1269 2347 1379 2389 sec.
1413 2343 1550 2403 part.
1581 2333 1756 2403 antiq.

154 2432 390 2492 statut.,
414 2439 536 2497 cap.
557 2426 652 2493 25,
681 2441 774 2481 nn.
798 2425 855 2493 5,
886 2425 944 2493 9,
970 2426 1036 2480 t6
1055 2434 1111 2481 et
1127 2425 1220 2491 ‘20,
1249 2426 1485 2494 itemque
1511 2439 1631 2494 cap.
1661 2423 1754 2490 24,

155 2531 214 2570 n.
247 2517 309 2571 i.

227 2610 372 2666 CAP.
420 2609 887 2667 XXﬂl.—-Num.
945 2613 998 2668 1.
1075 2609 1337 2665 Promitto
1393 2611 1753 2666 stabilitatem.

155 2698 383 2757 Omissa
411 2702 750 2759 discussione
775 2717 964 2758 eorum
988 2717 1108 2774 qua:
1131 2701 1334 2773 passim
1359 2717 1390 2757 a
1431 2702 1593 2759 variis
1622 2705 1756 2759 seri-

154 2795 420 2864 ptoribus
448 2795 593 2851 circa
624 2805 809 2851 votum
842 2795 1151 2851 stabilitatis
1184 2795 1329 2850 dicta
1364 2805 1511 2861 sunt,
1540 2811 1601 2852 ea
1632 2806 1754 2852 tan-

157 2896 272 2942 tum
324 2889 661 2958 proferemus
707 2904 828 2962 qua:
865 2891 1008 2959 apud
1051 2904 1150 2944 nos
1186 2890 1334 2946 circa
1376 2889 1502 2945 illud
1548 2899 1657 2945 tum
1687 2906 1755 2947 ex

157 2987 497 3036 statutorum
529 2991 736 3048 tenore,
769 2992 882 3038 tum
925 2997 990 3038 ex
1031 2982 1391 3050 capitulorum
1423 2983 1754 3052 generalium

156 3069 620 3138 ordinationibus,
674 3080 787 3126 tum
829 3071 1046 3129 demum
1090 3087 1153 3128 ex
1205 3073 1359 3142 praxi
1405 3072 1612 3128 ordinis
1659 3087 1756 3144 pro

157 3171 315 3216 certo
340 3160 586 3219 habenda
607 3173 755 3219 sunt.

225 3252 443 3308 Primo.
484 3254 589 3310 Per
603 3256 950 3312 stabilitatem
977 3257 1122 3311 illam
1149 3256 1557 3328 recognoscitur
1576 3257 1755 3312 adlue-

159 3344 347 3398 rentia
373 3344 500 3412 fixa,
525 3356 578 3402 et
599 3349 999 3418 quodammodo
1025 3341 1416 3406 indissolubilis
1444 3349 1608 3405 statui
1638 3365 1752 3404 mo-

159 3436 380 3492 nastico
409 3447 464 3493 et
490 3440 841 3495 carthusiano
872 3441 1077 3510 debita,
1109 3443 1195 3496 cui
1227 3442 1524 3497 monachus
1545 3439 1754 3512 profes-

159 3523 376 3580 sionem
434 3529 710 3591 cmittens,
763 3529 942 3585 sciens
989 3539 1045 3586 et
1095 3523 1282 3586 volens
1331 3545 1390 3586 se
1430 3545 1526 3601 per
1568 3540 1755 3584 votum

159 3613 376 3685 alligat.
415 3615 481 3670 Et
511 3617 634 3673 inde
659 3618 839 3674 dicere
875 3635 979 3675 non
1005 3621 1314 3676 dubitamus
1343 3625 1637 3678 monachos
1664 3623 1754 3694 qui

159 3707 223 3760 ad
247 3707 632 3777 episcopatum
656 3719 940 3772 vocantur.
966 3727 1070 3766 non
1095 3727 1254 3781 posse
1278 3713 1386 3768 ullo
1407 3714 1566 3770 modo
1591 3716 1754 3770 eximi

159 3798 224 3852 ab
251 3800 329 3854 iis
349 3801 710 3858 observantiis
749 3804 981 3859 instituti
1027 3807 1444 3872 carthusieusis,
1485 3823 1604 3878 quae
1631 3826 1752 3864 cum

159 3892 567 3963 episcOpalibus
607 3895 806 3950 muniis
848 3905 1072 3966 possunt
1097 3899 1449 3963 concordare,
1479 3911 1640 3971 prout
1673 3909 1756 3956 est

160 3984 496 4040 abstinentia
517 4001 547 4040 a
572 3989 848 4056 carnibus,
879 3989 1004 4060 quia
1028 4005 1125 4061 per
1145 4001 1329 4044 votum
1357 3993 1614 4049 emissum
1645 4003 1755 4049 sta-

158 4072 391 4132 bilitatis
422 4081 701 4134 servanda:
745 4081 798 4134 in
850 4081 1129 4151 proposito
1171 4082 1565 4139 carthusiensis
1598 4084 1664 4138 ad
1704 4085 1754 4140 id

158 4165 502 4232 obligantur,
534 4178 586 4223 et
613 4169 870 4239 obligatio
901 4170 1008 4224 voti
1037 4170 1289 4225 servandi
1320 4179 1404 4226 est
1427 4171 1494 4226 de
1521 4170 1643 4240 jure
1670 4173 1750 4228 di-
1779 4206 1823 4268 Ο

159 4257 310 4311 vino.
338 4256 546 4323 Quibus
570 4270 748 4314 autem
779 4262 960 4316 causis
981 4277 1116 4332 opus
1143 4261 1214 4315 sit
1241 4260 1307 4315 ad
1331 4260 1507 4317 valide
1530 4263 1748 4334 dispen-

159 4348 393 4401 sandum
427 4349 480 4402 in
514 4363 572 4404 re
595 4365 713 4418 qua:
735 4351 901 4405 divini
929 4351 1068 4419 juris
1091 4363 1196 4418 est,
1239 4352 1496 4409 lectorem
1531 4355 1752 4411 remitto

159 4443 221 4494 ad
251 4442 318 4496 D.
355 4441 644 4507 Thomam,
676 4441 918 4501 Toletum
951 4455 1002 4501 et
1043 4447 1162 4502 illos
1194 4447 1605 4518 probatissimos
1624 4448 1752 4504 doc-

158 4541 328 4589 tores.

227 4629 509 4684 Secundo.
549 4628 652 4684 Pcr
679 4629 1030 4686 stabilitatem
1064 4632 1381 4703 intelligitur
1420 4631 1749 4687 adhaerentia

158 4719 298 4783 loco,
337 4722 392 4775 id
427 4729 512 4776 est
535 4722 735 4782 domui,
771 4724 886 4778 sive
915 4725 968 4779 in
1011 4740 1116 4794 qua
1143 4722 1531 4795 professionem
1563 4737 1752 4777 mona-

159 4813 297 4868 chus
328 4813 552 4882 emittit,
590 4816 704 4870 sive
733 4815 799 4870 ad
827 4832 988 4886 quam
1030 4833 1127 4888 per
1152 4816 1514 4872 obedientiam
1542 4815 1750 4870 ordinis

159 4904 420 4957 mittitur.
477 4904 559 4958 Ad
598 4921 759 4974 quam
818 4907 1170 4963 stabilitatem
1207 4907 1321 4962 sive
1360 4907 1746 4962 adhaerentiam

159 5007 253 5061 per
285 5003 471 5050 votum
496 4996 660 5051 etiam
686 5014 745 5053 se
766 5001 1037 5071 astringit,
1068 5009 1127 5054 ut
1150 5000 1280 5055 satis
1301 5001 1350 5054 id
1379 4999 1612 5068 explicat
1636 5000 1749 5069 ipse

160 5097 387 5142 sanctus
427 5087 590 5144 Pater
632 5089 815 5145 Bruuo
850 5091 966 5146 loco
1008 5092 1149 5147 infra
1180 5092 1418 5159 citando,
1453 5101 1506 5148 et
1537 5101 1648 5146 tum
1680 5107 1746 5147 ex

160 5181 404 5251 antiquis
432 5181 639 5236 chartis
668 5184 1079 5252 eapitularibus,
1126 5193 1238 5239 tum
1269 5199 1334 5240 ex
1368 5185 1604 5254 antiquis
1635 5192 1747 5239 sta-

162 5273 286 5326 tutis
315 5272 562 5344 pervium
593 5284 696 5341 est,
728 5277 795 5330 ab
819 5277 917 5330 hac
941 5277 1310 5343 instabilitate,
1344 5277 1394 5332 id
1425 5286 1506 5333 est
1535 5277 1745 5345 pruritu

160 5371 251 5416 aut
289 5366 597 5434 importuna
644 5369 908 5438 petitione
939 5369 1180 5422 mutandi
1211 5370 1450 5433 domum,
1485 5383 1513 5422 a
1546 5369 1746 5424 nostris

160 5468 277 5510 esse
291 5456 693 5526 abstinendum,
713 5459 875 5513 veluti
904 5475 932 5512 a
951 5475 1008 5514 re
1032 5469 1157 5514 voto
1171 5459 1482 5514 stabilitatis
1497 5460 1742 5525 adversa,

1870 1619 2063 1676 nempe
2099 1617 2157 1662 ut
2181 1624 2288 1664 non
2319 1610 2414 1665 ﬁat
2441 1613 2668 1669 mutatio
2699 1612 2802 1670 loci
2832 1616 3038 1687 absque
3069 1633 3256 1686 causa,
3289 1637 3452 1690 quam

1866 1697 2001 1752 ordo
2019 1697 2221 1765 justam
2241 1699 2590 1769 judicaverit.
2623 1705 2753 1760 Inde
2780 1715 2990 1762 certum
3015 1718 3099 1766 est
3127 1713 3451 1769 monachum

1865 1787 2309 1859 Carthusianum,
2340 1796 2430 1864 qui
2458 1793 2663 1866 absque
2690 1800 3033 1867 necessitate,
3063 1810 3117 1857 et
3143 1817 3208 1856 ex
3233 1806 3454 1874 propria

1866 1879 2162 1950 voluntate,
2205 1883 2317 1939 sive
2347 1886 2447 1941 sub
2487 1887 2625 1942 fictis
2663 1890 3033 1957 praetextibus,
3066 1892 3183 1948 sive
3226 1894 3455 1965 subrep-

1866 1971 2001 2027 titiis
2029 1973 2206 2028 modis
2243 1974 2515 2031 licentiam
2545 1977 2772 2044 obtinet,
2825 1980 2907 2036 vel
2948 1985 3126 2052 potius
3163 1993 3454 2054 extorquet

1864 2065 2084 2122 domum
2117 2068 2382 2137 mutandi,
2419 2085 2647 2141 peccare
2675 2080 2864 2128 contra
2897 2082 3084 2128 votum
3111 2075 3450 2130 stabilitatis.

1933 2156 2062 2214 Haec
2090 2167 2271 2214 autem
2297 2161 2566 2218 stabilitas
2591 2163 2670 2218 sic.
2699 2164 2968 2220 intellecta
2995 2172 3180 2221 nostro
3205 2165 3453 2222 instituto

1861 2237 2167 2305 essentiaiis
2187 2258 2290 2316 est,
2329 2251 2455 2321 quia
2487 2253 2553 2307 ad
2575 2253 2697 2308 vita:
2718 2253 2975 2312 solitariae
3003 2256 3270 2312 rationem
3296 2265 3352 2312 et
3379 2257 3452 2312 ad

1861 2338 2006 2396 illius
2031 2340 2250 2398 habitus
2277 2343 2632 2400 assumeudos
2668 2358 2892 2400 necesse
2921 2354 3025 2402 est.

1929 2428 2135 2484 Primo.
2162 2429 2380 2498 Ingenio
2402 2430 2640 2488 humano
2659 2433 2725 2488 ad
2748 2434 3017 2491 novitates
3035 2433 3171 2491 mire
3183 2451 3450 2507 propenso

1861 2519 2065 2574 aditum
2095 2519 2408 2587 occludere,
2432 2529 2490 2578 et
2515 2521 2831 2578 stabilitatis
2853 2524 3007 2594 praxi
3031 2526 3450 2596 pr0pensioucm

1859 2610 2006 2666 illam
2038 2611 2368 2668 mortificare
2392 2622 2446 2668 et
2467 2613 2778 2686 subjugare,
2810 2623 2870 2670 ut
2896 2616 2976 2672 sic
3005 2617 3249 2672 addiscat
3277 2618 3451 2672 sensi-

1860 2704 1959 2760 bus
1982 2707 2050 2761 ab
2071 2707 2302 2776 objectis
2325 2707 2569 2764 externis
2590 2706 2703 2776 jam
2728 2706 3018 2765 abstractis
3041 2708 3275 2779 aliquam
3302 2710 3451 2766 habi-

1861 2796 2061 2851 tualem
2092 2798 2518 2855 dissuetudinem
2550 2812 2866 2869 procurare,
2903 2813 3026 2870 quae
3049 2799 3291 2868 solitarii
3327 2799 3447 2854 aui-

1859 2902 2003 2941 mum
2033 2887 2267 2957 quietius
2297 2903 2458 2960 agere
2489 2889 2652 2944 sinat.

1929 2975 2198 3032 Secundo.
2242 2978 2346 3034 Per
2365 2979 2584 3032 ﬁrmam
2607 2986 2663 3034 et
2688 2978 2940 3034 stabilem
2965 2980 3017 3034 in
3040 2978 3276 3035 claustro
3293 2993 3446 3034 man-

1857 3069 2063 3124 sionem
2101 3084 2316 3136 cavere,
2357 3086 2425 3124 ne
2467 3078 2545 3122 tot
2583 3070 2908 3138 importunis
2953 3068 3444 3140 pliautasmatibus,

1857 3175 1920 3215 ex
1954 3175 2133 3215 rerum
2169 3159 2481 3214 relictarum
2512 3160 2741 3232 objectis
2767 3161 2834 3218 de
2871 3176 3010 3217 novo
3042 3170 3276 3217 mentem
3303 3162 3444 3218 illius

1857 3267 1920 3307 ex
1947 3251 2231 3320 prmsentia
2258 3249 2603 3318 ferientibus,
2631 3260 2686 3307 et
2705 3266 2773 3306 ex
2800 3251 2874 3307 rei
2897 3251 3138 3308 novitate
3159 3251 3445 3309 violentius

1858 3357 1977 3398 sese
2013 3342 2469 3413 imprimentibus,
2501 3343 2698 3398 iterum
2728 3343 2941 3400 animus
2961 3342 3079 3412 ejus
3110 3344 3442 3401 vulneretur.

1858 3433 1972 3501 Qua
1996 3435 2061 3490 de
2089 3451 2252 3491 causa
2278 3433 2398 3490 non'
2417 3436 2596 3500 debet,
2637 3449 2735 3490 nec
2767 3437 2818 3489 in
2849 3441 2963 3490 solo
2989 3436 3246 3502 transitu,
3274 3451 3444 3493 saecu-

1860 3525 1966 3579 lum
1997 3526 2179 3580 videre
2209 3526 2361 3580 velle.

1926 3617 2080 3673 Finis
2104 3633 2233 3689 ergo
2263 3618 2404 3674 illius
2445 3619 2757 3674 stabilitatis
2797 3619 3152 3688 subvertitur,
3176 3619 3304 3674 dum
3329 3635 3454 3675 mo-

1859 3712 2062 3765 nachus
2108 3709 2502 3766 Cartbusianus
2540 3712 2897 3767 mutationem
2939 3712 3132 3766 domus
3159 3711 3362 3782 appetit
3399 3722 3455 3764 et

1857 3803 2067 3856 obtinet
2097 3842 2112 3866 ,
2140 3816 2263 3856 nam
2286 3811 2342 3856 et
2369 3802 2678 3872 appetendo
2707 3811 2887 3856 mente
2904 3802 3017 3870 jam
3050 3801 3103 3855 in
3136 3802 3452 3856 uovitatum

1859 3895 2183 3950 teutationes
2217 3895 2398 3964 lapsus
2426 3903 2529 3957 est,
2558 3904 2613 3949 et
2644 3910 2739 3964 per
2759 3894 3013 3949 saeculum
3045 3893 3325 3948 ambulare
3354 3894 3440 3947 iu-

1856 3988 2059 4058 cmpit;
2099 3994 2157 4041 et
2184 3985 2480 4040 obtinendo
2503 3986 2646 4054 quod
2677 3985 2988 4049 desiderat,
3024 3984 3351 4041 teutationes
3377 3985 3443 4040 il-

1855 4077 1935 4133 las
1967 4077 2036 4132 ad
2065 4085 2246 4132 actum
2271 4076 2505 4131 deducit;
2535 4076 2689 4132 Unde
2717 4085 2908 4130 natura
2933 4077 3001 4132 ad
3038 4076 3230 4132 cellam
3255 4086 3440 4148 postea

1857 4183 2098 4236 reversa,
2117 4177 2173 4223 et
2194 4169 2261 4223 ad
2281 4168 2516 4238 primum
2539 4168 2862 4238 privationis
2884 4177 3085 4224 statum
3105 4169 3346 4236 reducta,
3366 4171 3440 4225 ibi

1857 4259 2069 4330 litigare
2094 4299 2110 4326 ,
2170 4259 2278 4313 itno
2307 4273 2403 4327 per
2432 4259 2885 4329 iniaginatiouum
2933 4259 3240 4316 collisioues
3281 4262 3438 4330 quasi

1856 4352 2037 4408 furere
2067 4353 2119 4408 in
2145 4354 2306 4407 istum
2334 4351 2724 4406 ambulatorem
2784 4353 2959 4407 denuo
3018 4337 3277 4419 inchoat,
3341 4355 3431 4422 qui

1855 4445 1975 4500 ideo
2016 4445 2217 4515 justam
2252 4443 2304 4498 in
2327 4458 2386 4498 se
2428 4441 2796 4497 instabilitatis
2825 4457 2935 4497 suae
2965 4441 3269 4498 mercedem
3297 4444 3436 4496 reci-

1853 4535 1950 4604 pit.
1981 4533 2094 4588 Non
2141 4533 2338 4587 mirum
2367 4545 2496 4599 ergo
2522 4539 2606 4584 est
2635 4529 2680 4583 si
2714 4529 2766 4582 iu
2797 4528 3142 4597 proverbium
3175 4527 3315 4598 apud
3339 4544 3438 4581 uos

1855 4639 2012 4681 versa
2063 4623 2173 4679 sint
2223 4621 2387 4676 verba
2425 4622 2516 4674 illa
2555 4619 2798 4674 auctoris
2853 4618 2996 4672 libri.
3036 4617 3112 4672 De
3145 4619 3438 4671 imitatione

1854 4713 2046 4768 Christi
2070 4732 2088 4770 :
2115 4710 2257 4766 Raro
2285 4709 2708 4776 sancti/icantur,
2738 4708 2828 4776 qui
2875 4705 3098 4759 multum
3119 4721 3437 4777 pergrmam

1855 4814 1959 4869 tur,
1997 4805 2121 4874 quia
2159 4802 2210 4858 id
2245 4815 2432 4856 verum
2453 4814 2572 4856 esse
2608 4798 2942 4868 experientia
2981 4796 3209 4851 docente
3240 4796 3434 4851 didici-

1855 4913 1974 4955 mus
1998 4938 2012 4962 ,
2065 4897 2116 4950 in
2146 4896 2232 4951 his
2262 4893 2350 4964 qui
2381 4895 2523 4962 apud
2555 4908 2652 4949 uos
2707 4891 2969 4963 (subaudi
2995 4905 3058 4945 ex
3086 4889 3305 4959 propria
3339 4905 3434 4944 vc-

1852 4988 2092 5060 luntate)
2142 4988 2207 5041 de
2253 4989 2412 5042 domo
2467 4987 2520 5041 in
2561 4985 2779 5041 domum
2809 4998 3036 5056 pergere
3072 4982 3139 5038 ad
3165 4997 3318 5038 suam
3348 4983 3433 5037 in-

1851 5093 1968 5139 stau
1978 5082 2104 5136 tiam
2133 5089 2405 5152 quaerunt.

1922 5177 1978 5233 Si
2013 5179 2214 5233 instent
2237 5176 2403 5245 aliqui
2437 5183 2492 5230 et
2537 5175 2723 5230 dicant
2775 5187 2834 5228 se
2880 5173 3066 5228 mirari
3112 5174 3255 5242 quod
3288 5172 3432 5242 apud

1851 5287 1948 5326 nos
1975 5271 2129 5342 quasi
2158 5285 2254 5340 pro
2284 5267 2601 5323 criminibus
2643 5267 2946 5321 habeantur
2979 5265 3226 5336 qumdam
3252 5303 3267 5330 ,
3310 5277 3432 5332 quae

1851 5361 1904 5416 in
1935 5361 2055 5416 aliis
2109 5360 2392 5416 ordinibus
2423 5358 2584 5413 veluti
2637 5358 2782 5413 licita
2820 5366 2876 5412 et
2907 5357 3124 5412 innoxia
3159 5357 3431 5412 aestiman-

1851 5464 1940 5509 tur
1965 5497 1980 5521 ,
2027 5468 2090 5510 ac
2142 5453 2302 5509 facile
2343 5452 2766 5522 permittuntur;
2801 5449 3038 5505 breviter
3082 5448 3430 5518 respondebi-

160 5557 320 5614 prout
361 5548 476 5602 suis
512 5549 646 5605 locis
677 5551 886 5620 plenius
917 5551 1250 5622 probabitur.
1283 5552 1390 5606 Sed
1421 5561 1628 5607 certqu
1659 5561 1744 5607 est
1775 5551 1820 5606 D
1847 5565 1964 5606 mus
1987 5549 2088 5612 eis,
2121 5559 2356 5604 statuum
2390 5547 2758 5602 diversitatem
2791 5545 2842 5598 in
2876 5545 2977 5598 hoc
3001 5556 3120 5596 esse
3142 5540 3428 5596 attenden-

160 5650 223 5690 ει
248 5640 507 5693 continua
535 5642 689 5709 praxi
721 5642 948 5708 ordinis,
983 5658 1101 5712 qua:
1133 5643 1338 5713 optima
1370 5641 1543 5713 legum
1571 5643 1739 5698 inter-

162 5742 286 5794 pres
314 5739 420 5799 est,
447 5739 629 5788 votum
656 5735 784 5790 illud
816 5737 992 5805 quoad
1023 5737 1163 5791 hanc
1185 5743 1394 5792 partem
1426 5736 1741 5793 mutationis

1845 5639 1994 5703 dam,
2013 5649 2068 5695 et
2095 5640 2234 5694 sicut
2255 5639 2307 5692 iu
2329 5645 2472 5694 statu
2506 5636 2748 5691 saeculari
2773 5633 2926 5703 plura
2958 5631 3278 5699 quibusdam
3301 5644 3425 5697 per-

1847 5735 1996 5790 sonis
2031 5733 2218 5788 nociva
2250 5745 2354 5786 uou
2389 5737 2727 5796 reputantur,
2765 5741 2886 5794 qua:
2925 5725 3047 5779 aliis
3081 5723 3238 5780 valde
3283 5725 3426 5794 peri-
