3992 6398
538 412 642 470 687
1390 399 1720 461 ςυιῦοΝιε
1758 400 1780 455 l
1815 392 2137 456 CARTIlUS

2271 390 2563 449 ιιΑιυιιιδ
2601 389 2878 448 PRIORIS
2912 389 2958 445 Υ
3716 378 3810 434 68⁸

608 528 663 583 2.
705 527 762 581 In
791 526 903 596 ipsa
935 533 1116 581 autem
1146 522 1330 586 missa,
1362 536 1467 596 qua
1497 495 1873 587 suscipiendus
1902 521 2007 578 est,
2048 519 2174 583 post
2201 507 2546 596 Olferentlam
2577 508 2644 561 ad
2675 507 2902 596 gradum
2934 514 3061 561 ante
3089 502 3258 557 altare
3290 499 3465 565 venit,
3500 495 3808 596 inclinatus.

536 630 644 686 que
670 593 885 668 versum
914 613 1057 667 hunc
1086 612 1243 664 tertio
1265 594 1482 677 repetit,
1508 604 1676 661 choro
1707 601 2068 670 respondente
2085 597 2337 655 eumdem
2362 612 2377 650 :
2420 595 2638 665 Suscipe
2668 612 2772 660 me,
2802 595 3046 662 Domine,
3069 613 3357 654 secanaum
3379 593 3809 686 elaquinsntaam

536 680 586 764 et
621 708 822 771 vivam;
854 716 899 760 et
926 719 1028 758 non
1052 699 1344 771 confundas
1372 714 1453 752 me
1488 697 1553 750 ab
1582 693 1965 764 exspectatione
1986 707 2128 745 mea.
2160 688 2291 744 Post
2316 686 2471 757 cujus
2500 687 2714 743 tertiam
2750 686 3127 756 repetitionem
3158 689 3397 751 additur,
3426 684 3615 741 Gloria
3648 680 3812 751 Patri,

538 799 706 872 Kyrie
721 799 967 868 -eleyson,
995 792 1159 851 Pater
1185 800 1375 848 noster.
1406 788 1624 844 lnterint
1651 785 1884 840 novitius
1907 791 2031 837 ante
2052 781 2292 853 singulos
2314 780 2608 835 monachos
2631 793 2805 848 genua
2831 778 3057 835 ﬂectens
3081 778 3230 844 dicit,
3251 777 3362 834 Ora
3385 793 3484 848 pro
3507 792 3610 840 me,
3636 771 3808 872 Pater.

538 863 671 949 Post
702 863 836 946 haec
850 863 1085 953 rediens,
1114 885 1167 939 in
1190 873 1377 939 eodem
1404 895 1512 951 quo
1538 880 1711 950 prius,
1744 885 1850 933 stat
1871 875 2161 930 inclinatus
2182 872 2324 928 loco.
2357 871 2510 926 Tunc
2538 870 2795 926 sacerdos
2813 872 2881 926 ad
2907 868 3055 925 illum
3085 885 3382 926 conversus
3411 867 3634 925 subdit:
3668 863 3731 919 Et
3753 882 3809 920 iss

538 998 634 1036 nos
656 981 897 1043 inducas,
926 977 1142 1032 Salvum
1171 972 1255 1042 [ac
1277 986 1481 1027 servum
1509 980 1687 1034 tuum,
1727 967 1880 1022 Mitte
1908 965 1987 1032 ei,
2018 962 2149 1018 Esto
2177 963 2247 1030 ei,
2282 962 2539 1017 Dominus
2560 962 2824 1017 uobiscum
2842 974 2867 1015 -.'
2898 960 3086 1033 sicque
3108 960 3378 1017 cucullam
3406 972 3579 1029 super
3601 956 3809 1029 gradum

538 1083 667 1129 ante
697 1072 956 1125 itovitium
976 1068 1210 1141 positam
1241 1060 1533 1150 benedicit,
1563 1060 1772 1115 dicens.

1924 1158 2497 1227 COMMENTARIUS.

540 1332 726 1389 culosa
754 1339 849 1386 aut
877 1330 1134 1385 indecora
1178 1336 1298 1379 esse
1321 1324 1611 1375 censentur
1637 1354 1651 1380 ,
1683 1326 1748 1368 ac
1795 1311 1915 1366 ideo
1938 1307 2125 1379 probi-
2155 1313 2199 1372 Α
2227 1321 2259 1362 e
2288 1305 2564 1362 contrario
2594 1306 2665 1361 sit
2695 1307 2995 1363 remedium
3018 1307 3328 1378 appositum
3355 1345 3373 1372 ,
3420 1317 3497 1360 ne
3528 1303 3661 1374 quid
3700 1318 3814 1360 seua

536 1424 738 1483 bentur
760 1462 775 1487 ,
805 1421 887 1476 sic
913 1419 1067 1489 plura
1096 1415 1222 1469 vita:
1253 1408 1509 1467 solitariae
1536 1403 1935 1475 professoribus
1962 1398 2123 1455 noxia
2227 1401 2330 1454 sim
2361 1408 2601 1453 mutetur
2624 1414 2688 1453 ex
2716 1399 2951 1454 humana
2993 1398 3312 1453 inﬁrmitate
3341 1439 3355 1461 .
3412 1399 3562 1467 quod
3592 1397 3801 1467 antiquo

539 1524 688 1581 sunt,
718 1520 774 1568 et
808 1500 931 1567 ideo
957 1504 1315 1579 prohibenda,
1352 1512 1472 1569 qua:
1501 1496 1623 1551 aliis
1651 1492 1993 1564 regularibus
2014 1503 2124 1544 non

532 1580 761 1663 tantum
781 1602 939 1658 noxia
969 1614 1075 1655 non
1100 1603 1246 1660 sunt,
1278 1593 1373 1647 sed
1395 1590 1559 1646 etiam
1586 1600 1693 1641 non
1724 1598 1848 1639 raro
1875 1580 2050 1644 utilia,
2073 1587 2129 1634 et

539 1698 663 1754 ideo
696 1695 826 1767 ipsis
849 1691 1018 1748 a‘suis
1042 1683 1414 1759 superioribus
1434 1677 1765 1767 iniungenda
1790 1713 1806 1741 ,
1836 1670 2002 1767 Aquod
2034 1683 2129 1767 es-

536 1759 740 1858 emplis
771 1784 1005 1856 probare
1046 1781 1100 1836 in
1126 1783 1384 1848 promptu
1418 1778 1564 1828 esset
1591 1809 1608 1837 ,
1651 1766 1753 1825 sed
1782 1765 1849 1821 ad
1878 1759 2126 1836 proposi-

537 1889 659 1937 tum
680 1884 923 1933 nostrum
956 1887 1061 1929 non
1087 1869 1338 1943 pertinet.
1767 1875 1770 1878 ’
1854 1916 1859 1921 ,

616 1969 896 2026 Stabilitas
926 1980 1062 2038 ergo
1086 1965 1190 2019 ista
1218 1961 1271 2048 in
1292 1957 1483 2016 ordine
1507 1947 1884 2048 Gartbusiensi
1914 1986 1932 2015 ,
1977 1943 2129 2048 velut

540 2069 744 2114 nervus
765 2070 797 2110 a
825 2068 935 2125 quo
964 2050 1160 2121 pendet
1199 2047 1345 2102 illius
1385 2045 1794 2115 perseverantia
1829 2045 1886 2090 in
1915 2047 2017 2125 suo
2046 2046 2131 2086 tn-

543 2150 755 2215 stituto,
784 2122 1202 2208 consideratur;
1229 2154 1299 2196 ex
1326 2136 1477 2193 illius
1513 2132 1660 2190 enim
1689 2128 1803 2184 voti
1833 2122 2132 2182 emissione

541 2250 603 2297 et
630 2237 980 2297 observantia
1000 2277 1016 2303 ,
1047 2234 1161 2290 Deo
1186 2229 1519 2305 singularem
1551 2223 1785 2298 gratiam
1814 2219 1915 2291 ipsi
1941 2216 2133 2288 adjun-

546 2340 706 2404 geute
726 2371 740 2397 ,
766 2328 1051 2385 laudabilis
1080 2326 1172 2383 illa
1204 2322 1472 2381 tenacitas
1505 2311 1820 2375 adhaerendi
1851 2309 1965 2404 suis
1992 2307 2133 2362 antis

542 2400 671 2497 quis
699 2425 902 2483 usibus,
932 2430 987 2477 et
1014 2418 1148 2475 nihil
1178 2411 1476 2473 innovandi
1508 2412 1561 2466 in
1593 2408 1701 2474 his,
1730 2418 1851 2476 quae
1864 2400 1940 2457 ad
1972 2408 2134 2454 natu-

547 2530 666 2572 ram
688 2525 744 2571 et
765 2513 1124 2570 substantiam
1148 2509 1233 2579 sui
1265 2505 1495 2564 instituti
1520 2506 1771 2574 spectant
1800 2503 1923 2552 nata
1946 2500 2132 2558 est,ex

2228 1489 2507 1560 proposito
2538 1489 2913 1545 Cartbusiensi
2945 1490 3288 1545 adversetur.

2314 1581 2429 1636 Hoc
2464 1581 2778 1638 stabilitatis
2813 1590 2996 1637 votum
3032 1581 3262 1636 multum
3289 1622 3305 1644 ,
3362 1580 3593 1651 inquam
3625 1620 3641 1644 ,
3695 1595 3813 1635 con-

2227 1670 2338 1727 fert
2383 1671 2451 1728 ad
2500 1671 2784 1741 antiquum
2832 1671 3044 1727 ordinis
3073 1671 3412 1742 propositum
3469 1670 3682 1725 illibata
3706 1685 3815 1725 ser-

2229 1761 2466 1817 vandum
2492 1771 2586 1818 :‘et
2616 1762 2698 1817 sic
2723 1762 2790 1816 ad
2820 1762 2928 1818 hoc
2947 1762 3223 1832 pertinere
3271 1769 3487 1817 constat
3523 1770 3588 1814 ut
3620 1761 3734 1831 ipse
3758 1759 3813 1815 S.

2230 1851 2396 1909 Pater
2425 1850 2608 1909 Bruno
2634 1851 2688 1908 in
2728 1854 2951 1909 liomilia
2987 1854 3055 1909 de
3077 1852 3498 1917 Purillcation'e,
3529 1854 3602 1909 de
3641 1869 3816 1909 mona-

2232 1946 2350 2002 chis
2391 1946 2614 2017 loquens
2638 1978 2659 2014 -,
2689 1946 2741 2001 id
2763 1947 3059 2002 disertae:
3070 1949 3271 2018 primat
3295 1989 3309 2013 ,
3334 1949 3575 2003 dicendo
3600 1965 3622 2002 ς
3655 1946 3818 2003 Fran-

2230 2046 2430 2107 guntur
2456 2035 2668 2102 axellte,
2692 2036 2817 2107 quia
2842 2038 3067 2108 vagandi
3102 2037 3315 2093 licentia
3341 2037 3555 2093 tollitur
3579 2078 3597 2106 ,
3649 2049 3697 2095 et
3733 2040 3819 2094 lori

2232 2126 2586 2198 propositique
2610 2127 2873 2182 stabilitas
2902 2129 3213 2197 imperatur.
3252 2127 3468 2197 Quibus
3488 2130 3683 2186 verbis
3710 2146 3818 2201 pro-

2230 2219 2432 2291 posito,
2458 2216 2637 2275 locum
2663 2219 2829 2275 etiam
2860 2218 3109 2290 adiungit
3133 2260 3150 2285 ,
3204 2232 3267 2276 ut
3293 2221 3501 2278 indicet
3537 2222 3819 2278 secundum

2234 2320 2471 2367 mentem
2506 2324 2684 2377 suam,
2717 2310 3072 2368 stabilitatem
3109 2312 3165 2368 in
3194 2321 3431 2384 utroque
3455 2328 3587 2370 esse
3615 2329 3822 2371 servatr-

2235 2408 2381 2461 dam.
2436 2404 2492 2460 ld
2537 2404 2770 2475 amplius
2810 2419 2879 2460 ex
2901 2408 3070 2460 'nova
3116 2405 3449 2464 collectione
3502 2416 3823 2465 statutorum

2235 2493 2444 2550 ordinis
2470 2495 2738 2561 probatur
2762 2537 2776 2561 ,
2804 2494 2893 2550 ubi
2932 2496 3132 2551 dicitur
3159 2512 3281 2568 cap.
3329 2497 3404 2552 22
3430 2537 3448 2564 ,
3473 2515 3531 2553 n.
3582 2498 3648 2555 61
3687 2517 3701 2553 :
3734 2498 3825 2566 Qui

540 2611 653 2683 qua
682 2610 917 2668 ﬁrmitas
966 2596 1059 2665 illa
1107 2603 1310 2661 veteris
1352 2594 1714 2657 observantiae
1746 2588 2031 2649 servanda:
2061 2583 2131 2640 ad
2158 2652 2206 2683 ι)
2235 2602 2355 2641 vero
2395 2588 2827 2657 pra’sumpserint
2853 2603 2946 2657 per
2972 2588 3176 2645 litteras
3204 2590 3504 2660 suppressis
3536 2591 3826 2647 nominibus

546 2704 666 2761 base
691 2717 864 2774 usque
893 2710 1134 2771 tempora
1160 2692 1428 2767 pervenit.
1583 2776 1590 2778 Α
2019 2774 2022 2778 ’

620 2794 680 2850 Si
708 2793 838 2862 quid
863 2792 1007 2847 enim
1034 2795 1304 2856 mutatum
1333 2781 1551 2838 videtur
1572 2776 1635 2835 in
1666 2784 1902 2862 numero!
1914 2778 1975 2862 et
2003 2776 2133 2838 qua-

546 2887 701 2944 litate
725 2860 1174 2940 abstinentiarum
1203 2876 1256 2930 in
1277 2886 1423 2944 pane
1447 2878 1505 2925 et
1529 2879 1690 2937 aqua,
1722 2863 1789 2917 de
1815 2860 2014 2931 quibus
2035 2866 2134 2911 suo

545 2978 670 3036 loco
695 2976 908 3049 agitur;
942 2986 1132 3029 revera
1164 2965 1322 3040 quasi
1358 2980 1464 3019 non
1498 2968 1764 3016 mutatum
1794 2950 2133 3010 censendum

544 3080 657 3136 est,
680 3069 811 3140 quia
839 3068 908 3123 ab
933 3064 1086 3122 initio
1111 3062 1180 3117 ad
1223 3067 1411 3115 nutum
1439 3050 1741 3126 superioris
1778 3055 1990 3104 tantum
2021 3057 2137 3099 ser-

550 3162 743 3216 vandae
769 3172 928 3216 erant
950 3174 967 3215 :
1000 3167 1057 3212 et
1078 3156 1122 3211 si
1147 3167 1293 3209 nunc
1319 3165 1426 3205 non
1454 3146 1615 3218 plene
1638 3147 1933 3199 servantur
1962 3144 2023 3191 ut
2045 3147 2137 3193 au-

2156 2652 2206 2717 Β
2235 2652 2496 2747 infamare
2520 2652 2755 2733 ordinent
2788 2652 3047 2744 nostrum,
3080 2688 3175 2733 aut
3200 2652 3454 2749 priclatos
3475 2680 3624 2749 eius,
3646 2682 3723 2737 sel
3738 2681 3829 2734 ali-

2230 2783 2384 2837 quem
2409 2783 2473 2822 eis
2501 2768 2646 2838 ipsis,
2678 2777 2769 2823 aut
2801 2762 3117 2825 tentaverint
3134 2770 3366 2825 instituti
3400 2773 3571 2826 nostri
3597 2780 3827 2826 naturain

2237 2866 2462 2912 evertere
2497 2868 2544 2912 et
2584 2859 2866 2913 inmutare
2894 2898 2908 2922 .
2931 2859 3046 2929 ipso
3073 2858 3215 2929 facto
3240 2860 3384 2915 omni
3409 2861 3586 2930 ofﬁcio
3628 2873 3677 2916 et
3726 2874 3830 2916 rore

2234 2952 2524 3021 priventur,
2546 2961 2594 3005 et
2616 2952 3173 3007 excomrtunicationis
3198 2954 3511 3008 sententiain
3549 2954 3827 3018 incurrant.

2240 3057 2391 3111 aqua
2410 3058 2515 3096 non
2536 3043 2734 3112 possint
2758 3042 2981 3108 absolvi,
2996 3042 3100 3097 nisi
3119 3058 3214 3113 per
3234 3044 3581 3098 reverendam
3605 3043 3828 3109 Patren,

2244 3142 2340 3187 aut
2390 3133 2616 3203 aliquem
2654 3148 2721 3187 ea:
2762 3134 3142 3190 'oisitataribus.
3170 3133 3325 3190 Talis
3372 3149 3508 3207 ergo
3539 3146 3832 3193 attentatus

551 3254 813 3324 tiquitus,
832 3251 886 3306 id
911 3265 977 3305 ex
1012 3245 1336 3303 necessitate
1357 3235 1713 3298 subveniendi
1743 3229 2057 3302 indigentiis
2082 3237 2138 3285 et
2241 3233 2521 3295 reputatur
2545 3225 3045 3324 materia-peccati,
3082 3235 3142 3282 et
3166 3227 3387 3324 quidem
3420 3229 3696 3294 mortalis,
3720 3245 3827 3284 cum

548 3314 953 3402 ‘eo-nservationi
981 3349 1272 3408 corporum
1309 3326 1623 3404 processit,
1655 3334 1713 3382 et
1757 3323 2013 3394 exigente
2036 3334 2140 3376 'ex-
2241 3314 2825 3408 excommunicationis
2880 3329 3055 3387 ptume
3098 3316 3430 3386 subiaceat;
3490 3328 3549 3373 et
3603 3322 3827 3384 merito,

550 3432 820 3505 perientia
859 3470 874 3494 ,
914 3444 946 3483 a
992 3407 1365 3498 superioribus
1394 3420 1449 3475 in
1504 3414 1756 3488 capitulis
1790 3409 2140 3505 generalibus
2240 3407 2559 3505 quia-igitur
2584 3409 2650 3464 de
2675 3409 2785 3463 voti
2815 3411 3250 3505 transgressione
3288 3412 3353 3505 in
3372 3413 3611 3469 materia
3643 3416 3787 3487 gravi
3811 3454 3829 3478 ,

496 3562 499 3567 ,
552 3499 795 3597 ᾗεείιῑιηο
825 3519 1169 3590 congregatis
1196 3515 1304 3570 fuit
1325 3511 1634 3570 ordinatum
1663 3547 1680 3574 ,
1717 3516 1779 3563 ut
1805 3504 1919 3575 jam
1951 3517 2078 3575 cap.
2104 3502 2137 3555 'l
2238 3499 2416 3597 qualis
2439 3509 2523 3555 est
2548 3509 2852 3591 attentatus
2889 3501 2981 3558 ille
3026 3504 3358 3572 procurandi
3402 3506 3753 3561 eversionem
3783 3514 3830 3560 et

553 3590 812 3674 uisimus.
2240 3590 2620 3648 inlractionem
2650 3593 2971 3651 stabilitatis
3012 3594 3221 3650 veteris
3271 3605 3329 3651 et
3372 3598 3554 3652 sancti
3613 3598 3827 3653 instituti

623 3708 772 3763 Nihil
820 3718 1047 3777 prorsus
1074 3707 1340 3758 mutatum
1368 3705 1454 3753 est
1479 3695 1538 3751 in
1570 3690 1765 3750 ordine
1786 3730 1802 3757 ,
1858 3687 1965 3744 nisi
1995 3685 2144 3759 quod
2237 3684 2451 3777 'quod‘a
2474 3686 2860 3777 totaunisper
2888 3686 3244 3777 stabilitatem
3280 3687 3337 3744 in
3369 3688 3562 3759 vigore
3592 3705 3830 3759 pet-seres

553 3772 888 3872 experientia
918 3795 1213 3852 multorum
1242 3802 1511 3846 annorum
1540 3785 1695 3859 prius
1718 3780 1924 3848 docuit,
1944 3779 1999 3835 in
2029 3792 2143 3834 me-
2244 3781 2356 3828 rat.
2479 3775 2626 3830 enim
2655 3776 3164 3872 quimacbinantu‘r
3199 3777 3402 3849 aliquid
3420 3790 3632 3835 contra
3656 3794 3827 3851 pacem

552 3865 661 3951 lius
681 3906 800 3949 esse
827 3885 1289 3950 convertendum,
1344 3881 1508 3953 idque
1548 3892 1657 3934 non
1694 3874 1975 3932 voluntate
2004 3869 2145 3926 infe—
2242 3874 2302 3920 et
2341 3865 2630 3921 utilitatem
2659 3866 2860 3923 civium
2904 3868 3071 3924 unius
3112 3868 3350 3924 civitatis
3383 3909 3399 3934 ,
3428 3870 3690 3940 graviter
3716 3884 3827 3941 peo-

552 3989 760 4043 riorum
788 4018 805 4051 ,
853 3983 949 4039 sed
1003 3978 1336 4054 generalium
1406 3970 1766 4045 capitulorum
1810 3967 2015 4038 judicio
2062 3964 2145 4021 fa-
2171 4002 2218 4064 ε
2249 3967 2414 4024 επιειιὶ
2463 3959 2593 4063 quid
2640 3960 2709 4015 dc
2758 3960 3042 4064 monachis
3086 3961 3420 4064 censendum
3461 3973 3572 4025 est,
3601 3964 3830 4064 qui

556 4087 703 4132 ctum
729 4083 833 4133 est.
851 4073 958 4129 Pro
985 4052 1230 4140 exemplo
1259 4069 1333 4125 sit
1364 4067 1538 4123 forma
1556 4063 1842 4121 electionis
1872 4060 2137 4133 priorum,

2250 4061 2433 4106 votum
2478 4052 2739 4107 emissum
2772 4052 3046 4109 stabiliter
3093 4053 3394 4109 inlitereudi
3424 4056 3717 4123 proposito
3756 4052 3829 4109 sui

554 4176 716 4238 prout
767 4166 824 4220 in
873 4178 1012 4220 nova
1038 4161 1359 4219 collectione
1389 4167 1717 4214 statutorum
1750 4163 1878 4209 ante
1922 4160 2144 4209 centum
2248 4146 2504 4238 instituti,
2536 4146 2665 4200 illud
2694 4158 2947 4202 evertere
2967 4155 3021 4203 et
3040 4146 3335 4238 immutare
3362 4149 3682 4202 enitantur?

557 4236 732 4315 annos
751 4258 895 4313 facta
924 4257 1179 4312 statuitur
1199 4269 1321 4324 cap.
1350 4253 1418 4319 2,
1447 4266 1512 4317 ll,
1541 4259 1685 4320 part.
1706 4280 1728 4316 -,
1751 4265 1805 4303 n.
1836 4247 1927 4302 55.
1976 4245 2147 4300 Datur
2318 4236 2545 4306 Aliquas
2587 4239 2993 4293 immutationes
3021 4246 3078 4292 et
3115 4236 3470 4293 alterationes
3500 4253 3755 4308 quarere
3782 4236 3828 4290 is

556 4350 635 4407 ibi
664 4323 912 4416 facultas,
941 4361 1063 4418 quae
1100 4347 1155 4401 in
1186 4323 1426 4415 antiquis
1456 4340 1675 4398 statutis
1719 4354 1825 4395 non
1869 4348 1987 4393 erat
2015 4352 2149 4393 con-
2246 4331 2475 4401 antiquo
2507 4346 2608 4386 usu
2632 4340 2687 4386 et
2715 4332 2964 4386 instituto
3000 4329 3412 4394 Cartbttsiensi,
3447 4338 3507 4386 et
3531 4329 3668 4386 illud
3693 4344 3831 4386 ever»

558 4456 737 4509 cessa,
769 4452 969 4510 nempe
994 4447 1189 4510 quater
1212 4435 1487 4508 repetendi
1512 4432 1835 4489 scrutinium
1874 4433 1928 4487 in
1953 4431 2144 4486 eadem
2248 4431 2399 4486 tere.
2443 4423 2585 4479 idem
2627 4431 2755 4489 est;
2804 4423 2928 4479 inde
2972 4423 3122 4478 enim
3169 4421 3381 4477 ordinis
3423 4420 3829 4478 Cartbusieasis

557 4535 646 4592 die
668 4575 684 4601 ,
728 4533 823 4591 sed
851 4531 1096 4589 aufertur
1123 4529 1198 4586 ibi
1224 4528 1447 4585 libertas
1472 4525 1779 4583 remittendi
1806 4535 1989 4581 actum
2039 4523 2145 4580 eli-
2246 4513 2535 4571 laudabilis
2576 4513 2667 4568 illa
2714 4515 2981 4569 tenacitas
3004 4556 3020 4577 .
3048 4522 3106 4570 et
3134 4513 3188 4568 iu
3220 4514 3333 4569 suis
3359 4513 3611 4583 antiquis
3658 4512 3828 4601 usibus

557 4627 717 4701 gendi
763 4625 819 4682 in
849 4624 991 4683 diem
1037 4622 1337 4680 crastinum
1364 4662 1379 4686 ,
1419 4619 1544 4690 quia
1592 4616 1923 4688 experientia
1955 4616 2149 4672 decue.
2248 4605 2747 4701 stabilitasdestrui
2771 4605 2983 4676 incipit.
3004 4604 3142 4701 Nam
3162 4605 3316 4671 siqui
3332 4605 3595 4701 itionaclii
3617 4600 3827 4701 solitarii

556 4693 645 4772 rat
672 4716 797 4772 inde
817 4713 1075 4772 notabilia
1100 4711 1349 4769 evenisse
1370 4711 1591 4773 damna,
1624 4724 1691 4764 ex
1725 4707 1898 4778 pactis
1940 4716 1997 4763 et
2024 4706 2137 4761 aliis

2248 4696 2419 4753 semel
2450 4696 2505 4750 in
2528 4696 2634 4753 hac
2660 4704 2815 4767 parte
2840 4697 2908 4750 ad
2939 4711 3096 4751 suam
3120 4696 3440 4751 instantiam
3469 4695 3684 4778 aliquid
3709 4693 3829 4751 obti-

560 4807 829 4864 similibus
851 4803 1134 4862 industriis
1155 4843 1171 4868 ,
1217 4816 1339 4873 quae
1361 4800 1622 4871 Spiritum
1650 4807 1901 4853 sanetum
1933 4796 2002 4851 ab
2029 4798 2144 4867 ipsa

562 4896 826 4953 electione
869 4897 1168 4962 arcebant,
1214 4902 1275 4950 ut
1319 4893 1558 4964 ipsorum
1605 4898 1935 4946 statutorum
1965 4888 2146 4944 verbis

560 4993 796 5041 utamur.
1314 5020 1315 5023 η

634 5075 766 5142 lmo,
795 5076 840 5131 si
865 5077 995 5148 quid
1035 5076 1277 5133 additum
1314 5087 1436 5131 esse
1468 5072 1680 5128 videtur
1724 5084 1823 5139 per
1849 5064 2147 5125 ordinatio-

566 5181 664 5223 nes
688 5167 1047 5236 capitulorum
1090 5167 1427 5237 generalium
1457 5206 1472 5230 ,
1506 5164 1560 5220 id
1587 5171 1797 5218 tantum
1828 5160 2033 5216 factum
2062 5170 2147 5217 est

563 5256 854 5312 occasione
878 5256 1230 5327 irrepentium
1266 5257 1534 5312 abusuum
1562 5293 1580 5321 ,
1633 5253 1702 5308 ad
1743 5266 1977 5323 quorum
2010 5248 2140 5306 elle-

2249 4804 2384 4846 nere
2402 4788 2711 4845 niterentur
2737 4827 2755 4855 ,
2790 4787 2870 4844 vel
2897 4788 3062 4842 etiam
3086 4802 3187 4857 per
3214 4786 3405 4843 modos
3429 4774 3781 4859 subreptitios
3798 4799 3827 4839 s

2250 4879 2310 4937 S.
2358 4880 2489 4937 sede
2522 4880 2817 4951 apostolica
2856 4880 3204 4945 obtinerent,
3233 4879 3358 4935 inde
3377 4879 3547 4950 janua
3584 4881 3691 4936 illis
3715 4892 3829 4949 apt»

2250 4973 2450 5029 riretur
2476 4973 2542 5027 ad
2570 4971 2843 5043 quaslibet
2863 4971 3131 5026 novitates
3154 4970 3568 5041 escogitandas,
3594 4979 3830 5043 appeten-

2250 5064 2346 5119 das
2369 5074 2423 5120 et
2447 5063 2785 5134 quaerendas.
2813 5063 3019 5119 Mentes
3054 5064 3267 5120 illorum
3292 5064 3437 5118 intra
3470 5062 3627 5120 cella:
3668 5062 3825 5131 paries

2252 5166 2331 5212 tes
2365 5157 2739 5229 cogitabundus
2785 5155 2929 5211 mille
2958 5155 3212 5224 ﬁgmenta
3237 5166 3657 5225 componerent,
3696 5162 3821 5226 qua.

2251 5250 2543 5322 instigante
2579 5248 2817 5305 diabolo
2843 5256 2898 5302 et
2946 5262 3134 5303 amore
3174 5248 3390 5316 privato
3445 5248 3823 5305 lenocinante.

565 5357 708 5414 ctus,
753 5348 838 5404 vel
883 5349 1290 5420 praveniendos
1310 5347 1395 5403 vel
1436 5346 1789 5419 corrigendos
1814 5385 1832 5413 ,
1878 5353 1974 5400 aut
1998 5359 2151 5399 erro-
2182 5348 2227 5408 ι)
2258 5342 2716 5412 velutjustissima
2745 5352 2803 5397 et
2822 5338 3335 5398 convenientissima
3367 5346 3708 5409 reputarent,
3734 5347 3822 5389 nec

564 5454 701 5499 neas
747 5440 1228 5512 interpretationes
1284 5440 1644 5495 destruendas
1700 5438 1998 5495 remedium
2050 5451 2148 5507 per

563 5535 700 5591 istas
727 5534 1097 5591 ordinationes
1120 5532 1425 5603 appositum
1446 5540 1551 5599 est,
1593 5540 1656 5587 ut
1682 5531 1857 5589 videri
1884 5538 2064 5602 potest
2092 5529 2147 5584 in

566 5640 709 5682 nova
754 5627 996 5684 editione
1037 5633 1365 5681 statutorum
1390 5663 1404 5687 ,
1434 5622 1490 5677 in
1517 5635 1626 5691 qua
1649 5620 1832 5692 plures
1851 5619 2149 5676 ordinatio-

565 5735 666 5776 nes
710 5720 932 5777 insertas
976 5720 1267 5776 habentur.
1314 5714 1371 5771 id
1419 5730 1550 5787 ergo
1594 5729 1702 5769 non
1732 5713 1897 5769 veluti
1945 5727 2145 5768 novum

568 5811 717 5885 quid,
748 5821 840 5866 aut
861 5809 1140 5868 stabilitati
1170 5809 1460 5865 adversum
1490 5803 1848 5877 reputandum
1869 5812 1953 5860 est
1977 5842 1994 5871 ,
2019 5816 2144 5859 cum

2253 5436 2596 5507 quiescerent
2620 5473 2636 5498 ,
2673 5433 2848 5490 donec
2889 5432 3067 5488 media
3102 5429 3411 5502 reperirent
3446 5430 3515 5486 ad
3561 5443 3717 5486 suum
3746 5427 3819 5478 iu-

2257 5536 2461 5582 lentum
2512 5525 2866 5582 obtinendum
2892 5559 2910 5592 ,
2963 5531 3021 5579 et
3078 5523 3253 5580 donec
3310 5523 3528 5579 tandem
3600 5517 3821 5576 totaliter

2255 5635 2441 5675 amore
2484 5619 2701 5690 privato
2749 5616 3034 5673 obcaecatte
3061 5614 3465 5681 arbitrarentur
3490 5614 3655 5669 etiam
3681 5610 3820 5663 obse-

2254 5713 2441 5782 quium
2473 5725 2532 5769 se
2562 5719 2825 5783 praestare
2855 5708 2990 5779 Deo,
3016 5709 3064 5766 si
3091 5709 3400 5766 institutum
3417 5718 3570 5765 vetus
3590 5708 3819 5762 evertere

2251 5804 2577 5867 niterentur.
