3992 6396
155 359 243 418 689

1446 361 2059 426 CONSUETUDINE53.

1436 477 1835 536 CAPITULUM
1876 475 2067 533 XXIV.

1376 569 1561 630 Oratio
1617 587 1774 641 super
1817 570 2101 626 cucullum.

212 662 427 717 Domine
445 661 572 716 Iesu
602 660 828 728 Christe,
855 661 946 733 qui
971 664 1192 732 tegimen
1216 673 1409 718 nostri:
1435 663 1776 717 mortalitatis
1799 663 2016 717 induere
2039 661 2284 732 dignatus
2309 677 2387 729 es,
2417 663 2750 720 obsecramus
2766 665 3076 722 immensam
3100 676 3204 724 tua:
3230 669 3407 742 largi-2.

152 755 262 811 tatis
293 754 688 818 abundantiam,
719 763 775 808 ut
807 755 904 808 hoc
931 771 1094 824 genus
1116 755 1424 822 uestimenti,
1444 755 1584 826 quod
1620 754 1792 810 sancti
1821 751 2044 820 Patres,
2083 753 2154 808 ad
2185 754 2496 811 innocentia:
2517 755 2596 812 vel
2623 755 3228 826 humilitatis‘indicium
3257 799 3274 824 ,
3294 778 3398 817 ste-

152 846 256 900 enlo
277 846 698 900 abrenuntiantes
714 845 852 915 ferre
871 854 1184 911 sanxerunt,
1215 847 1289 900 ita
1311 845 1610 900 benedicere
1630 845 1880 916 digneris,
1907 855 1960 899 ut
1985 844 2070 899 hic
2093 844 2327 914 famulus
2357 854 2503 912 tuus,
2530 846 2621 918 qui
2641 847 2740 902 hoc
2758 863 2884 904 usus
2908 847 3091 918 fuerit,
3109 859 3159 904 te
3181 851 3419 908 induere-

154 946 409 992 mereatur.
437 935 542 1004 Qui
567 936 692 992 nivis
719 944 768 992 et
805 951 993 1006 regnas
1017 952 1135 990 cum
1169 934 1274 991 Deo
1310 935 1488 991 Patre.
1522 935 1730 993 Dehinc
1769 949 1940 1006 cappa
1967 936 2211 992 detracta
2257 934 2356 1007 [al.
2402 935 2598 1009 tracta]
2648 937 2855 994 cuculla
2885 939 3149 996 novitium
3187 939 3398 1008 induit,

153 1030 320 1098 sicque
347 1028 412 1083 ad
444 1044 613 1086 cornu
643 1015 1150 1094 accedensaltaris,
1177 1025 1570 1098 professionem
1597 1041 1753 1083 suam
1782 1034 1971 1097 aperte
1997 1034 2054 1082 et
2079 1026 2358 1090 distincte,
2379 1020 2724 1084 audientibus
2750 1028 3004 1086 omnibus
3033 1069 3049 1094 ,
3087 1029 3248 1102 legit,
3317 1033 3400 1090 le-

155 1131 380 1192 ctamque
406 1137 570 1194 super
590 1122 966 1186 exosculatum
987 1119 1146 1180 oﬂ‘ert
1165 1119 1358 1180 altare.
1385 1119 1785 1190 lnclinatusque
1811 1120 1880 1176 ad
1907 1117 2209 1176 sacerdotis
2235 1120 2422 1191 pedes,
2449 1119 2543 1178 tali
2568 1119 2950 1193 deprecatione
2979 1125 3208 1195 suscipit
3234 1115 3415 1185 bcne-’

155 1214 419 1271 dictionem

1614 1279 2100 1338 MMENTARIUS.

1614 1281 1982 1338 MMENTARI
2038 1281 2100 1338 S.
2402 1319 2404 1322 μ

215 1376 336 1431 Ibid.
376 1375 441 1430 Et
472 1377 854 1443 obedientiam.
891 1378 1019 1435 Non,
1061 1379 1282 1436 additur
1311 1282 1608 1436 secunde
1631 1337 1712 1435 re—
1740 1381 1792 1442 Α
1816 1281 2030 1448 gradu;J
2069 1338 2394 1434 obedientire
2449 1389 2481 1431 a
2535 1376 2740 1434 sanctis
2787 1375 3043 1434 Patribus
3094 1379 3412 1451 descriptos

155 1468 310 1537 gulam
339 1507 354 1533 ,
385 1470 517 1538 quia
568 1485 829 1527 vovemus
851 1487 972 1528 eam
1001 1472 1247 1530 absolute
1267 1481 1322 1528 et
1353 1474 1560 1543 absque
1606 1472 1714 1528 ulla

119 1615 126 1620 ,
156 1559 463 1630 conditione,
493 1567 579 1615 est
609 1562 754 1617 enim
783 1563 925 1634 apud
959 1579 1058 1620 nos
1083 1581 1244 1636 supra
1271 1565 1530 1635 regulam,
1557 1573 1720 1621 etest

155 1648 279 1702 velut
303 1650 599 1705 substantia
630 1651 826 1722 regula:
850 1693 865 1719 ,
903 1663 960 1709 ut
989 1653 1131 1710 infra
1165 1654 1536 1710 manifestahit
1559 1655 1626 1711 Β.
1651 1656 1714 1714 Ρ.

155 1739 303 1810 Gnigo
331 1755 446 1809 cap.
478 1741 573 1806 55,
601 1752 654 1797 et
675 1741 744 1798 ibi
769 1743 836 1800 de
855 1743 956 1800 hac
985 1744 1237 1802 refusius
1261 1761 1500 1817 agemus.

214 1831 331 1884 lbid.
374 1831 440 1887 Et
491 1836 880 1890 conversionem
932 1853 1138 1892 morum
1160 1855 1415 1894 meorum.
1450 1839 1556 1896 Per
1585 1839 1716 1896 illud

159 1932 316 1975 votum
337 1923 660 1994 exprimitur
682 1927 974 1996 promissio
993 1943 1208 1999 semper
1230 1931 1504 2000 aspirandi
1526 1933 1593 1987 ad
1609 1948 1719 1988 nte-

159 2011 268 2065 liora
295 2053 308 2073 .
356 2023 408 2069 et
438 2031 726 2088 nunquam
760 2020 1047 2076 recedendi
1077 2036 1106 2074 a
1140 2024 1421 2093 proposito
1443 2040 1503 2080 se
1531 2041 1719 2086 emcn-

161 2105 332 2170 dandi;
382 2107 524 2164 unde
572 2110 1007 2168 concludendum
1059 2122 1144 2170 est
1197 2115 1348 2169 illum
1387 2118 1715 2175 monachum

161 2197 279 2263 apud
306 2211 416 2262 nos,
443 2201 538 2269 qui
575 2199 690 2258 sola
720 2201 1000 2260 voluntate
1033 2244 1048 2272 ,
1083 2204 1172 2259 vel.
1195 2207 1406 2265 actibus
1435 2209 1715 2266 desereret

161 2290 463 2358 propositum
506 2293 830 2362 proﬁciendi
871 2305 1044 2352 autse
1070 2299 1396 2354 emendandi
1423 2339 1439 2365 ,
1487 2317 1715 2373 peccare

160 2387 324 2434 contra
378 2381 478 2438 hoc
530 2391 718 2439 votum
761 2386 1006 2455 graviter
1041 2397 1138 2444 aut
1176 2388 1368 2446 leviter
1413 2395 1712 2450 secundum

163 2471 394 2528 rationem
446 2477 699 2534 materiae
735 2479 802 2534 de
833 2495 940 2550 qua
969 2493 1244 2553 ageretur.
1301 2484 1358 2541 Si
1388 2487 1454 2542 de
1483 2489 1713 2558 simplici

163 2559 542 2630 imperfectione
569 2607 585 2632 ,
618 2568 671 2622 in
707 2585 812 2640 qua
847 2572 1053 2629 hmrere
1081 2575 1242 2631 vellet
1271 2619 1285 2642 ,
1323 2578 1558 2634 similem
1602 2580 1716 2636 cui.-

161 2665 261 2720 patn
288 2653 586 2714 incurreret
607 2669 808 2722 contra.
837 2664 1250 2720 conversionem
1293 2683 1538 2733 morum;
1573 2671 1617 2725 si
1645 2671 1713 2725 de

161 2757 353 2812 peccato
373 2750 572 2805 veniali
599 2751 930 2810 infirmitatis
953 2796 969 2820 ,
1025 2757 1176 2812 idem.
1210 2732 1530 2827 peccatum;
1563 2762 1609 2818 si
1644 2763 1712 2819 de
1742 2732 1785 2790 Β

161 2846 352 2902 peccato
398 2841 601 2896 veniali
649 2843 993 2913 voluntario,
1047 2846 1344 2916 similiter,
1378 2851 1424 2906 si
1470 2866 1602 2907 vero
1648 2853 1715 2908 de

163 2925 314 2998 aliquo
363 2936 593 3003 peccato
639 2936 900 3004 mortali,
936 2937 1214 2995 lethaliter
1243 2941 1408 2996 etiam
1461 2954 1720 3013 peccaret

164 3025 320 3108 contra
346 3031 529 3079 votum
560 3027 932 3105 conversionis
962 3045 1196 3085 morum.
1233 3031 1552 3103 anlicatur
1583 3051 1720 3108 ergo

165 3106 293 3176 culpa
322 3113 529 3172 ratione
562 3117 676 3172 voti
707 3158 723 3185 ,
769 3119 912 3174 sicut
941 3119 1252 3191 duplicatur,
1275 3125 1539 3186 meritum,
1558 3139 1624 3181 ex
1653 3106 1718 3181 ll,-

167 3196 250 3254 deli
287 3203 666 3276 adimpletionc
693 3211 805 3266 voti
840 3212 1050 3269 emissi.
1089 3213 1201 3269 Hac
1228 3217 1440 3272 ratione
1471 3218 1714 3288 videant,

166 3296 398 3360 quomodo
430 3313 490 3354 se
516 3308 748 3368 possent
780 3303 1056 3360 extrieare
1083 3313 1179 3360 aut
1217 3320 1484 3363 excusare
1527 3324 1557 3363 a
1589 3324 1716 3379 pec-

165 3393 264 3440 cato
287 3426 300 3451 ,
353 3391 441 3460 qui
472 3391 686 3450 vellent
732 3395 946 3465 aliquas
975 3396 1352 3455 observantius
1379 3407 1711 3462 statutorunt

165 3479 338 3538 otdinis
372 3486 651 3558 negligere
680 3529 697 3554 ,
734 3497 792 3544 et
820 3490 872 3544 in
906 3489 1008 3545 ista
1030 3491 1355 3563 negligentia
1384 3493 1666 3567 quiescere
1693 3535 1712 3564 ,

165 3571 247 3625 sub
267 3573 357 3632 hoc
383 3589 676 3646 praetextu,
697 3582 824 3651 quia
847 3582 1077 3652 simplex
1111 3593 1375 3640 statutum
1399 3601 1496 3657 per
1519 3602 1577 3644 se
1605 3603 1712 3643 non

165 3659 330 3734 obligat
361 3670 424 3724 ad
454 3686 622 3741 pecua
632 3680 765 3728 tum.

223 3752 393 3814 Votum
419 3776 554 3834 ergo
583 3764 710 3820 illud
739 3765 912 3837 exigit
938 3781 968 3820 a
995 3765 1392 3834 Carthusianis,
1418 3777 1480 3823 ut
1501 3770 1569 3825 ad
1591 3785 1719 3841 pera

165 3843 414 3905 lectionem
461 3868 579 3909 sum
611 3856 966 3924 professionis
1013 3866 1070 3911 et
1111 3857 1373 3913 virtutum
1431 3861 1709 3930 aspirent,

166 3944 474 4000 ctcontinuis
508 3947 710 4003 Studiis
755 3959 810 4004 et
845 3951 1132 4017 conatibus
1161 3953 1432 4019 tendant,
1469 3955 1574 4009 vim
1606 3957 1710 4010 sibi

165 4035 209 4081 et
232 4039 417 4090 naturae
443 4046 716 4107 corrupta:
743 4039 1027 4098 inferendo
1051 4082 1067 4108 ,
1117 4057 1238 4113 quae
1265 4043 1348 4098 vis
1379 4043 1556 4114 qualis
1591 4061 1712 4103 esse

168 4114 366 4193 debeat,
417 4129 652 4199 pulchre
697 4147 837 4187 nova
888 4142 1218 4190 statutorum
1253 4135 1500 4192 collectio
1529 4140 1710 4207 expri-

165 4211 261 4284 mit,
289 4231 399 4290 cap.
430 4223 517 4292 l9,
555 4238 608 4276 n.
643 4224 700 4288 5,
733 4225 824 4278 ubi
848 4225 1079 4282 dicitur:
1105 4227 1304 4284 Debent.
1323 4230 1463 4286 enim
1491 4231 1719 4300 professi.

167 4319 312 4364 omnes
338 4350 353 4376 ,
401 4315 518 4370 imo.
535 4324 777 4370 tenentur
799 4333 865 4370 ea:
907 4319 1212 4372 necessitate
1240 4321 1341 4375 uoti
1378 4337 1491 4380 sua:
1513 4323 1714 4391 profes-

166 4394 296 4453 sionis
316 4441 330 4466 ,
359 4403 549 4459 habere
575 4407 810 4461 animum
845 4417 1094 4478 paratum
1120 4411 1421 4481 resignandi
1454 4413 1508 4465 in
1539 4413 1711 4468 mani-

165 4484 242 4541 bus
278 4495 594 4560 pra'sidentis
631 4507 813 4566 sponte
856 4507 904 4553 et
956 4497 1115 4553 libere
1145 4517 1206 4554 ea
1238 4503 1414 4555 omnia
1444 4518 1563 4572 quia
1611 4503 1710 4557 sibi

165 4593 369 4638 concessa
395 4597 540 4655 sunt,
567 4589 672 4643 sine
698 4588 818 4643 libri
838 4589 1058 4660 fuerint,
1083 4600 1174 4645 aut
1205 4592 1406 4664 aliquid
1436 4594 1584 4648 aliud
1621 4611 1712 4650 ca-

167 4681 260 4723 rum
287 4675 357 4729 vel
377 4678 491 4745 uile,
521 4681 723 4750 quoties
744 4688 986 4752 superior
1006 4684 1245 4751 uoluerit,
1269 4695 1316 4738 et
1348 4685 1466 4753 ﬁeri
1493 4688 1714 4742 manda-

166 4759 286 4814 serit.
314 4763 417 4821 Nec
447 4770 492 4822 si
517 4771 614 4826 hoc
647 4772 826 4840 fecerit
853 4812 868 4838 ,
902 4773 1086 4828 debent
1112 4791 1448 4830 murmurare
1469 4785 1561 4829 aut
1584 4793 1711 4830 con-

165 4856 323 4924 queri,
365 4862 596 4935 alioquiu
653 4865 886 4918 nondum
939 4882 994 4921 se
1043 4877 1089 4921 et
1119 4884 1218 4922 sua
1269 4869 1624 4941 reliquerunt,
1660 4877 1710 4924 et

164 4954 394 5012 Propterea
417 4969 696 5021 pauperem
723 4954 990 5009 Christum
1027 4959 1172 5027 sequi
1206 5004 1217 5022 ,
1257 4967 1304 5012 et
1335 4959 1450 5028 ejus
1471 4959 1710 5019 imitato—

166 5044 250 5173 ἵε,
275 5047 318 5092 et
351 5042 590 5114 discipuli
626 5045 744 5113 ﬁeri
767 5057 1128 5116 nonpossunt,
1153 5064 1244 5102 nec
1267 5048 1382 5118 ejus
1400 5058 1710 5126 paupertate

195 5128 314 5173 ttari-

195 5128 316 5187 ituri.

187 5260 189 5262 η
223 5215 289 5274 De
324 5237 639 5296 paupertate
689 5229 764 5286 ibi
795 5230 976 5299 agitur
999 5271 1014 5296 ,
1061 5238 1119 5289 ω
1147 5231 1309 5289 etiam
1342 5231 1467 5288 inde
1494 5233 1709 5290 videtur

167 5321 301 5376 quam
337 5328 551 5379 strenue
597 5325 768 5385 nostri
819 5325 1056 5381 debeant
1094 5323 1164 5381 ad
1211 5325 1598 5395 perfectionem
1652 5327 1704 5382 in

166 5407 383 5476 ompibus
414 5416 649 5472 tendere.

223 5492 272 5548 Si
295 5513 449 5571 ergo,
494 5515 554 5560 ut
585 5506 928 5578 perspicuum
957 5514 1040 5563 est
1061 5547 1077 5572 ,
1125 5515 1235 5562 tota
1273 5509 1451 5564 meriti
1481 5518 1696 5564 actuum

167 5578 473 5649 Carthasiani
499 5599 746 5654 monachi
775 5598 916 5654 ratio
934 5640 949 5665 ,
991 5600 1044 5654 in
1073 5600 1381 5656 obedientia
1410 5601 1698 5668 consistat,

165 5682 210 5725 (τι
249 5679 307 5731 ad
351 5682 462 5752 eius
513 5688 898 5756 perfectionem
947 5691 1354 5763 adipiscendam
1384 5704 1449 5745 ex
1503 5691 1553 5744 vi
1586 5694 1696 5748 voti

164 5775 493 5836 conversionis
540 5796 755 5840 morum.
781 5783 1025 5854 aspirare
1066 5792 1314 5842 teneatur
1338 5826 1363 5853 ι
1409 5783 1570 5842 debet
1600 5798 1698 5854 per

1740 4085 1787 4148 Ο

1818 1482 2035 1538 semper
2059 1467 2355 1524 ascendere
2380 1507 2396 1535 ,
2423 1466 2648 1537 illosque
2690 1467 2742 1521 in
2770 1469 2931 1524 corde
2958 1485 3056 1524 suo
3087 1471 3172 1540 pie
3215 1472 3403 1542 dispo-

1819 1573 1970 1617 nere.
2003 1559 2060 1616 Si
2089 1574 2220 1618 vero
2247 1574 2280 1616 e
2305 1559 2582 1617 contrario
2625 1561 2824 1630 gradus
2872 1560 3246 1616 descensionis
3299 1562 3401 1618 sibi

1819 1654 2070 1724 disponat
2095 1694 2110 1721 ,
2141 1653 2435 1724 qtnerendo
2464 1653 2639 1708 media
2665 1653 2730 1707 ad
2762 1654 3037 1724 propriam
3064 1655 3403 1710 voluntatem

1817 1746 2040 1801 liberius
2067 1745 2499 1813 exsequendum,
2525 1745 2636 1802 imo
2663 1747 2730 1800 ad
2759 1746 3056 1816 rumpenda
3077 1747 3291 1802 vincula
3318 1747 3405 1802 sui

1819 1838 2074 1903 instituti,
2103 1837 2156 1892 in
2188 1853 2297 1908 quo
2319 1846 2374 1893 et
2405 1839 2703 1894 secundum
2728 1837 2873 1908 quod
2901 1838 3012 1893 Deo
3038 1838 3244 1894 servire
3274 1853 3401 1911 pro-

1819 1931 1986 2004 misit,
2018 1929 2364 2001 perspicuum
2414 1938 2498 1985 est
2524 1929 2673 1984 illum
2700 1944 2929 2000 peccare
2953 1937 3063 1985 tum
3087 1940 3280 1986 contra
3309 1945 3403 1985 vo-

1821 2029 1934 2074 tum
1980 2019 2303 2076 obedientia:
2331 2059 2347 2085 ,
2401 2027 2514 2076 tum
2567 2028 2756 2076 contra
2792 2031 2979 2076 votum
3030 2021 3405 2078 conversionis

1818 2127 2052 2178 morum,
2083 2111 2284 2183 quibus
2313 2110 2509 2182 ligatus
2553 2120 2667 2177 est,L
2687 2123 2742 2168 et
2781 2112 2859 2168 sic
2885 2112 3082 2184 ligatus
3110 2127 3178 2168 ex
3199 2113 3252 2168 vi
3291 2114 3410 2168 voti

1815 2203 2023 2270 emissi,
2042 2211 2118 2269 ut,
2139 2203 2299 2275 juxta.
2317 2201 2544 2259 instituti
2563 2201 2962 2258 Carthusiensis
2986 2219 3255 2271 normam,
3280 2220 3408 2273 pro-

1816 2294 1990 2366 priam
2023 2292 2356 2350 voluntatem
2403 2293 2668 2364 integram
2710 2296 2913 2362 absque
2936 2293 3039 2348 ulla
3065 2296 3405 2348 reslrietione

1818 2393 1914 2438 aut
1939 2382 2259 2455 exceptione
2284 2422 2304 2445 ,
2333 2382 2520 2436 vit-tuti
2547 2396 2720 2437 sacrae
2751 2381 3073 2438 obedientize
3103 2383 3419 2447 devoverita

1816 2475 2027 2531 Gradus
2060 2483 2242 2529 autem
2279 2473 2605 2530 obedientize
2654 2488 2684 2526 a
2731 2474 2936 2529 sanctis
2975 2471 3230 2534 Patribus
3249 2462 3415 2529 assi»~

1817 2566 1962 2634 gnati
2002 2565 2138 2622 tales
2163 2576 2308 2621 sunt.

1890 2657 2106 2712 Primus
2132 2666 2216 2714 est
2240 2698 2256 2722 ,
2300 2667 2360 2714 ut
2384 2672 2471 2714 res
2491 2671 2532 2715 a,
2553 2658 2832 2729 superiore
2852 2657 3020 2729 iussae
3049 2657 3234 2714 sedule
3256 2672 3406 2714 com-

1818 2749 2067 2819 pleantur
2093 2749 2355 2806 exterius.

1897 2841 2177 2897 Secundus
2200 2841 2400 2914 gradus
2419 2849 2504 2896 est
2530 2879 2548 2907 ,
2587 2849 2648 2896 ut
2687 2841 2830 2895 intus
2859 2840 3107 2896 voluntas
3129 2839 3407 2896 inferioris

1820 2934 2124 2990 conformet
2153 2949 2210 2988 se
2234 2933 2394 3003 plene
2424 2932 2684 2986 voluntati
2726 2932 3018 3003 superioris
3047 2974 3059 2994 ,
3092 2931 3164 2986 ita
3197 2941 3256 2986 ut
3279 2947 3420 3002 pro-.

1820 3024 1992 3093 priam
2028 3022 2417 3078 reclamantem
2445 3011 2694 3094 abneget.
2726 3024 2803 3079 De
2837 3025 2945 3079 hoc
2982 3024 3220 3093 loquitur
3247 3024 3405 3078 divus

1818 3115 2054 3170 Joannes
2075 3114 2350 3170 Climacus
2383 3113 2537 3184 grad.
2568 3129 2652 3180 tv,
2681 3122 2784 3169 art.
2813 3113 2846 3168 3
2866 3154 2880 3179 ,
2913 3115 3037 3169 dum
3066 3113 3199 3169 dicit
3229 3131 3243 3168 :
3271 3112 3406 3168 Obe-

1820 3206 2017 3262 dientia
2061 3215 2140 3261 est
2191 3204 2488 3276 sepulcrum
2520 3193 2748 3278 propriae
2778 3205 3062 3262 uoluntatis
3087 3216 3134 3260 et
3157 3205 3403 3261 excitatio

1820 3298 2162 3354 humilitatis.

1892 3389 2109 3449 Tertius
2135 3388 2335 3460 gradus
2361 3397 2470 3456 est,
2494 3397 2554 3445 ut
2592 3387 2898 3444 intellectus
2943 3387 3250 3444 obedientis
3273 3401 3404 3444 con-

1818 3483 2085 3540 formetur
2109 3481 2410 3542 intellectui
2441 3481 2828 3554 praecipientis,
2859 3491 2917 3537 ut
2931 3481 3067 3551 jam,
3102 3482 3410 3541 secundum

1819 3575 1883 3630 D.
1913 3574 2248 3630 Bernardum
2277 3607 2304 3643 ,κ
2324 3572 2518 3630 similis
2545 3573 2618 3629 sit
2662 3573 2909 3644 apostolo
2937 3573 3102 3629 Paulo
3125 3613 3140 3639 ,
3179 3574 3248 3629 de
3292 3589 3412 3644 quot

1817 3667 2017 3725 dicitur
2047 3667 2100 3722 in
2122 3666 2349 3723 Actibus
2377 3664 2742 3737 apostolorum
2767 3666 2908 3736 (cap.
2940 3682 3018 3729 tx,
3045 3666 3136 3737 28)
3162 3665 3414 3736 :Apertig

1817 3761 1986 3818 oculis
2015 3760 2146 3815 nihil
2176 3759 2380 3816 videbat
2405 3798 2423 3825 ,
2466 3758 2536 3817 ad
2564 3755 2780 3824 nianum
2807 3768 2982 3813 autent
3014 3757 3165 3812 illum
3189 3758 3395 3814 trahen-

1815 3861 1913 3919 tes,
1938 3860 2046 3910 etc.

1890 3946 2028 4002 Ecce
2058 3945 2148 4015 qui
2195 3951 2250 4001 et
2289 3943 2480 4015 quales
2507 3951 2636 4001 sunt
2670 3945 2871 4017 gradus
2901 3957 3038 4014 quos
3087 3943 3191 3999 sibi
3239 3943 3401 4000 debet

1817 4036 2110 4108 disponere
2139 4037 2441 4094 monachus
2467 4034 2861 4093 Carthusianus
2889 4077 2906 4102 ,
2958 4051 3032 4096 ex
3074 4034 3410 4107 obligatione-

1815 4137 1874 4186 et
1901 4129 2232 4188 necessitate
2273 4136 2525 4186 votorum
2555 4128 2880 4185 obedientiae
2919 4139 2976 4185 et
3026 4129 3402 4186 conversionis

1815 4239 2048 4291 morum,
2079 4240 2201 4297 quae
2229 4223 2583 4296 emisitjuxta
2607 4231 2935 4278 statutorum
2957 4222 3211 4290 formam,
3236 4237 3402 4293 quam

1816 4329 1927 4371 non
1983 4315 2256 4387 ignoravit
2281 4359 2295 4384 ,
2332 4318 2443 4372 imo
2471 4317 2654 4372 sciens
2683 4325 2739 4371 et
2763 4313 2948 4370 volens
2971 4315 3196 4372 relative
3225 4315 3291 4370 ad
3338 4317 3403 4370 ti-

1813 4405 1945 4472 lam,
1973 4405 2367 4477 professionem
2412 4407 2595 4467 emisit
2617 4406 2670 4463 in
2704 4407 2894 4463 ordine
2927 4406 3328 4464 Carthusiensi.

1885 4495 2084 4553 Totum
2114 4497 2220 4553 hoc
2271 4497 2568 4569 capitulum
2600 4498 2830 4554 relatum
2869 4497 3034 4552 habes
3070 4497 3122 4551 in
3160 4498 3405 4568 antiquis

1814 4590 2032 4646 statutis
2059 4630 2075 4657 ,
2123 4605 2246 4662 cap.
2274 4588 2347 4644 24
2375 4631 2390 4656 ,
2446 4606 2484 4646 ιι
2533 4598 2674 4662 part.
2712 4607 2804 4646 nn.
2853 4589 2888 4643 4
2925 4597 2982 4644 et
3009 4589 3063 4655 5,
3114 4597 3170 4643 et
3206 4590 3397 4644 eadem

1811 4695 2038 4754 prorsus
2069 4683 2209 4752 apud
2243 4696 2342 4737 nos
2369 4681 2532 4741 etiam
2559 4697 2703 4737 nunc
2735 4684 3118 4737 observantur.

1881 4771 2014 4829 Car.
2059 4770 2248 4826 XXIV.
2275 4801 2349 4814 --
2375 4772 2522 4828 Idem
2557 4772 2790 4828 refertur
2818 4773 2873 4827 in
2914 4772 3152 4842 antiquis
3175 4770 3396 4828 statutis

1811 4880 1852 4930 ιι
1895 4874 2074 4939 part.,
2111 4880 2231 4935 cap.
2269 4865 2372 4934 94,
2401 4881 2552 4920 num.
2578 4866 2644 4932 5,
2669 4875 2725 4922 et
2759 4865 2951 4922 eadem
2978 4865 3152 4920 lorma
3177 4879 3208 4918 a
3239 4864 3396 4918 nobis

1813 4967 2081 5014 servatur.
2106 4959 2340 5016 Cucullae
2373 4964 2557 5014 autem
2595 4958 2815 5013 nomine
2838 4999 2854 5024 ,
2907 4956 3258 5028 intelligimus
3303 4968 3397 5010 ve-

1812 5060 1950 5107 stem
1978 5052 2126 5108 illam
2159 5051 2496 5123 superiorem
2525 5059 2584 5106 ct
2628 5049 2876 5114 talarem,
2905 5049 2992 5105 cui
3030 5049 3272 5106 adhaeret
3296 5061 3395 5104 ca-

1812 5144 2018 5215 putium
2045 5185 2060 5210 ,
2105 5154 2162 5200 et
2206 5143 2358 5215 cujus
2386 5152 2621 5214 utraque
2666 5159 2792 5212 pars
2842 5158 2938 5214 per
2986 5143 3180 5198 vittam
3226 5142 3400 5201 latam,

1811 5233 2092 5304 copulatur
2113 5273 2130 5300 ,
2166 5242 2222 5289 et
2254 5232 2334 5289 sic
2384 5231 2444 5288 lit
2473 5272 2488 5298 ,
2519 5242 2580 5287 ut
2624 5233 2915 5302 quamdam
2945 5232 3124 5288 crucis
3158 5231 3392 5285 formam

1813 5334 1939 5383 ante
1962 5333 2016 5382 et
2044 5335 2191 5381 retro
2222 5323 2730 5395 feramus,.quando
2761 5326 2814 5380 in
2864 5324 3142 5394 publicum
3165 5339 3392 5394 appare-

1729 5437 1785 5498 D
1813 5433 1969 5485 mus;
2001 5433 2128 5474 nam
2158 5421 2287 5474 dum
2312 5417 2413 5474 soli
2444 5419 2499 5472 in
2537 5417 2669 5473 cella
2694 5419 2968 5482 sedemus,
2997 5428 3051 5470 et
3082 5417 3388 5472 divinorum

1813 5507 2110 5566 ciliciorum
2141 5509 2452 5570 recitatiOni
2503 5502 2609 5566 non
2649 5525 2908 5566 vacamus
2936 5549 2952 5574 ,
3001 5507 3243 5577 deposita
3296 5503 3393 5561 illa

1815 5602 1970 5659 talari
1998 5605 2233 5670 cuculla,
2266 5618 2491 5674 parvam
2519 5619 2640 5675 qum
2671 5603 2926 5660 funiculis
2949 5601 3201 5672 alligatur
3229 5612 3390 5664 assae.

1808 5695 2007 5754 mimus
2030 5705 2088 5753 ut
2117 5695 2342 5754 liberius
2363 5695 2578 5768 operari
2606 5694 2897 5772 possimus.
