3992 6400
1417 368 1738 429 GUIGONIS
1775 369 1796 425 I
1832 359 2254 427 CARTHUSIAE
2287 368 2580 430 MAJOPJS
2613 367 2889 436 PRIORIS
2921 367 2967 436 V

1885 483 2281 541 CAPITULUM
2315 483 2482 541 XXV.

1860 572 2044 628 Oratio
2083 592 2238 644 super
2277 577 2548 630 nouitium.

621 665 677 720 l.
718 665 942 722 Domine
963 665 1092 721 Iesu
1117 664 1353 731 Christe,
1379 663 1469 735 qui
1503 680 1556 718 es
1590 664 1672 718 via
1706 664 1820 718 sine
1855 681 1960 733 qua
1981 681 2132 719 nemo
2159 666 2294 720 venit
2325 667 2393 720 ad
2423 666 2665 733 Patrem,
2695 683 3005 738 quasumus
3046 668 3474 738 benignissimum
3507 666 3820 722 clementiam

554 762 699 808 tuam
722 763 778 808 ut
805 755 944 808 hunc
975 752 1232 822 famulum
1256 761 1426 818 tuum,
1455 768 1488 805 a
1512 751 1814 806 carnalibus
1835 752 2110 807 desideriis
2135 754 2474 821 abstractum,
2503 771 2594 826 per
2620 756 2722 810 iter
2747 757 3042 826 disciplina:
3065 758 3320 830 regularis
3346 759 3620 824 deducas;
3645 771 3690 813 et
3713 763 3822 830 quis

554 851 846 910 peccatores
867 858 1048 898 vocare
1071 842 1318 912 dignatus
1347 856 1400 895 es
1428 841 1640 896 dicens:
1659 860 1677 894 ι
1715 840 1896 898 Venite
1921 843 1991 897 ad
2021 860 2122 911 me,
2147 859 2326 898 omnes
2355 847 2443 916 qui
2475 848 2679 902 onerati
2705 849 2851 916 estis,
2885 857 2932 908 et
2963 865 3054 919 ego
3078 865 3162 904 vos
3186 851 3458 919 reﬁciam;
3489 869 3508 902 ι
3541 860 3735 920 pra’sta
3773 859 3822 902 ut

559 937 673 992 haec
698 937 1018 991 invitationis
1043 944 1148 988 tute
1173 951 1270 989 vos
1293 935 1367 988 ita
1395 935 1448 987 in
1477 949 1538 988 eo
1557 933 1902 1003 convalescat,
1929 945 2187 1005 quatenus
2209 947 2542 1006 peccatorum
2573 955 2732 993 onera
2753 939 3038 1009 deponens,
3061 952 3108 993 et
3135 957 3292 1011 quam
3315 941 3486 995 dulcis
3513 958 3568 995 es
3595 951 3820 1012 gustant,

551 1035 644 1082 tua
683 1027 961 1096 refectione
997 1025 1286 1079 sustentari
1323 1033 1590 1078 mereatur
1608 1064 1630 1092 ,ν
1649 1033 1696 1078 et
1725 1024 1862 1078 sicut
1884 1027 2125 1079 attestari
2163 1025 2228 1079 de
2253 1027 2362 1079 tuis
2382 1027 2562 1080 ovibus
2589 1025 2837 1096 dignatus
2865 1043 2942 1092 es,
2969 1043 3194 1097 agnosce
3217 1044 3338 1081 eum
3375 1029 3515 1082 inter
3541 1043 3666 1082 oves
3691 1038 3822 1094 tuos,

549 1132 604 1176 ut
631 1123 742 1193 ipse
761 1130 810 1176 te
835 1122 912 1176 sic
938 1129 1216 1191 cognoscat
1269 1118 1368 1192 [al.
1403 1118 1676 1190 agnoscat]
1706 1129 1760 1173 ut
1793 1118 2026 1174 alienum
2055 1135 2158 1173 non
2187 1131 2462 1190 sequatur,
2489 1121 2579 1175 sed
2600 1137 2766 1192 neque
2787 1123 2972 1177 audiat
2998 1139 3168 1177 vocem
3193 1122 3511 1194 alienorum,
3545 1123 3646 1194 sed
3667 1131 3820 1184 luant.

551 1232 652 1286 qua
676 1215 808 1270 dicis
833 1227 851 1266 :
883 1231 902 1265 ι
934 1213 1038 1280 Qui
1064 1211 1194 1266 mihi
1225 1211 1488 1266 ministrat
1509 1227 1591 1265 me
1615 1221 1884 1281 sequatur.
1917 1227 1950 1280 s_
1973 1209 2076 1276 Qui
2096 1211 2220 1265 vivis
2241 1219 2290 1284 et
2320 1227 2506 1286 regnas
2532 1251 2547 1277 ,
2573 1220 2680 1266 etc.

615 1309 673 1363 2.
713 1307 793 1360 Ex
821 1305 924 1359 hoc
957 1314 1200 1373 tempore
1223 1303 1315 1372 qui
1345 1312 1630 1372 susceptus
1660 1308 1785 1374 est,
1833 1301 1906 1354 ita
1955 1315 2014 1354 se
2037 1301 2104 1354 ab
2133 1300 2390 1356 omnibus
2412 1315 2532 1371 qute
2557 1301 2742 1372 mundi
2769 1311 2900 1358 sunt
2945 1302 3203 1378 intelligit
3231 1303 3472 1359 alienum
3497 1344 3516 1372 ,
3543 1312 3609 1359 ut
3637 1303 3824 1362 nullius

549 1411 769 1468 prorsus
805 1395 906 1460 rei,
941 1411 1042 1450 nec
1073 1396 1154 1450 sui
1183 1395 1399 1464 quidem
1453 1395 1624 1464 ipsius
1650 1435 1664 1458 ,
1695 1393 1814 1448 sine
1839 1393 2038 1463 prioris
2068 1392 2287 1448 licentia
2316 1385 2515 1448 habeat
2537 1401 2880 1464 potestatem.
2905 1393 3040 1450 Cum
3062 1391 3206 1450 enim
3236 1397 3307 1451 ab
3337 1397 3600 1452 omnibus
3628 1397 3716 1468 qui
3747 1415 3820 1454 re-

549 1489 808 1560 gn‘ariter
831 1489 1015 1543 vivere
1047 1487 1437 1557 decreverunt,
1473 1485 1778 1542 obedientia
1811 1499 2004 1560 magno
2030 1484 2212 1538 studio
2241 1485 2314 1540 sit
2339 1485 2608 1540 servanda
2635 1527 2651 1552 ,
2681 1486 2750 1540 ab
2792 1485 2879 1542 bis
2913 1494 3095 1556 tamen
3123 1497 3288 1558 tanto
3314 1488 3570 1542 devotius
3596 1504 3662 1544 ac
3689 1489 3820 1544 solli-

549 1597 576 1634 c
600 1583 728 1644 tius,
761 1579 978 1650 quando
1009 1579 1317 1642 districtius
1336 1579 1689 1648 asperiusque
1717 1577 1930 1631 subiere
1958 1576 2320 1645 propositum,
2365 1591 2433 1629 ne
2467 1576 2547 1641 si,
2578 1565 2723 1646 quad
2765 1577 2942 1650 absit,
2971 1578 3072 1632 ista
3107 1579 3372 1642 defuerit,
3409 1580 3548 1633 latiti
3581 1581 3817 1646 labores,

547 1689 654 1727 non
681 1671 858 1728 solum
891 1679 1116 1728 careant
1139 1671 1381 1741 praemio,
1419 1670 1516 1725 sed
1543 1679 1600 1724 et
1633 1667 1960 1738 supplicium
1991 1668 2357 1724 damnationis
2387 1669 2688 1728 incurrant.
2895 1743 2898 1746 q

615 1763 669 1819 5.
710 1763 848 1820 Hinc
869 1763 1012 1819 enim
1041 1761 1257 1819 Samuel
1289 1778 1302 1815 :
1330 1761 1522 1816 Melior
1545 1771 1619 1816 est
1647 1761 1784 1815 enim
1835 1757 1927 1832 [al.
1967 1759 2160 1834 inquit]
2209 1761 2502 1832 obedientia
2542 1778 2701 1831 quam
2739 1763 2962 1817 victima:
2988 1803 3003 1828 ,
3051 1773 3099 1817 et
3142 1769 3449 1838 auscultare
3479 1768 3652 1836 magis
3679 1785 3820 1838 quam

549 1856 744 1926 oﬂ‘erre
765 1855 971 1926 adipem
1002 1855 1248 1921 arietum,
1293 1854 1544 1925 quoniam
1579 1852 1732 1922 quasi
1751 1849 2022 1922 peccatum
2047 1850 2308 1906 ariolandi
2335 1862 2411 1906 est
2443 1867 2757 1932 repugnare,
2787 1863 2836 1908 et
2867 1855 3018 1925 quasi
3038 1854 3206 1908 scelus
3229 1855 3556 1910 idololatrire
3582 1859 3716 1912 nolle
3743 1875 3820 1912 ac-

548 1945 806 2018 quiescere
833 1943 886 2016 (Ι
927 1943 1052 2015 Reg.
1082 1961 1172 2010 xv,
1208 1942 1326 2014 22).
1363 1941 1522 2010 Quod
1544 1939 2526 2015 unumqtestimonium'etobedientiae
2554 1939 2770 2008 laudem
2806 1941 3258 1998 etinobedientiae
3285 1941 3648 2000 sufﬁcientem
3677 1945 3828 2014 habet.

549 2038 1032 2108 vituperationem.
1161 2071 1165 2074 -
2303 2033 2310 2038 ‘

554 369 656 431 89!
1417 368 1738 429 GUIGONIS
1775 369 1796 425 I
1832 367 2254 427 CARTHUSIAE
2287 368 2580 430 MAJOPJS
2613 367 2889 431 PRIORIS
2921 367 2967 422 V
3725 367 3818 426 693

1877 2122 2280 2182 CAPITULUM
2320 2125 2508 2182 XXVI.

1794 2215 1873 2271 De
1912 2216 2095 2270 ordine
2131 2218 2572 2288 congregationis.

615 2313 874 2370 Ordinem
905 2319 1110 2378 autem,
1135 2313 1250 2368 sive
1277 2312 1330 2366 in
1365 2309 1682 2376 refectorio,
1712 2307 1827 2377 sive
1849 2307 2179 2380 ubicunque,
2207 2325 2330 2366 eum
2363 2309 2546 2366 cuncti
2571 2317 2841 2375 tenemus,
2871 2324 3033 2381 quem
3056 2311 3286 2384 singulis
3308 2327 3442 2368 suus
3465 2313 3620 2384 dedit
3638 2313 3820 2371 adven-

547 2411 657 2470 tus,
691 2403 793 2459 nisi
825 2416 988 2474 quem
1027 2401 1165 2458 forte
1193 2401 1342 2472 prior
1371 2401 1608 2472 aliquam
1639 2399 1724 2454 vel
1753 2397 2134 2472 supposuerit,
2153 2399 2238 2454 vel
2269 2397 2627 2469 prmposuerit
2652 2399 2724 2457 ob
2749 2415 2991 2466 causam.

1097 2515 1102 2518 -
1857 2485 2265 2548 CAPITULUM
2304 2488 2518 2545 XXVII.

1785 2581 1863 2638 De
1900 2591 2052 2636 (etate
2085 2583 2557 2653 suscipiendorum.

613 2677 820 2734 Pueros
842 2679 956 2735 sive
979 2677 1419 2736 adolescentulos
1451 2693 1558 2734 non
1585 2678 1877 2749 recipimus
1901 2720 1916 2744 ,
1951 2679 2078 2749 quia
2110 2675 2208 2749 [al.
2237 2675 2383 2749 qum]
2437 2691 2535 2746 per
2557 2691 2652 2732 eos
2679 2675 3029 2732 monasteriis
3057 2678 3226 2733 multa
3253 2681 3556 2754 contigisse
3595 2681 3824 2740 dolemus

541 2779 596 2826 et
627 2786 844 2842 magna,
882 2771 1182 2844 spiritualia
1215 2773 1378 2831 simul
1407 2782 1478 2844 et.
1505 2771 1809 2842 corporalia
1841 2771 2084 2844 pericula
2140 2768 2536 2835 formidantes;
2563 2769 2660 2824 sed
2689 2769 2838 2825 viros
2887 2771 2977 2840 qui
3005 2810 3018 2833 ,
3065 2769 3222 2840 juxta
3252 2784 3593 2843 prmceptum
3625 2775 3830 2831 Domini

541 2880 642 2934 per
673 2879 895 2920 manum
927 2863 1098 2936 Moysi
1118 2907 1144 2940 ,ν
1164 2865 1354 2936 viginti
1379 2864 1448 2922 ad
1479 2865 1659 2920 minus
1687 2878 1952 2920 annorum
1977 2877 2134 2934 sacra
2155 2861 2366 2931 possint
2403 2861 2470 2916 ad
2499 2861 2636 2916 bella
2661 2861 2975 2930 procedere.
3009 2859 3383 2932 Hisexpletis,
3416 2869 3567 2934 quot
3601 2867 3667 2922 de
3695 2866 3820 2930 cella

541 2957 894 3026 promisimus
914 2972 1310 3040 exsequamun

1890 3045 2266 3104 COMMENTA
2277 3043 2389 3101 ΒΗ]
2397 3045 2454 3100 8.

611 3205 744 3261 Cn.
776 3203 943 3260 XXV.
967 3207 1038 3245 —'—
1059 3204 1221 3258 Num.
1258 3207 1313 3260 t.
1347 3205 1550 3260 Eadem
1581 3204 1756 3260 forma
1781 3202 2210 3264 benedicendi-A
2239 3205 2586 3272 proverbium
2618 3207 2774 3262 nobis
2819 3207 3110 3264 conveniat
3133 3227 3148 3264 :
3173 3209 3368 3266 Adhuc
3395 3209 3594 3279 majori
3649 3211 3823 3281 pretio.

543 3313 741 3374 novum
769 3297 1073 3368 professum
1093 3296 1403 3352 referturin
1421 3295 1658 3367 antiquis
1681 3295 1922 3360 statutis,
1940 3312 1978 3350 ιι
1995 3304 2137 3366 part.

543 3373 664 3458 cap.
693 3387 788 3454 24,
815 3403 964 3442 num.
997 3389 1052 3442 5.
1293 3385 1302 3398 “
1783 3411 1786 3414 ί

616 3477 776 3533 Num.
801 3479 857 3532 2.
894 3479 960 3533 Et
989 3479 1086 3533 ltoc
1117 3489 1344 3549 tempore
1372 3523 1386 3548 ,
1428 3491 1534 3536 etc.
1581 3481 1678 3537 llic
1709 3481 1938 3537 disertis
1959 3480 2144 3536 verbis

544 3569 801 3638 exprimit
824 3579 1044 3624 sanctus
1072 3571 1176 3636 vir,
1205 3573 1348 3641 quod
1379 3573 1690 3628 obedientia
1719 3573 1790 3626 sit
1817 3571 1983 3627 veluti
2016 3587 2143 3627 crn-

546 3671 690 3715 trutn
732 3660 962 3716 instituti
987 3661 1332 3717 Carthusiani
1360 3704 1375 3728 ,
1407 3663 1472 3719 de
1497 3679 1601 3734 qua
1644 3679 1704 3719 re
1729 3663 1875 3733 loqui
1911 3664 2142 3720 remitti-

545 3769 666 3809 mus
700 3753 862 3819 infra,
885 3755 985 3810 sub
1016 3769 1140 3825 cap.
1176 3755 1266 3810 35.
1291 3755 1494 3812 Eadem
1533 3773 1664 3812 vero
1693 3758 1862 3814 relata
1901 3757 2140 3828 reperies

545 3845 613 3898 de
648 3843 815 3899 verbo
840 3843 908 3898 ad
941 3845 1166 3900 verbum
1197 3847 1248 3900 in
1287 3847 1528 3918 antiquis
1563 3857 1618 3904 et
1643 3851 1796 3904 novis
1828 3849 2066 3904 statutis.

615 3935 746 3992 CAP.
783 3934 974 3991 XXVI.
997 3938 1297 3994 ——Gradus
1325 3949 1381 3993 et
1409 3939 1582 4007 locus,
1599 3939 1710 4009 juri
1741 3940 2142 4011 quodammodo

545 4028 784 4084 naturali
812 4043 1080 4094 annexus,
1112 4030 1202 4085 hic
1239 4033 1570 4103 assignatur,
1601 4043 1656 4088 at
1688 4029 2142 4090 totum’obedien—

550 4119 638 4172 tiae
667 4119 930 4186 obsequio
989 4119 1262 4184 subditur,
1299 4121 1427 4176 dum
1463 4122 1664 4192 prioris
1699 4122 1924 4177 arbitrio
1953 4123 2138 4196 subja-

550 4225 675 4264 cere
704 4209 901 4263 dicitur
929 4253 944 4277 ,
989 4211 1057 4266 ob
1104 4226 1328 4266 causam
1357 4253 1372 4276 ,
1430 4213 1500 4270 de
1551 4213 1704 4282 cujus
1735 4214 2020 4269 validitate
2047 4223 2142 4270 aut

551 4299 867 4358 sufficientia
886 4300 1147 4370 judicium
1182 4303 1276 4366 illi,
1308 4304 1512 4373 absque
1541 4305 1648 4359 ulla
1693 4306 2007 4361 conditione
2052 4323 2138 4362 re-

553 4391 838 4460 linquitur.
893 4391 1092 4448 Eadem
1149 4409 1372 4462 prorsus
1407 4395 1576 4451 relata
1623 4397 1892 4452 habentur
1923 4406 2034 4452 tum
2085 4399 2148 4452 in.

551 4483 814 4554 antiquis,
845 4493 956 4538 tum
987 4485 1038 4539 in
1065 4486 1220 4540 novis
1257 4487 1497 4543 statutis.

1293 3385 1302 3398 ι

2245 3309 2344 3350 nos
2391 3311 2574 3352 emere
2601 3337 2616 3361 ,
2664 3299 2808 3368 quod
2849 3296 2963 3367 jam
2993 3301 3100 3356 illis
3130 3315 3326 3371 magno
3356 3303 3542 3371 pretio
3569 3303 3816 3359 constitit.

2241 3387 2352 3443 Cur
2395 3389 2574 3444 divina
2627 3391 2965 3458 providentia
2996 3394 3078 3448 sic
3117 3395 3322 3449 sensim
3367 3395 3436 3448 ad
3465 3395 3824 3466 cognitionem

2243 3482 2696 3538 inconvenientia}
2730 3485 3092 3554 quarumdam
3124 3499 3305 3540 rerum
3341 3524 3358 3550 ,
3391 3500 3514 3554 qum
3543 3485 3824 3554 aliquando

2241 3572 2398 3628 valde
2420 3573 2806 3630 convenientes
2825 3574 2956 3631 visre
2993 3585 3122 3632 sunt
3147 3617 3163 3644 ,
3197 3591 3297 3631 nos
3325 3575 3592 3632 devenire
3611 3576 3820 3647 permit-

2243 3664 2367 3718 tat?
2393 3663 2446 3717 Id
2480 3665 2556 3718 ita
2587 3664 2703 3718 ﬁeri
2747 3665 3078 3720 censendum
3103 3673 3188 3721 est
3215 3706 3230 3731 ,
3263 3676 3324 3720 ut
3361 3667 3652 3724 evidenter
3683 3665 3824 3721 nobis

2242 3765 2504 3826 appareat
2543 3771 2706 3826 quam
2747 3755 2970 3812 incertae
3009 3756 3120 3812 sint
3171 3757 3532 3827 providentiae
3593 3767 3820 3818 nostrae,

2244 3857 2508 3918 quantum
2537 3864 2566 3902 a
2613 3849 2821 3918 proprii
2852 3847 3042 3918 judicii
3071 3848 3326 3918 opinione
3357 3889 3374 3912 ,
3425 3858 3486 3903 et
3533 3849 3590 3904 in
3647 3859 3826 3904 nostro

2242 3955 2404 3996 sensu
2453 3941 2750 4010 pertinacia
2806 3954 3002 3995 cavere
3049 3941 3344 3994 debeamus
3377 3983 3392 4006 ,
3453 3951 3820 4010 quantumque

2243 4032 2442 4086 duritia
2475 4031 2656 4087 cordis
2681 4031 2852 4086 nostri
2883 4031 2936 4084 in
2959 4030 3232 4103 plerisque
3262 4033 3424 4086 rebus
3465 4032 3714 4103 indigeat
3739 4045 3824 4086 ex-

2241 4123 2541 4194 perientia,
2573 4139 2680 4195 qua
2739 4123 2903 4180 veluti
2931 4122 3126 4178 malleo
3173 4123 3428 4178 tundatur
3457 4133 3632 4194 atque
3667 4123 3824 4180 emol-

2248 4213 2432 4277 liatur,
2461 4223 2520 4268 ut
2543 4229 2647 4268 non
2683 4213 2840 4270 facile
2861 4214 2964 4270 sibi
3003 4212 3155 4281 ﬁdat,
3185 4214 3402 4283 propria
3427 4215 3700 4284 desideria
3729 4229 3822 4268 non

2243 4313 2523 4376 sequatur,
2553 4315 2610 4360 et
2637 4306 2855 4376 proprio
2885 4303 3256 4374 experimento
3299 4315 3444 4358 emat
3477 4304 3782 4360 firmitatem
3807 4341 3822 4364 ,

2243 4413 2348 4468 qua
2370 4398 2585 4453 veritati
2617 4397 2853 4468 propriis
2883 4397 3183 4462 laboribus,
3205 4404 3280 4462 et,
3297 4403 3356 4449 ut
3386 4396 3460 4449 ita
3481 4395 3692 4460 dicam,
3717 4407 3824 4463 pro-

2249 4491 2385 4559 priis
2410 4491 2666 4560 expensis
2690 4491 2887 4562 agnita:
2907 4491 3320 4554 adhaereatmec
3345 4491 3414 4544 ab
3439 4505 3508 4545 ea
3535 4499 3652 4544 tam
3685 4487 3822 4542 facile

621 4575 756 4632 CAP.
791 4574 998 4630 XXVII.
1026 4607 1098 4618 -—
1117 4577 1220 4633 Per
1241 4577 1634 4648 experientiam
1661 4587 1966 4651 temporum
1999 4597 2126 4637 sen-
2169 4583 2217 4644 Β
2243 4597 2340 4652 per
2367 4583 2606 4638 innatam
2633 4583 2906 4640 levitatem
2930 4591 2984 4637 et
3007 4581 3363 4638 mobilitatem
3386 4582 3634 4636 recedat.
3661 4580 3826 4634 Discat

552 4671 654 4726 sim
675 4670 926 4736 discitur,
953 4686 1183 4741 quarum
1214 4685 1395 4727 rerum
1423 4687 1594 4742 capax
1627 4673 1698 4730 sit
1721 4674 1954 4728 humana
1991 4674 2142 4729 inlir-

554 4765 736 4828 mitas,
766 4765 964 4834 quidve
993 4764 1165 4835 magis
1189 4764 1262 4818 illi
1291 4766 1600 4820 conveniat.
1626 4765 1779 4821 Unde
1801 4781 1907 4822 non
1931 4773 2016 4821 est
2045 4767 2142 4821 mi-

553 4855 786 4910 randum
807 4857 871 4919 si,
887 4857 1038 4927 juxta
1059 4857 1427 4912 diversitatem
1457 4868 1760 4928 temporum
1787 4867 1844 4915 et
1868 4860 2150 4930 experien-.

555 4945 778 5013 tiarum,
809 4947 1082 5016 quaedam,
1108 4964 1229 5018 quae
1259 4950 1596 5018 priusvalde
1629 4949 1770 5005 bona
1792 4951 2139 5018 videbantur,

554 5053 654 5108 per
673 5051 960 5098 eventuum
987 5045 1377 5114 experientiam
1401 5059 1505 5099 non
1533 5053 1641 5098 tam
1661 5045 1802 5100 bona
1830 5060 1951 5100 esse
1975 5059 2144 5116 appa-

559 5142 720 5188 reant
739 5149 898 5204 quam
934 5137 1429 5203 existimabantur,
1481 5137 1590 5194 imo
1645 5139 1808 5193 etiam
1857 5139 2148 5209 aliquando

561 5222 751 5278 nociva
783 5239 903 5280 esse
923 5235 1108 5295 postea
1145 5236 1390 5298 reputata
1413 5227 1545 5294 sint,
1585 5236 1644 5283 et
1672 5229 1796 5284 ideo
1820 5239 2026 5284 mutata
2057 5237 2154 5284 aut

562 5319 844 5388 abrogata.
873 5318 1025 5376 Unde
1052 5335 1394 5390 summopere
1429 5323 1732 5378 cavendum
1765 5330 1850 5378 est
1881 5323 1932 5377 in
1957 5321 2150 5378 ordine

563 5425 633 5466 ne
662 5410 923 5482 quasdam
970 5413 1340 5478 mutationes,
1391 5427 1516 5467 cum
1553 5420 1768 5467 maturo
1823 5412 2050 5468 consilio
2093 5419 2150 5467 et

567 5513 780 5560 matura
806 5503 1198 5560 deliberatione
1224 5505 1396 5560 factas
1418 5547 1434 5571 ,
1462 5503 1548 5560 vel
1576 5504 1790 5560 incaute
1811 5519 2104 5574 arguamus
2130 5541 2156 5571 ,~

563 5595 652 5653 vel
673 5597 948 5669 corrigere
968 5605 1298 5652 attentemus
1323 5637 1338 5662 ,
1371 5611 1440 5652 ne
1477 5597 1700 5667 proprio
1729 5598 2103 5668 experimento
2130 5637 2145 5664 ,

565 5695 772 5743 etcum
809 5688 1028 5760 preprio
1053 5689 1252 5744 damno
1279 5687 1458 5743 denuo
1494 5687 1836 5743 addiscamus
1870 5689 2010 5757 quod
2045 5687 2150 5742 Pa-

568 5785 682 5836 tres
709 5781 884 5839 nostri
906 5781 1047 5838 forte
1086 5796 1212 5838 cum
1238 5793 1336 5836 suo
1365 5779 1708 5846 didicerunt,
1735 5789 1786 5836 et
1819 5779 1898 5837 sic
1927 5779 2144 5847 vulgare

2247 4673 2416 4730 etiam
2439 4689 2546 4729 non
2581 4681 2786 4729 temere
2809 4689 3039 4743 arguere
3063 4673 3416 4736 mutationes,
3439 4686 3586 4740 quas
3607 4670 3824 4738 aliquau-

2249 4767 2320 4821 do
2351 4765 2466 4822 fieri
2492 4779 2716 4822 necesse
2742 4779 2866 4820 esse
2899 4766 3118 4836 proprio
3143 4765 3526 4834 experimento
3565 4763 3710 4817 videt
3733 4799 3750 4822 ,
3777 4765 3824 4811 et

2251 4858 2330 4914 sic
2361 4865 2620 4929 agnoscat
2645 4856 3020 4928 imprudenter
3043 4857 3198 4912 valde
3225 4869 3417 4925 sapere
3449 4861 3507 4908 et
3537 4867 3702 4924 agere
3719 4863 3822 4910 eos,

2253 4954 2343 5022 qui
2373 4953 2535 5007 nimis
2565 4953 2832 5008 tenaciter
2855 4951 3056 5006 vellent
3087 4951 3368 5006 adltmrere
3393 4946 3706 5019 antiquitati
3735 4985 3750 5010 ,
3775 4950 3822 4995 et

2254 5043 2459 5097 nullam
2491 5057 2728 5113 unquam
2778 5043 2831 5097 in
2864 5040 3452 5112 antiquismonasticaa
3497 5039 3630 5096 vita:
3657 5037 3822 5094 usibus

2247 5135 2600 5190 mutationem
2631 5133 2939 5188 admittere.

2326 5224 2714 5296 Experimento
2763 5237 2894 5294 ergo
2939 5221 3130 5280 alieno.
3165 5222 3342 5279 edocti
3387 5220 3586 5276 Patres
3615 5216 3772 5276 nostri
3800 5255 3814 5279 ,

2247 5331 2448 5387 pueros
2467 5329 2496 5370 a
2520 5329 2578 5370 se
2601 5314 2874 5386 rej-iciunt,
2899 5329 3000 5370 nec
3021 5315 3162 5383 apud
3187 5329 3274 5384 se,
3289 5313 3454 5368 etiam
3479 5313 3582 5366 sub
3603 5312 3686 5381 pio
3699 5321 3820 5378 ντες

2253 5417 2405 5463 textu
2431 5406 2552 5462 illos
2581 5406 2846 5462 educandi
2889 5422 2918 5462 a
2946 5407 3151 5462 teneris
3178 5406 3232 5460 in
3261 5405 3554 5475 disciplina
3581 5400 3774 5459 Domini
3801 5439 3814 5460 .

2255 5497 2442 5554 volunt
2476 5496 2785 5560 admittere,
2817 5497 2912 5552 sed
2937 5505 3144 5550 tantum
3171 5495 3318 5550 viros
3343 5503 3439 5548 aut
3464 5493 3654 5548 saltem
3677 5491 3814 5562 juve«

2256 5601 2392 5652 nes,
2447 5586 2644 5655 quibus
2689 5587 2978 5640 maturitas
3025 5582 3432 5640 deliberationis
3483 5583 3552 5636 ad
3587 5587 3814 5636 nostrum

2253 5677 2592 5748 propositum
2621 5676 3008 5731 assumendum
3048 5675 3356 5730 necessaria
3403 5673 3594 5728 adesse
3641 5665 3816 5724 creda-

2255 5786 2365 5834 tur.
2405 5775 2564 5844 Quod
2595 5789 2661 5832 eo
2683 5773 2928 5832 strictius
2958 5788 2991 5828 a
3015 5773 3174 5830 nobis
3199 5785 3344 5828 nunc
3373 5765 3696 5826 servandum
3719 5765 3812 5822 est.
