  <div class='ocr_page' id='page_1' title='image "/cluster/home/n/w/nwhite01/storage/ocr_20150623/153/hvd.32044015473812/352.png"; bbox 0 0 3900 6296; ppageno 0'>
   <div class='ocr_carea' id='block_1_1' title="bbox 126 351 215 407">
    <p class='ocr_par' dir='ltr' id='par_1_1' title="bbox 126 351 215 407">
     <span class='ocr_line' id='line_1_1' title="bbox 126 351 215 407; baseline -0.022 0"><span class='ocrx_word' id='word_1_1' title='bbox 126 351 215 407; x_wconf 73' lang='grc'><strong>095</strong></span> 
     </span>
    </p>
   </div>
   <div class='ocr_carea' id='block_1_2' title="bbox 1419 345 2012 407">
    <p class='ocr_par' dir='ltr' id='par_1_2' title="bbox 1419 345 2012 407">
     <span class='ocr_line' id='line_1_2' title="bbox 1419 345 2012 407; baseline 0.007 -7"><span class='ocrx_word' id='word_1_2' title='bbox 1419 345 2012 407; x_wconf 80' lang='lat' dir='ltr'><strong>CONSUETUDINES.</strong></span> 
     </span>
    </p>
   </div>
   <div class='ocr_carea' id='block_1_3' title="bbox 3247 351 3372 414">
    <p class='ocr_par' dir='ltr' id='par_1_3' title="bbox 3247 351 3372 414">
     <span class='ocr_line' id='line_1_3' title="bbox 3247 351 3372 414; baseline 0.056 -7"><span class='ocrx_word' id='word_1_3' title='bbox 3247 351 3372 414; x_wconf 59' lang='lat'><strong>69$.</strong></span> 
     </span>
    </p>
   </div>
   <div class='ocr_carea' id='block_1_4' title="bbox 1401 455 2053 516">
    <p class='ocr_par' dir='ltr' id='par_1_4' title="bbox 1401 455 2053 516">
     <span class='ocr_line' id='line_1_4' title="bbox 1401 455 2053 516; baseline -0.005 -1"><span class='ocrx_word' id='word_1_4' title='bbox 1401 455 1793 515; x_wconf 71' lang='lat' dir='ltr'><strong>CAPITULUM</strong></span> <span class='ocrx_word' id='word_1_5' title='bbox 1824 459 2053 516; x_wconf 79' lang='lat' dir='ltr'><strong>XXVIII.-</strong></span> 
     </span>
    </p>
   </div>
   <div class='ocr_carea' id='block_1_5' title="bbox 1413 548 2038 607">
    <p class='ocr_par' dir='ltr' id='par_1_5' title="bbox 1413 548 2038 607">
     <span class='ocr_line' id='line_1_5' title="bbox 1413 548 2038 607; baseline 0.003 -4"><span class='ocrx_word' id='word_1_6' title='bbox 1413 548 1493 604; x_wconf 76' lang='lat' dir='ltr'><strong>De</strong></span> <span class='ocrx_word' id='word_1_7' title='bbox 1532 550 1836 606; x_wconf 77' lang='lat' dir='ltr'><strong>utensilibus</strong></span> <span class='ocrx_word' id='word_1_8' title='bbox 1875 551 2038 607; x_wconf 72' lang='grc' dir='ltr'><strong>εειιω.</strong></span> 
     </span>
    </p>
   </div>
   <div class='ocr_carea' id='block_1_6' title="bbox 187 639 3360 718">
    <p class='ocr_par' dir='ltr' id='par_1_6' title="bbox 187 639 3360 718">
     <span class='ocr_line' id='line_1_6' title="bbox 187 639 3360 718; baseline 0 -12"><span class='ocrx_word' id='word_1_9' title='bbox 187 647 385 718; x_wconf 77' lang='lat' dir='ltr'><strong>Accipit</strong></span> <span class='ocrx_word' id='word_1_10' title='bbox 407 646 592 716; x_wconf 96' lang='lat' dir='ltr'><strong>itaque</strong></span> <span class='ocrx_word' id='word_1_11' title='bbox 613 643 764 701; x_wconf 69' lang='lat' dir='ltr'><strong>cella:</strong></span> <span class='ocrx_word' id='word_1_12' title='bbox 790 640 960 700; x_wconf 87' lang='lat' dir='ltr'><strong>incola</strong></span> <span class='ocrx_word' id='word_1_13' title='bbox 989 639 1056 696; x_wconf 89' lang='lat' dir='ltr'><strong>ad</strong></span> <span class='ocrx_word' id='word_1_14' title='bbox 1087 639 1285 696; x_wconf 87' lang='lat' dir='ltr'><strong>lectum</strong></span> <span class='ocrx_word' id='word_1_15' title='bbox 1329 639 1562 711; x_wconf 81' lang='lat' dir='ltr'><strong>paleam,</strong></span> <span class='ocrx_word' id='word_1_16' title='bbox 1589 642 1813 708; x_wconf 78' lang='lat' dir='ltr'><strong>llltmm,</strong></span> <span class='ocrx_word' id='word_1_17' title='bbox 1843 644 2121 714; x_wconf 80' lang='lat' dir='ltr'><strong>pulvinar,</strong></span> <span class='ocrx_word' id='word_1_18' title='bbox 2145 650 2335 701; x_wconf 86' lang='lat' dir='ltr'><strong>colum</strong></span> <span class='ocrx_word' id='word_1_19' title='bbox 2377 645 2463 701; x_wconf 89' lang='lat' dir='ltr'><strong>vel</strong></span> <span class='ocrx_word' id='word_1_20' title='bbox 2483 643 2882 716; x_wconf 89' lang='lat' dir='ltr'><strong>coopertorium</strong></span> <span class='ocrx_word' id='word_1_21' title='bbox 2912 645 2978 701; x_wconf 91' lang='lat' dir='ltr'><strong>de</strong></span> <span class='ocrx_word' id='word_1_22' title='bbox 3004 648 3360 718; x_wconf 85' lang='lat' dir='ltr'><strong>grossissimis</strong></span> 
     </span>
    </p>
   </div>
   <div class='ocr_carea' id='block_1_7' title="bbox 130 733 3359 809">
    <p class='ocr_par' dir='ltr' id='par_1_7' title="bbox 130 733 3359 809">
     <span class='ocr_line' id='line_1_7' title="bbox 130 733 3359 809; baseline 0.001 -16"><span class='ocrx_word' id='word_1_23' title='bbox 130 743 290 801; x_wconf 84' lang='lat' dir='ltr'><strong>ovium</strong></span> <span class='ocrx_word' id='word_1_24' title='bbox 325 737 569 809; x_wconf 84' lang='lat' dir='ltr'><strong>pellibus,</strong></span> <span class='ocrx_word' id='word_1_25' title='bbox 599 745 656 792; x_wconf 91' lang='lat' dir='ltr'><strong>et</strong></span> <span class='ocrx_word' id='word_1_26' title='bbox 683 749 861 806; x_wconf 87' lang='lat' dir='ltr'><strong>panno</strong></span> <span class='ocrx_word' id='word_1_27' title='bbox 889 734 1093 790; x_wconf 90' lang='lat' dir='ltr'><strong>rustico</strong></span> <span class='ocrx_word' id='word_1_28' title='bbox 1124 742 1467 802; x_wconf 79' lang='lat' dir='ltr'><strong>coopertum.</strong></span> <span class='ocrx_word' id='word_1_29' title='bbox 1495 733 1576 796; x_wconf 80' lang='lat' dir='ltr'><strong>Ad</strong></span> <span class='ocrx_word' id='word_1_30' title='bbox 1598 734 1853 791; x_wconf 84' lang='lat' dir='ltr'><strong>vestitum</strong></span> <span class='ocrx_word' id='word_1_31' title='bbox 1877 743 2084 800; x_wconf 90' lang='lat' dir='ltr'><strong>autem,</strong></span> <span class='ocrx_word' id='word_1_32' title='bbox 2115 737 2222 793; x_wconf 93' lang='lat' dir='ltr'><strong>duo</strong></span> <span class='ocrx_word' id='word_1_33' title='bbox 2247 737 2443 801; x_wconf 88' lang='lat' dir='ltr'><strong>cilicia,</strong></span> <span class='ocrx_word' id='word_1_34' title='bbox 2476 739 2612 794; x_wconf 89' lang='lat' dir='ltr'><strong>duas</strong></span> <span class='ocrx_word' id='word_1_35' title='bbox 2639 738 2851 794; x_wconf 80' lang='lat' dir='ltr'><strong>tunicas</strong></span> <span class='ocrx_word' id='word_1_36' title='bbox 2881 779 2896 806; x_wconf 90' lang='lat'><strong>,</strong></span> <span class='ocrx_word' id='word_1_37' title='bbox 2920 737 3055 794; x_wconf 90' lang='lat' dir='ltr'><strong>duas</strong></span> <span class='ocrx_word' id='word_1_38' title='bbox 3081 739 3318 809; x_wconf 82' lang='lat' dir='ltr'><strong>pellicias</strong></span> <span class='ocrx_word' id='word_1_39' title='bbox 3339 781 3359 809; x_wconf 90' lang='lat'><strong>,</strong></span> 
     </span>
    </p>
   </div>
   <div class='ocr_carea' id='block_1_8' title="bbox 127 823 3363 899">
    <p class='ocr_par' dir='ltr' id='par_1_8' title="bbox 127 823 3363 899">
     <span class='ocr_line' id='line_1_8' title="bbox 127 823 3363 899; baseline -0.003 -12"><span class='ocrx_word' id='word_1_40' title='bbox 127 847 271 888; x_wconf 87' lang='lat' dir='ltr'><strong>unam</strong></span> <span class='ocrx_word' id='word_1_41' title='bbox 296 828 640 894; x_wconf 83' lang='lat' dir='ltr'><strong>deteriorem,</strong></span> <span class='ocrx_word' id='word_1_42' title='bbox 675 827 899 892; x_wconf 85' lang='lat' dir='ltr'><strong>alteram</strong></span> <span class='ocrx_word' id='word_1_43' title='bbox 928 825 1233 893; x_wconf 88' lang='lat' dir='ltr'><strong>meliorem,</strong></span> <span class='ocrx_word' id='word_1_44' title='bbox 1255 826 1497 895; x_wconf 84' lang='lat' dir='ltr'><strong>duasque</strong></span> <span class='ocrx_word' id='word_1_45' title='bbox 1527 824 1775 882; x_wconf 72' lang='lat' dir='ltr'><strong>similiter</strong></span> <span class='ocrx_word' id='word_1_46' title='bbox 1805 823 2066 890; x_wconf 85' lang='lat' dir='ltr'><strong>cucullas,</strong></span> <span class='ocrx_word' id='word_1_47' title='bbox 2097 826 2200 882; x_wconf 87' lang='lat' dir='ltr'><strong>tria</strong></span> <span class='ocrx_word' id='word_1_48' title='bbox 2225 827 2374 897; x_wconf 77' lang='lat' dir='ltr'><strong>paria</strong></span> <span class='ocrx_word' id='word_1_49' title='bbox 2400 827 2715 898; x_wconf 85' lang='lat' dir='ltr'><strong>caligarum,</strong></span> <span class='ocrx_word' id='word_1_50' title='bbox 2741 827 2891 897; x_wconf 72' lang='lat' dir='ltr'><strong>paria</strong></span> <span class='ocrx_word' id='word_1_51' title='bbox 2929 827 3203 896; x_wconf 88' lang='lat' dir='ltr'><strong>pedulium</strong></span> <span class='ocrx_word' id='word_1_52' title='bbox 3225 845 3363 899; x_wconf 82' lang='lat' dir='ltr'><strong>qua.</strong></span> 
     </span>
    </p>
   </div>
   <div class='ocr_carea' id='block_1_9' title="bbox 129 914 3358 990">
    <p class='ocr_par' dir='ltr' id='par_1_9' title="bbox 129 914 3358 990">
     <span class='ocr_line' id='line_1_9' title="bbox 129 914 3358 990; baseline -0.002 -12"><span class='ocrx_word' id='word_1_53' title='bbox 129 932 254 987; x_wconf 90' lang='lat' dir='ltr'><strong>tuor,</strong></span> <span class='ocrx_word' id='word_1_54' title='bbox 280 918 465 990; x_wconf 83' lang='lat' dir='ltr'><strong>pelles,</strong></span> <span class='ocrx_word' id='word_1_55' title='bbox 488 932 740 988; x_wconf 86' lang='lat' dir='ltr'><strong>cappam,</strong></span> <span class='ocrx_word' id='word_1_56' title='bbox 767 916 1033 973; x_wconf 90' lang='lat' dir='ltr'><strong>sotulares</strong></span> <span class='ocrx_word' id='word_1_57' title='bbox 1061 924 1360 972; x_wconf 89' lang='lat' dir='ltr'><strong>nocturnos</strong></span> <span class='ocrx_word' id='word_1_58' title='bbox 1379 923 1434 970; x_wconf 90' lang='lat' dir='ltr'><strong>et</strong></span> <span class='ocrx_word' id='word_1_59' title='bbox 1458 914 1702 980; x_wconf 81' lang='lat' dir='ltr'><strong>diurnos,</strong></span> <span class='ocrx_word' id='word_1_60' title='bbox 1735 914 1980 984; x_wconf 89' lang='lat' dir='ltr'><strong>sagimen</strong></span> <span class='ocrx_word' id='word_1_61' title='bbox 2005 929 2222 984; x_wconf 73' lang='lat' dir='ltr'><strong>quoque</strong></span> <span class='ocrx_word' id='word_1_62' title='bbox 2256 917 2325 972; x_wconf 85' lang='lat' dir='ltr'><strong>ad</strong></span> <span class='ocrx_word' id='word_1_63' title='bbox 2359 919 2689 989; x_wconf 79' lang='lat' dir='ltr'><strong>ungendum,</strong></span> <span class='ocrx_word' id='word_1_64' title='bbox 2718 917 2985 974; x_wconf 89' lang='lat' dir='ltr'><strong>lumbaria</strong></span> <span class='ocrx_word' id='word_1_65' title='bbox 3015 919 3141 985; x_wconf 93' lang='lat' dir='ltr'><strong>duo,</strong></span> <span class='ocrx_word' id='word_1_66' title='bbox 3167 919 3358 989; x_wconf 66' lang='lat' dir='ltr'><strong>cingu~</strong></span> 
     </span>
    </p>
   </div>
   <div class='ocr_carea' id='block_1_10' title="bbox 126 1005 3362 1082">
    <p class='ocr_par' dir='ltr' id='par_1_10' title="bbox 126 1005 3362 1082">
     <span class='ocr_line' id='line_1_10' title="bbox 126 1005 3362 1082; baseline -0.001 -14"><span class='ocrx_word' id='word_1_67' title='bbox 126 1013 237 1076; x_wconf 89' lang='lat' dir='ltr'><strong>lum,</strong></span> <span class='ocrx_word' id='word_1_68' title='bbox 258 1010 432 1066; x_wconf 85' lang='lat' dir='ltr'><strong>omnia</strong></span> <span class='ocrx_word' id='word_1_69' title='bbox 459 1009 723 1065; x_wconf 89' lang='lat' dir='ltr'><strong>eanabina</strong></span> <span class='ocrx_word' id='word_1_70' title='bbox 749 1017 804 1062; x_wconf 89' lang='lat' dir='ltr'><strong>et</strong></span> <span class='ocrx_word' id='word_1_71' title='bbox 823 1021 1030 1078; x_wconf 79' lang='lat' dir='ltr'><strong>gressa,</strong></span> <span class='ocrx_word' id='word_1_72' title='bbox 1051 1017 1106 1064; x_wconf 91' lang='lat' dir='ltr'><strong>et</strong></span> <span class='ocrx_word' id='word_1_73' title='bbox 1127 1007 1388 1077; x_wconf 83' lang='lat' dir='ltr'><strong>quidquid</strong></span> <span class='ocrx_word' id='word_1_74' title='bbox 1414 1019 1635 1077; x_wconf 86' lang='lat' dir='ltr'><strong>prorsus</strong></span> <span class='ocrx_word' id='word_1_75' title='bbox 1658 1005 1725 1060; x_wconf 88' lang='lat' dir='ltr'><strong>ad</strong></span> <span class='ocrx_word' id='word_1_76' title='bbox 1748 1005 1944 1061; x_wconf 90' lang='lat' dir='ltr'><strong>lectum</strong></span> <span class='ocrx_word' id='word_1_77' title='bbox 1967 1005 2162 1061; x_wconf 89' lang='lat' dir='ltr'><strong>vestitu</strong></span> <span class='ocrx_word' id='word_1_78' title='bbox 2173 1021 2293 1062; x_wconf 92' lang='lat' dir='ltr'><strong>mve</strong></span> <span class='ocrx_word' id='word_1_79' title='bbox 2319 1006 2414 1079; x_wconf 82' lang='grc' dir='ltr'><strong>[αι.</strong></span> <span class='ocrx_word' id='word_1_80' title='bbox 2440 1007 2914 1082; x_wconf 81' lang='lat' dir='ltr'><strong>vestimentumve]</strong></span> <span class='ocrx_word' id='word_1_81' title='bbox 2935 1010 3189 1080; x_wconf 87' lang='lat' dir='ltr'><strong>pertinet,</strong></span> <span class='ocrx_word' id='word_1_82' title='bbox 3207 1011 3362 1080; x_wconf 85' lang='lat' dir='ltr'><strong>cujus</strong></span> 
     </span>
    </p>
   </div>
   <div class='ocr_carea' id='block_1_11' title="bbox 127 1097 3362 1175">
    <p class='ocr_par' dir='ltr' id='par_1_11' title="bbox 127 1097 3362 1175">
     <span class='ocr_line' id='line_1_11' title="bbox 127 1097 3362 1175; baseline -0.001 -17"><span class='ocrx_word' id='word_1_83' title='bbox 127 1099 478 1175; x_wconf 78' lang='lat' dir='ltr'><strong>grossitudinis</strong></span> <span class='ocrx_word' id='word_1_84' title='bbox 499 1099 768 1163; x_wconf 79' lang='lat' dir='ltr'><strong>colorisve</strong></span> <span class='ocrx_word' id='word_1_85' title='bbox 801 1098 872 1155; x_wconf 86' lang='lat' dir='ltr'><strong>sit</strong></span> <span class='ocrx_word' id='word_1_86' title='bbox 899 1114 1005 1154; x_wconf 91' lang='lat' dir='ltr'><strong>non</strong></span> <span class='ocrx_word' id='word_1_87' title='bbox 1037 1099 1268 1154; x_wconf 79' lang='lat' dir='ltr'><strong>curabit.</strong></span> <span class='ocrx_word' id='word_1_88' title='bbox 1301 1098 1436 1154; x_wconf 83' lang='lat' dir='ltr'><strong>Cum</strong></span> <span class='ocrx_word' id='word_1_89' title='bbox 1467 1097 1612 1152; x_wconf 90' lang='lat' dir='ltr'><strong>enim</strong></span> <span class='ocrx_word' id='word_1_90' title='bbox 1641 1097 1709 1152; x_wconf 90' lang='lat' dir='ltr'><strong>ad</strong></span> <span class='ocrx_word' id='word_1_91' title='bbox 1737 1112 1926 1154; x_wconf 85' lang='lat' dir='ltr'><strong>omnes</strong></span> <span class='ocrx_word' id='word_1_92' title='bbox 1955 1098 2252 1153; x_wconf 91' lang='lat' dir='ltr'><strong>monachos</strong></span> <span class='ocrx_word' id='word_1_93' title='bbox 2279 1137 2294 1163; x_wconf 93' lang='lat'><strong>,</strong></span> <span class='ocrx_word' id='word_1_94' title='bbox 2351 1107 2474 1154; x_wconf 92' lang='lat' dir='ltr'><strong>tum</strong></span> <span class='ocrx_word' id='word_1_95' title='bbox 2500 1101 2733 1156; x_wconf 77' lang='lat' dir='ltr'><strong>maxime</strong></span> <span class='ocrx_word' id='word_1_96' title='bbox 2755 1102 2821 1157; x_wconf 85' lang='lat' dir='ltr'><strong>ad</strong></span> <span class='ocrx_word' id='word_1_97' title='bbox 2851 1118 2970 1165; x_wconf 88' lang='lat' dir='ltr'><strong>nos,</strong></span> <span class='ocrx_word' id='word_1_98' title='bbox 3000 1101 3362 1156; x_wconf 86' lang='lat' dir='ltr'><strong>humilitatem</strong></span> 
     </span>
    </p>
   </div>
   <div class='ocr_carea' id='block_1_12' title="bbox 127 1192 3362 1272">
    <p class='ocr_par' dir='ltr' id='par_1_12' title="bbox 127 1192 3362 1272">
     <span class='ocr_line' id='line_1_12' title="bbox 127 1192 3362 1272; baseline -0.002 -16"><span class='ocrx_word' id='word_1_99' title='bbox 127 1201 535 1272; x_wconf 89' lang='lat' dir='ltr'><strong>attritionemque</strong></span> <span class='ocrx_word' id='word_1_100' title='bbox 557 1214 882 1270; x_wconf 83' lang='lat' dir='ltr'><strong>pannorum,</strong></span> <span class='ocrx_word' id='word_1_101' title='bbox 917 1205 973 1255; x_wconf 92' lang='lat' dir='ltr'><strong>et</strong></span> <span class='ocrx_word' id='word_1_102' title='bbox 997 1197 1374 1254; x_wconf 87' lang='lat' dir='ltr'><strong>universorum</strong></span> <span class='ocrx_word' id='word_1_103' title='bbox 1412 1193 1843 1264; x_wconf 88' lang='lat' dir='ltr'><strong>quibusutimur</strong></span> <span class='ocrx_word' id='word_1_104' title='bbox 1871 1232 1886 1256; x_wconf 92' lang='lat'><strong>,</strong></span> <span class='ocrx_word' id='word_1_105' title='bbox 1916 1192 2179 1248; x_wconf 85' lang='lat' dir='ltr'><strong>vilitatem</strong></span> <span class='ocrx_word' id='word_1_106' title='bbox 2209 1229 2226 1258; x_wconf 89' lang='lat'><strong>,</strong></span> <span class='ocrx_word' id='word_1_107' title='bbox 2275 1201 2640 1265; x_wconf 87' lang='lat' dir='ltr'><strong>paupertatem</strong></span> <span class='ocrx_word' id='word_1_108' title='bbox 2669 1207 2726 1251; x_wconf 89' lang='lat' dir='ltr'><strong>et</strong></span> <span class='ocrx_word' id='word_1_109' title='bbox 2753 1195 3106 1264; x_wconf 89' lang='lat' dir='ltr'><strong>abjectionem</strong></span> <span class='ocrx_word' id='word_1_110' title='bbox 3149 1204 3362 1250; x_wconf 89' lang='lat' dir='ltr'><strong>certum</strong></span> 
     </span>
    </p>
   </div>
   <div class='ocr_carea' id='block_1_13' title="bbox 126 1283 3358 1362">
    <p class='ocr_par' dir='ltr' id='par_1_13' title="bbox 126 1283 3358 1362">
     <span class='ocr_line' id='line_1_13' title="bbox 126 1283 3358 1362; baseline -0.001 -16"><span class='ocrx_word' id='word_1_111' title='bbox 126 1300 196 1358; x_wconf 79' lang='lat' dir='ltr'><strong>est</strong></span> <span class='ocrx_word' id='word_1_112' title='bbox 219 1291 495 1362; x_wconf 89' lang='lat' dir='ltr'><strong>pertinere.</strong></span> <span class='ocrx_word' id='word_1_113' title='bbox 537 1290 712 1347; x_wconf 84' lang='lat' dir='ltr'><strong>liabet</strong></span> <span class='ocrx_word' id='word_1_114' title='bbox 739 1289 902 1346; x_wconf 90' lang='lat' dir='ltr'><strong>etiam</strong></span> <span class='ocrx_word' id='word_1_115' title='bbox 929 1304 1060 1345; x_wconf 90' lang='lat' dir='ltr'><strong>acus</strong></span> <span class='ocrx_word' id='word_1_116' title='bbox 1087 1289 1242 1356; x_wconf 88' lang='lat' dir='ltr'><strong>duas,</strong></span> <span class='ocrx_word' id='word_1_117' title='bbox 1267 1287 1439 1355; x_wconf 80' lang='lat' dir='ltr'><strong>illum,</strong></span> <span class='ocrx_word' id='word_1_118' title='bbox 1469 1285 1710 1352; x_wconf 79' lang='lat' dir='ltr'><strong>forﬁces,</strong></span> <span class='ocrx_word' id='word_1_119' title='bbox 1747 1285 2042 1355; x_wconf 79' lang='lat' dir='ltr'><strong>pectinem,</strong></span> <span class='ocrx_word' id='word_1_120' title='bbox 2073 1283 2395 1341; x_wconf 82' lang='lat' dir='ltr'><strong>novaculam</strong></span> <span class='ocrx_word' id='word_1_121' title='bbox 2426 1284 2495 1340; x_wconf 85' lang='lat' dir='ltr'><strong>ad</strong></span> <span class='ocrx_word' id='word_1_122' title='bbox 2530 1300 2595 1341; x_wconf 90' lang='lat' dir='ltr'><strong>ea</strong></span> <span class='ocrx_word' id='word_1_123' title='bbox 2610 1295 2723 1355; x_wconf 89' lang='lat' dir='ltr'><strong>put,</strong></span> <span class='ocrx_word' id='word_1_124' title='bbox 2755 1296 2928 1342; x_wconf 91' lang='lat' dir='ltr'><strong>cotem</strong></span> <span class='ocrx_word' id='word_1_125' title='bbox 2959 1286 3044 1343; x_wconf 85' lang='lat' dir='ltr'><strong>vel</strong></span> <span class='ocrx_word' id='word_1_126' title='bbox 3067 1285 3358 1354; x_wconf 84' lang='lat' dir='ltr'><strong>calculum,</strong></span> 
     </span>
    </p>
   </div>
   <div class='ocr_carea' id='block_1_14' title="bbox 125 1382 937 1453">
    <p class='ocr_par' dir='ltr' id='par_1_14' title="bbox 125 1382 937 1453">
     <span class='ocr_line' id='line_1_14' title="bbox 125 1382 937 1453; baseline -0.006 -14"><span class='ocrx_word' id='word_1_127' title='bbox 125 1393 172 1439; x_wconf 88' lang='lat' dir='ltr'><strong>et</strong></span> <span class='ocrx_word' id='word_1_128' title='bbox 199 1383 474 1453; x_wconf 74' lang='lat' dir='ltr'><strong>corrigiam</strong></span> <span class='ocrx_word' id='word_1_129' title='bbox 510 1382 578 1436; x_wconf 86' lang='lat' dir='ltr'><strong>ad</strong></span> <span class='ocrx_word' id='word_1_130' title='bbox 610 1383 937 1438; x_wconf 84' lang='lat' dir='ltr'><strong>acuendum.</strong></span> 
     </span>
    </p>
   </div>
   <div class='ocr_carea' id='block_1_15' title="bbox 3263 1405 3397 1438">
    <p class='ocr_par' dir='ltr' id='par_1_15' title="bbox 3263 1405 3397 1438">
     <span class='ocr_line' id='line_1_15' title="bbox 3263 1405 3397 1438; baseline 0 -19"><span class='ocrx_word' id='word_1_131' title='bbox 3263 1405 3397 1438; x_wconf 49' lang='grc' dir='ltr'><strong>,Α</strong></span> 
     </span>
    </p>
   </div>
   <div class='ocr_carea' id='block_1_16' title="bbox 179 1467 3352 1542">
    <p class='ocr_par' dir='ltr' id='par_1_16' title="bbox 179 1467 3352 1542">
     <span class='ocr_line' id='line_1_16' title="bbox 179 1467 3352 1542; baseline -0.001 -14"><span class='ocrx_word' id='word_1_132' title='bbox 179 1475 228 1528; x_wconf 77' lang='lat'><strong>2.</strong></span> <span class='ocrx_word' id='word_1_133' title='bbox 255 1473 331 1528; x_wconf 79' lang='lat' dir='ltr'><strong>Ad</strong></span> <span class='ocrx_word' id='word_1_134' title='bbox 367 1473 706 1530; x_wconf 89' lang='lat' dir='ltr'><strong>scribendum</strong></span> <span class='ocrx_word' id='word_1_135' title='bbox 742 1488 889 1540; x_wconf 86' lang='lat' dir='ltr'><strong>vero,</strong></span> <span class='ocrx_word' id='word_1_136' title='bbox 917 1473 1285 1541; x_wconf 83' lang='lat' dir='ltr'><strong>scriptorium,</strong></span> <span class='ocrx_word' id='word_1_137' title='bbox 1316 1487 1544 1542; x_wconf 75' lang='lat' dir='ltr'><strong>pennas,</strong></span> <span class='ocrx_word' id='word_1_138' title='bbox 1576 1477 1806 1536; x_wconf 85' lang='lat' dir='ltr'><strong>cretam,</strong></span> <span class='ocrx_word' id='word_1_139' title='bbox 1843 1467 2086 1540; x_wconf 85' lang='lat' dir='ltr'><strong>pumices</strong></span> <span class='ocrx_word' id='word_1_140' title='bbox 2110 1467 2278 1535; x_wconf 87' lang='lat' dir='ltr'><strong>duos,</strong></span> <span class='ocrx_word' id='word_1_141' title='bbox 2302 1482 2508 1525; x_wconf 84' lang='lat' dir='ltr'><strong>cornua</strong></span> <span class='ocrx_word' id='word_1_142' title='bbox 2539 1469 2672 1533; x_wconf 89' lang='lat' dir='ltr'><strong>duo,</strong></span> <span class='ocrx_word' id='word_1_143' title='bbox 2706 1469 3020 1540; x_wconf 83' lang='lat' dir='ltr'><strong>scalpellum</strong></span> <span class='ocrx_word' id='word_1_144' title='bbox 3049 1487 3212 1526; x_wconf 89' lang='lat' dir='ltr'><strong>unum</strong></span> <span class='ocrx_word' id='word_1_145' title='bbox 3235 1513 3249 1534; x_wconf 90' lang='lat'><strong>,</strong></span> <span class='ocrx_word' id='word_1_146' title='bbox 3289 1469 3352 1526; x_wconf 87' lang='lat' dir='ltr'><strong>ad</strong></span> 
     </span>
    </p>
   </div>
   <div class='ocr_carea' id='block_1_17' title="bbox 124 1558 3352 1637">
    <p class='ocr_par' dir='ltr' id='par_1_17' title="bbox 124 1558 3352 1637">
     <span class='ocr_line' id='line_1_17' title="bbox 124 1558 3352 1637; baseline -0.002 -14"><span class='ocrx_word' id='word_1_147' title='bbox 124 1566 333 1624; x_wconf 87' lang='lat' dir='ltr'><strong>radenda</strong></span> <span class='ocrx_word' id='word_1_148' title='bbox 361 1580 684 1637; x_wconf 86' lang='lat' dir='ltr'><strong>pergamena</strong></span> <span class='ocrx_word' id='word_1_149' title='bbox 708 1565 1000 1624; x_wconf 85' lang='lat' dir='ltr'><strong>novaculas</strong></span> <span class='ocrx_word' id='word_1_150' title='bbox 1019 1565 1134 1623; x_wconf 90' lang='lat' dir='ltr'><strong>sive</strong></span> <span class='ocrx_word' id='word_1_151' title='bbox 1165 1565 1384 1630; x_wconf 61' lang='lat' dir='ltr'><strong>rasoria,</strong></span> <span class='ocrx_word' id='word_1_152' title='bbox 1398 1565 1503 1618; x_wconf 92' lang='lat' dir='ltr'><strong>duo</strong></span> <span class='ocrx_word' id='word_1_153' title='bbox 1531 1602 1548 1629; x_wconf 95' lang='lat'><strong>,</strong></span> <span class='ocrx_word' id='word_1_154' title='bbox 1574 1561 1918 1634; x_wconf 83' lang='lat' dir='ltr'><strong>punctoriutn</strong></span> <span class='ocrx_word' id='word_1_155' title='bbox 1948 1575 2137 1626; x_wconf 91' lang='lat' dir='ltr'><strong>unum,</strong></span> <span class='ocrx_word' id='word_1_156' title='bbox 2170 1558 2420 1616; x_wconf 91' lang='lat' dir='ltr'><strong>subulam</strong></span> <span class='ocrx_word' id='word_1_157' title='bbox 2466 1575 2632 1632; x_wconf 74' lang='lat' dir='ltr'><strong>unam</strong></span> <span class='ocrx_word' id='word_1_158' title='bbox 2661 1600 2676 1625; x_wconf 94' lang='lat'><strong>,</strong></span> <span class='ocrx_word' id='word_1_159' title='bbox 2728 1559 3009 1632; x_wconf 86' lang='lat' dir='ltr'><strong>plumbum</strong></span> <span class='ocrx_word' id='word_1_160' title='bbox 3039 1601 3054 1623; x_wconf 84' lang='lat'><em>.</em></span> <span class='ocrx_word' id='word_1_161' title='bbox 3085 1562 3352 1632; x_wconf 88' lang='lat' dir='ltr'><strong>regulam,</strong></span> 
     </span>
    </p>
   </div>
   <div class='ocr_carea' id='block_1_18' title="bbox 122 1651 3354 1729">
    <p class='ocr_par' dir='ltr' id='par_1_18' title="bbox 122 1651 3354 1729">
     <span class='ocr_line' id='line_1_18' title="bbox 122 1651 3354 1729; baseline -0.002 -18"><span class='ocrx_word' id='word_1_162' title='bbox 122 1666 300 1729; x_wconf 87' lang='lat' dir='ltr'><strong>postem</strong></span> <span class='ocrx_word' id='word_1_163' title='bbox 324 1659 390 1713; x_wconf 82' lang='lat' dir='ltr'><strong>ad</strong></span> <span class='ocrx_word' id='word_1_164' title='bbox 427 1657 800 1729; x_wconf 79' lang='lat' dir='ltr'><strong>regulandum,</strong></span> <span class='ocrx_word' id='word_1_165' title='bbox 835 1656 1063 1721; x_wconf 86' lang='lat' dir='ltr'><strong>tabulas,</strong></span> <span class='ocrx_word' id='word_1_166' title='bbox 1096 1656 1401 1728; x_wconf 79' lang='lat' dir='ltr'><strong>graphium.</strong></span> <span class='ocrx_word' id='word_1_167' title='bbox 1435 1653 1587 1722; x_wconf 88' lang='lat' dir='ltr'><strong>Quod</strong></span> <span class='ocrx_word' id='word_1_168' title='bbox 1615 1655 1658 1712; x_wconf 89' lang='lat' dir='ltr'><strong>si</strong></span> <span class='ocrx_word' id='word_1_169' title='bbox 1692 1652 1859 1714; x_wconf 78' lang='lat' dir='ltr'><strong>frater</strong></span> <span class='ocrx_word' id='word_1_170' title='bbox 1897 1651 2121 1707; x_wconf 89' lang='lat' dir='ltr'><strong>alterius</strong></span> <span class='ocrx_word' id='word_1_171' title='bbox 2151 1652 2285 1709; x_wconf 83' lang='lat' dir='ltr'><strong>artis</strong></span> <span class='ocrx_word' id='word_1_172' title='bbox 2320 1652 2486 1707; x_wconf 80' lang='lat' dir='ltr'><strong>fuerit</strong></span> <span class='ocrx_word' id='word_1_173' title='bbox 2527 1651 2701 1724; x_wconf 85' lang='lat' dir='ltr'><strong>(quod</strong></span> <span class='ocrx_word' id='word_1_174' title='bbox 2733 1651 2874 1721; x_wconf 90' lang='lat' dir='ltr'><strong>apud</strong></span> <span class='ocrx_word' id='word_1_175' title='bbox 2897 1667 2996 1715; x_wconf 81' lang='lat' dir='ltr'><strong>nos</strong></span> <span class='ocrx_word' id='word_1_176' title='bbox 3030 1667 3152 1706; x_wconf 86' lang='lat' dir='ltr'><strong>raro</strong></span> <span class='ocrx_word' id='word_1_177' title='bbox 3193 1654 3354 1708; x_wconf 86' lang='lat' dir='ltr'><strong>valde</strong></span> 
     </span>
    </p>
   </div>
   <div class='ocr_carea' id='block_1_19' title="bbox 123 1734 3358 1824">
    <p class='ocr_par' dir='ltr' id='par_1_19' title="bbox 123 1734 3358 1824">
     <span class='ocr_line' id='line_1_19' title="bbox 123 1734 3358 1824; baseline -0.003 -18"><span class='ocrx_word' id='word_1_178' title='bbox 123 1734 375 1822; x_wconf 71' lang='lat' dir='ltr'><strong>contingit,</strong></span> <span class='ocrx_word' id='word_1_179' title='bbox 401 1765 590 1806; x_wconf 90' lang='lat' dir='ltr'><strong>omnes</strong></span> <span class='ocrx_word' id='word_1_180' title='bbox 615 1750 762 1806; x_wconf 91' lang='lat' dir='ltr'><strong>enim</strong></span> <span class='ocrx_word' id='word_1_181' title='bbox 791 1764 929 1822; x_wconf 91' lang='lat' dir='ltr'><strong>pene</strong></span> <span class='ocrx_word' id='word_1_182' title='bbox 951 1765 1087 1824; x_wconf 93' lang='lat' dir='ltr'><strong>quos</strong></span> <span class='ocrx_word' id='word_1_183' title='bbox 1115 1749 1443 1819; x_wconf 88' lang='lat' dir='ltr'><strong>suscipimus</strong></span> <span class='ocrx_word' id='word_1_184' title='bbox 1475 1786 1491 1812; x_wconf 93' lang='lat'><strong>,</strong></span> <span class='ocrx_word' id='word_1_185' title='bbox 1521 1746 1568 1802; x_wconf 91' lang='lat' dir='ltr'><strong>si</strong></span> <span class='ocrx_word' id='word_1_186' title='bbox 1610 1745 1726 1802; x_wconf 73' lang='lat' dir='ltr'><strong>fieri</strong></span> <span class='ocrx_word' id='word_1_187' title='bbox 1749 1753 1955 1816; x_wconf 85' lang='lat' dir='ltr'><strong>potest,</strong></span> <span class='ocrx_word' id='word_1_188' title='bbox 1986 1743 2566 1816; x_wconf 76' lang='lat' dir='ltr'><strong>scriberedocemus),</strong></span> <span class='ocrx_word' id='word_1_189' title='bbox 2600 1743 2822 1800; x_wconf 88' lang='lat' dir='ltr'><strong>habebit</strong></span> <span class='ocrx_word' id='word_1_190' title='bbox 2852 1743 2988 1799; x_wconf 89' lang='lat' dir='ltr'><strong>artis</strong></span> <span class='ocrx_word' id='word_1_191' title='bbox 3017 1757 3130 1798; x_wconf 76' lang='lat' dir='ltr'><strong>suae</strong></span> <span class='ocrx_word' id='word_1_192' title='bbox 3159 1744 3358 1798; x_wconf 88' lang='lat' dir='ltr'><strong>instru-</strong></span> 
     </span>
    </p>
   </div>
   <div class='ocr_carea' id='block_1_20' title="bbox 123 1843 702 1898">
    <p class='ocr_par' dir='ltr' id='par_1_20' title="bbox 123 1843 702 1898">
     <span class='ocr_line' id='line_1_20' title="bbox 123 1843 702 1898; baseline 0.003 -2"><span class='ocrx_word' id='word_1_193' title='bbox 123 1851 278 1896; x_wconf 89' lang='lat' dir='ltr'><strong>menta</strong></span> <span class='ocrx_word' id='word_1_194' title='bbox 305 1843 702 1898; x_wconf 83' lang='lat' dir='ltr'><strong>convenientia.</strong></span> 
     </span>
    </p>
   </div>
   <div class='ocr_carea' id='block_1_21' title="bbox 178 1924 3359 2006">
    <p class='ocr_par' dir='ltr' id='par_1_21' title="bbox 178 1924 3359 2006">
     <span class='ocr_line' id='line_1_21' title="bbox 178 1924 3359 2006; baseline -0.002 -18"><span class='ocrx_word' id='word_1_195' title='bbox 178 1933 226 1988; x_wconf 80' lang='grc'><strong>5.</strong></span> <span class='ocrx_word' id='word_1_196' title='bbox 261 1933 447 1989; x_wconf 82' lang='lat' dir='ltr'><strong>Adhuc</strong></span> <span class='ocrx_word' id='word_1_197' title='bbox 476 1934 642 1990; x_wconf 89' lang='lat' dir='ltr'><strong>etiam</strong></span> <span class='ocrx_word' id='word_1_198' title='bbox 671 1933 838 1989; x_wconf 83' lang='lat' dir='ltr'><strong>libros</strong></span> <span class='ocrx_word' id='word_1_199' title='bbox 866 1932 934 1988; x_wconf 91' lang='lat' dir='ltr'><strong>ad</strong></span> <span class='ocrx_word' id='word_1_200' title='bbox 957 1930 1242 2004; x_wconf 88' lang='lat' dir='ltr'><strong>legendum</strong></span> <span class='ocrx_word' id='word_1_201' title='bbox 1267 1929 1334 1986; x_wconf 90' lang='lat' dir='ltr'><strong>de</strong></span> <span class='ocrx_word' id='word_1_202' title='bbox 1359 1928 1598 1987; x_wconf 88' lang='lat' dir='ltr'><strong>armario</strong></span> <span class='ocrx_word' id='word_1_203' title='bbox 1618 1927 1981 1998; x_wconf 33' lang='lat' dir='ltr'><strong>accipitlduos</strong></span> <span class='ocrx_word' id='word_1_204' title='bbox 2001 1966 2028 2006; x_wconf 88' lang='lat'><strong>_,</strong></span> <span class='ocrx_word' id='word_1_205' title='bbox 2055 1927 2254 1998; x_wconf 90' lang='lat' dir='ltr'><strong>quibus</strong></span> <span class='ocrx_word' id='word_1_206' title='bbox 2282 1941 2500 1984; x_wconf 89' lang='lat' dir='ltr'><strong>omnem</strong></span> <span class='ocrx_word' id='word_1_207' title='bbox 2539 1924 2884 1996; x_wconf 87' lang='lat' dir='ltr'><strong>diligentiam.</strong></span> <span class='ocrx_word' id='word_1_208' title='bbox 2902 1942 3198 1997; x_wconf 89' lang='lat' dir='ltr'><strong>curamque</strong></span> <span class='ocrx_word' id='word_1_209' title='bbox 3221 1942 3359 1996; x_wconf 78' lang='lat' dir='ltr'><strong>pra:-</strong></span> 
     </span>
    </p>
   </div>
   <div class='ocr_carea' id='block_1_22' title="bbox 122 2015 3359 2094">
    <p class='ocr_par' dir='ltr' id='par_1_22' title="bbox 122 2015 3359 2094">
     <span class='ocr_line' id='line_1_22' title="bbox 122 2015 3359 2094; baseline -0.002 -16"><span class='ocrx_word' id='word_1_210' title='bbox 122 2025 232 2078; x_wconf 86' lang='lat' dir='ltr'><strong>bere</strong></span> <span class='ocrx_word' id='word_1_211' title='bbox 252 2023 467 2092; x_wconf 77' lang='lat' dir='ltr'><strong>iubetur</strong></span> <span class='ocrx_word' id='word_1_212' title='bbox 487 2064 504 2090; x_wconf 93' lang='lat'><strong>,</strong></span> <span class='ocrx_word' id='word_1_213' title='bbox 543 2040 613 2081; x_wconf 91' lang='lat' dir='ltr'><strong>ne</strong></span> <span class='ocrx_word' id='word_1_214' title='bbox 640 2025 792 2080; x_wconf 79' lang='lat' dir='ltr'><strong>fumo</strong></span> <span class='ocrx_word' id='word_1_215' title='bbox 818 2063 835 2090; x_wconf 95' lang='lat'><strong>,</strong></span> <span class='ocrx_word' id='word_1_216' title='bbox 866 2037 934 2078; x_wconf 90' lang='lat' dir='ltr'><strong>ne</strong></span> <span class='ocrx_word' id='word_1_217' title='bbox 953 2023 1197 2094; x_wconf 88' lang='lat' dir='ltr'><strong>pulvere,</strong></span> <span class='ocrx_word' id='word_1_218' title='bbox 1225 2023 1308 2078; x_wconf 86' lang='lat' dir='ltr'><strong>vel</strong></span> <span class='ocrx_word' id='word_1_219' title='bbox 1353 2022 1462 2077; x_wconf 87' lang='lat' dir='ltr'><strong>alia</strong></span> <span class='ocrx_word' id='word_1_220' title='bbox 1490 2019 1729 2091; x_wconf 83' lang='lat' dir='ltr'><strong>qualibet</strong></span> <span class='ocrx_word' id='word_1_221' title='bbox 1757 2018 1918 2074; x_wconf 88' lang='lat' dir='ltr'><strong>sorde</strong></span> <span class='ocrx_word' id='word_1_222' title='bbox 1947 2018 2313 2075; x_wconf 90' lang='lat' dir='ltr'><strong>maculentur.</strong></span> <span class='ocrx_word' id='word_1_223' title='bbox 2343 2015 2537 2074; x_wconf 83' lang='lat' dir='ltr'><strong>Libros</strong></span> <span class='ocrx_word' id='word_1_224' title='bbox 2572 2018 2769 2088; x_wconf 87' lang='lat' dir='ltr'><strong>quippe</strong></span> <span class='ocrx_word' id='word_1_225' title='bbox 2789 2027 3046 2088; x_wconf 89' lang='lat' dir='ltr'><strong>tanquam</strong></span> <span class='ocrx_word' id='word_1_226' title='bbox 3076 2018 3359 2087; x_wconf 82' lang='lat' dir='ltr'><strong>sempiter-</strong></span> 
     </span>
    </p>
   </div>
   <div class='ocr_carea' id='block_1_23' title="bbox 123 2109 3379 2181">
    <p class='ocr_par' dir='ltr' id='par_1_23' title="bbox 123 2109 3379 2181">
     <span class='ocr_line' id='line_1_23' title="bbox 123 2109 3379 2181; baseline -0.001 -10"><span class='ocrx_word' id='word_1_227' title='bbox 123 2131 228 2171; x_wconf 88' lang='lat' dir='ltr'><strong>num</strong></span> <span class='ocrx_word' id='word_1_228' title='bbox 253 2115 548 2171; x_wconf 89' lang='lat' dir='ltr'><strong>animarum</strong></span> <span class='ocrx_word' id='word_1_229' title='bbox 577 2125 890 2172; x_wconf 89' lang='lat' dir='ltr'><strong>nostrarum</strong></span> <span class='ocrx_word' id='word_1_230' title='bbox 918 2115 1099 2172; x_wconf 89' lang='lat' dir='ltr'><strong>cibum</strong></span> <span class='ocrx_word' id='word_1_231' title='bbox 1125 2114 1440 2170; x_wconf 90' lang='lat' dir='ltr'><strong>cautissime</strong></span> <span class='ocrx_word' id='word_1_232' title='bbox 1465 2111 1731 2170; x_wconf 83' lang='lat' dir='ltr'><strong>custodiri</strong></span> <span class='ocrx_word' id='word_1_233' title='bbox 1760 2152 1777 2180; x_wconf 95' lang='lat'><strong>,</strong></span> <span class='ocrx_word' id='word_1_234' title='bbox 1828 2120 1887 2167; x_wconf 88' lang='lat' dir='ltr'><strong>et</strong></span> <span class='ocrx_word' id='word_1_235' title='bbox 1914 2109 2313 2170; x_wconf 81' lang='lat' dir='ltr'><strong>studiosissime</strong></span> <span class='ocrx_word' id='word_1_236' title='bbox 2356 2110 2603 2174; x_wconf 82' lang='lat' dir='ltr'><strong>volumus</strong></span> <span class='ocrx_word' id='word_1_237' title='bbox 2624 2109 2748 2174; x_wconf 76' lang='lat' dir='ltr'><strong>.lleri</strong></span> <span class='ocrx_word' id='word_1_238' title='bbox 2775 2149 2792 2178; x_wconf 91' lang='lat'><strong>,</strong></span> <span class='ocrx_word' id='word_1_239' title='bbox 2817 2117 2878 2170; x_wconf 76' lang='lat' dir='ltr'><strong>ut</strong></span> <span class='ocrx_word' id='word_1_240' title='bbox 2907 2149 2924 2176; x_wconf 86' lang='lat'><strong>,</strong></span> <span class='ocrx_word' id='word_1_241' title='bbox 2959 2110 3085 2181; x_wconf 87' lang='lat' dir='ltr'><strong>quia</strong></span> <span class='ocrx_word' id='word_1_242' title='bbox 3123 2125 3218 2174; x_wconf 85' lang='lat' dir='ltr'><strong>ore</strong></span> <span class='ocrx_word' id='word_1_243' title='bbox 3247 2126 3379 2170; x_wconf 84' lang='lat' dir='ltr'><strong>non.</strong></span> 
     </span>
    </p>
   </div>
   <div class='ocr_carea' id='block_1_24' title="bbox 122 2204 1464 2278">
    <p class='ocr_par' dir='ltr' id='par_1_24' title="bbox 122 2204 1464 2278">
     <span class='ocr_line' id='line_1_24' title="bbox 122 2204 1464 2278; baseline -0.002 -16"><span class='ocrx_word' id='word_1_244' title='bbox 122 2219 399 2273; x_wconf 82' lang='lat' dir='ltr'><strong>possumus,</strong></span> <span class='ocrx_word' id='word_1_245' title='bbox 439 2205 537 2262; x_wconf 87' lang='lat' dir='ltr'><strong>Dei</strong></span> <span class='ocrx_word' id='word_1_246' title='bbox 558 2204 780 2263; x_wconf 87' lang='lat' dir='ltr'><strong>verbum</strong></span> <span class='ocrx_word' id='word_1_247' title='bbox 806 2206 1059 2263; x_wconf 84' lang='lat' dir='ltr'><strong>manibus</strong></span> <span class='ocrx_word' id='word_1_248' title='bbox 1084 2206 1464 2278; x_wconf 71' lang='lat' dir='ltr'><strong>praedicamus.</strong></span> 
     </span>
    </p>
   </div>
   <div class='ocr_carea' id='block_1_25' title="bbox 1476 2291 2078 2366">
    <p class='ocr_par' dir='ltr' id='par_1_25' title="bbox 1476 2291 2078 2366">
     <span class='ocr_line' id='line_1_25' title="bbox 1476 2291 2078 2366; baseline -0.002 -13"><span class='ocrx_word' id='word_1_249' title='bbox 1476 2291 2052 2364; x_wconf 74' lang='lat' dir='ltr'><strong>COMMENTARIUS.</strong></span> <span class='ocrx_word' id='word_1_250' title='bbox 2069 2357 2078 2366; x_wconf 68' lang='grc'><em>,</em></span> 
     </span>
    </p>
   </div>
   <div class='ocr_carea' id='block_1_26' title="bbox 123 2449 3390 2528">
    <p class='ocr_par' dir='ltr' id='par_1_26' title="bbox 123 2449 3390 2528">
     <span class='ocr_line' id='line_1_26' title="bbox 123 2449 3390 2528; baseline 0.002 -24"><span class='ocrx_word' id='word_1_251' title='bbox 123 2469 211 2522; x_wconf 85' lang='grc' dir='ltr'><strong>(ιιιο</strong></span> <span class='ocrx_word' id='word_1_252' title='bbox 231 2451 334 2520; x_wconf 84' lang='lat' dir='ltr'><strong>jam</strong></span> <span class='ocrx_word' id='word_1_253' title='bbox 358 2452 579 2509; x_wconf 78' lang='lat' dir='ltr'><strong>exclusa</strong></span> <span class='ocrx_word' id='word_1_254' title='bbox 593 2464 686 2509; x_wconf 81' lang='lat' dir='ltr'><strong>est</strong></span> <span class='ocrx_word' id='word_1_255' title='bbox 709 2453 876 2523; x_wconf 79' lang='lat' dir='ltr'><strong>ianua</strong></span> <span class='ocrx_word' id='word_1_256' title='bbox 900 2455 1207 2528; x_wconf 80' lang='lat' dir='ltr'><strong>expellendl</strong></span> <span class='ocrx_word' id='word_1_257' title='bbox 1239 2463 1295 2512; x_wconf 91' lang='lat' dir='ltr'><strong>et</strong></span> <span class='ocrx_word' id='word_1_258' title='bbox 1325 2453 1604 2526; x_wconf 81' lang='lat' dir='ltr'><strong>rejiciendl</strong></span> <span class='ocrx_word' id='word_1_259' title='bbox 1633 2453 1739 2514; x_wconf 51' lang='lat' dir='ltr'><strong>a3</strong></span> <span class='ocrx_word' id='word_1_260' title='bbox 1767 2449 2101 2510; x_wconf 83' lang='lat' dir='ltr'><strong>etsubtilius</strong></span> <span class='ocrx_word' id='word_1_261' title='bbox 2118 2449 2394 2520; x_wconf 78' lang='lat' dir='ltr'><strong>judicare,</strong></span> <span class='ocrx_word' id='word_1_262' title='bbox 2418 2450 2715 2512; x_wconf 16' lang='lat' dir='ltr'><strong>etal&#39;acilius</strong></span> <span class='ocrx_word' id='word_1_263' title='bbox 2743 2465 2968 2524; x_wconf 89' lang='lat' dir='ltr'><strong>carpere</strong></span> <span class='ocrx_word' id='word_1_264' title='bbox 2993 2453 3093 2514; x_wconf 87' lang='lat' dir='ltr'><strong>visi</strong></span> <span class='ocrx_word' id='word_1_265' title='bbox 3115 2463 3262 2520; x_wconf 87' lang='lat' dir='ltr'><strong>sunt,</strong></span> <span class='ocrx_word' id='word_1_266' title='bbox 3291 2471 3390 2514; x_wconf 62' lang='lat' dir='ltr'><strong>ne...</strong></span> 
     </span>
    </p>
   </div>
   <div class='ocr_carea' id='block_1_27' title="bbox 125 2542 1665 2616">
    <p class='ocr_par' dir='ltr' id='par_1_27' title="bbox 125 2542 1665 2616">
     <span class='ocr_line' id='line_1_27' title="bbox 125 2542 1665 2616; baseline -0.001 -18"><span class='ocrx_word' id='word_1_267' title='bbox 125 2545 255 2609; x_wconf 77' lang='lat' dir='ltr'><strong>nobis</strong></span> <span class='ocrx_word' id='word_1_268' title='bbox 281 2543 512 2598; x_wconf 88' lang='lat' dir='ltr'><strong>discolos</strong></span> <span class='ocrx_word' id='word_1_269' title='bbox 538 2583 556 2610; x_wconf 95' lang='lat'><strong>,</strong></span> <span class='ocrx_word' id='word_1_270' title='bbox 583 2559 706 2614; x_wconf 65' lang='lat' dir='ltr'><strong>qua:</strong></span> <span class='ocrx_word' id='word_1_271' title='bbox 751 2560 857 2600; x_wconf 89' lang='lat' dir='ltr'><strong>non</strong></span> <span class='ocrx_word' id='word_1_272' title='bbox 908 2555 1115 2602; x_wconf 91' lang='lat' dir='ltr'><strong>tantum</strong></span> <span class='ocrx_word' id='word_1_273' title='bbox 1144 2546 1474 2616; x_wconf 83' lang='lat' dir='ltr'><strong>temporibus</strong></span> <span class='ocrx_word' id='word_1_274' title='bbox 1498 2543 1566 2598; x_wconf 74' lang='grc' dir='ltr'><strong>Β.</strong></span> <span class='ocrx_word' id='word_1_275' title='bbox 1603 2542 1665 2598; x_wconf 87' lang='grc' dir='ltr'><strong>Ρ.</strong></span> 
     </span>
    </p>
   </div>
   <div class='ocr_carea' id='block_1_28' title="bbox 123 2634 1672 2707">
    <p class='ocr_par' dir='ltr' id='par_1_28' title="bbox 123 2634 1672 2707">
     <span class='ocr_line' id='line_1_28' title="bbox 123 2634 1672 2707; baseline 0.001 -18"><span class='ocrx_word' id='word_1_276' title='bbox 123 2634 351 2707; x_wconf 80' lang='lat' dir='ltr'><strong>Guigonis</strong></span> <span class='ocrx_word' id='word_1_277' title='bbox 378 2636 800 2706; x_wconf 80' lang='lat' dir='ltr'><strong>patebat,prout</strong></span> <span class='ocrx_word' id='word_1_278' title='bbox 820 2651 890 2692; x_wconf 77' lang='lat' dir='ltr'><strong>ex</strong></span> <span class='ocrx_word' id='word_1_279' title='bbox 914 2651 1034 2707; x_wconf 88' lang='lat' dir='ltr'><strong>cap.</strong></span> <span class='ocrx_word' id='word_1_280' title='bbox 1064 2637 1154 2704; x_wconf 80' lang='lat'><strong>77,</strong></span> <span class='ocrx_word' id='word_1_281' title='bbox 1186 2637 1410 2692; x_wconf 68' lang='lat' dir='ltr'><strong>imarum</strong></span> <span class='ocrx_word' id='word_1_282' title='bbox 1434 2635 1672 2690; x_wconf 81' lang='lat' dir='ltr'><strong>Consue-</strong></span> 
     </span>
    </p>
   </div>
   <div class='ocr_carea' id='block_1_29' title="bbox 124 2725 1694 2797">
    <p class='ocr_par' dir='ltr' id='par_1_29' title="bbox 124 2725 1694 2797">
     <span class='ocr_line' id='line_1_29' title="bbox 124 2725 1694 2797; baseline 0.001 -17"><span class='ocrx_word' id='word_1_283' title='bbox 124 2726 336 2788; x_wconf 75' lang='lat' dir='ltr'><strong>tutlinum</strong></span> <span class='ocrx_word' id='word_1_284' title='bbox 365 2725 680 2793; x_wconf 84' lang='lat' dir='ltr'><strong>innotescit,</strong></span> <span class='ocrx_word' id='word_1_285' title='bbox 708 2727 802 2782; x_wconf 89' lang='lat' dir='ltr'><strong>sed</strong></span> <span class='ocrx_word' id='word_1_286' title='bbox 822 2726 1262 2797; x_wconf 79' lang='lat' dir='ltr'><strong>pluribusadhuc</strong></span> <span class='ocrx_word' id='word_1_287' title='bbox 1279 2725 1489 2783; x_wconf 62' lang='lat' dir='ltr'><strong>sacculis</strong></span> <span class='ocrx_word' id='word_1_288' title='bbox 1519 2733 1694 2794; x_wconf 89' lang='lat' dir='ltr'><strong>post-.</strong></span> 
     </span>
    </p>
   </div>
   <div class='ocr_carea' id='block_1_30' title="bbox 123 2814 1672 2886">
    <p class='ocr_par' dir='ltr' id='par_1_30' title="bbox 123 2814 1672 2886">
     <span class='ocr_line' id='line_1_30' title="bbox 123 2814 1672 2886; baseline 0.003 -17"><span class='ocrx_word' id='word_1_289' title='bbox 123 2829 174 2885; x_wconf 79' lang='lat' dir='ltr'><strong>ea</strong></span> <span class='ocrx_word' id='word_1_290' title='bbox 220 2814 269 2868; x_wconf 89' lang='lat' dir='ltr'><strong>in</strong></span> <span class='ocrx_word' id='word_1_291' title='bbox 313 2814 509 2870; x_wconf 91' lang='lat' dir='ltr'><strong>ordine</strong></span> <span class='ocrx_word' id='word_1_292' title='bbox 551 2825 737 2886; x_wconf 87' lang='lat' dir='ltr'><strong>aperta</strong></span> <span class='ocrx_word' id='word_1_293' title='bbox 760 2815 885 2884; x_wconf 81' lang='lat' dir='ltr'><strong>fuit,</strong></span> <span class='ocrx_word' id='word_1_294' title='bbox 909 2825 969 2871; x_wconf 93' lang='lat' dir='ltr'><strong>ut</strong></span> <span class='ocrx_word' id='word_1_295' title='bbox 990 2830 1060 2872; x_wconf 78' lang='lat' dir='ltr'><strong>ex</strong></span> <span class='ocrx_word' id='word_1_296' title='bbox 1086 2815 1228 2872; x_wconf 86' lang='lat' dir='ltr'><strong>inl‘ra</strong></span> <span class='ocrx_word' id='word_1_297' title='bbox 1257 2815 1500 2874; x_wconf 88' lang='lat' dir='ltr'><strong>dicendis</strong></span> <span class='ocrx_word' id='word_1_298' title='bbox 1527 2816 1672 2875; x_wconf 83' lang='lat' dir='ltr'><strong>vide-</strong></span> 
     </span>
    </p>
   </div>
   <div class='ocr_carea' id='block_1_31' title="bbox 123 2905 1698 2990">
    <p class='ocr_par' dir='ltr' id='par_1_31' title="bbox 123 2905 1698 2990">
     <span class='ocr_line' id='line_1_31' title="bbox 123 2905 1698 2990; baseline 0.004 -26"><span class='ocrx_word' id='word_1_299' title='bbox 123 2907 289 2979; x_wconf 80' lang='lat' dir='ltr'><strong>bimus.</strong></span> <span class='ocrx_word' id='word_1_300' title='bbox 309 2905 429 2978; x_wconf 11' lang='lat' dir='ltr'><strong>,Hac</strong></span> <span class='ocrx_word' id='word_1_301' title='bbox 463 2921 593 2980; x_wconf 86' lang='lat' dir='ltr'><strong>ergo</strong></span> <span class='ocrx_word' id='word_1_302' title='bbox 621 2907 946 2968; x_wconf 80' lang='lat' dir='ltr'><strong>necessitate</strong></span> <span class='ocrx_word' id='word_1_303' title='bbox 975 2948 993 2976; x_wconf 94' lang='lat'><strong>,</strong></span> <span class='ocrx_word' id='word_1_304' title='bbox 1049 2924 1170 2990; x_wconf 64' lang='lat' dir='ltr'><strong>qna:</strong></span> <span class='ocrx_word' id='word_1_305' title='bbox 1199 2909 1509 2978; x_wconf 84' lang='lat' dir='ltr'><strong>introducta</strong></span> <span class='ocrx_word' id='word_1_306' title='bbox 1540 2917 1625 2972; x_wconf 83' lang='lat' dir='ltr'><strong>est</strong></span> <span class='ocrx_word' id='word_1_307' title='bbox 1653 2950 1698 2982; x_wconf 88' lang='lat'><strong>,_</strong></span> 
     </span>
    </p>
   </div>
   <div class='ocr_carea' id='block_1_32' title="bbox 124 2999 1702 3076">
    <p class='ocr_par' dir='ltr' id='par_1_32' title="bbox 124 2999 1702 3076">
     <span class='ocr_line' id='line_1_32' title="bbox 124 2999 1702 3076; baseline 0.004 -22"><span class='ocrx_word' id='word_1_308' title='bbox 124 3001 371 3070; x_wconf 64' lang='lat' dir='ltr'><strong>supposita</strong></span> <span class='ocrx_word' id='word_1_309' title='bbox 395 3040 411 3068; x_wconf 94' lang='lat'><strong>,</strong></span> <span class='ocrx_word' id='word_1_310' title='bbox 443 2999 621 3057; x_wconf 87' lang='lat' dir='ltr'><strong>bonos</strong></span> <span class='ocrx_word' id='word_1_311' title='bbox 649 3009 706 3058; x_wconf 92' lang='lat' dir='ltr'><strong>et</strong></span> <span class='ocrx_word' id='word_1_312' title='bbox 743 3001 916 3058; x_wconf 90' lang='lat' dir='ltr'><strong>malos</strong></span> <span class='ocrx_word' id='word_1_313' title='bbox 940 3001 994 3058; x_wconf 91' lang='lat' dir='ltr'><strong>in</strong></span> <span class='ocrx_word' id='word_1_314' title='bbox 1023 3001 1306 3060; x_wconf 87' lang='lat' dir='ltr'><strong>ordinibus</strong></span> <span class='ocrx_word' id='word_1_315' title='bbox 1333 3003 1678 3076; x_wconf 81' lang='lat' dir='ltr'><strong>regularibus.</strong></span> <span class='ocrx_word' id='word_1_316' title='bbox 1693 3055 1702 3066; x_wconf 60' lang='grc'><strong>.,</strong></span> 
     </span>
    </p>
   </div>
   <div class='ocr_carea' id='block_1_33' title="bbox 123 3093 1672 3168">
    <p class='ocr_par' dir='ltr' id='par_1_33' title="bbox 123 3093 1672 3168">
     <span class='ocr_line' id='line_1_33' title="bbox 123 3093 1672 3168; baseline 0.004 -22"><span class='ocrx_word' id='word_1_317' title='bbox 123 3093 388 3161; x_wconf 85' lang='lat' dir='ltr'><strong>servandi,</strong></span> <span class='ocrx_word' id='word_1_318' title='bbox 443 3095 800 3166; x_wconf 85' lang='lat' dir='ltr'><strong>pronuntiare</strong></span> <span class='ocrx_word' id='word_1_319' title='bbox 844 3110 953 3157; x_wconf 79' lang='lat' dir='ltr'><strong>non</strong></span> <span class='ocrx_word' id='word_1_320' title='bbox 992 3095 1176 3153; x_wconf 90' lang='lat' dir='ltr'><strong>dubito</strong></span> <span class='ocrx_word' id='word_1_321' title='bbox 1216 3098 1386 3154; x_wconf 88' lang='lat' dir='ltr'><strong>satius</strong></span> <span class='ocrx_word' id='word_1_322' title='bbox 1413 3111 1533 3153; x_wconf 89' lang='lat' dir='ltr'><strong>esse</strong></span> <span class='ocrx_word' id='word_1_323' title='bbox 1572 3110 1672 3168; x_wconf 92' lang='lat' dir='ltr'><strong>pro</strong></span> 
     </span>
    </p>
   </div>
   <div class='ocr_carea' id='block_1_34' title="bbox 122 3182 1704 3260">
    <p class='ocr_par' dir='ltr' id='par_1_34' title="bbox 122 3182 1704 3260">
     <span class='ocr_line' id='line_1_34' title="bbox 122 3182 1704 3260; baseline 0.005 -22"><span class='ocrx_word' id='word_1_324' title='bbox 122 3182 239 3247; x_wconf 77' lang='lat' dir='ltr'><strong>bono</strong></span> <span class='ocrx_word' id='word_1_325' title='bbox 267 3186 426 3252; x_wconf 87' lang='lat' dir='ltr'><strong>totius.</strong></span> <span class='ocrx_word' id='word_1_326' title='bbox 474 3187 687 3248; x_wconf 85' lang='lat' dir='ltr'><strong>ordinis</strong></span> <span class='ocrx_word' id='word_1_327' title='bbox 717 3184 1124 3256; x_wconf 74' lang='lat' dir='ltr'><strong>Carthasiensis</strong></span> <span class='ocrx_word' id='word_1_328' title='bbox 1151 3228 1168 3254; x_wconf 94' lang='lat'><strong>,</strong></span> <span class='ocrx_word' id='word_1_329' title='bbox 1201 3188 1300 3244; x_wconf 89' lang='lat' dir='ltr'><strong>uni</strong></span> <span class='ocrx_word' id='word_1_330' title='bbox 1331 3203 1439 3256; x_wconf 28' lang='lat' dir='ltr'><strong>ex,</strong></span> <span class='ocrx_word' id='word_1_331' title='bbox 1464 3188 1674 3260; x_wconf 74' lang='lat' dir='ltr'><strong>cellulis</strong></span> <span class='ocrx_word' id='word_1_332' title='bbox 1699 3248 1704 3254; x_wconf 73' lang='grc'><strong>,</strong></span> 
     </span>
    </p>
   </div>
   <div class='ocr_carea' id='block_1_35' title="bbox 122 3273 1673 3348">
    <p class='ocr_par' dir='ltr' id='par_1_35' title="bbox 122 3273 1673 3348">
     <span class='ocr_line' id='line_1_35' title="bbox 122 3273 1673 3348; baseline 0.003 -20"><span class='ocrx_word' id='word_1_333' title='bbox 122 3273 463 3345; x_wconf 74' lang='lat' dir='ltr'><strong>claustrorum</strong></span> <span class='ocrx_word' id='word_1_334' title='bbox 482 3284 792 3346; x_wconf 85' lang='lat' dir='ltr'><strong>nostrorum</strong></span> <span class='ocrx_word' id='word_1_335' title='bbox 823 3277 1335 3348; x_wconf 12' lang='lat' dir='ltr'><strong>ignemladmovere,</strong></span> <span class='ocrx_word' id='word_1_336' title='bbox 1361 3287 1422 3335; x_wconf 85' lang='lat' dir='ltr'><strong>ut</strong></span> <span class='ocrx_word' id='word_1_337' title='bbox 1440 3277 1673 3344; x_wconf 80' lang='lat' dir='ltr'><strong>ﬂammis</strong></span> 
     </span>
    </p>
   </div>
   <div class='ocr_carea' id='block_1_36' title="bbox 122 3368 1702 3441">
    <p class='ocr_par' dir='ltr' id='par_1_36' title="bbox 122 3368 1702 3441">
     <span class='ocr_line' id='line_1_36' title="bbox 122 3368 1702 3441; baseline 0.004 -23"><span class='ocrx_word' id='word_1_338' title='bbox 122 3369 396 3432; x_wconf 76' lang='lat' dir='ltr'><strong>devoretur,</strong></span> <span class='ocrx_word' id='word_1_339' title='bbox 454 3384 618 3438; x_wconf 87' lang='lat' dir='ltr'><strong>quam</strong></span> <span class='ocrx_word' id='word_1_340' title='bbox 647 3368 702 3424; x_wconf 93' lang='lat' dir='ltr'><strong>in</strong></span> <span class='ocrx_word' id='word_1_341' title='bbox 733 3368 822 3423; x_wconf 88' lang='lat' dir='ltr'><strong>illa</strong></span> <span class='ocrx_word' id='word_1_342' title='bbox 855 3368 1145 3437; x_wconf 77' lang='lat' dir='ltr'><strong>admittere</strong></span> <span class='ocrx_word' id='word_1_343' title='bbox 1174 3370 1504 3434; x_wconf 84' lang='lat' dir='ltr'><strong>monachum</strong></span> <span class='ocrx_word' id='word_1_344' title='bbox 1532 3410 1548 3436; x_wconf 92' lang='lat'><strong>,</strong></span> <span class='ocrx_word' id='word_1_345' title='bbox 1579 3371 1702 3441; x_wconf 35' lang='lat' dir='ltr'><strong>qui.</strong></span> 
     </span>
    </p>
   </div>
   <div class='ocr_carea' id='block_1_37' title="bbox 121 3457 1674 3530">
    <p class='ocr_par' dir='ltr' id='par_1_37' title="bbox 121 3457 1674 3530">
     <span class='ocr_line' id='line_1_37' title="bbox 121 3457 1674 3530; baseline 0.005 -24"><span class='ocrx_word' id='word_1_346' title='bbox 121 3457 423 3520; x_wconf 79' lang='lat' dir='ltr'><strong>vocationem</strong></span> <span class='ocrx_word' id='word_1_347' title='bbox 457 3458 654 3514; x_wconf 88' lang='lat' dir='ltr'><strong>bonam</strong></span> <span class='ocrx_word' id='word_1_348' title='bbox 679 3466 735 3514; x_wconf 92' lang='lat' dir='ltr'><strong>et</strong></span> <span class='ocrx_word' id='word_1_349' title='bbox 751 3457 901 3529; x_wconf 77' lang='lat' dir='ltr'><strong>bene</strong></span> <span class='ocrx_word' id='word_1_350' title='bbox 928 3459 1232 3530; x_wconf 88' lang='lat' dir='ltr'><strong>probatam,</strong></span> <span class='ocrx_word' id='word_1_351' title='bbox 1259 3468 1522 3530; x_wconf 90' lang='lat' dir='ltr'><strong>quantum</strong></span> <span class='ocrx_word' id='word_1_352' title='bbox 1555 3458 1674 3514; x_wconf 79' lang='lat' dir='ltr'><strong>ﬁeri</strong></span> 
     </span>
    </p>
   </div>
   <div class='ocr_carea' id='block_1_38' title="bbox 121 3547 1705 3624">
    <p class='ocr_par' dir='ltr' id='par_1_38' title="bbox 121 3547 1705 3624">
     <span class='ocr_line' id='line_1_38' title="bbox 121 3547 1705 3624; baseline 0.003 -23"><span class='ocrx_word' id='word_1_353' title='bbox 121 3556 303 3614; x_wconf 84' lang='lat' dir='ltr'><strong>potest,</strong></span> <span class='ocrx_word' id='word_1_354' title='bbox 326 3563 458 3624; x_wconf 83' lang='lat' dir='ltr'><strong>non</strong></span> <span class='ocrx_word' id='word_1_355' title='bbox 485 3549 685 3618; x_wconf 80' lang='lat' dir='ltr'><strong>habeat</strong></span> <span class='ocrx_word' id='word_1_356' title='bbox 707 3587 722 3613; x_wconf 93' lang='lat'><strong>,</strong></span> <span class='ocrx_word' id='word_1_357' title='bbox 747 3558 806 3618; x_wconf 14' lang='lat' dir='ltr'><strong>.ct</strong></span> <span class='ocrx_word' id='word_1_358' title='bbox 851 3548 1107 3621; x_wconf 75' lang='lat' dir='ltr'><strong>congruis</strong></span> <span class='ocrx_word' id='word_1_359' title='bbox 1135 3549 1331 3603; x_wconf 90' lang='lat' dir='ltr'><strong>mentis</strong></span> <span class='ocrx_word' id='word_1_360' title='bbox 1354 3556 1409 3603; x_wconf 87' lang='lat' dir='ltr'><strong>et</strong></span> <span class='ocrx_word' id='word_1_361' title='bbox 1433 3547 1676 3619; x_wconf 88' lang='lat' dir='ltr'><strong>corporis</strong></span> <span class='ocrx_word' id='word_1_362' title='bbox 1701 3613 1705 3618; x_wconf 41' lang='grc'><em>,</em></span> 
     </span>
    </p>
   </div>
   <div class='ocr_carea' id='block_1_39' title="bbox 123 3628 1676 3716">
    <p class='ocr_par' dir='ltr' id='par_1_39' title="bbox 123 3628 1676 3716">
     <span class='ocr_line' id='line_1_39' title="bbox 123 3628 1676 3716; baseline 0.003 -25"><span class='ocrx_word' id='word_1_363' title='bbox 123 3628 308 3696; x_wconf 73' lang='lat' dir='ltr'><strong>dotibus</strong></span> <span class='ocrx_word' id='word_1_364' title='bbox 335 3681 351 3707; x_wconf 93' lang='lat'><strong>,</strong></span> <span class='ocrx_word' id='word_1_365' title='bbox 380 3657 455 3696; x_wconf 88' lang='lat' dir='ltr'><strong>ac</strong></span> <span class='ocrx_word' id='word_1_366' title='bbox 489 3642 685 3697; x_wconf 88' lang='lat' dir='ltr'><strong>devota</strong></span> <span class='ocrx_word' id='word_1_367' title='bbox 718 3640 998 3708; x_wconf 83' lang='lat' dir='ltr'><strong>voluntate</strong></span> <span class='ocrx_word' id='word_1_368' title='bbox 1025 3639 1163 3706; x_wconf 81' lang='lat' dir='ltr'><strong>Deo,</strong></span> <span class='ocrx_word' id='word_1_369' title='bbox 1190 3649 1252 3710; x_wconf 74' lang='lat' dir='ltr'><strong>ut</strong></span> <span class='ocrx_word' id='word_1_370' title='bbox 1271 3656 1371 3710; x_wconf 92' lang='lat' dir='ltr'><strong>par</strong></span> <span class='ocrx_word' id='word_1_371' title='bbox 1397 3649 1481 3710; x_wconf 86' lang='lat' dir='ltr'><strong>est</strong></span> <span class='ocrx_word' id='word_1_372' title='bbox 1510 3680 1526 3710; x_wconf 96' lang='lat'><strong>,</strong></span> <span class='ocrx_word' id='word_1_373' title='bbox 1549 3656 1676 3716; x_wconf 83' lang='lat' dir='ltr'><strong>ser-</strong></span> 
     </span>
    </p>
   </div>
   <div class='ocr_carea' id='block_1_40' title="bbox 124 3729 1673 3803">
    <p class='ocr_par' dir='ltr' id='par_1_40' title="bbox 124 3729 1673 3803">
     <span class='ocr_line' id='line_1_40' title="bbox 124 3729 1673 3803; baseline 0.002 -21"><span class='ocrx_word' id='word_1_374' title='bbox 124 3731 275 3793; x_wconf 57' lang='grc' dir='ltr'><strong>κίειιαί</strong></span> <span class='ocrx_word' id='word_1_375' title='bbox 301 3733 352 3788; x_wconf 92' lang='lat' dir='ltr'><strong>in</strong></span> <span class='ocrx_word' id='word_1_376' title='bbox 381 3732 582 3802; x_wconf 86' lang='lat' dir='ltr'><strong>ordine</strong></span> <span class='ocrx_word' id='word_1_377' title='bbox 609 3732 897 3798; x_wconf 79' lang='lat' dir='ltr'><strong>destitutus</strong></span> <span class='ocrx_word' id='word_1_378' title='bbox 935 3731 1025 3786; x_wconf 90' lang='lat' dir='ltr'><strong>sit.</strong></span> <span class='ocrx_word' id='word_1_379' title='bbox 1054 3729 1190 3798; x_wconf 85' lang='lat' dir='ltr'><strong>Dum</strong></span> <span class='ocrx_word' id='word_1_380' title='bbox 1221 3731 1272 3788; x_wconf 91' lang='lat' dir='ltr'><strong>id</strong></span> <span class='ocrx_word' id='word_1_381' title='bbox 1298 3740 1481 3797; x_wconf 85' lang='lat' dir='ltr'><strong>mente</strong></span> <span class='ocrx_word' id='word_1_382' title='bbox 1522 3730 1673 3803; x_wconf 87' lang='lat' dir='ltr'><strong>cogi-</strong></span> 
     </span>
    </p>
   </div>
   <div class='ocr_carea' id='block_1_41' title="bbox 1774 2539 3398 2614">
    <p class='ocr_par' dir='ltr' id='par_1_41' title="bbox 1774 2539 3398 2614">
     <span class='ocr_line' id='line_1_41' title="bbox 1774 2539 3398 2614; baseline 0.005 -19"><span class='ocrx_word' id='word_1_383' title='bbox 1774 2541 1900 2597; x_wconf 88' lang='lat' dir='ltr'><strong>inde</strong></span> <span class='ocrx_word' id='word_1_384' title='bbox 1928 2541 2450 2598; x_wconf 82' lang='lat' dir='ltr'><strong>scandalizarentur.</strong></span> <span class='ocrx_word' id='word_1_385' title='bbox 2479 2539 2674 2598; x_wconf 86' lang='lat' dir='ltr'><strong>Ovium</strong></span> <span class='ocrx_word' id='word_1_386' title='bbox 2699 2543 2928 2614; x_wconf 89' lang='lat' dir='ltr'><strong>pellibus</strong></span> <span class='ocrx_word' id='word_1_387' title='bbox 2955 2543 3023 2599; x_wconf 90' lang='lat' dir='ltr'><strong>ad</strong></span> <span class='ocrx_word' id='word_1_388' title='bbox 3044 2543 3241 2600; x_wconf 81' lang='lat' dir='ltr'><strong>lectum</strong></span> <span class='ocrx_word' id='word_1_389' title='bbox 3266 2560 3362 2602; x_wconf 89' lang='lat' dir='ltr'><strong>ea-</strong></span> <span class='ocrx_word' id='word_1_390' title='bbox 3394 2599 3398 2603; x_wconf 31' lang='grc' dir='ltr'><strong><em>ι</em></strong></span> 
     </span>
    </p>
   </div>
   <div class='ocr_carea' id='block_1_42' title="bbox 1773 2632 2788 2704">
    <p class='ocr_par' dir='ltr' id='par_1_42' title="bbox 1773 2632 2788 2704">
     <span class='ocr_line' id='line_1_42' title="bbox 1773 2632 2788 2704; baseline 0 -16"><span class='ocrx_word' id='word_1_391' title='bbox 1773 2634 1893 2688; x_wconf 91' lang='lat' dir='ltr'><strong>dem</strong></span> <span class='ocrx_word' id='word_1_392' title='bbox 1921 2633 2132 2689; x_wconf 87' lang='lat' dir='ltr'><strong>ratione</strong></span> <span class='ocrx_word' id='word_1_393' title='bbox 2160 2632 2392 2704; x_wconf 88' lang='lat' dir='ltr'><strong>amplius</strong></span> <span class='ocrx_word' id='word_1_394' title='bbox 2425 2648 2528 2689; x_wconf 91' lang='lat' dir='ltr'><strong>non</strong></span> <span class='ocrx_word' id='word_1_395' title='bbox 2565 2634 2788 2690; x_wconf 90' lang='lat' dir='ltr'><strong>utimur.</strong></span> 
     </span>
    </p>
   </div>
   <div class='ocr_carea' id='block_1_43' title="bbox 1841 2719 3398 2794">
    <p class='ocr_par' dir='ltr' id='par_1_43' title="bbox 1841 2719 3398 2794">
     <span class='ocr_line' id='line_1_43' title="bbox 1841 2719 3398 2794; baseline 0.003 -19"><span class='ocrx_word' id='word_1_396' title='bbox 1841 2721 2001 2790; x_wconf 89' lang='lat' dir='ltr'><strong>lbid._</strong></span> <span class='ocrx_word' id='word_1_397' title='bbox 2031 2719 2199 2792; x_wconf 79' lang='lat' dir='ltr'><strong>Cujus</strong></span> <span class='ocrx_word' id='word_1_398' title='bbox 2234 2723 2602 2794; x_wconf 79' lang='lat' dir='ltr'><strong>grossitudinis</strong></span> <span class='ocrx_word' id='word_1_399' title='bbox 2634 2723 2883 2790; x_wconf 76' lang='lat' dir='ltr'><strong>ceterisve</strong></span> <span class='ocrx_word' id='word_1_400' title='bbox 2907 2725 2974 2779; x_wconf 80' lang='lat' dir='ltr'><strong>sit</strong></span> <span class='ocrx_word' id='word_1_401' title='bbox 3001 2740 3106 2780; x_wconf 82' lang='lat' dir='ltr'><strong>non</strong></span> <span class='ocrx_word' id='word_1_402' title='bbox 3133 2726 3358 2783; x_wconf 76' lang='lat' dir='ltr'><strong>curabit.</strong></span> <span class='ocrx_word' id='word_1_403' title='bbox 3393 2788 3398 2791; x_wconf 19' lang='grc' dir='ltr'><strong>μ</strong></span> 
     </span>
    </p>
   </div>
   <div class='ocr_carea' id='block_1_44' title="bbox 1773 2802 3360 2886">
    <p class='ocr_par' dir='ltr' id='par_1_44' title="bbox 1773 2802 3360 2886">
     <span class='ocr_line' id='line_1_44' title="bbox 1773 2802 3360 2886; baseline 0.003 -21"><span class='ocrx_word' id='word_1_404' title='bbox 1773 2809 1892 2869; x_wconf 89' lang='lat' dir='ltr'><strong>Non</strong></span> <span class='ocrx_word' id='word_1_405' title='bbox 1925 2810 2055 2872; x_wconf 78' lang='lat' dir='ltr'><strong>inde.</strong></span> <span class='ocrx_word' id='word_1_406' title='bbox 2079 2802 2411 2880; x_wconf 76' lang='lat' dir='ltr'><strong>credendum</strong></span> <span class='ocrx_word' id='word_1_407' title='bbox 2441 2823 2526 2870; x_wconf 91' lang='lat' dir='ltr'><strong>est</strong></span> <span class='ocrx_word' id='word_1_408' title='bbox 2553 2814 2699 2886; x_wconf 91' lang='lat' dir='ltr'><strong>quod</strong></span> <span class='ocrx_word' id='word_1_409' title='bbox 2729 2815 2796 2870; x_wconf 89' lang='lat' dir='ltr'><strong>de</strong></span> <span class='ocrx_word' id='word_1_410' title='bbox 2827 2815 3140 2871; x_wconf 86' lang='lat' dir='ltr'><strong>diversitate</strong></span> <span class='ocrx_word' id='word_1_411' title='bbox 3165 2814 3360 2870; x_wconf 87' lang='lat' dir='ltr'><strong>coloris</strong></span> 
     </span>
    </p>
   </div>
   <div class='ocr_carea' id='block_1_45' title="bbox 1773 2902 3356 2978">
    <p class='ocr_par' dir='ltr' id='par_1_45' title="bbox 1773 2902 3356 2978">
     <span class='ocr_line' id='line_1_45' title="bbox 1773 2902 3356 2978; baseline 0.001 -18"><span class='ocrx_word' id='word_1_412' title='bbox 1773 2902 2098 2974; x_wconf 80' lang='lat' dir='ltr'><strong>hicagatur,</strong></span> <span class='ocrx_word' id='word_1_413' title='bbox 2138 2912 2198 2959; x_wconf 93' lang='lat' dir='ltr'><strong>ut</strong></span> <span class='ocrx_word' id='word_1_414' title='bbox 2239 2904 2330 2960; x_wconf 92' lang='lat' dir='ltr'><strong>alii</strong></span> <span class='ocrx_word' id='word_1_415' title='bbox 2383 2905 2499 2962; x_wconf 88' lang='lat' dir='ltr'><strong>rul&#39;a</strong></span> <span class='ocrx_word' id='word_1_416' title='bbox 2531 2905 2730 2972; x_wconf 85' lang='lat' dir='ltr'><strong>vestis,</strong></span> <span class='ocrx_word' id='word_1_417' title='bbox 2772 2906 2862 2962; x_wconf 89' lang='lat' dir='ltr'><strong>alii</strong></span> <span class='ocrx_word' id='word_1_418' title='bbox 2893 2907 3075 2978; x_wconf 80' lang='lat' dir='ltr'><strong>nigra,</strong></span> <span class='ocrx_word' id='word_1_419' title='bbox 3108 2907 3198 2961; x_wconf 86' lang='lat' dir='ltr'><strong>alii</strong></span> <span class='ocrx_word' id='word_1_420' title='bbox 3227 2922 3356 2962; x_wconf 90' lang='lat' dir='ltr'><strong>can-</strong></span> 
     </span>
    </p>
   </div>
   <div class='ocr_carea' id='block_1_46' title="bbox 1772 2994 3358 3078">
    <p class='ocr_par' dir='ltr' id='par_1_46' title="bbox 1772 2994 3358 3078">
     <span class='ocr_line' id='line_1_46' title="bbox 1772 2994 3358 3078; baseline 0.001 -26"><span class='ocrx_word' id='word_1_421' title='bbox 1772 2994 1914 3060; x_wconf 81' lang='lat' dir='ltr'><strong>dida,</strong></span> <span class='ocrx_word' id='word_1_422' title='bbox 1939 2995 2238 3065; x_wconf 86' lang='lat' dir='ltr'><strong>ministrari</strong></span> <span class='ocrx_word' id='word_1_423' title='bbox 2262 3005 2477 3078; x_wconf 86' lang='lat' dir='ltr'><strong>posset.</strong></span> <span class='ocrx_word' id='word_1_424' title='bbox 2508 2997 2817 3064; x_wconf 77' lang='lat' dir='ltr'><strong>Ridiculum</strong></span> <span class='ocrx_word' id='word_1_425' title='bbox 2854 2999 2998 3054; x_wconf 87' lang='lat' dir='ltr'><strong>enim</strong></span> <span class='ocrx_word' id='word_1_426' title='bbox 3032 2998 3358 3071; x_wconf 31' lang='lat' dir='ltr'><strong>esseOSimilc</strong></span> 
     </span>
    </p>
   </div>
   <div class='ocr_carea' id='block_1_47' title="bbox 1778 3087 3399 3164">
    <p class='ocr_par' dir='ltr' id='par_1_47' title="bbox 1778 3087 3399 3164">
     <span class='ocr_line' id='line_1_47' title="bbox 1778 3087 3399 3164; baseline 0.004 -22"><span class='ocrx_word' id='word_1_427' title='bbox 1778 3087 1909 3158; x_wconf 90' lang='lat' dir='ltr'><strong>quid</strong></span> <span class='ocrx_word' id='word_1_428' title='bbox 1936 3088 2021 3144; x_wconf 89' lang='lat' dir='ltr'><strong>vel</strong></span> <span class='ocrx_word' id='word_1_429' title='bbox 2041 3089 2308 3162; x_wconf 86' lang='lat' dir='ltr'><strong>cogitare,</strong></span> <span class='ocrx_word' id='word_1_430' title='bbox 2327 3089 2431 3161; x_wconf 80' lang='lat' dir='ltr'><strong>sed</strong></span> <span class='ocrx_word' id='word_1_431' title='bbox 2457 3090 2524 3148; x_wconf 86' lang='lat' dir='ltr'><strong>de</strong></span> <span class='ocrx_word' id='word_1_432' title='bbox 2549 3090 2731 3160; x_wconf 81' lang='lat' dir='ltr'><strong>colore</strong></span> <span class='ocrx_word' id='word_1_433' title='bbox 2749 3093 2872 3164; x_wconf 86' lang='lat' dir='ltr'><strong>plus</strong></span> <span class='ocrx_word' id='word_1_434' title='bbox 2895 3101 2989 3148; x_wconf 89' lang='lat' dir='ltr'><strong>aut</strong></span> <span class='ocrx_word' id='word_1_435' title='bbox 3011 3093 3190 3149; x_wconf 91' lang='lat' dir='ltr'><strong>minus</strong></span> <span class='ocrx_word' id='word_1_436' title='bbox 3212 3093 3358 3161; x_wconf 89' lang='lat' dir='ltr'><strong>albo,</strong></span> <span class='ocrx_word' id='word_1_437' title='bbox 3387 3155 3399 3164; x_wconf 69' lang='grc' dir='ltr'><strong> </strong></span> 
     </span>
    </p>
   </div>
   <div class='ocr_carea' id='block_1_48' title="bbox 1776 3179 3215 3256">
    <p class='ocr_par' dir='ltr' id='par_1_48' title="bbox 1776 3179 3215 3256">
     <span class='ocr_line' id='line_1_48' title="bbox 1776 3179 3215 3256; baseline 0.003 -22"><span class='ocrx_word' id='word_1_438' title='bbox 1776 3179 1931 3250; x_wconf 83' lang='lat' dir='ltr'><strong>intra</strong></span> <span class='ocrx_word' id='word_1_439' title='bbox 1951 3181 2198 3238; x_wconf 88' lang='lat' dir='ltr'><strong>eamdem</strong></span> <span class='ocrx_word' id='word_1_440' title='bbox 2230 3190 2406 3239; x_wconf 91' lang='lat' dir='ltr'><strong>tamen</strong></span> <span class='ocrx_word' id='word_1_441' title='bbox 2432 3183 2668 3254; x_wconf 90' lang='lat' dir='ltr'><strong>speciem</strong></span> <span class='ocrx_word' id='word_1_442' title='bbox 2700 3183 2751 3240; x_wconf 92' lang='lat' dir='ltr'><strong>id</strong></span> <span class='ocrx_word' id='word_1_443' title='bbox 2780 3184 2940 3240; x_wconf 84' lang='lat' dir='ltr'><strong>debet</strong></span> <span class='ocrx_word' id='word_1_444' title='bbox 2968 3184 3215 3256; x_wconf 83' lang='lat' dir='ltr'><strong>intelligi.</strong></span> 
     </span>
    </p>
   </div>
   <div class='ocr_carea' id='block_1_49' title="bbox 1845 3270 3366 3346">
    <p class='ocr_par' dir='ltr' id='par_1_49' title="bbox 1845 3270 3366 3346">
     <span class='ocr_line' id='line_1_49' title="bbox 1845 3270 3366 3346; baseline 0.005 -21"><span class='ocrx_word' id='word_1_445' title='bbox 1845 3270 1980 3326; x_wconf 87' lang='lat' dir='ltr'><strong>lbid.</strong></span> <span class='ocrx_word' id='word_1_446' title='bbox 2011 3271 2378 3339; x_wconf 74' lang='lat' dir='ltr'><strong>Humilitatem</strong></span> <span class='ocrx_word' id='word_1_447' title='bbox 2400 3274 2838 3346; x_wconf 84' lang='lat' dir='ltr'><strong>attritionemque,</strong></span> <span class='ocrx_word' id='word_1_448' title='bbox 2861 3283 2990 3344; x_wconf 87' lang='lat' dir='ltr'><strong>etc.,</strong></span> <span class='ocrx_word' id='word_1_449' title='bbox 3019 3286 3065 3330; x_wconf 86' lang='lat' dir='ltr'><strong>et</strong></span> <span class='ocrx_word' id='word_1_450' title='bbox 3093 3277 3366 3338; x_wconf 60' lang='lat' dir='ltr'><strong>universo-,</strong></span> 
     </span>
    </p>
   </div>
   <div class='ocr_carea' id='block_1_50' title="bbox 1775 3361 3356 3437">
    <p class='ocr_par' dir='ltr' id='par_1_50' title="bbox 1775 3361 3356 3437">
     <span class='ocr_line' id='line_1_50' title="bbox 1775 3361 3356 3437; baseline 0.005 -23"><span class='ocrx_word' id='word_1_451' title='bbox 1775 3377 1892 3422; x_wconf 78' lang='lat' dir='ltr'><strong>runt</strong></span> <span class='ocrx_word' id='word_1_452' title='bbox 1919 3361 2106 3432; x_wconf 72' lang='lat' dir='ltr'><strong>quibus</strong></span> <span class='ocrx_word' id='word_1_453' title='bbox 2135 3362 2350 3424; x_wconf 83' lang='lat' dir='ltr'><strong>utimur.</strong></span> <span class='ocrx_word' id='word_1_454' title='bbox 2387 3362 2486 3430; x_wconf 78' lang='lat' dir='ltr'><strong>Hic</strong></span> <span class='ocrx_word' id='word_1_455' title='bbox 2503 3363 2768 3433; x_wconf 86' lang='lat' dir='ltr'><strong>judicium</strong></span> <span class='ocrx_word' id='word_1_456' title='bbox 2795 3366 3166 3437; x_wconf 84' lang='lat' dir='ltr'><strong>conscriptum</strong></span> <span class='ocrx_word' id='word_1_457' title='bbox 3193 3367 3356 3432; x_wconf 80' lang='lat' dir='ltr'><strong>habe-</strong></span> 
     </span>
    </p>
   </div>
   <div class='ocr_carea' id='block_1_51' title="bbox 1776 3453 3395 3528">
    <p class='ocr_par' dir='ltr' id='par_1_51' title="bbox 1776 3453 3395 3528">
     <span class='ocr_line' id='line_1_51' title="bbox 1776 3453 3395 3528; baseline 0.008 -23"><span class='ocrx_word' id='word_1_458' title='bbox 1776 3467 1896 3511; x_wconf 88' lang='lat' dir='ltr'><strong>mus</strong></span> <span class='ocrx_word' id='word_1_459' title='bbox 1924 3461 2112 3522; x_wconf 82' lang='lat' dir='ltr'><strong>contra</strong></span> <span class='ocrx_word' id='word_1_460' title='bbox 2136 3467 2260 3521; x_wconf 89' lang='lat' dir='ltr'><strong>nos,</strong></span> <span class='ocrx_word' id='word_1_461' title='bbox 2283 3453 2328 3511; x_wconf 90' lang='lat' dir='ltr'><strong>si</strong></span> <span class='ocrx_word' id='word_1_462' title='bbox 2360 3470 2447 3512; x_wconf 83' lang='lat' dir='ltr'><strong>res</strong></span> <span class='ocrx_word' id='word_1_463' title='bbox 2471 3455 2714 3522; x_wconf 84' lang='lat' dir='ltr'><strong>curiosas</strong></span> <span class='ocrx_word' id='word_1_464' title='bbox 2740 3459 2794 3512; x_wconf 83' lang='lat' dir='ltr'><strong>e‘t</strong></span> <span class='ocrx_word' id='word_1_465' title='bbox 2823 3457 3086 3528; x_wconf 82' lang='lat' dir='ltr'><strong>pretiosas</strong></span> <span class='ocrx_word' id='word_1_466' title='bbox 3101 3457 3243 3514; x_wconf 90' lang='lat' dir='ltr'><strong>ultra</strong></span> <span class='ocrx_word' id='word_1_467' title='bbox 3259 3459 3356 3516; x_wconf 90' lang='lat' dir='ltr'><strong>bo-</strong></span> <span class='ocrx_word' id='word_1_468' title='bbox 3393 3516 3395 3518; x_wconf 79' lang='lat'><strong>.</strong></span> 
     </span>
    </p>
   </div>
   <div class='ocr_carea' id='block_1_52' title="bbox 1776 3543 3286 3612">
    <p class='ocr_par' dir='ltr' id='par_1_52' title="bbox 1776 3543 3286 3612">
     <span class='ocr_line' id='line_1_52' title="bbox 1776 3543 3286 3612; baseline 0.007 -16"><span class='ocrx_word' id='word_1_469' title='bbox 1776 3553 1984 3612; x_wconf 69' lang='lat' dir='ltr'><strong>nestum</strong></span> <span class='ocrx_word' id='word_1_470' title='bbox 2014 3543 2315 3600; x_wconf 88' lang='lat' dir='ltr'><strong>decentiam</strong></span> <span class='ocrx_word' id='word_1_471' title='bbox 2343 3546 2412 3602; x_wconf 90' lang='lat' dir='ltr'><strong>ad</strong></span> <span class='ocrx_word' id='word_1_472' title='bbox 2444 3562 2598 3602; x_wconf 88' lang='lat' dir='ltr'><strong>usum</strong></span> <span class='ocrx_word' id='word_1_473' title='bbox 2629 3557 2871 3604; x_wconf 88' lang='lat' dir='ltr'><strong>nostrum</strong></span> <span class='ocrx_word' id='word_1_474' title='bbox 2913 3548 3286 3606; x_wconf 88' lang='lat' dir='ltr'><strong>adhibeamus.</strong></span> 
     </span>
    </p>
   </div>
   <div class='ocr_carea' id='block_1_53' title="bbox 1846 3633 3356 3709">
    <p class='ocr_par' dir='ltr' id='par_1_53' title="bbox 1846 3633 3356 3709">
     <span class='ocr_line' id='line_1_53' title="bbox 1846 3633 3356 3709; baseline 0.006 -21"><span class='ocrx_word' id='word_1_475' title='bbox 1846 3633 2007 3689; x_wconf 83' lang='lat' dir='ltr'><strong>Num.</strong></span> <span class='ocrx_word' id='word_1_476' title='bbox 2039 3634 2093 3690; x_wconf 82' lang='grc'><strong>5.</strong></span> <span class='ocrx_word' id='word_1_477' title='bbox 2139 3633 2322 3690; x_wconf 75' lang='lat' dir='ltr'><strong>Libros</strong></span> <span class='ocrx_word' id='word_1_478' title='bbox 2366 3645 2617 3708; x_wconf 83' lang='lat' dir='ltr'><strong>tanquam</strong></span> <span class='ocrx_word' id='word_1_479' title='bbox 2661 3641 3048 3709; x_wconf 80' lang='lat' dir='ltr'><strong>sempiternum,</strong></span> <span class='ocrx_word' id='word_1_480' title='bbox 3089 3650 3195 3696; x_wconf 91' lang='lat' dir='ltr'><strong>etc.</strong></span> <span class='ocrx_word' id='word_1_481' title='bbox 3247 3641 3356 3698; x_wconf 80' lang='lat' dir='ltr'><strong>Hoc</strong></span> 
     </span>
    </p>
   </div>
   <div class='ocr_carea' id='block_1_54' title="bbox 1776 3726 3356 3803">
    <p class='ocr_par' dir='ltr' id='par_1_54' title="bbox 1776 3726 3356 3803">
     <span class='ocr_line' id='line_1_54' title="bbox 1776 3726 3356 3803; baseline 0.006 -23"><span class='ocrx_word' id='word_1_482' title='bbox 1776 3726 1943 3782; x_wconf 89' lang='lat' dir='ltr'><strong>verbo</strong></span> <span class='ocrx_word' id='word_1_483' title='bbox 1965 3726 2395 3798; x_wconf 82' lang='lat' dir='ltr'><strong>vultexprimere</strong></span> <span class='ocrx_word' id='word_1_484' title='bbox 2417 3729 2580 3785; x_wconf 89' lang='lat' dir='ltr'><strong>libros</strong></span> <span class='ocrx_word' id='word_1_485' title='bbox 2603 3746 2725 3786; x_wconf 87' lang='lat' dir='ltr'><strong>esse</strong></span> <span class='ocrx_word' id='word_1_486' title='bbox 2753 3731 2988 3802; x_wconf 87' lang='lat' dir='ltr'><strong>speciem</strong></span> <span class='ocrx_word' id='word_1_487' title='bbox 3011 3732 3114 3788; x_wconf 90' lang='lat' dir='ltr'><strong>cibl</strong></span> <span class='ocrx_word' id='word_1_488' title='bbox 3143 3732 3234 3802; x_wconf 92' lang='lat' dir='ltr'><strong>qui</strong></span> <span class='ocrx_word' id='word_1_489' title='bbox 3264 3748 3356 3803; x_wconf 79' lang='lat' dir='ltr'><strong>per</strong></span> 
     </span>
    </p>
   </div>
   <div class='ocr_carea' id='block_1_55' title="bbox 127 3795 3390 3894">
    <p class='ocr_par' dir='ltr' id='par_1_55' title="bbox 127 3795 3390 3894">
     <span class='ocr_line' id='line_1_55' title="bbox 127 3795 3390 3894; baseline 0.003 -25"><span class='ocrx_word' id='word_1_490' title='bbox 127 3831 170 3877; x_wconf 80' lang='lat' dir='ltr'><strong>to</strong></span> <span class='ocrx_word' id='word_1_491' title='bbox 187 3861 202 3888; x_wconf 77' lang='lat'><strong>,</strong></span> <span class='ocrx_word' id='word_1_492' title='bbox 227 3822 381 3878; x_wconf 73' lang='lat' dir='ltr'><strong>veluti</strong></span> <span class='ocrx_word' id='word_1_493' title='bbox 405 3890 410 3892; x_wconf 20' lang='grc' dir='ltr'><strong><em>ν</em></strong></span> <span class='ocrx_word' id='word_1_494' title='bbox 431 3797 652 3879; x_wconf 55' lang='grc' dir='ltr'><strong>[ξεῖνοι-θ</strong></span> <span class='ocrx_word' id='word_1_495' title='bbox 683 3795 892 3894; x_wconf 63' lang='grc' dir='ltr'><strong>τέριεον</strong></span> <span class='ocrx_word' id='word_1_496' title='bbox 921 3861 936 3888; x_wconf 74' lang='lat'><strong>,</strong></span> <span class='ocrx_word' id='word_1_497' title='bbox 965 3836 1072 3878; x_wconf 87' lang='lat' dir='ltr'><strong>non</strong></span> <span class='ocrx_word' id='word_1_498' title='bbox 1118 3795 1375 3877; x_wconf 70' lang='lat' dir='ltr'><strong>dubitans</strong></span> <span class='ocrx_word' id='word_1_499' title='bbox 1392 3795 1672 3877; x_wconf 49' lang='lat' dir='ltr'><strong>afﬁrmare</strong></span> <span class='ocrx_word' id='word_1_500' title='bbox 1705 3795 1751 3856; x_wconf 73' lang='grc' dir='ltr'><strong>Β</strong></span> <span class='ocrx_word' id='word_1_501' title='bbox 1777 3829 1932 3870; x_wconf 90' lang='lat' dir='ltr'><strong>usum</strong></span> <span class='ocrx_word' id='word_1_502' title='bbox 1963 3830 2070 3871; x_wconf 92' lang='lat' dir='ltr'><strong>non</strong></span> <span class='ocrx_word' id='word_1_503' title='bbox 2090 3817 2459 3886; x_wconf 89' lang='lat' dir='ltr'><strong>consumitur;</strong></span> <span class='ocrx_word' id='word_1_504' title='bbox 2491 3828 2544 3892; x_wconf 75' lang='lat' dir='ltr'><strong>et</strong></span> <span class='ocrx_word' id='word_1_505' title='bbox 2570 3835 2634 3876; x_wconf 80' lang='lat' dir='ltr'><strong>ex</strong></span> <span class='ocrx_word' id='word_1_506' title='bbox 2661 3820 2763 3875; x_wconf 91' lang='lat' dir='ltr'><strong>hoc</strong></span> <span class='ocrx_word' id='word_1_507' title='bbox 2788 3820 2907 3876; x_wconf 93' lang='lat' dir='ltr'><strong>loco</strong></span> <span class='ocrx_word' id='word_1_508' title='bbox 2927 3828 3075 3893; x_wconf 92' lang='lat' dir='ltr'><strong>patet</strong></span> <span class='ocrx_word' id='word_1_509' title='bbox 3096 3831 3357 3892; x_wconf 89' lang='lat' dir='ltr'><strong>quantum</strong></span> <span class='ocrx_word' id='word_1_510' title='bbox 3385 3884 3390 3887; x_wconf 97' lang='lat'><em>_</em></span> 
     </span>
    </p>
   </div>
   <div class='ocr_carea' id='block_1_56' title="bbox 125 3913 1671 3985">
    <p class='ocr_par' dir='ltr' id='par_1_56' title="bbox 125 3913 1671 3985">
     <span class='ocr_line' id='line_1_56' title="bbox 125 3913 1671 3985; baseline 0.001 -19"><span class='ocrx_word' id='word_1_511' title='bbox 125 3914 302 3985; x_wconf 76' lang='lat' dir='ltr'><strong>majora</strong></span> <span class='ocrx_word' id='word_1_512' title='bbox 353 3915 613 3970; x_wconf 86' lang='lat' dir='ltr'><strong>ordinum</strong></span> <span class='ocrx_word' id='word_1_513' title='bbox 673 3913 1002 3985; x_wconf 88' lang='lat' dir='ltr'><strong>regularium</strong></span> <span class='ocrx_word' id='word_1_514' title='bbox 1058 3913 1256 3974; x_wconf 87' lang='lat' dir='ltr'><strong>damna</strong></span> <span class='ocrx_word' id='word_1_515' title='bbox 1310 3913 1436 3968; x_wconf 90' lang='lat' dir='ltr'><strong>inde</strong></span> <span class='ocrx_word' id='word_1_516' title='bbox 1493 3923 1671 3969; x_wconf 91' lang='lat' dir='ltr'><strong>ortum</strong></span> 
     </span>
    </p>
   </div>
   <div class='ocr_carea' id='block_1_57' title="bbox 125 4004 1682 4076">
    <p class='ocr_par' dir='ltr' id='par_1_57' title="bbox 125 4004 1682 4076">
     <span class='ocr_line' id='line_1_57' title="bbox 125 4004 1682 4076; baseline 0.001 -21"><span class='ocrx_word' id='word_1_517' title='bbox 125 4005 370 4076; x_wconf 76' lang='lat' dir='ltr'><strong>accepisse</strong></span> <span class='ocrx_word' id='word_1_518' title='bbox 424 4015 483 4072; x_wconf 83' lang='lat' dir='ltr'><strong>et</strong></span> <span class='ocrx_word' id='word_1_519' title='bbox 528 4005 798 4076; x_wconf 76' lang='lat' dir='ltr'><strong>accipere.</strong></span> <span class='ocrx_word' id='word_1_520' title='bbox 833 4005 940 4072; x_wconf 85' lang='lat' dir='ltr'><strong>Sed</strong></span> <span class='ocrx_word' id='word_1_521' title='bbox 993 4005 1261 4073; x_wconf 81' lang='lat' dir='ltr'><strong>calamum</strong></span> <span class='ocrx_word' id='word_1_522' title='bbox 1295 4004 1382 4074; x_wconf 86' lang='lat' dir='ltr'><strong>hic</strong></span> <span class='ocrx_word' id='word_1_523' title='bbox 1412 4004 1682 4074; x_wconf 84' lang='lat' dir='ltr'><strong>reprima-.</strong></span> 
     </span>
    </p>
   </div>
   <div class='ocr_carea' id='block_1_58' title="bbox 124 4095 1422 4168">
    <p class='ocr_par' dir='ltr' id='par_1_58' title="bbox 124 4095 1422 4168">
     <span class='ocr_line' id='line_1_58' title="bbox 124 4095 1422 4168; baseline 0.002 -19"><span class='ocrx_word' id='word_1_524' title='bbox 124 4110 242 4168; x_wconf 73' lang='lat' dir='ltr'><strong>Inus,</strong></span> <span class='ocrx_word' id='word_1_525' title='bbox 269 4113 333 4152; x_wconf 90' lang='lat' dir='ltr'><strong>ne</strong></span> <span class='ocrx_word' id='word_1_526' title='bbox 357 4097 489 4168; x_wconf 91' lang='lat' dir='ltr'><strong>quid</strong></span> <span class='ocrx_word' id='word_1_527' title='bbox 529 4096 772 4153; x_wconf 81' lang='lat' dir='ltr'><strong>diffusius</strong></span> <span class='ocrx_word' id='word_1_528' title='bbox 793 4095 862 4164; x_wconf 86' lang='lat' dir='ltr'><strong>de</strong></span> <span class='ocrx_word' id='word_1_529' title='bbox 886 4097 990 4153; x_wconf 87' lang='lat' dir='ltr'><strong>hac</strong></span> <span class='ocrx_word' id='word_1_530' title='bbox 1011 4113 1070 4153; x_wconf 87' lang='lat' dir='ltr'><strong>re</strong></span> <span class='ocrx_word' id='word_1_531' title='bbox 1103 4099 1422 4154; x_wconf 87' lang='lat' dir='ltr'><strong>scribamus.</strong></span> 
     </span>
    </p>
   </div>
   <div class='ocr_carea' id='block_1_59' title="bbox 179 4186 1673 4260">
    <p class='ocr_par' dir='ltr' id='par_1_59' title="bbox 179 4186 1673 4260">
     <span class='ocr_line' id='line_1_59' title="bbox 179 4186 1673 4260; baseline 0 -18"><span class='ocrx_word' id='word_1_532' title='bbox 179 4186 294 4243; x_wconf 70' lang='grc' dir='ltr'><strong>οη.</strong></span> <span class='ocrx_word' id='word_1_533' title='bbox 326 4186 797 4245; x_wconf 78' lang='lat' dir='ltr'><strong>XXVlll.-—Num.</strong></span> <span class='ocrx_word' id='word_1_534' title='bbox 828 4189 881 4244; x_wconf 81' lang='grc'><strong>1.</strong></span> <span class='ocrx_word' id='word_1_535' title='bbox 931 4188 1014 4243; x_wconf 79' lang='lat' dir='ltr'><strong>Ad</strong></span> <span class='ocrx_word' id='word_1_536' title='bbox 1043 4189 1233 4244; x_wconf 80' lang='lat' dir='ltr'><strong>lectum</strong></span> <span class='ocrx_word' id='word_1_537' title='bbox 1261 4206 1281 4246; x_wconf 90' lang='lat'><strong><em>:</em></strong></span> <span class='ocrx_word' id='word_1_538' title='bbox 1311 4189 1538 4260; x_wconf 88' lang='lat' dir='ltr'><strong>paleam,</strong></span> <span class='ocrx_word' id='word_1_539' title='bbox 1567 4197 1673 4246; x_wconf 84' lang='lat' dir='ltr'><strong>etc.</strong></span> 
     </span>
    </p>
   </div>
   <div class='ocr_carea' id='block_1_60' title="bbox 122 4266 1673 4354">
    <p class='ocr_par' dir='ltr' id='par_1_60' title="bbox 122 4266 1673 4354">
     <span class='ocr_line' id='line_1_60' title="bbox 122 4266 1673 4354; baseline 0.003 -20"><span class='ocrx_word' id='word_1_540' title='bbox 122 4279 244 4348; x_wconf 75' lang='lat' dir='ltr'><strong>later</strong></span> <span class='ocrx_word' id='word_1_541' title='bbox 261 4283 648 4353; x_wconf 85' lang='lat' dir='ltr'><strong>supellectilem</strong></span> <span class='ocrx_word' id='word_1_542' title='bbox 676 4266 981 4354; x_wconf 16' lang='lat' dir='ltr'><strong>illamﬂquaa</strong></span> <span class='ocrx_word' id='word_1_543' title='bbox 1013 4283 1078 4338; x_wconf 92' lang='lat' dir='ltr'><strong>ad</strong></span> <span class='ocrx_word' id='word_1_544' title='bbox 1111 4283 1306 4338; x_wconf 89' lang='lat' dir='ltr'><strong>lectum</strong></span> <span class='ocrx_word' id='word_1_545' title='bbox 1344 4299 1673 4353; x_wconf 89' lang='lat' dir='ltr'><strong>componen-</strong></span> 
     </span>
    </p>
   </div>
   <div class='ocr_carea' id='block_1_61' title="bbox 124 4372 1674 4442">
    <p class='ocr_par' dir='ltr' id='par_1_61' title="bbox 124 4372 1674 4442">
     <span class='ocr_line' id='line_1_61' title="bbox 124 4372 1674 4442; baseline 0.004 -18"><span class='ocrx_word' id='word_1_546' title='bbox 124 4372 228 4436; x_wconf 82' lang='lat' dir='ltr'><strong>dum</strong></span> <span class='ocrx_word' id='word_1_547' title='bbox 255 4382 306 4428; x_wconf 92' lang='lat' dir='ltr'><strong>et</strong></span> <span class='ocrx_word' id='word_1_548' title='bbox 352 4375 418 4442; x_wconf 85' lang='lat' dir='ltr'><strong>ad</strong></span> <span class='ocrx_word' id='word_1_549' title='bbox 465 4374 837 4435; x_wconf 88' lang='lat' dir='ltr'><strong>indumentum</strong></span> <span class='ocrx_word' id='word_1_550' title='bbox 880 4376 1102 4440; x_wconf 88' lang='lat' dir='ltr'><strong>concedi</strong></span> <span class='ocrx_word' id='word_1_551' title='bbox 1150 4375 1308 4430; x_wconf 90' lang='lat' dir='ltr'><strong>solita</strong></span> <span class='ocrx_word' id='word_1_552' title='bbox 1341 4384 1674 4442; x_wconf 86' lang='lat' dir='ltr'><strong>recensetur,</strong></span> 
     </span>
    </p>
   </div>
   <div class='ocr_carea' id='block_1_62' title="bbox 122 4466 1677 4538">
    <p class='ocr_par' dir='ltr' id='par_1_62' title="bbox 122 4466 1677 4538">
     <span class='ocr_line' id='line_1_62' title="bbox 122 4466 1677 4538; baseline 0.003 -20"><span class='ocrx_word' id='word_1_553' title='bbox 122 4474 314 4534; x_wconf 86' lang='lat' dir='ltr'><strong>nostros</strong></span> <span class='ocrx_word' id='word_1_554' title='bbox 358 4481 639 4535; x_wconf 89' lang='lat' dir='ltr'><strong>nunquam</strong></span> <span class='ocrx_word' id='word_1_555' title='bbox 693 4467 1032 4534; x_wconf 78' lang='lat' dir='ltr'><strong>renuntiasse</strong></span> <span class='ocrx_word' id='word_1_556' title='bbox 1075 4466 1295 4538; x_wconf 88' lang='lat' dir='ltr'><strong>pellium</strong></span> <span class='ocrx_word' id='word_1_557' title='bbox 1321 4467 1488 4532; x_wconf 35' lang='lat' dir='ltr'><strong>,usui,‘</strong></span> <span class='ocrx_word' id='word_1_558' title='bbox 1519 4474 1575 4520; x_wconf 93' lang='lat' dir='ltr'><strong>et</strong></span> <span class='ocrx_word' id='word_1_559' title='bbox 1608 4466 1677 4522; x_wconf 90' lang='lat' dir='ltr'><strong>ab</strong></span> 
     </span>
    </p>
   </div>
   <div class='ocr_carea' id='block_1_63' title="bbox 121 4551 1678 4622">
    <p class='ocr_par' dir='ltr' id='par_1_63' title="bbox 121 4551 1678 4622">
     <span class='ocr_line' id='line_1_63' title="bbox 121 4551 1678 4622; baseline 0.004 -18"><span class='ocrx_word' id='word_1_560' title='bbox 121 4551 254 4614; x_wconf 83' lang='lat' dir='ltr'><strong>initio</strong></span> <span class='ocrx_word' id='word_1_561' title='bbox 280 4570 371 4610; x_wconf 88' lang='lat' dir='ltr'><strong>eas</strong></span> <span class='ocrx_word' id='word_1_562' title='bbox 403 4555 510 4610; x_wconf 88' lang='lat' dir='ltr'><strong>sibi</strong></span> <span class='ocrx_word' id='word_1_563' title='bbox 539 4554 849 4622; x_wconf 84' lang='lat' dir='ltr'><strong>adhibuisse</strong></span> <span class='ocrx_word' id='word_1_564' title='bbox 889 4555 1232 4622; x_wconf 76' lang='lat' dir='ltr'><strong>manifestum</strong></span> <span class='ocrx_word' id='word_1_565' title='bbox 1268 4564 1370 4612; x_wconf 91' lang='lat' dir='ltr'><strong>est.</strong></span> <span class='ocrx_word' id='word_1_566' title='bbox 1403 4555 1514 4622; x_wconf 71' lang='lat' dir='ltr'><strong>lino</strong></span> <span class='ocrx_word' id='word_1_567' title='bbox 1551 4565 1678 4611; x_wconf 90' lang='lat' dir='ltr'><strong>tunc</strong></span> 
     </span>
    </p>
   </div>
   <div class='ocr_carea' id='block_1_64' title="bbox 121 4644 1678 4719">
    <p class='ocr_par' dir='ltr' id='par_1_64' title="bbox 121 4644 1678 4719">
     <span class='ocr_line' id='line_1_64' title="bbox 121 4644 1678 4719; baseline -0.001 -19"><span class='ocrx_word' id='word_1_568' title='bbox 121 4644 221 4710; x_wconf 67' lang='lat' dir='ltr'><strong>duae</strong></span> <span class='ocrx_word' id='word_1_569' title='bbox 244 4647 467 4716; x_wconf 54' lang='lat' dir='ltr'><strong>pellicia).</strong></span> <span class='ocrx_word' id='word_1_570' title='bbox 491 4647 544 4702; x_wconf 93' lang='lat' dir='ltr'><strong>in</strong></span> <span class='ocrx_word' id='word_1_571' title='bbox 571 4647 673 4703; x_wconf 90' lang='lat' dir='ltr'><strong>hac</strong></span> <span class='ocrx_word' id='word_1_572' title='bbox 689 4645 1173 4719; x_wconf 74' lang='lat' dir='ltr'><strong>MajoriCarthusia</strong></span> <span class='ocrx_word' id='word_1_573' title='bbox 1197 4646 1420 4718; x_wconf 76' lang='lat' dir='ltr'><strong>singulis</strong></span> <span class='ocrx_word' id='word_1_574' title='bbox 1433 4646 1678 4718; x_wconf 83' lang='lat' dir='ltr'><strong>assigna-</strong></span> 
     </span>
    </p>
   </div>
   <div class='ocr_carea' id='block_1_65' title="bbox 121 4737 1678 4810">
    <p class='ocr_par' dir='ltr' id='par_1_65' title="bbox 121 4737 1678 4810">
     <span class='ocr_line' id='line_1_65' title="bbox 121 4737 1678 4810; baseline 0.003 -21"><span class='ocrx_word' id='word_1_575' title='bbox 121 4737 312 4803; x_wconf 87' lang='lat' dir='ltr'><strong>bantur,</strong></span> <span class='ocrx_word' id='word_1_576' title='bbox 338 4755 574 4810; x_wconf 79' lang='lat' dir='ltr'><strong>quarum</strong></span> <span class='ocrx_word' id='word_1_577' title='bbox 596 4739 767 4794; x_wconf 90' lang='lat' dir='ltr'><strong>altera</strong></span> <span class='ocrx_word' id='word_1_578' title='bbox 789 4739 1030 4810; x_wconf 88' lang='lat' dir='ltr'><strong>quotidie</strong></span> <span class='ocrx_word' id='word_1_579' title='bbox 1049 4739 1428 4804; x_wconf 90' lang='lat' dir='ltr'><strong>induebantur,</strong></span> <span class='ocrx_word' id='word_1_580' title='bbox 1455 4747 1678 4808; x_wconf 86' lang='lat' dir='ltr'><strong>eratque</strong></span> 
     </span>
    </p>
   </div>
   <div class='ocr_carea' id='block_1_66' title="bbox 122 4827 1678 4904">
    <p class='ocr_par' dir='ltr' id='par_1_66' title="bbox 122 4827 1678 4904">
     <span class='ocr_line' id='line_1_66' title="bbox 122 4827 1678 4904; baseline 0.004 -24"><span class='ocrx_word' id='word_1_581' title='bbox 122 4827 211 4899; x_wconf 78' lang='lat' dir='ltr'><strong>illis</strong></span> <span class='ocrx_word' id='word_1_582' title='bbox 229 4846 322 4900; x_wconf 87' lang='lat' dir='ltr'><strong>pro</strong></span> <span class='ocrx_word' id='word_1_583' title='bbox 346 4833 526 4896; x_wconf 83' lang='lat' dir='ltr'><strong>tunica</strong></span> <span class='ocrx_word' id='word_1_584' title='bbox 551 4831 787 4898; x_wconf 79' lang='lat' dir='ltr'><strong>talariet</strong></span> <span class='ocrx_word' id='word_1_585' title='bbox 816 4831 1103 4904; x_wconf 90' lang='lat' dir='ltr'><strong>superiori,</strong></span> <span class='ocrx_word' id='word_1_586' title='bbox 1143 4831 1310 4888; x_wconf 86' lang='lat' dir='ltr'><strong>altera</strong></span> <span class='ocrx_word' id='word_1_587' title='bbox 1333 4846 1462 4888; x_wconf 90' lang='lat' dir='ltr'><strong>vero</strong></span> <span class='ocrx_word' id='word_1_588' title='bbox 1489 4832 1678 4887; x_wconf 88' lang='lat' dir='ltr'><strong>diebus</strong></span> 
     </span>
    </p>
   </div>
   <div class='ocr_carea' id='block_1_67' title="bbox 121 4921 1680 4996">
    <p class='ocr_par' dir='ltr' id='par_1_67' title="bbox 121 4921 1680 4996">
     <span class='ocr_line' id='line_1_67' title="bbox 121 4921 1680 4996; baseline 0.004 -23"><span class='ocrx_word' id='word_1_589' title='bbox 121 4921 433 4990; x_wconf 67' lang='lat' dir='ltr'><strong>solemnibus</strong></span> <span class='ocrx_word' id='word_1_590' title='bbox 461 4927 784 4992; x_wconf 77' lang='lat' dir='ltr'><strong>utebantur;</strong></span> <span class='ocrx_word' id='word_1_591' title='bbox 812 4925 1004 4996; x_wconf 86' lang='lat' dir='ltr'><strong>_sicque</strong></span> <span class='ocrx_word' id='word_1_592' title='bbox 1043 4933 1234 4986; x_wconf 87' lang='lat' dir='ltr'><strong>contra</strong></span> <span class='ocrx_word' id='word_1_593' title='bbox 1271 4924 1442 4996; x_wconf 78' lang='lat' dir='ltr'><strong>frigus</strong></span> <span class='ocrx_word' id='word_1_594' title='bbox 1474 4923 1532 4982; x_wconf 88' lang='lat' dir='ltr'><strong>in</strong></span> <span class='ocrx_word' id='word_1_595' title='bbox 1561 4923 1680 4984; x_wconf 86' lang='lat' dir='ltr'><strong>istis</strong></span> 
     </span>
    </p>
   </div>
   <div class='ocr_carea' id='block_1_68' title="bbox 121 5011 1680 5086">
    <p class='ocr_par' dir='ltr' id='par_1_68' title="bbox 121 5011 1680 5086">
     <span class='ocr_line' id='line_1_68' title="bbox 121 5011 1680 5086; baseline 0.004 -20"><span class='ocrx_word' id='word_1_596' title='bbox 121 5011 310 5086; x_wconf 74' lang='lat' dir='ltr'><strong>frigidis</strong></span> <span class='ocrx_word' id='word_1_597' title='bbox 343 5018 479 5072; x_wconf 86' lang='lat' dir='ltr'><strong>locis</strong></span> <span class='ocrx_word' id='word_1_598' title='bbox 507 5028 663 5073; x_wconf 89' lang='lat' dir='ltr'><strong>erant</strong></span> <span class='ocrx_word' id='word_1_599' title='bbox 698 5017 836 5073; x_wconf 89' lang='lat' dir='ltr'><strong>bene</strong></span> <span class='ocrx_word' id='word_1_600' title='bbox 873 5017 1087 5073; x_wconf 90' lang='lat' dir='ltr'><strong>muniti.</strong></span> <span class='ocrx_word' id='word_1_601' title='bbox 1137 5016 1288 5072; x_wconf 85' lang='lat' dir='ltr'><strong>Nune</strong></span> <span class='ocrx_word' id='word_1_602' title='bbox 1327 5032 1459 5072; x_wconf 78' lang='lat' dir='ltr'><strong>vero</strong></span> <span class='ocrx_word' id='word_1_603' title='bbox 1501 5025 1680 5072; x_wconf 90' lang='lat' dir='ltr'><strong>vestes</strong></span> 
     </span>
    </p>
   </div>
   <div class='ocr_carea' id='block_1_69' title="bbox 120 5082 1748 5195">
    <p class='ocr_par' dir='ltr' id='par_1_69' title="bbox 120 5082 1748 5195">
     <span class='ocr_line' id='line_1_69' title="bbox 120 5082 1748 5195; baseline 0.023 -39"><span class='ocrx_word' id='word_1_604' title='bbox 120 5082 299 5195; x_wconf 72' lang='lat' dir='ltr'><strong>nostrae</strong></span> <span class='ocrx_word' id='word_1_605' title='bbox 327 5109 396 5177; x_wconf 78' lang='lat' dir='ltr'><strong>ab</strong></span> <span class='ocrx_word' id='word_1_606' title='bbox 427 5107 549 5179; x_wconf 69' lang='lat' dir='ltr'><strong>illis.</strong></span> <span class='ocrx_word' id='word_1_607' title='bbox 577 5106 851 5179; x_wconf 77' lang='lat' dir='ltr'><strong>dill‘erunt,</strong></span> <span class='ocrx_word' id='word_1_608' title='bbox 890 5122 1015 5176; x_wconf 82' lang='lat' dir='ltr'><strong>nam</strong></span> <span class='ocrx_word' id='word_1_609' title='bbox 1051 5107 1272 5179; x_wconf 58' lang='lat' dir='ltr'><strong>Deme.“</strong></span> <span class='ocrx_word' id='word_1_610' title='bbox 1310 5108 1487 5168; x_wconf 64' lang='lat' dir='ltr'><strong>“mica</strong></span> <span class='ocrx_word' id='word_1_611' title='bbox 1517 5082 1748 5195; x_wconf 34' lang='lat' dir='ltr'><strong>“PFG</strong></span> 
     </span>
    </p>
   </div>
   <div class='ocr_carea' id='block_1_70' title="bbox 121 5183 1674 5262">
    <p class='ocr_par' dir='ltr' id='par_1_70' title="bbox 121 5183 1674 5262">
     <span class='ocr_line' id='line_1_70' title="bbox 121 5183 1674 5262; baseline 0.004 -16"><span class='ocrx_word' id='word_1_612' title='bbox 121 5191 236 5258; x_wconf 83' lang='lat' dir='ltr'><strong>riori</strong></span> <span class='ocrx_word' id='word_1_613' title='bbox 265 5195 445 5252; x_wconf 87' lang='lat' dir='ltr'><strong>hieme</strong></span> <span class='ocrx_word' id='word_1_614' title='bbox 469 5205 524 5252; x_wconf 88' lang='lat' dir='ltr'><strong>et</strong></span> <span class='ocrx_word' id='word_1_615' title='bbox 550 5205 707 5253; x_wconf 89' lang='lat' dir='ltr'><strong>nocte</strong></span> <span class='ocrx_word' id='word_1_616' title='bbox 736 5205 942 5252; x_wconf 89' lang='lat' dir='ltr'><strong>tantum</strong></span> <span class='ocrx_word' id='word_1_617' title='bbox 967 5197 1193 5262; x_wconf 89' lang='lat' dir='ltr'><strong>utimur,</strong></span> <span class='ocrx_word' id='word_1_618' title='bbox 1217 5205 1270 5251; x_wconf 85' lang='lat' dir='ltr'><strong>et</strong></span> <span class='ocrx_word' id='word_1_619' title='bbox 1309 5196 1542 5252; x_wconf 88' lang='lat' dir='ltr'><strong>interdiu</strong></span> <span class='ocrx_word' id='word_1_620' title='bbox 1571 5183 1674 5252; x_wconf 88' lang='lat' dir='ltr'><strong>alia</strong></span> 
     </span>
    </p>
   </div>
   <div class='ocr_carea' id='block_1_71' title="bbox 120 5284 1678 5359">
    <p class='ocr_par' dir='ltr' id='par_1_71' title="bbox 120 5284 1678 5359">
     <span class='ocr_line' id='line_1_71' title="bbox 120 5284 1678 5359; baseline 0.005 -23"><span class='ocrx_word' id='word_1_621' title='bbox 120 5296 179 5336; x_wconf 78' lang='lat' dir='ltr'><strong>ex</strong></span> <span class='ocrx_word' id='word_1_622' title='bbox 203 5299 386 5355; x_wconf 70' lang='lat' dir='ltr'><strong>gressa</strong></span> <span class='ocrx_word' id='word_1_623' title='bbox 411 5301 589 5359; x_wconf 70' lang='lat' dir='ltr'><strong>panno</strong></span> <span class='ocrx_word' id='word_1_624' title='bbox 626 5287 814 5358; x_wconf 67' lang='lat' dir='ltr'><strong>patriae</strong></span> <span class='ocrx_word' id='word_1_625' title='bbox 850 5287 1164 5357; x_wconf 75' lang='lat' dir='ltr'><strong>composita,</strong></span> <span class='ocrx_word' id='word_1_626' title='bbox 1204 5284 1306 5353; x_wconf 88' lang='lat' dir='ltr'><strong>Qui</strong></span> <span class='ocrx_word' id='word_1_627' title='bbox 1336 5295 1517 5354; x_wconf 83' lang='lat' dir='ltr'><strong>tamen</strong></span> <span class='ocrx_word' id='word_1_628' title='bbox 1549 5302 1678 5344; x_wconf 88' lang='lat' dir='ltr'><strong>usus</strong></span> 
     </span>
    </p>
   </div>
   <div class='ocr_carea' id='block_1_72' title="bbox 120 5373 1694 5451">
    <p class='ocr_par' dir='ltr' id='par_1_72' title="bbox 120 5373 1694 5451">
     <span class='ocr_line' id='line_1_72' title="bbox 120 5373 1694 5451; baseline 0.004 -22"><span class='ocrx_word' id='word_1_629' title='bbox 120 5373 445 5442; x_wconf 84' lang='lat' dir='ltr'><strong>pelliciarum</strong></span> <span class='ocrx_word' id='word_1_630' title='bbox 472 5378 639 5435; x_wconf 89' lang='lat' dir='ltr'><strong>etiam</strong></span> <span class='ocrx_word' id='word_1_631' title='bbox 686 5379 919 5434; x_wconf 83' lang='lat' dir='ltr'><strong>interdiu</strong></span> <span class='ocrx_word' id='word_1_632' title='bbox 963 5379 1373 5450; x_wconf 68' lang='lat' dir='ltr'><strong>gestandarum,</strong></span> <span class='ocrx_word' id='word_1_633' title='bbox 1419 5381 1560 5451; x_wconf 85' lang='lat' dir='ltr'><strong>haud</strong></span> <span class='ocrx_word' id='word_1_634' title='bbox 1607 5381 1694 5449; x_wconf 33' lang='lat' dir='ltr'><strong>ita,</strong></span> 
     </span>
    </p>
   </div>
   <div class='ocr_carea' id='block_1_73' title="bbox 119 5466 1682 5541">
    <p class='ocr_par' dir='ltr' id='par_1_73' title="bbox 119 5466 1682 5541">
     <span class='ocr_line' id='line_1_73' title="bbox 119 5466 1682 5541; baseline 0.005 -22"><span class='ocrx_word' id='word_1_635' title='bbox 119 5466 312 5534; x_wconf 87' lang='lat' dir='ltr'><strong>pridem</strong></span> <span class='ocrx_word' id='word_1_636' title='bbox 338 5470 515 5526; x_wconf 90' lang='lat' dir='ltr'><strong>adhuc</strong></span> <span class='ocrx_word' id='word_1_637' title='bbox 545 5469 758 5540; x_wconf 67' lang='lat' dir='ltr'><strong>vigebat</strong></span> <span class='ocrx_word' id='word_1_638' title='bbox 794 5471 847 5524; x_wconf 91' lang='lat' dir='ltr'><strong>in</strong></span> <span class='ocrx_word' id='word_1_639' title='bbox 875 5471 975 5525; x_wconf 91' lang='lat' dir='ltr'><strong>hac</strong></span> <span class='ocrx_word' id='word_1_640' title='bbox 999 5471 1179 5535; x_wconf 85' lang='lat' dir='ltr'><strong>domo,</strong></span> <span class='ocrx_word' id='word_1_641' title='bbox 1201 5479 1369 5541; x_wconf 83' lang='lat' dir='ltr'><strong>prout</strong></span> <span class='ocrx_word' id='word_1_642' title='bbox 1393 5486 1422 5524; x_wconf 92' lang='lat' dir='ltr'><strong>a</strong></span> <span class='ocrx_word' id='word_1_643' title='bbox 1456 5471 1682 5534; x_wconf 82' lang='lat' dir='ltr'><strong>testibus</strong></span> 
     </span>
    </p>
   </div>
   <div class='ocr_carea' id='block_1_74' title="bbox 119 5547 1677 5629">
    <p class='ocr_par' dir='ltr' id='par_1_74' title="bbox 119 5547 1677 5629">
     <span class='ocr_line' id='line_1_74' title="bbox 119 5547 1677 5629; baseline 0.004 -18"><span class='ocrx_word' id='word_1_644' title='bbox 119 5557 334 5614; x_wconf 84' lang='lat' dir='ltr'><strong>oculatis</strong></span> <span class='ocrx_word' id='word_1_645' title='bbox 375 5547 700 5626; x_wconf 83' lang='lat' dir='ltr'><strong>audivimus,</strong></span> <span class='ocrx_word' id='word_1_646' title='bbox 732 5569 789 5622; x_wconf 81' lang='lat' dir='ltr'><strong>et</strong></span> <span class='ocrx_word' id='word_1_647' title='bbox 827 5561 1004 5616; x_wconf 88' lang='lat' dir='ltr'><strong>adhuc</strong></span> <span class='ocrx_word' id='word_1_648' title='bbox 1038 5559 1264 5629; x_wconf 81' lang='lat' dir='ltr'><strong>legimus</strong></span> <span class='ocrx_word' id='word_1_649' title='bbox 1304 5562 1358 5617; x_wconf 92' lang='lat' dir='ltr'><strong>in</strong></span> <span class='ocrx_word' id='word_1_650' title='bbox 1403 5562 1559 5617; x_wconf 90' lang='lat' dir='ltr'><strong>libris</strong></span> <span class='ocrx_word' id='word_1_651' title='bbox 1591 5579 1677 5617; x_wconf 79' lang='lat' dir='ltr'><strong>ra-</strong></span> 
     </span>
    </p>
   </div>
   <div class='ocr_carea' id='block_1_75' title="bbox 122 5646 1680 5732">
    <p class='ocr_par' dir='ltr' id='par_1_75' title="bbox 122 5646 1680 5732">
     <span class='ocr_line' id='line_1_75' title="bbox 122 5646 1680 5732; baseline 0.006 -30"><span class='ocrx_word' id='word_1_652' title='bbox 122 5646 315 5710; x_wconf 89' lang='lat' dir='ltr'><strong>tionum</strong></span> <span class='ocrx_word' id='word_1_653' title='bbox 345 5650 540 5709; x_wconf 82' lang='lat' dir='ltr'><strong>domus</strong></span> <span class='ocrx_word' id='word_1_654' title='bbox 577 5651 925 5720; x_wconf 34' lang='lat' dir='ltr'><strong>tiarthusiaea</strong></span> <span class='ocrx_word' id='word_1_655' title='bbox 947 5652 1098 5720; x_wconf 89' lang='lat' dir='ltr'><strong>Quod</strong></span> <span class='ocrx_word' id='word_1_656' title='bbox 1135 5663 1322 5708; x_wconf 89' lang='lat' dir='ltr'><strong>tamen.</strong></span> <span class='ocrx_word' id='word_1_657' title='bbox 1348 5670 1445 5724; x_wconf 89' lang='lat' dir='ltr'><strong>pro</strong></span> <span class='ocrx_word' id='word_1_658' title='bbox 1471 5665 1680 5732; x_wconf 70' lang='lat' dir='ltr'><strong>tempo-</strong></span> 
     </span>
    </p>
   </div>
   <div class='ocr_carea' id='block_1_76' title="bbox 125 5741 1685 5810">
    <p class='ocr_par' dir='ltr' id='par_1_76' title="bbox 125 5741 1685 5810">
     <span class='ocr_line' id='line_1_76' title="bbox 125 5741 1685 5810; baseline 0.008 -17"><span class='ocrx_word' id='word_1_659' title='bbox 125 5753 232 5807; x_wconf 75' lang='lat' dir='ltr'><strong>rum</strong></span> <span class='ocrx_word' id='word_1_660' title='bbox 259 5741 470 5803; x_wconf 87' lang='lat' dir='ltr'><strong>ratione</strong></span> <span class='ocrx_word' id='word_1_661' title='bbox 511 5752 774 5807; x_wconf 80' lang='lat' dir='ltr'><strong>mutatum</strong></span> <span class='ocrx_word' id='word_1_662' title='bbox 813 5753 915 5810; x_wconf 83' lang='lat' dir='ltr'><strong>est,</strong></span> <span class='ocrx_word' id='word_1_663' title='bbox 962 5759 1082 5800; x_wconf 89' lang='lat' dir='ltr'><strong>cum</strong></span> <span class='ocrx_word' id='word_1_664' title='bbox 1121 5745 1365 5801; x_wconf 87' lang='lat' dir='ltr'><strong>homines</strong></span> <span class='ocrx_word' id='word_1_665' title='bbox 1401 5747 1685 5805; x_wconf 77' lang='lat' dir='ltr'><strong>delicatius</strong></span> 
     </span>
    </p>
   </div>
   <div class='ocr_carea' id='block_1_77' title="bbox 1774 3904 3357 3984">
    <p class='ocr_par' dir='ltr' id='par_1_77' title="bbox 1774 3904 3357 3984">
     <span class='ocr_line' id='line_1_77' title="bbox 1774 3904 3357 3984; baseline 0.005 -24"><span class='ocrx_word' id='word_1_666' title='bbox 1774 3905 1936 3976; x_wconf 90' lang='lat' dir='ltr'><strong>primi</strong></span> <span class='ocrx_word' id='word_1_667' title='bbox 1960 3904 2149 3963; x_wconf 86' lang='lat' dir='ltr'><strong>Patres</strong></span> <span class='ocrx_word' id='word_1_668' title='bbox 2174 3907 2373 3965; x_wconf 88' lang='lat' dir='ltr'><strong>vellent</strong></span> <span class='ocrx_word' id='word_1_669' title='bbox 2404 3921 2620 3979; x_wconf 85' lang='lat' dir='ltr'><strong>nostros</strong></span> <span class='ocrx_word' id='word_1_670' title='bbox 2649 3911 2793 3978; x_wconf 84' lang='lat' dir='ltr'><strong>circa</strong></span> <span class='ocrx_word' id='word_1_671' title='bbox 2821 3911 3082 3977; x_wconf 82' lang='lat' dir='ltr'><strong>librorum</strong></span> <span class='ocrx_word' id='word_1_672' title='bbox 3113 3915 3357 3984; x_wconf 86' lang='lat' dir='ltr'><strong>scriptio-</strong></span> 
     </span>
    </p>
   </div>
   <div class='ocr_carea' id='block_1_78' title="bbox 1775 3987 3352 4078">
    <p class='ocr_par' dir='ltr' id='par_1_78' title="bbox 1775 3987 3352 4078">
     <span class='ocr_line' id='line_1_78' title="bbox 1775 3987 3352 4078; baseline 0.004 -25"><span class='ocrx_word' id='word_1_673' title='bbox 1775 3987 1899 4054; x_wconf 86' lang='lat' dir='ltr'><strong>nem</strong></span> <span class='ocrx_word' id='word_1_674' title='bbox 1926 4001 2210 4072; x_wconf 88' lang='lat' dir='ltr'><strong>occupari;</strong></span> <span class='ocrx_word' id='word_1_675' title='bbox 2250 4016 2372 4078; x_wconf 78' lang='lat' dir='ltr'><strong>quze</strong></span> <span class='ocrx_word' id='word_1_676' title='bbox 2405 4001 2525 4057; x_wconf 91' lang='lat' dir='ltr'><strong>ideo</strong></span> <span class='ocrx_word' id='word_1_677' title='bbox 2564 4002 2778 4058; x_wconf 90' lang='lat' dir='ltr'><strong>illorum</strong></span> <span class='ocrx_word' id='word_1_678' title='bbox 2810 4013 2939 4060; x_wconf 91' lang='lat' dir='ltr'><strong>tunc</strong></span> <span class='ocrx_word' id='word_1_679' title='bbox 2970 4013 3090 4060; x_wconf 90' lang='lat' dir='ltr'><strong>erat</strong></span> <span class='ocrx_word' id='word_1_680' title='bbox 3119 4020 3352 4066; x_wconf 73' lang='grc' dir='ltr'><strong>ουιηιυιιτ</strong></span> 
     </span>
    </p>
   </div>
   <div class='ocr_carea' id='block_1_79' title="bbox 1775 4089 3358 4168">
    <p class='ocr_par' dir='ltr' id='par_1_79' title="bbox 1775 4089 3358 4168">
     <span class='ocr_line' id='line_1_79' title="bbox 1775 4089 3358 4168; baseline 0.005 -23"><span class='ocrx_word' id='word_1_681' title='bbox 1775 4089 1897 4152; x_wconf 81' lang='lat' dir='ltr'><strong>nior</strong></span> <span class='ocrx_word' id='word_1_682' title='bbox 1921 4090 2225 4162; x_wconf 90' lang='lat' dir='ltr'><strong>occupatio,</strong></span> <span class='ocrx_word' id='word_1_683' title='bbox 2255 4100 2394 4148; x_wconf 80' lang='lat' dir='ltr'><strong>utex</strong></span> <span class='ocrx_word' id='word_1_684' title='bbox 2418 4093 2519 4150; x_wconf 91' lang='lat' dir='ltr'><strong>hoe</strong></span> <span class='ocrx_word' id='word_1_685' title='bbox 2546 4096 2783 4166; x_wconf 91' lang='lat' dir='ltr'><strong>capitulo</strong></span> <span class='ocrx_word' id='word_1_686' title='bbox 2805 4096 3088 4153; x_wconf 87' lang='lat' dir='ltr'><strong>evidenter</strong></span> <span class='ocrx_word' id='word_1_687' title='bbox 3113 4108 3358 4168; x_wconf 89' lang='lat' dir='ltr'><strong>apparet.</strong></span> 
     </span>
    </p>
   </div>
   <div class='ocr_carea' id='block_1_80' title="bbox 1846 4179 3356 4259">
    <p class='ocr_par' dir='ltr' id='par_1_80' title="bbox 1846 4179 3356 4259">
     <span class='ocr_line' id='line_1_80' title="bbox 1846 4179 3356 4259; baseline 0.006 -22"><span class='ocrx_word' id='word_1_688' title='bbox 1846 4179 1978 4239; x_wconf 77' lang='lat' dir='ltr'><strong>Ibid.</strong></span> <span class='ocrx_word' id='word_1_689' title='bbox 2023 4183 2119 4249; x_wconf 86' lang='lat' dir='ltr'><strong>Ut,</strong></span> <span class='ocrx_word' id='word_1_690' title='bbox 2147 4187 2270 4256; x_wconf 85' lang='lat' dir='ltr'><strong>quia</strong></span> <span class='ocrx_word' id='word_1_691' title='bbox 2307 4203 2396 4241; x_wconf 82' lang='lat' dir='ltr'><strong>ore</strong></span> <span class='ocrx_word' id='word_1_692' title='bbox 2436 4205 2538 4242; x_wconf 83' lang='lat' dir='ltr'><strong>non</strong></span> <span class='ocrx_word' id='word_1_693' title='bbox 2571 4207 2866 4259; x_wconf 69' lang='lat' dir='ltr'><strong>possumus,</strong></span> <span class='ocrx_word' id='word_1_694' title='bbox 2895 4190 2990 4246; x_wconf 85' lang='lat' dir='ltr'><strong>Dei</strong></span> <span class='ocrx_word' id='word_1_695' title='bbox 3013 4192 3222 4245; x_wconf 77' lang='lat' dir='ltr'><strong>verbum</strong></span> <span class='ocrx_word' id='word_1_696' title='bbox 3249 4210 3356 4246; x_wconf 80' lang='lat' dir='ltr'><strong>nta-</strong></span> 
     </span>
    </p>
   </div>
   <div class='ocr_carea' id='block_1_81' title="bbox 1777 4275 3358 4350">
    <p class='ocr_par' dir='ltr' id='par_1_81' title="bbox 1777 4275 3358 4350">
     <span class='ocr_line' id='line_1_81' title="bbox 1777 4275 3358 4350; baseline 0.006 -21"><span class='ocrx_word' id='word_1_697' title='bbox 1777 4275 1930 4329; x_wconf 80' lang='lat' dir='ltr'><strong>nibus</strong></span> <span class='ocrx_word' id='word_1_698' title='bbox 1977 4279 2340 4345; x_wconf 69' lang='lat' dir='ltr'><strong>prazdicemus.</strong></span> <span class='ocrx_word' id='word_1_699' title='bbox 2391 4279 2528 4346; x_wconf 85' lang='lat' dir='ltr'><strong>Quot</strong></span> <span class='ocrx_word' id='word_1_700' title='bbox 2567 4284 2702 4336; x_wconf 84' lang='lat' dir='ltr'><strong>enim</strong></span> <span class='ocrx_word' id='word_1_701' title='bbox 2744 4283 2923 4350; x_wconf 83' lang='lat' dir='ltr'><strong>libros,</strong></span> <span class='ocrx_word' id='word_1_702' title='bbox 2968 4294 3076 4350; x_wconf 80' lang='lat' dir='ltr'><strong>etc.</strong></span> <span class='ocrx_word' id='word_1_703' title='bbox 3128 4282 3358 4338; x_wconf 63' lang='lat' dir='ltr'><strong>Publica&#39;</strong></span> 
     </span>
    </p>
   </div>
   <div class='ocr_carea' id='block_1_82' title="bbox 1777 4367 3360 4441">
    <p class='ocr_par' dir='ltr' id='par_1_82' title="bbox 1777 4367 3360 4441">
     <span class='ocr_line' id='line_1_82' title="bbox 1777 4367 3360 4441; baseline 0.006 -20"><span class='ocrx_word' id='word_1_704' title='bbox 1777 4379 1906 4434; x_wconf 79' lang='lat' dir='ltr'><strong>ergo</strong></span> <span class='ocrx_word' id='word_1_705' title='bbox 1931 4367 2150 4423; x_wconf 90' lang='lat' dir='ltr'><strong>utilitati</strong></span> <span class='ocrx_word' id='word_1_706' title='bbox 2196 4371 2359 4425; x_wconf 88' lang='lat' dir='ltr'><strong>etiam</strong></span> <span class='ocrx_word' id='word_1_707' title='bbox 2395 4372 2658 4441; x_wconf 85' lang='lat' dir='ltr'><strong>vacabant</strong></span> <span class='ocrx_word' id='word_1_708' title='bbox 2682 4372 2872 4436; x_wconf 79' lang='lat' dir='ltr'><strong>Patres</strong></span> <span class='ocrx_word' id='word_1_709' title='bbox 2904 4372 3094 4440; x_wconf 83' lang='lat' dir='ltr'><strong>nostri,</strong></span> <span class='ocrx_word' id='word_1_710' title='bbox 3127 4374 3360 4441; x_wconf 67' lang='lat' dir='ltr'><strong>maxime</strong></span> 
     </span>
    </p>
   </div>
   <div class='ocr_carea' id='block_1_83' title="bbox 1778 4466 3359 4542">
    <p class='ocr_par' dir='ltr' id='par_1_83' title="bbox 1778 4466 3359 4542">
     <span class='ocr_line' id='line_1_83' title="bbox 1778 4466 3359 4542; baseline 0.001 -27"><span class='ocrx_word' id='word_1_711' title='bbox 1778 4475 1901 4526; x_wconf 86' lang='lat' dir='ltr'><strong>cum</strong></span> <span class='ocrx_word' id='word_1_712' title='bbox 1926 4467 2053 4516; x_wconf 89' lang='lat' dir='ltr'><strong>tunc</strong></span> <span class='ocrx_word' id='word_1_713' title='bbox 2086 4466 2345 4542; x_wconf 78' lang='lat' dir='ltr'><strong>temporis</strong></span> <span class='ocrx_word' id='word_1_714' title='bbox 2382 4466 2868 4535; x_wconf 82' lang='lat' dir='ltr'><strong>nonduminventa</strong></span> <span class='ocrx_word' id='word_1_715' title='bbox 2894 4474 3038 4536; x_wconf 83' lang='lat' dir='ltr'><strong>esset</strong></span> <span class='ocrx_word' id='word_1_716' title='bbox 3077 4481 3166 4521; x_wconf 89' lang='lat' dir='ltr'><strong>ars</strong></span> <span class='ocrx_word' id='word_1_717' title='bbox 3210 4475 3359 4536; x_wconf 80' lang='lat' dir='ltr'><strong>typu-</strong></span> 
     </span>
    </p>
   </div>
   <div class='ocr_carea' id='block_1_84' title="bbox 1779 4552 3358 4626">
    <p class='ocr_par' dir='ltr' id='par_1_84' title="bbox 1779 4552 3358 4626">
     <span class='ocr_line' id='line_1_84' title="bbox 1779 4552 3358 4626; baseline 0.005 -22"><span class='ocrx_word' id='word_1_718' title='bbox 1779 4552 2054 4622; x_wconf 89' lang='lat' dir='ltr'><strong>graphica,</strong></span> <span class='ocrx_word' id='word_1_719' title='bbox 2081 4563 2134 4610; x_wconf 90' lang='lat' dir='ltr'><strong>et</strong></span> <span class='ocrx_word' id='word_1_720' title='bbox 2165 4555 2307 4614; x_wconf 90' lang='lat' dir='ltr'><strong>nulla</strong></span> <span class='ocrx_word' id='word_1_721' title='bbox 2335 4565 2545 4626; x_wconf 87' lang='lat' dir='ltr'><strong>pateret</strong></span> <span class='ocrx_word' id='word_1_722' title='bbox 2574 4557 2795 4614; x_wconf 90' lang='lat' dir='ltr'><strong>lectioni</strong></span> <span class='ocrx_word' id='word_1_723' title='bbox 2821 4565 2877 4612; x_wconf 92' lang='lat' dir='ltr'><strong>et</strong></span> <span class='ocrx_word' id='word_1_724' title='bbox 2899 4557 3092 4612; x_wconf 87' lang='lat' dir='ltr'><strong>studiis</strong></span> <span class='ocrx_word' id='word_1_725' title='bbox 3116 4556 3220 4622; x_wconf 89' lang='lat' dir='ltr'><strong>via,</strong></span> <span class='ocrx_word' id='word_1_726' title='bbox 3253 4558 3358 4612; x_wconf 90' lang='lat' dir='ltr'><strong>nisi</strong></span> 
     </span>
    </p>
   </div>
   <div class='ocr_carea' id='block_1_85' title="bbox 1781 4645 3374 4719">
    <p class='ocr_par' dir='ltr' id='par_1_85' title="bbox 1781 4645 3374 4719">
     <span class='ocr_line' id='line_1_85' title="bbox 1781 4645 3374 4719; baseline 0.007 -24"><span class='ocrx_word' id='word_1_727' title='bbox 1781 4645 2136 4714; x_wconf 88' lang='lat' dir='ltr'><strong>manuscripti</strong></span> <span class='ocrx_word' id='word_1_728' title='bbox 2166 4647 2382 4704; x_wconf 90' lang='lat' dir='ltr'><strong>codices</strong></span> <span class='ocrx_word' id='word_1_729' title='bbox 2413 4649 2764 4704; x_wconf 90' lang='lat' dir='ltr'><strong>haberentur.</strong></span> <span class='ocrx_word' id='word_1_730' title='bbox 2801 4648 2857 4704; x_wconf 90' lang='lat' dir='ltr'><strong>Si</strong></span> <span class='ocrx_word' id='word_1_731' title='bbox 2891 4649 2970 4706; x_wconf 85' lang='lat' dir='ltr'><strong>sic</strong></span> <span class='ocrx_word' id='word_1_732' title='bbox 3006 4649 3374 4719; x_wconf 30' lang='lat' dir='ltr'><strong>opinarentur.</strong></span> 
     </span>
    </p>
   </div>
   <div class='ocr_carea' id='block_1_86' title="bbox 1779 4733 3362 4813">
    <p class='ocr_par' dir='ltr' id='par_1_86' title="bbox 1779 4733 3362 4813">
     <span class='ocr_line' id='line_1_86' title="bbox 1779 4733 3362 4813; baseline 0.006 -26"><span class='ocrx_word' id='word_1_733' title='bbox 1779 4733 1987 4802; x_wconf 86' lang='lat' dir='ltr'><strong>antiqui</strong></span> <span class='ocrx_word' id='word_1_734' title='bbox 2015 4735 2204 4791; x_wconf 88' lang='lat' dir='ltr'><strong>Patres</strong></span> <span class='ocrx_word' id='word_1_735' title='bbox 2226 4746 2280 4791; x_wconf 91' lang='lat' dir='ltr'><strong>et</strong></span> <span class='ocrx_word' id='word_1_736' title='bbox 2316 4738 2516 4792; x_wconf 83' lang='lat' dir='ltr'><strong>vellent</strong></span> <span class='ocrx_word' id='word_1_737' title='bbox 2555 4754 2654 4805; x_wconf 90' lang='lat' dir='ltr'><strong>nos</strong></span> <span class='ocrx_word' id='word_1_738' title='bbox 2696 4740 3072 4806; x_wconf 81' lang='lat' dir='ltr'><strong>nostromodo</strong></span> <span class='ocrx_word' id='word_1_739' title='bbox 3099 4741 3362 4813; x_wconf 66' lang='lat' dir='ltr'><strong>praedica-</strong></span> 
     </span>
    </p>
   </div>
   <div class='ocr_carea' id='block_1_87' title="bbox 1783 4826 3360 4904">
    <p class='ocr_par' dir='ltr' id='par_1_87' title="bbox 1783 4826 3360 4904">
     <span class='ocr_line' id='line_1_87' title="bbox 1783 4826 3360 4904; baseline 0.007 -24"><span class='ocrx_word' id='word_1_740' title='bbox 1783 4826 1916 4881; x_wconf 88' lang='lat' dir='ltr'><strong>tioni</strong></span> <span class='ocrx_word' id='word_1_741' title='bbox 1947 4842 2163 4896; x_wconf 82' lang='lat' dir='ltr'><strong>vacare,</strong></span> <span class='ocrx_word' id='word_1_742' title='bbox 2211 4831 2834 4901; x_wconf 71' lang='lat' dir='ltr'><strong>transcribendolibros</strong></span> <span class='ocrx_word' id='word_1_743' title='bbox 2872 4834 2940 4889; x_wconf 89' lang='lat' dir='ltr'><strong>ab</strong></span> <span class='ocrx_word' id='word_1_744' title='bbox 2987 4831 3106 4889; x_wconf 91' lang='lat' dir='ltr'><strong>aliis</strong></span> <span class='ocrx_word' id='word_1_745' title='bbox 3133 4847 3360 4904; x_wconf 84' lang='lat' dir='ltr'><strong>compo-</strong></span> 
     </span>
    </p>
   </div>
   <div class='ocr_carea' id='block_1_88' title="bbox 1780 4916 3363 4996">
    <p class='ocr_par' dir='ltr' id='par_1_88' title="bbox 1780 4916 3363 4996">
     <span class='ocr_line' id='line_1_88' title="bbox 1780 4916 3363 4996; baseline 0.003 -22"><span class='ocrx_word' id='word_1_746' title='bbox 1780 4916 1935 4987; x_wconf 82' lang='lat' dir='ltr'><strong>sitos,</strong></span> <span class='ocrx_word' id='word_1_747' title='bbox 1964 4933 2068 4976; x_wconf 91' lang='lat' dir='ltr'><strong>non</strong></span> <span class='ocrx_word' id='word_1_748' title='bbox 2094 4921 2420 4982; x_wconf 84' lang='lat' dir='ltr'><strong>recusabant</strong></span> <span class='ocrx_word' id='word_1_749' title='bbox 2445 4936 2541 4979; x_wconf 91' lang='lat' dir='ltr'><strong>eos</strong></span> <span class='ocrx_word' id='word_1_750' title='bbox 2567 4924 2660 4994; x_wconf 90' lang='lat' dir='ltr'><strong>qui</strong></span> <span class='ocrx_word' id='word_1_751' title='bbox 2689 4940 2718 4977; x_wconf 89' lang='lat' dir='ltr'><strong>a</strong></span> <span class='ocrx_word' id='word_1_752' title='bbox 2745 4923 2945 4987; x_wconf 85' lang='lat' dir='ltr'><strong>nostris</strong></span> <span class='ocrx_word' id='word_1_753' title='bbox 2968 4937 3363 4996; x_wconf 79' lang='lat' dir='ltr'><strong>componeren-</strong></span> 
     </span>
    </p>
   </div>
   <div class='ocr_carea' id='block_1_89' title="bbox 1782 5001 3357 5086">
    <p class='ocr_par' dir='ltr' id='par_1_89' title="bbox 1782 5001 3357 5086">
     <span class='ocr_line' id='line_1_89' title="bbox 1782 5001 3357 5086; baseline 0.006 -22"><span class='ocrx_word' id='word_1_754' title='bbox 1782 5017 1888 5078; x_wconf 90' lang='lat' dir='ltr'><strong>tur,</strong></span> <span class='ocrx_word' id='word_1_755' title='bbox 1921 5011 2083 5076; x_wconf 86' lang='lat' dir='ltr'><strong>etiam</strong></span> <span class='ocrx_word' id='word_1_756' title='bbox 2117 5027 2274 5081; x_wconf 87' lang='lat' dir='ltr'><strong>posse</strong></span> <span class='ocrx_word' id='word_1_757' title='bbox 2308 5014 2616 5076; x_wconf 84' lang='lat' dir='ltr'><strong>transcribi.</strong></span> <span class='ocrx_word' id='word_1_758' title='bbox 2646 5014 2798 5070; x_wconf 89' lang='lat' dir='ltr'><strong>Unde</strong></span> <span class='ocrx_word' id='word_1_759' title='bbox 2821 5015 3010 5084; x_wconf 78' lang='lat' dir='ltr'><strong>durius</strong></span> <span class='ocrx_word' id='word_1_760' title='bbox 3031 5001 3193 5086; x_wconf 84' lang='lat' dir='ltr'><strong>quam</strong></span> <span class='ocrx_word' id='word_1_761' title='bbox 3224 5032 3357 5073; x_wconf 58' lang='lat' dir='ltr'><strong>conv</strong></span> 
     </span>
    </p>
   </div>
   <div class='ocr_carea' id='block_1_90' title="bbox 1779 5103 3388 5179">
    <p class='ocr_par' dir='ltr' id='par_1_90' title="bbox 1779 5103 3388 5179">
     <span class='ocr_line' id='line_1_90' title="bbox 1779 5103 3388 5179; baseline 0.005 -24"><span class='ocrx_word' id='word_1_762' title='bbox 1779 5103 1928 5162; x_wconf 87' lang='lat' dir='ltr'><strong>venit</strong></span> <span class='ocrx_word' id='word_1_763' title='bbox 1963 5117 2057 5159; x_wconf 91' lang='lat' dir='ltr'><strong>eos</strong></span> <span class='ocrx_word' id='word_1_764' title='bbox 2095 5103 2240 5174; x_wconf 89' lang='lat' dir='ltr'><strong>loqui</strong></span> <span class='ocrx_word' id='word_1_765' title='bbox 2277 5106 2602 5163; x_wconf 88' lang='lat' dir='ltr'><strong>censendum</strong></span> <span class='ocrx_word' id='word_1_766' title='bbox 2637 5116 2742 5170; x_wconf 88' lang='lat' dir='ltr'><strong>est,</strong></span> <span class='ocrx_word' id='word_1_767' title='bbox 2781 5107 2871 5179; x_wconf 80' lang='lat' dir='ltr'><strong>qui</strong></span> <span class='ocrx_word' id='word_1_768' title='bbox 2909 5123 2939 5162; x_wconf 91' lang='lat' dir='ltr'><strong>a</strong></span> <span class='ocrx_word' id='word_1_769' title='bbox 2974 5108 3388 5178; x_wconf 82' lang='lat' dir='ltr'><strong>componendis,</strong></span> 
     </span>
    </p>
   </div>
   <div class='ocr_carea' id='block_1_91' title="bbox 1782 5189 3355 5269">
    <p class='ocr_par' dir='ltr' id='par_1_91' title="bbox 1782 5189 3355 5269">
     <span class='ocr_line' id='line_1_91' title="bbox 1782 5189 3355 5269; baseline 0.005 -25"><span class='ocrx_word' id='word_1_770' title='bbox 1782 5189 1933 5252; x_wconf 89' lang='lat' dir='ltr'><strong>libris</strong></span> <span class='ocrx_word' id='word_1_771' title='bbox 1961 5193 2164 5254; x_wconf 32' lang='lat' dir='ltr'><strong>vellent.</strong></span> <span class='ocrx_word' id='word_1_772' title='bbox 2193 5203 2404 5250; x_wconf 92' lang='lat' dir='ltr'><strong>nostros</strong></span> <span class='ocrx_word' id='word_1_773' title='bbox 2448 5197 2669 5252; x_wconf 89' lang='lat' dir='ltr'><strong>omnino</strong></span> <span class='ocrx_word' id='word_1_774' title='bbox 2701 5197 2978 5267; x_wconf 82' lang='lat' dir='ltr'><strong>repellere,</strong></span> <span class='ocrx_word' id='word_1_775' title='bbox 3001 5206 3056 5254; x_wconf 91' lang='lat' dir='ltr'><strong>et</strong></span> <span class='ocrx_word' id='word_1_776' title='bbox 3087 5200 3186 5254; x_wconf 92' lang='lat' dir='ltr'><strong>sub</strong></span> <span class='ocrx_word' id='word_1_777' title='bbox 3216 5215 3355 5269; x_wconf 74' lang='lat' dir='ltr'><strong>prm-</strong></span> 
     </span>
    </p>
   </div>
   <div class='ocr_carea' id='block_1_92' title="bbox 1785 5283 3378 5360">
    <p class='ocr_par' dir='ltr' id='par_1_92' title="bbox 1785 5283 3378 5360">
     <span class='ocr_line' id='line_1_92' title="bbox 1785 5283 3378 5360; baseline 0.005 -24"><span class='ocrx_word' id='word_1_778' title='bbox 1785 5291 1934 5339; x_wconf 79' lang='lat' dir='ltr'><strong>textu</strong></span> <span class='ocrx_word' id='word_1_779' title='bbox 1964 5283 2090 5338; x_wconf 73' lang='lat' dir='ltr'><strong>vita:</strong></span> <span class='ocrx_word' id='word_1_780' title='bbox 2115 5286 2344 5342; x_wconf 63' lang='lat' dir='ltr'><strong>occulta:</strong></span> <span class='ocrx_word' id='word_1_781' title='bbox 2369 5294 2420 5341; x_wconf 90' lang='lat' dir='ltr'><strong>et</strong></span> <span class='ocrx_word' id='word_1_782' title='bbox 2447 5287 2729 5352; x_wconf 53' lang='lat' dir='ltr'><strong>solitaria,</strong></span> <span class='ocrx_word' id='word_1_783' title='bbox 2755 5287 2878 5345; x_wconf 80' lang='lat' dir='ltr'><strong>illos.</strong></span> <span class='ocrx_word' id='word_1_784' title='bbox 2895 5291 3378 5360; x_wconf 45' lang='lat' dir='ltr'><strong>tantumDeopre-</strong></span> 
     </span>
    </p>
   </div>
   <div class='ocr_carea' id='block_1_93' title="bbox 1786 5376 3364 5448">
    <p class='ocr_par' dir='ltr' id='par_1_93' title="bbox 1786 5376 3364 5448">
     <span class='ocr_line' id='line_1_93' title="bbox 1786 5376 3364 5448; baseline 0.001 -16"><span class='ocrx_word' id='word_1_785' title='bbox 1786 5376 2116 5442; x_wconf 83' lang='lat' dir='ltr'><strong>hominibus,</strong></span> <span class='ocrx_word' id='word_1_786' title='bbox 2142 5394 2262 5448; x_wconf 79' lang='lat' dir='ltr'><strong>non</strong></span> <span class='ocrx_word' id='word_1_787' title='bbox 2294 5395 2423 5444; x_wconf 79' lang='lat' dir='ltr'><strong>vero</strong></span> <span class='ocrx_word' id='word_1_788' title='bbox 2455 5379 2520 5434; x_wconf 90' lang='lat' dir='ltr'><strong>de</strong></span> <span class='ocrx_word' id='word_1_789' title='bbox 2561 5381 3032 5448; x_wconf 86' lang='lat' dir='ltr'><strong>Dcohominibus,</strong></span> <span class='ocrx_word' id='word_1_790' title='bbox 3069 5397 3168 5436; x_wconf 87' lang='lat' dir='ltr'><strong>nec</strong></span> <span class='ocrx_word' id='word_1_791' title='bbox 3192 5381 3364 5434; x_wconf 81' lang='lat' dir='ltr'><strong>etiam</strong></span> 
     </span>
    </p>
   </div>
   <div class='ocr_carea' id='block_1_94' title="bbox 1785 5466 3360 5544">
    <p class='ocr_par' dir='ltr' id='par_1_94' title="bbox 1785 5466 3360 5544">
     <span class='ocr_line' id='line_1_94' title="bbox 1785 5466 3360 5544; baseline -0.001 -21"><span class='ocrx_word' id='word_1_792' title='bbox 1785 5482 1884 5544; x_wconf 78' lang='lat' dir='ltr'><strong>per</strong></span> <span class='ocrx_word' id='word_1_793' title='bbox 1925 5466 2214 5533; x_wconf 82' lang='lat' dir='ltr'><strong>calamum,</strong></span> <span class='ocrx_word' id='word_1_794' title='bbox 2261 5467 2403 5538; x_wconf 93' lang='lat' dir='ltr'><strong>loqui</strong></span> <span class='ocrx_word' id='word_1_795' title='bbox 2445 5469 2643 5525; x_wconf 82' lang='lat' dir='ltr'><strong>debere</strong></span> <span class='ocrx_word' id='word_1_796' title='bbox 2685 5473 3096 5526; x_wconf 76' lang='lat' dir='ltr'><strong>existimarent..</strong></span> <span class='ocrx_word' id='word_1_797' title='bbox 3126 5469 3226 5536; x_wconf 84' lang='lat' dir='ltr'><strong>Qui</strong></span> <span class='ocrx_word' id='word_1_798' title='bbox 3278 5468 3360 5523; x_wconf 81' lang='lat' dir='ltr'><strong>sic</strong></span> 
     </span>
    </p>
   </div>
   <div class='ocr_carea' id='block_1_95' title="bbox 1787 5559 3358 5631">
    <p class='ocr_par' dir='ltr' id='par_1_95' title="bbox 1787 5559 3358 5631">
     <span class='ocr_line' id='line_1_95' title="bbox 1787 5559 3358 5631; baseline -0.004 -16"><span class='ocrx_word' id='word_1_799' title='bbox 1787 5560 2140 5631; x_wconf 89' lang='lat' dir='ltr'><strong>opinarentur</strong></span> <span class='ocrx_word' id='word_1_800' title='bbox 2182 5560 2209 5611; x_wconf 70' lang='grc' dir='ltr'><strong>ὲ</strong></span> <span class='ocrx_word' id='word_1_801' title='bbox 2243 5574 2400 5614; x_wconf 89' lang='lat' dir='ltr'><strong>sensu</strong></span> <span class='ocrx_word' id='word_1_802' title='bbox 2435 5559 2500 5614; x_wconf 83' lang='lat' dir='ltr'><strong>R.</strong></span> <span class='ocrx_word' id='word_1_803' title='bbox 2543 5559 2719 5614; x_wconf 89' lang='lat' dir='ltr'><strong>Patris</strong></span> <span class='ocrx_word' id='word_1_804' title='bbox 2747 5559 3004 5628; x_wconf 83' lang='lat' dir='ltr'><strong>Guigonis</strong></span> <span class='ocrx_word' id='word_1_805' title='bbox 3047 5573 3143 5628; x_wconf 91' lang='lat' dir='ltr'><strong>per</strong></span> <span class='ocrx_word' id='word_1_806' title='bbox 3167 5570 3358 5610; x_wconf 81' lang='lat' dir='ltr'><strong>exces-</strong></span> 
     </span>
    </p>
   </div>
   <div class='ocr_carea' id='block_1_96' title="bbox 1787 5646 3387 5716">
    <p class='ocr_par' dir='ltr' id='par_1_96' title="bbox 1787 5646 3387 5716">
     <span class='ocr_line' id='line_1_96' title="bbox 1787 5646 3387 5716; baseline -0.003 -9"><span class='ocrx_word' id='word_1_807' title='bbox 1787 5666 1906 5708; x_wconf 90' lang='lat' dir='ltr'><strong>sum</strong></span> <span class='ocrx_word' id='word_1_808' title='bbox 1936 5649 2273 5714; x_wconf 87' lang='lat' dir='ltr'><strong>aberrarent,</strong></span> <span class='ocrx_word' id='word_1_809' title='bbox 2303 5662 2355 5706; x_wconf 88' lang='lat' dir='ltr'><strong>et</strong></span> <span class='ocrx_word' id='word_1_810' title='bbox 2377 5652 2536 5707; x_wconf 91' lang='lat' dir='ltr'><strong>tacite</strong></span> <span class='ocrx_word' id='word_1_811' title='bbox 2555 5651 2980 5708; x_wconf 87' lang='lat' dir='ltr'><strong>condemnarent</strong></span> <span class='ocrx_word' id='word_1_812' title='bbox 3005 5656 3080 5702; x_wconf 92' lang='lat' dir='ltr'><strong>tot</strong></span> <span class='ocrx_word' id='word_1_813' title='bbox 3107 5646 3387 5716; x_wconf 62' lang='lat' dir='ltr'><strong>egregios,</strong></span> 
     </span>
    </p>
   </div>
   <div class='ocr_carea' id='block_1_97' title="bbox 1789 5733 3385 5815">
    <p class='ocr_par' dir='ltr' id='par_1_97' title="bbox 1789 5733 3385 5815">
     <span class='ocr_line' id='line_1_97' title="bbox 1789 5733 3385 5815; baseline -0.007 -13"><span class='ocrx_word' id='word_1_814' title='bbox 1789 5752 1844 5802; x_wconf 88' lang='lat' dir='ltr'><strong>et</strong></span> <span class='ocrx_word' id='word_1_815' title='bbox 1872 5743 1989 5814; x_wconf 90' lang='lat' dir='ltr'><strong>pios</strong></span> <span class='ocrx_word' id='word_1_816' title='bbox 2011 5741 2325 5811; x_wconf 83' lang='lat' dir='ltr'><strong>scriptores,</strong></span> <span class='ocrx_word' id='word_1_817' title='bbox 2357 5744 2446 5815; x_wconf 88' lang='lat' dir='ltr'><strong>qui</strong></span> <span class='ocrx_word' id='word_1_818' title='bbox 2473 5745 2525 5801; x_wconf 90' lang='lat' dir='ltr'><strong>in</strong></span> <span class='ocrx_word' id='word_1_819' title='bbox 2549 5743 2736 5806; x_wconf 83' lang='lat' dir='ltr'><strong>ordine</strong></span> <span class='ocrx_word' id='word_1_820' title='bbox 2763 5748 3133 5803; x_wconf 79' lang='lat' dir='ltr'><strong>numerantur.</strong></span> <span class='ocrx_word' id='word_1_821' title='bbox 3174 5737 3252 5798; x_wconf 51' lang='lat' dir='ltr'><strong>At.</strong></span> <span class='ocrx_word' id='word_1_822' title='bbox 3273 5733 3385 5810; x_wconf 37' lang='lat' dir='ltr'><strong>fas,</strong></span> 
     </span>
    </p>
   </div>
  </div>
