3894 6298
495 315 600 372 695
1361 314 1455 372 GU
1462 313 1686 372 IGONIS
1725 312 1744 366 Ι
1781 309 2094 368 CARTHUE

2200 309 2206 364 ἱ
2241 306 2538 368 MAJOBIS
2567 307 2844 370 PRIORIS
2885 311 2928 368 V
3633 318 3712 380 990

557 430 614 484 4.
653 429 798 498 Quot
821 430 962 486 enim
994 429 1161 484 libros
1186 429 1494 492 scribimus,
1539 436 1616 483 tot
1643 427 1798 484 nobis
1827 425 2076 482 veritatis
2105 439 2392 497 praecones
2417 423 2600 484 facere
2636 427 2904 494 videnmr,
2946 437 3232 498 sperantes
3253 445 3282 484 a
3309 430 3524 487 Domino
3547 450 3712 496 merce.

491 524 612 578 dem
641 538 742 593 pro
767 523 1019 578 omnibus
1043 563 1058 588 ,
1101 521 1190 592 qui
1223 534 1318 590 per
1363 535 1460 575 eos
1483 561 1498 586 ,
1549 519 1632 574 vel
1659 519 1734 574 ab
1759 534 1952 576 errore
1977 522 2209 577 correcti
2245 523 2490 589 fuerint,
2525 522 2622 578 vel
2647 523 2700 578 in
2725 523 2991 580 catholica
3025 527 3256 582 veritate
3295 529 3618 598 profecerim.
3643 549 3714 604 pro

489 615 700 670 cunctis
727 615 892 670 etiam
923 613 1014 683 qui
1035 611 1124 668 vel
1155 614 1222 668 de
1246 611 1358 665 suis
1385 611 1622 682 peccatis
1647 619 1704 666 et
1743 611 1888 668 vitiis
1915 613 2248 684 compuncti.
2265 613 2347 668 vel
2377 614 2444 668 ad
2477 613 2806 670 desiderium
2835 607 3034 672 fuerint
3061 619 3250 690 patria.
3275 623 3507 676 caelestis
3525 629 3713 681 accensi.

481 765 488 773 _
555 705 610 760 5.
659 705 724 760 Et
763 706 886 775 quia
927 708 1068 760 sicut
1096 713 1318 760 caeteras
1357 703 1714 760 necessitates
1741 717 1864 774 quae
1897 705 1966 760 ad
1995 707 2260 790 vilitatem
2289 715 2346 762 et
2387 707 2756 765 humilitatem
2807 713 3124 780 pertinent,
3171 715 3624 785 coquiuametiatn
3643 719 3720 790 ipsi

483 794 644 850 nobis
671 796 920 860 facimus,
949 797 1152 851 dantur
1173 804 1226 850 et
1252 793 1373 850 olla:
1401 794 1544 862 dum,
1575 791 1816 852 scutellte
1854 787 2182 866 dum,_'tertia
2217 798 2286 853 ad
2314 815 2530 870 panem,
2553 801 2644 856 vel
2663 819 2764 874 pro
2787 817 2849 858 ea
2874 805 3101 861 mantile
3125 848 3139 872 ,
3173 817 3368 876 quarta
3399 787 3716 878 grandiuscula

483 897 566 944 est.
592 891 659 944 ad
685 889 962 944 faciendas
989 887 1303 952 munditias,
1339 887 1642 944 cochlearia
1669 893 1776 944 duo
1799 927 1817 954 ,
1861 889 2114 947 cultellus
2139 893 2206 946 ad
2227 905 2424 962 panem
2453 931 2469 958 ,
2497 893 2666 964 iusta,
2695 896 2934 965 scyphus
2959 936 2976 962 ,
3029 911 3128 952 vas
3157 898 3442 966 aquarium
3465 940 3479 964 ,
3530 899 3690 957 salaria
3709 947 3724 970 ι

483 983 700 1052 patella,
733 985 842 1038 duo
863 983 928 1038 ad
949 975 1218 1053 legumina
1257 981 1500 1048 sacculi‘,
1537 984 1959 1055 manutergium.
1987 985 2066 1039 Ad
2093 985 2270 1054 ignem
2293 984 2472 1053 facile,
2499 1001 2648 1052 esca,
2677 985 2818 1056 lapis
2847 987 2944 1060 [aL
2974 987 3112 1058 lapis
3141 989 3394 1062 ignitus},
3421 991 3579 1062 ligna,
3599 1009 3723 1050 seco.

486 1074 580 1131 ris.
611 1075 693 1130 Ad
716 1091 884 1146 opera
912 1089 1044 1130 vero
1075 1073 1384 1130 dolabrum.
1419 1073 1546 1130 Haec
1573 1077 1667 1146 qui
1710 1075 1902 1146 legerit
1947 1091 2048 1132 nec
2079 1077 2306 1133 irrideat
2330 1119 2350 1144 ,Α
2371 1091 2684 1148 quaesumus
2735 1077 2831 1151 [aL
2861 1079 3038 1154 quis],
3067 1095 3168 1138 nec
3213 1081 3600 1154 reprehendat,
3643 1087 3724 1152 nisi

491 1169 634 1226 forte
663 1172 814 1241 prius
839 1171 894 1226 in
931 1170 1090 1235 cella,
1117 1171 1265 1224 inter
1285 1179 1468 1226 tantas
1497 1172 1651 1228 nives
1669 1179 1732 1228 et
1759 1181 1868 1226 tam
1895 1171 2112 1226 horrida
2147 1169 2374 1242 frigora,
2403 1171 2646 1241 longiore
2669 1169 2838 1227 fuerit
2871 1179 3118 1243 tempore
3141 1183 3532 1230 commoratus.

555 1267 609 1318 6.
651 1261 858 1318 idcirco
889 1262 1038 1316 enim
1073 1262 1162 1316 uni
1189 1271 1336 1316 tanta
1366 1263 1738 1326 concedimus,
1773 1278 1863 1320 tte.
1903 1263 2050 1332 quod
2077 1261 2322 1317 illicitum
2341 1263 2609 1326 ducimus,
2641 1261 2794 1318 exire
2825 1263 2894 1318 de
2917 1263 3052 1319 cella
3089 1265 3466 1335 compellatur.
3489 1267 3592 1325 Hoc
3613 1263 3726 1328 enim

486 1368 832 1424 nequaquam
857 1353 1200 1418 conceditur,
1235 1351 1336 1406 nisi
1365 1367 1490 1408 cum
1521 1355 1586 1408 ad
1611 1355 1916 1412 claustrum
1944 1363 2036 1408 aut
2059 1353 2352 1408 ecclesiam
2383 1355 2736 1422 convenitur;
2769 1355 2917 1426 quod
2943 1357 3047 1414 hoc
3071 1358 3268 1413 ordine
3289 1360 3406 1415 fieri
3437 1367 3696 1422 consuevit.

1837 1461 2236 1520 CAPITULUM
2275 1461 2469 1518 XXIX.

1122 1557 1238 1624 Quo
1269 1569 1495 1628 tempore
1520 1561 1584 1624 de
1610 1559 1740 1612 cella
1770 1569 2014 1622 creatur,
2037 1566 2084 1608 et
2110 1555 2174 1608 de
2195 1555 2387 1624 uigiliis
2417 1566 2464 1608 et
2501 1555 2840 1611 distinctione
2867 1559 3141 1612 horarum.

556 1655 610 1706 l.
651 1651 812 1708 Omni
843 1659 1110 1722 tempore,
1145 1653 1385 1722 exceptis
1408 1651 1690 1707 duodecim
1721 1649 2016 1707 lectionum
2047 1645 2220 1714 festis,
2255 1657 2310 1702 et
2343 1647 2551 1704 Natalis
2582 1649 2824 1716 Domini,
2859 1649 3080 1708 Pascha:
3108 1667 3327 1724 quoque
3351 1664 3408 1710 et
3429 1653 3730 1720 Pentecoste;

1866 1755 2444 1820 COMMENTARIUS.

489 1899 706 1954 tendum
730 1907 812 1955 est
837 1912 1088 1970 magnam
1119 1897 1385 1954 cutelam
1417 1900 1560 1970 apud
1589 1913 1688 1954 nos
1717 1898 1769 1954 in
1797 1898 1900 1954 hac
1923 1903 2078 1967 parte
2105 1899 2155 1956 Α
2183 1894 2492 1960 fastidiunt,
2535 1905 2792 1964 putantes
2829 1897 2936 1952 ista
2969 1897 3154 1954 minus
3191 1899 3406 1956 seriosa
3449 1903 3724 1958 monacham

485 1989 846 2046 adhibendam
879 2003 1021 2056 esse,
1055 2005 1124 2044 ne
1155 2005 1222 2046 ex
1255 1991 1470 2062 pruritu
1499 1991 1773 2048 scribendi
1797 1999 1869 2046 -et
1907 1987 2080 2044 libros
2181 1986 2470 2052 dedecere,
2511 1988 2602 2056 qui
2657 1997 2802 2044 totus
2847 1989 3148 2058 spiritualis
3182 1993 3308 2044 eSse
3345 1989 3592 2046 deberet:
3617 2002 3664 2046 et
3685 1994 3726 2049 bi

485 2081 699 2148 edendi,
730 2095 884 2138 vente
909 2081 990 2137 sui
1021 2081 1192 2152 ipsius
1221 2081 1464 2152 opinioni
1503 2085 1664 2138 detur
1691 2083 1860 2148 locus,
1895 2089 1991 2136 aut
2011 2095 2078 2135 ex
2181 2087 2328 2142 sunt,
2363 2091 2498 2147 quos
2527 2077 2588 2131 ll.
2613 2077 2775 2134 Pater
2789 2077 2964 2148 Guigo
2985 2078 3052 2134 ad
3081 2079 3478 2149 experientiam
3497 2093 3722 2149 provocat.

487 2175 684 2230 minori
715 2173 912 2245 peritia
939 2175 1317 2240 scientiarum,
1347 2191 1468 2246 quae
1493 2176 1545 2230 in
1571 2175 1704 2231 viris
1726 2173 1988 2230 solitariis
2010 2173 2080 2228 ab
2251 2171 2328 2226 Ex
2361 2172 2464 2226 hoc
2485 2171 2724 2240 capitulo
2753 2181 2980 2242 apparet
3005 2185 3168 2241 quam
3201 2171 3440 2226 discrete
3463 2187 3670 2242 semper,
3687 2183 3728 2227 et

487 2265 812 2321 academicis
833 2265 1320 2346 exercitationibus
1345 2266 1571 2322 remotis
1593 2281 1719 2322 raro
1743 2265 2079 2336 superabun-
2181 2263 2236 2319 in
2249 2264 2506 2320 omnibus
2517 2265 2784 2335 agendum
2801 2279 2942 2330 esse,
2961 2264 3364 2319 uosdocuerint
3379 2263 3534 2334 primi
3557 2263 3730 2330 Patres,

489 2355 598 2423 dat,
630 2355 875 2426 quaedam
907 2356 959 2410 in
995 2355 1270 2424 publicum
1323 2371 1428 2412 non
1463 2357 1596 2412 satis
1634 2357 1895 2426 castigate
1925 2370 2076 2410 com-
2181 2359 2236 2408 et
2259 2359 2520 2420 quantum
2547 2351 2616 2406 ab
2639 2351 2900 2406 extremis
2921 2360 3068 2406 esset
3095 2351 3426 2416 cavendum,
3451 2367 3515 2405 ne
3538 2361 3586 2404 et
3607 2353 3732 2406 nobis

489 2451 657 2520 posila
703 2451 986 2520 prodeant.
1045 2451 1150 2506 Sed
1197 2451 1342 2506 circa
1395 2453 1532 2519 haec,
1579 2452 1836 2508 moderna
1877 2457 2080 2506 statuta
2179 2439 2498 2498 conveniret
2528 2439 2742 2495 axioma
2773 2441 2902 2494 illud
2929 2439 3362 2510 phil050plticum
3403 2455 3420 2494 :
3468 2455 3612 2494 omne
3643 2441 3728 2495 vio-

490 2543 944 2610 prudemissimos
1001 2541 1190 2598 modos
1250 2553 1550 2613 posuerunt
1606 2553 1662 2601 et
1727 2549 2030 2600 sanxerunt
2060 2584 2076 2610 ν
2181 2531 2388 2588 lentum
2427 2545 2538 2586 non
2567 2539 2652 2586 est
2698 2528 2964 2586 durabile.
2996 2529 3389 2598 corporalibus
3417 2529 3554 2582 enim
3581 2529 3728 2584 ειιῆιςι·

489 2634 684 2703 τιυίἱιυε
713 2633 1040 2690 θὰιιωνθηάο
1081 2635 1267 2692 omnia
1309 2635 1588 2692 moderate
1614 2645 1668 2692 et
1699 2637 1928 2692 discreta
1957 2649 2079 2705 per-
2181 2625 2388 2680 riorum
2441 2623 2883 2688 necessitatibus,
2931 2637 3052 2676 cum
3091 2623 3324 2678 honesta
3379 2621 3728 2686 mediocritate,

489 2725 754 2780 ﬂcientur.
791 2723 1008 2796 Scripta
1051 2739 1183 2796 ergo
1215 2725 1704 2784 Carlhusianorum
1738 2744 1844 2783 non
1887 2735 2012 2784 sunt
2047 2725 2078 2780 ξι
2179 2719 2272 2774 hic
2297 2717 2602 2788 providisse
2625 2717 2894 2780 videmus,
2923 2713 3162 2770 maxime
3185 2731 3253 2769 ne
3281 2713 3486 2786 frigore
3513 2727 3732 2770 vexaren-

488 2814 650 2884 praelo
675 2815 892 2887 penitus
914 2815 1274 2886 excludenda,
1307 2817 1581 2874 dumnodo
1603 2819 1670 2874 ab
1695 2819 1760 2874 iis
1781 2820 1919 2876 nihil
1944 2823 2080 2878 εει-ξ-
2181 2819 2290 2879 tur,
2321 2809 2546 2866 delicias
2573 2823 2602 2864 a
2634 2809 2791 2866 nobis
2822 2809 2878 2864 in
2913 2809 3016 2866 hoc
3055 2821 3244 2862 arcere
3277 2815 3486 2862 tantum
3509 2807 3730 2870 contenti,

489 2915 642 2960 natur
667 2905 816 2977 quod
837 2921 960 2963 cum
990 2909 1288 2966 intentione
1315 2907 1382 2966 Β.
1415 2909 1473 2966 P.
1513 2909 1774 2982 Guigonis
1799 2929 1906 2968 non
1943 2929 2076 2970 con-
2179 2912 2234 2961 et
2263 2917 2332 2958 ne
2357 2903 2518 2960 otiosi
2565 2917 2805 2973 unquam
2843 2913 3274 2966 remaneremus,
3309 2909 3388 2954 tot
3419 2899 3726 2954 instrumenta

488 2999 694 3064 eordet,
725 3009 889 3070 atque
919 2999 1042 3057 ideo
1072 3003 1138 3057 de
1167 3001 1231 3058 iis
1259 3011 1467 3058 tantum
1495 3005 1740 3060 materiis
1771 3003 1804 3060 it
1845 3003 2078 3062 Carthu—
2179 2995 2405 3068 singulis
2429 2993 2711 3070 monachis
2759 2992 2852 3049 hic
2899 2990 3260 3048 determinate
3307 2989 3607 3058 assignant.
3649 2989 3730 3042 alia

487 3093 638 3148 siano
665 3099 950 3161 tractetur,
979 3103 1104 3165 qum‘
1122 3095 1188 3150 ad
1210 3085 1494 3153 catholicae
1534 3099 1782 3156 veritatis
1822 3101 2080 3157 assertio-

2200 3091 2346 3145 :tiam
2373 3085 2796 3144 indeterminate
2833 3083 3181 3140 concedenda
3230 3095 3354 3138 esse
3395 3081 3728 3152 praiscribttnt,

487 3200 634 3250 nem,
663 3183 924 3240 vitiorum
948 3186 1424 3256 exstirpaudorum
1444 3197 1498 3244 et
1519 3189 1776 3246 virtutum
1797 3193 2081 3263 acquiren-
2111 3249 2153 3263 ἢ
2181 3183 2308 3240 dum
2333 3181 2552 3248 ἀὶεἱιιιτ,
2579 3180 2632 3236 οἱ
2665 3179 2756 3250 qui
2793 3175 3052 3234 inhabilis
3093 3184 3242 3231 esset
3271 3175 3338 3230 ad
3367 3173 3660 3230 scribendos
3681 3171 3730 3226 li-

489 3277 682 3330 darum
711 3275 974 3342 studium,
1005 3279 1429 3348 promovendum
1461 3283 1790 3338 conducunt.
2109 3267 2154 3304 ”
2179 3278 2327 3344 bros,
2359 3284 2412 3331 et
2441 3273 2666 3329 alterius
2687 3269 2822 3326 artis
2842 3277 3007 3336 esset,
3043 3267 3408 3323 ministrando
3431 3281 3550 3322 esse
3573 3268 3731 3320 insuu-

557 3363 722 3420 Num.
753 3365 806 3420 5.
865 3365 996 3422 Ha'c
1027 3369 1118 3440 qui
1155 3368 1332 3440 legerit
1377 3387 1468 3426 nec
1511 3371 1752 3442 irrideat,
1805 3383 1934 3440 etc.,
1977 3374 2079 3430 nisi
2181 3380 2362 3425 menta
2393 3365 2496 3422 arti
2523 3379 2634 3419 sum
2661 3361 3056 3419 convenientia.

488 3457 626 3524 forte
669 3457 814 3526 prius
866 3459 922 3514 in
974 3459 1140 3527 cella,
1202 3471 1306 3516 etc.
1359 3461 1667 3519 Przevenire
1718 3476 1948 3522 conatur
1997 3465 2080 3522 vir
2251 3459 2410 3516 Num.
2435 3461 2489 3516 6.
2522 3459 2639 3514 Hoc
2661 3460 2797 3513 enim
2825 3473 3152 3530 nequaquam
3175 3457 3500 3522 conceditur,
3527 3457 3618 3509 nisi
3641 3469 3734 3508 cuia-

487 3555 713 3604 sanctus
735 3549 1026 3606 humanam
1059 3551 1454 3624 inﬁrmitatem,
1484 3571 1576 3612 seu
1613 3556 1792 3626 potius
1822 3555 2078 3627 insipien-
2181 3553 2250 3607 ad
2295 3553 2607 3618 claustrum,
2645 3559 2752 3606 etc.
2791 3549 2847 3606 ιιι
2888 3550 3169 3605 moraliter
3215 3549 3613 3618 intelligendum
3653 3555 3732 3610 est,

487 3642 645 3710 tiam,
668 3657 812 3711 quae,
847 3641 974 3698 dum
1019 3659 1238 3699 sensum
1275 3647 1558 3718 proprium
1589 3648 1704 3702 vult
1732 3649 1908 3717 sequi,
1931 3647 2078 3704 circa
2183 3661 2308 3701 nam
2337 3651 2545 3699 certum
2601 3651 2687 3699 est
2729 3651 2859 3698 tunc
2903 3653 3120 3698 nostros
3161 3642 3408 3712 potuisse
3453 3639 3567 3695 aliis
3603 3641 3730 3694 etiam

487 3747 552 3787 ea
580 3747 810 3803 quorum
841 3733 1323 3804 expcrimcntalem
1362 3737 1726 3806 c0gnitioncm
1763 3753 1866 3792 non
1897 3737 2078 3801 habet,
2179 3737 2249 3792 de
2273 3736 2455 3790 causis
2478 3749 2508 3789 e
2533 3732 2666 3788 cella
2697 3733 2902 3802 egredi,
2943 3741 3102 3802 prout
3147 3732 3437 3786 manifeste
3462 3741 3663 3800 apparet
3682 3743 3732 3782 ex

489 3825 544 3879 in
571 3826 685 3881 suis
720 3825 1145 3896 cogitationibus
1183 3835 1237 3882 et
1281 3827 1630 3899 Opinionibus
1673 3845 1815 3898 saepe
1858 3829 2075 3884 delirat.
2183 3841 2301 3896 cap.
2328 3825 2394 3879 Π
2417 3833 2471 3879 et
2492 3823 2582 3889 52,
2612 3833 2667 3880 et
2689 3840 2754 3879 ex
2780 3823 2902 3878 aliis
2917 3823 3082 3877 variis
3105 3821 3258 3881 locis,
3291 3823 3586 3890 suadetque
3607 3823 3731 3874 ratio.

489 3913 790 3970 Prudenter
811 3929 942 3988 ergo
968 3915 1050 3971 vir
1075 3925 1292 3971 sanctus
1315 3928 1572 3987 provocat
1600 3918 1958 3988 talesjudices
2014 3919 2081 3974 ad
2183 3918 2446 3974 Poterant
2472 3918 2618 3974 enim
2651 3919 2718 3972 ad
2745 3917 2981 3988 priorem
3010 3915 3274 3970 accedere
3299 3918 3366 3969 ad
3397 3915 3732 3984 exponendum

490 4003 946 4076 experimentum,
979 4006 1094 4075 qui,
1125 4007 1170 4061 si
1201 4007 1284 4062 vel
1315 4025 1417 4066 una
1445 4009 1780 4066 hebdomade
1811 4012 1948 4066 intra
1975 4009 2083 4066 cel-
2183 4007 2260 4065 illi
2290 4021 2420 4065 suas
2442 4008 2800 4064 necessitates
2827 4015 2881 4062 et
2921 4007 3182 4076 petendas
3213 4005 3484 4059 licentius.
3514 4005 3734 4074 Egressus

491 4097 618 4151 lube
651 4096 891 4167 parietes
935 4097 1368 4167 continerentur,
1401 4111 1530 4158 tunc
1568 4104 1912 4173 aperirentur
1938 4101 2081 4159 oeuli
2183 4113 2314 4172 ergo
2355 4099 2448 4156 ille
2488 4113 2521 4156 e
2562 4097 2698 4154 cella
2741 4111 2850 4153 non
2898 4109 3218 4161 concessus,
3271 4097 3414 4151 idem
3455 4105 3572 4151 erat
3607 4107 3736 4162 quem

493 4201 764 4242 (amcorum
789 4195 842 4242 et
867 4181 1332 4246 auressurdorum
1355 4201 1625 4262 paterent,
1655 4203 1708 4247 et
1729 4193 1870 4263 quod
1895 4209 2084 4264 super-
2185 4190 2486 4246 etiamnum
2519 4175 2798 4259 egressum
2832 4199 2863 4241 e
2893 4185 3030 4240 cella
3064 4183 3456 4250 inordinatum,
3489 4183 3540 4237 id
3573 4191 3644 4238 est
3667 4195 3736 4236 su-

492 4275 660 4332 ﬂuum
681 4275 1256 4347 priusarbitrabantur
1269 4297 1388 4338 esse
1411 4283 1465 4337 in
1489 4281 1680 4338 cellula
1699 4283 2084 4350 Carthusiana,
2185 4279 2472 4354 perticum,
2499 4289 2554 4336 et
2579 4279 2784 4348 absque
2811 4275 3002 4332 morali
3033 4276 3359 4332 necessitate
3387 4274 3584 4329 factum
3607 4285 3735 4326 voca-

493 4365 549 4424 in
573 4367 877 4436 hortulo,in
905 4369 1280 4428 instrumentis
1301 4371 1620 4429 adlaborem
1645 4389 1900 4428 manuum
1919 4373 2082 4444 aptis,
2186 4387 2329 4438 mus,
2378 4371 2444 4427 de
2483 4385 2591 4442 quo
2634 4367 2848 4440 cuipam
2891 4377 3139 4424 nostram
3189 4367 3450 4422 debemus
3495 4365 3660 4421 dicere
3695 4363 3734 4416 in

492 4458 605 4528 iam
634 4461 1002 4517 necessarium
1047 4463 1274 4517 omnino
1310 4477 1432 4518 esse
1475 4471 1925 4532 protestarentur.
1976 4461 2086 4518 Cur
2187 4461 2441 4533 capitulo.
2471 4460 2582 4514 lmo
2609 4473 2927 4530 persuasum
2955 4457 3130 4513 habeo
3189 4455 3332 4526 quod
3387 4467 3734 4525 nonnunquam

499 4563 684 4606 autem
705 4551 962 4607 solitariis
991 4551 1195 4607 nostris
1232 4552 1309 4607 sic
1345 4552 1694 4622 provideatur
1727 4553 1794 4608 de
1825 4555 1984 4608 rebus
2017 4553 2084 4608 ad
2109 4593 2158 4655 Ο
2187 4557 2412 4612 daretur
2447 4553 2526 4608 eis
2568 4551 2784 4607 licentia
2817 4549 3194 4606 deambulandi
3227 4549 3372 4604 intra
3411 4565 3642 4605 eremum
3672 4559 3732 4599 rc-

497 4641 884 4713 occupationes
914 4649 1172 4698 externas
1199 4644 1548 4710 necessariis,
1581 4645 1846 4700 rationem
1880 4645 2083 4711 subdit,
2113 4639 2158 4655 “
2191 4645 2484 4704 creationis
2523 4645 2696 4716 gratia
2723 4685 2738 4708 ,
2777 4653 2936 4713 prout
2965 4657 3034 4700 ex
3063 4643 3434 4698 vetustissimo
3465 4657 3563 4697 ms.
3593 4639 3744 4695 codice

439 4779 444 4784 .
501 4751 581 4798 ne,
605 4733 799 4804 inquit,
827 4737 970 4804 quod
993 4731 1235 4786 illicitum
1257 4734 1524 4802 ducimus,
1546 4731 1610 4788 de
1631 4733 1760 4789 cella
1779 4735 1920 4790 exire
1944 4751 2087 4788 com-
2191 4741 2282 4812 qui
2311 4739 2366 4794 in
2393 4747 2664 4808 postremo
2690 4736 2882 4791 domus
2927 4735 3176 4791 incendio
3220 4733 3453 4790 ﬂammis
3499 4733 3742 4789 infeliciter

497 4823 742 4894 pellatur.
781 4823 896 4878 Non
929 4825 1074 4878 enim
1107 4825 1436 4880 credendum
1467 4835 1550 4880 est
1576 4827 1718 4896 quod
1751 4827 1913 4882 homo
1945 4828 2086 4881 intra
2193 4831 2482 4901 absorptus
2507 4839 2611 4885 est.
2635 4828 2714 4884 lbi
2741 4827 2886 4884 enim
2907 4827 3016 4899 legi
3053 4827 3288 4898 qualiter
3319 4843 3408 4883 res
3429 4827 3744 4898 disponereth

501 4914 708 4969 cellula:
753 4915 990 4985 parietes
1030 4915 1201 4984 possit
1227 4917 1429 4971 diutius
1478 4917 1826 4982 cetnmorari,
1873 4917 1974 4972 nisi
2013 4915 2086 4972 ibi
2196 4933 2322 4988 tur,
2375 4919 2590 4990 qttaudo
2641 4919 3004 4974 deambulatio
3055 4919 3196 4973 intra
3259 4935 3426 4989 rupes
3487 4915 3744 4974 Carthasim

501 5003 702 5058 habeat
730 5005 990 5074 quasdam
1022 5005 1162 5061 bene
1187 5008 1467 5062 ordinatas
1493 5023 1552 5063 se
1583 5007 1878 5078 occupandi
1913 5017 2086 5062 mate-
2196 5015 2608 5079 concederetur,
2673 5013 2908 5065 maxime
2939 5011 3062 5066 dum
3093 5021 3378 5082 pergerent
3431 5013 3494 5067 ad
3545 5019 3741 5066 montem

504 5095 634 5150 rias.
664 5095 798 5150 Cum
839 5107 1019 5151 autem
1052 5113 1158 5153 non
1186 5100 1356 5168 possit
1390 5115 1606 5170 semper
1647 5103 1806 5156 rebus
1833 5101 2090 5172 spiritua-
2196 5109 2286 5179 qui
2337 5107 2572 5170 dicitur,
2647 5105 2698 5160 te.
2743 5103 2926 5159 Grand
2968 5102 3105 5171 Son,
3155 5105 3297 5173 quod
3347 5104 3540 5160 Latine
3597 5107 3744 5160 sonat,

505 5187 645 5243 libus
673 5187 956 5258 applicari,
993 5205 1094 5245 nec
1133 5191 1184 5246 id
1235 5193 1406 5262 possit
1439 5193 1658 5264 aggredi
1691 5193 1955 5265 fragilitas
1994 5195 2092 5250 bu”-

505 5296 666 5336 mana
725 5281 929 5351 absque
977 5284 1216 5353 periculo
1269 5287 1580 5342 atnittendre
1639 5289 1912 5353 sanitatis,
1977 5295 2090 5342 tum

507 5373 730 5440 mentis,
763 5381 879 5428 tum
919 5378 1186 5446 corporis,
1219 5393 1442 5432 necesse
1469 5387 1554 5432 est
1597 5379 1760 5432 etiam
1806 5389 1866 5434 ut
1895 5379 2092 5435 habeat

509 5463 654 5520 unde
677 5465 916 5521 animum
945 5483 1044 5538 per
1071 5467 1309 5538 aliquam
1355 5467 1765 5536 occupationem
1812 5481 2094 5526 externam

509 5559 756 5614 relaxare
782 5562 954 5630 possit
991 5569 1046 5616 et
1085 5575 1354 5614 recreare.
1397 5558 1768 5627 lmprudenter
1805 5578 1954 5634 ergo,
1989 5564 2097 5618 imo

508 5659 563 5708 et
590 5651 909 5722 insipienter
931 5653 1197 5723 cogitant,
1226 5651 1320 5718 qui
1351 5649 1596 5704 videntes
1624 5653 1944 5708 monachum
1969 5657 2099 5711 Car-

511 5742 818 5801 thusiauutn
847 5742 1140 5816 aliquando
1164 5739 1442 5813 opusculis
1477 5737 1758 5796 fabrilibus
1799 5760 2017 5812 vacare,
2046 5747 2096 5801 id

2198 5217 2444 5273 magnam
2493 5197 2866 5263 summitatem,
2927 5207 2982 5251 et
3037 5197 3285 5251 imminet
3333 5195 3642 5258 Carthasim,
3692 5187 3748 5242 ad

2197 5305 2360 5360 quem
2421 5287 2792 5344 scandendum
2835 5285 3104 5366 _ampliori
3169 5285 3433 5360 temporis
3495 5283 3654 5356 spatio
3701 5287 3746 5334 et

2199 5379 2385 5435 labore
2409 5393 2546 5448 opus
2569 5387 2672 5434 est.

2277 5471 2448 5527 Porro
2477 5479 2649 5526 totum
2675 5471 2780 5525 hoc
2835 5469 3126 5538 capitulum
3155 5467 3387 5523 relatum
3419 5469 3579 5524 habes
3603 5467 3650 5519 in
3670 5479 3728 5516 an

2207 5561 2374 5633 tiquis
2405 5563 2640 5626 Statutis,
2669 5573 2822 5632 parte
2843 5578 2901 5626 tt,
2930 5577 3049 5632 cap.
3083 5561 3166 5615 l6.

2279 5657 2406 5712 Car.
2445 5633 2878 5711 ΧΧΙΙίμ-Νιιηι,
2908 5657 2954 5709 l.
2979 5654 3136 5710 Omni
3157 5667 3388 5726 tempore
3409 5653 3635 5724 exceptis,
3660 5653 3734 5702 etc

2205 5749 2284 5804 Ex
2316 5749 2418 5804 ista
2447 5749 2764 5820 exceptione
2807 5747 3022 5803 errandi
3065 5747 3285 5802 daretur
3321 5743 3564 5812 occasio,
3585 5751 3633 5796 et
3655 5751 3737 5796 cra
