3992 6404
186 345 297 412 6θῖ
1521 345 2117 409 CONSUETUDINES.
3139 363 3144 368 ’
3362 363 3471 421 698

182 457 640 528 hebdomadibus,
675 457 829 529 signo
855 457 1068 529 pulsato
1103 465 1428 526 nocturnum
1466 459 1714 516 ecclesia:
1752 458 1994 517 ollicium
2033 463 2292 534 congruis
2325 464 2522 535 vigiliis
2563 465 2616 522 in
2659 464 2792 523 cella
2822 470 3198 540 praevenimus.
3228 475 3360 544 Quae
3394 481 3480 537 ab.

183 549 371 604 Idibus
392 548 726 618 Septembris
751 549 952 602 sensim
973 546 1345 617 paulatimque
1367 549 1666 603 crescendo
1690 549 1744 604 in
1774 549 2030 608 Kalendis
2054 552 2378 610 Novembris
2402 555 2674 625 perfectae,
2695 558 3084 631 quinquaginta
3108 565 3329 634 psalmis
3358 584 3464 626 non

182 639 355 694 nimis
381 637 576 694 festiue
615 639 900 695 cantaudis
929 639 1223 696 suiliciunt.
1271 641 1313 694 A
1341 655 1448 710 quo
1489 649 1733 710 tempore
1762 658 1935 714 usque
1967 644 2038 699 ad
2076 646 2359 704 Februarii
2395 647 2668 706 Kalendas
2716 649 2896 706 taliter
2925 667 3295 723 perseverant.
3334 661 3466 719 Inde

181 748 366 803 usque
402 733 467 787 ad
493 731 702 787 Pascha
741 734 1112 790 decrescendo
1127 731 1419 804 paulatim,
1448 736 1514 790 ad
1547 745 1754 790 tantum
1785 738 2046 808 spatium,
2089 743 2232 811 quod
2271 744 2552 808 matutinis
2580 753 2783 801 sancta.
2816 745 3000 806 Maria:
3037 749 3288 822 suﬂiciat,
3317 756 3462 817 redi-

181 839 410 902 guntur.
447 830 525 885 Ex
553 846 660 901 quo
684 846 855 902 usque
879 833 944 886 ad
972 831 1257 901 praedictas
1277 832 1617 904 Septembris
1643 835 1766 890 Idus
1788 835 1843 890 in
1870 835 2060 890 eadem
2091 835 2393 904 quantitate
2422 839 2736 906 perdurant.

253 918 312 980 2.
351 917 608 977 Secundo
627 929 807 976 autem
835 921 989 991 signo
1017 921 1268 995 pulsato,
1300 924 1366 978 ad
1403 923 1690 980 ecclesiam
1732 923 2072 988 festinantes,
2119 926 2262 980 tertii
2300 926 2438 997 signi
2481 926 2643 984 finem
2684 934 2982 999 praevenire
3017 939 3332 1010 satagimus,
3371 941 3473 998 ubi

181 1030 353 1085 super
381 1014 606 1081 formas,
632 1016 981 1086 preveniente
1003 1018 1186 1088 priore
1223 1017 1305 1072 vel
1345 1017 1431 1074 cui
1477 1019 1580 1075 hoc
1609 1017 1926 1088 injunxerit,
1969 1020 2410 1088 procumbentes,
2445 1031 2503 1077 et
2528 1030 2610 1078 ter
2647 1020 2809 1080 Pater
2835 1033 3030 1093 noster,
3059 1031 3270 1087 caeteris
3295 1031 3474 1089 semel:

180 1107 365 1172 horis,
395 1106 634 1178 graviter
655 1108 955 1177 devoteque
981 1108 1365 1178 persolvimus,
1388 1121 1779 1181 surgentesque
1812 1109 2046 1180 psallere
2079 1111 2262 1167 divino
2289 1127 2412 1168 cum
2437 1113 2632 1171 timore
2657 1114 2964 1185 incipimus.

254 1197 314 1253 3.
355 1196 603 1253 Cantatis
633 1207 813 1252 autem
844 1199 1123 1254 nocturnis
1155 1201 1320 1256 breve
1349 1200 1578 1257 facimus
1608 1200 1979 1266 intervallum,
2005 1203 2149 1272 quod
2177 1204 2394 1273 adiplus
2429 1217 2635 1277 septem
2667 1212 2906 1279 psalmos
2937 1216 3338 1284 pmnitentiales
3366 1235 3462 1276 ca-

179 1301 316 1360 pere
343 1287 540 1344 valeat.
575 1287 892 1359 Sequuntur
923 1290 1119 1348 deinde
1147 1292 1428 1348 matutinae
1464 1292 1670 1355 laudes,
1710 1305 1849 1359 quas
1877 1305 1909 1344 a
1948 1290 2206 1349 Kalendis
2235 1292 2487 1352 Octobris
2515 1312 2688 1369 usque
2721 1300 2790 1356 ad
2829 1301 3035 1360 Pascha
3063 1305 3158 1362 lux
3187 1310 3459 1376 terminat,

1557 1379 2129 1441 COMMENTARIUS.

180 1473 348 1531 dendi
375 1474 521 1545 quod
552 1474 742 1530 diebus
768 1474 888 1532 istis
909 1475 1000 1547 qui
1037 1477 1403 1547 excipiuntur,
1438 1478 1618 1532 stat-im
1653 1485 1774 1546 post
1802 1476 1849 1533 A
1878 1493 1998 1531 rum
2027 1479 2366 1537 deveniatur.
2419 1482 2628 1542 Exinde
2657 1486 2938 1549 ferialibus
2967 1495 3166 1554 diebus
3187 1499 3240 1553 in
3271 1501 3470 1556 eodem.

182 1569 422 1637 primum
461 1567 675 1637 signum
724 1569 1057 1640 pergendum
1128 1569 1320 1624 fuisset
1358 1569 1424 1623 ad
1466 1569 1779 1636 ecclesiam,
1879 1575 2024 1622 statu
2047 1581 2331 1639 permanet
2351 1586 2522 1642 usque
2547 1575 2613 1630 ad
2641 1575 2839 1634 festum
2869 1581 3270 1642 Puriflcationis
3295 1589 3353 1644 Β.
3395 1591 3458 1646 V.

181 1658 287 1712 nisi
321 1657 687 1728 explicaretur
716 1660 845 1729 quid
889 1659 1196 1730 vigiliarum
1241 1659 1463 1715 nomine
1504 1660 1606 1716 sibi
1646 1659 1778 1716 velit

181 1747 251 1800 Ii.
284 1746 346 1802 P.
373 1749 566 1818 Guigo.

256 1839 576 1911 Vigiliarum
625 1856 757 1912 ergo
800 1842 1019 1896 nomine
1072 1841 1479 1913 intelligendum
1527 1849 1611 1898 est
1650 1856 1776 1912 spa-

180 1929 319 1988 tium
347 1929 476 1986 illud
504 1931 765 2000 temporis
791 1931 934 2000 quod
966 1933 1106 1985 ultra
1139 1932 1510 1988 necessarium
1553 1933 1620 1987 ad
1652 1948 1776 2002 per-

177 2021 472 2077 solvendas
514 2022 808 2076 matutinas
853 2022 920 2077 de
947 2021 1008 2074 Β.
1051 2021 1218 2077 Maria
1263 2023 1625 2093 protenditur,
1651 2038 1773 2092 quae

179 2114 429 2184 quotidie
455 2129 485 2168 a
527 2113 768 2170 nobisin
798 2113 1008 2170 cellulis
1052 2114 1310 2170 dicuntur
1355 2114 1496 2170 inter
1536 2115 1771 2184 primum

176 2206 456 2276 psalmum
499 2205 890 2260 matutinarum
941 2214 998 2260 et
1045 2205 1366 2272 secundum,
1396 2206 1469 2260 ita
1516 2214 1598 2270 ut,
1643 2206 1771 2262 dum

176 2298 426 2367 spatium
451 2305 660 2354 tantum
691 2296 964 2353 sullicieus
994 2297 1062 2352 ad
1089 2297 1224 2353 istas
1253 2297 1551 2353 matutinas
1579 2297 1773 2355 devote

176 2387 575 2458 persolvendas
619 2389 808 2453 datur,
855 2388 1054 2460 vigiliae
1098 2389 1214 2444 ista:
1257 2404 1575 2446 communes
1615 2391 1769 2447 sint:

176 2494 307 2534 cum
339 2495 467 2534 vero
495 2479 635 2534 ultra
678 2479 1043 2548 protenditur,
1071 2480 1123 2533 id
1158 2479 1369 2548 vigilias
1395 2489 1584 2536 auctas
1612 2495 1773 2537 voce—

174 2586 326 2628 mus.
359 2570 562 2628 Sensus
588 2587 717 2642 ergo
744 2571 812 2630 R.
845 2571 1026 2626 Patris
1052 2571 1314 2642 Guigonis
1339 2581 1424 2627 est
1460 2582 1548 2641 ut,
1583 2573 1772 2629 diebus

174 2667 576 2742 hic_exeeptis,
602 2667 718 2721 sive
743 2675 935 2721 a‘state
958 2667 1073 2722 sive
1105 2667 1283 2722 hieme
1311 2667 1581 2731 venerint,
1612 2667 1772 2723 nulla;

173 2771 424 2826 unquam
453 2767 738 2811 serventur
769 2756 964 2826 vigilite
990 2756 1128 2810 ultra
1162 2767 1374 2827 tempus
1400 2760 1768 2814 necessarium

173 2822 702 2916 ari-persolvendas
771 2822 1068 2904 matutinas
1123 2859 1178 2904 et
1239 2822 1428 2908 laudes
1484 2850 1552 2905 de
1611 2851 1769 2906 beata
1803 2822 1845 2880 Β

172 2938 377 2994 Maria.

251 3032 389 3087 Ibid.
421 3031 552 3096 Qua:
575 3031 639 3086 ab
663 3031 694 3085 Ι
695 3033 847 3086 dibus
869 3031 1191 3102 Septembris
1210 3035 1402 3090 sensim
1419 3035 1776 3105 paulatimque

174 3123 487 3184 crescendo,
511 3132 616 3180 etc.
640 3121 758 3178 Iam
787 3125 1160 3193 explicaturus
1198 3133 1282 3180 est
1311 3127 1549 3200 qualiter
1574 3127 1771 3196 vigilia:

175 3217 301 3274 ista:
329 3215 735 3277 ordinarentur.
768 3216 850 3271 Ad
885 3231 1116 3285 quarum
1144 3215 1442 3273 faciliorem
1473 3218 1775 3288 intelligen-

175 3311 315 3368 tiam
365 3308 433 3361 ad
454 3308 772 3363 memoriam
806 3308 1170 3363 revocandum
1201 3317 1284 3363 est
1305 3309 1447 3378 quod
1470 3309 1582 3379 iatn
1609 3325 1777 3380 supra

175 3416 302 3471 cap.
331 3401 389 3465 7,
423 3415 574 3454 num.
607 3399 661 3462 8,
699 3400 904 3454 dictum
941 3409 1026 3456 est
1059 3401 1126 3455 de
1160 3400 1492 3472 longioribus
1518 3410 1610 3455 aut
1645 3403 1773 3458 bre-

175 3492 430 3549 vioribus
476 3490 767 3556 noctibus,
797 3505 934 3559 quas
980 3493 1180 3547 sensim
1229 3507 1478 3548 crescere
1524 3494 1665 3563 apud
1713 3509 1773 3549 se

176 3581 512 3654 reputabant
561 3579 630 3635 ab
677 3580 859 3636 Idibus
905 3579 1263 3650 Septembris,
1311 3581 1364 3636 id
1408 3593 1492 3638 est
1521 3597 1552 3637 a
1590 3583 1770 3654 vigilia

176 3675 546 3742 Exaltationis
592 3684 796 3731 sancta:
841 3677 1022 3732 crucis
1054 3691 1228 3745 usque
1262 3678 1330 3732 ad
1360 3676 1631 3732 Kalendas
1662 3676 1770 3732 No-

179 3767 457 3832 vembris,
491 3767 606 3822 sive
644 3765 843 3821 festum
889 3765 1145 3823 Omnium
1188 3766 1534 3822 Sanctorum.
1582 3768 1623 3820 A
1669 3783 1773 3838 qua

179 3861 267 3917 die
297 3875 478 3930 usque
514 3859 583 3916 ad
620 3857 816 3912 festum
861 3857 1264 3915 Puriﬁcationis
1294 3860 1466 3915 beatae
1503 3859 1684 3915 Mariae
1718 3875 1778 3916 se

179 3952 534 4017 ordinabant,
560 3967 623 4008 ac
653 3953 696 4008 si
727 3953 782 4008 in
807 3953 997 4008 eodem
1028 3951 1380 4024 longitudinis
1410 3962 1552 4008 statu
1589 3962 1780 4010 noctes

177 4054 591 4116 permanerent.
641 4045 850 4101 Exinde
888 4059 1060 4114 usque
1105 4045 1172 4098 ad
1217 4042 1426 4099 Pascha
1468 4056 1656 4100 noctes
1685 4045 1782 4099 de-

179 4152 441 4198 crescere
469 4137 812 4208 reputabant,
844 4137 938 4192 sed
969 4151 998 4190 a
1033 4135 1244 4192 Pascha
1271 4152 1441 4207 usque
1465 4139 1533 4191 ad
1559 4137 1781 4192 Exalta-

181 4231 392 4286 tionem
421 4238 624 4285 sancte
647 4230 848 4294 crucis,
879 4237 1072 4286 noctes
1107 4230 1161 4284 in
1203 4230 1392 4284 eodem
1423 4239 1566 4285 statu
1597 4245 1780 4299 perse-

178 4335 404 4387 verare,
428 4322 604 4392 quoad
637 4330 798 4378 nocte
821 4323 1080 4394 surgendi
1112 4324 1327 4391 horam,
1355 4323 1668 4378 censebant.

248 4415 393 4470 Ibid.
421 4416 473 4470 1.
491 4413 888 4486 Quinquaginta
909 4415 1143 4485 psalmis.
1167 4415 1253 4471 Ad
1281 4414 1384 4472 hoc
1411 4415 1542 4472 hora
1575 4416 1785 4486 integra

181 4518 238 4565 et
264 4507 414 4563 ultra
443 4523 579 4578 opus
599 4519 713 4573 est;
739 4509 791 4563 id
818 4524 948 4580 ergo
973 4507 1243 4580 signiﬁcat
1269 4509 1412 4578 quod
1435 4508 1635 4578 vigilite
1667 4507 1784 4564 ista:

183 4606 508 4654 crescerent
557 4599 762 4654 sensim
811 4599 882 4654 ab
931 4598 1269 4655 Exaltatione
1319 4609 1523 4654 sanctae
1577 4599 1782 4664 crucis,

184 4706 365 4760 usque
389 4693 516 4744 dum
547 4693 894 4761 pervenirent
920 4691 986 4745 ad
1015 4692 1250 4761 spatium
1285 4692 1435 4747 hora:
1479 4691 1701 4764 integrae
1730 4692 1783 4748 in

185 4784 324 4854 ipsis
363 4782 620 4838 Kalendis
648 4782 989 4839 Novembris.
1028 4784 1084 4840 In
1113 4799 1224 4854 quo
1261 4784 1437 4854 spatio
1465 4783 1611 4839 horae
1649 4785 1790 4840 inte-

185 4890 302 4940 εγω
345 4877 770 4944 perseverabant
815 4891 986 4946 usque
1027 4876 1094 4932 ad
1124 4876 1324 4932 festum
1355 4873 1784 4932 Purifieationis.

183 4970 227 5023 Δ
262 4983 373 5036 qua
403 4967 489 5023 die
512 4968 716 5038 vigilite
746 4968 862 5023 ista:
889 4969 957 5026 ad
985 4970 1161 5024 instar
1190 4969 1433 5024 noctium
1461 4969 1664 5024 sensim
1691 4969 1788 5023 de-

184 5068 502 5116 crescentes
541 5059 610 5114 ad
659 5061 897 5130 primum
946 5063 1166 5116 tandem
1199 5069 1404 5116 statum
1448 5060 1703 5114 redibant
1731 5060 1785 5115 in

185 5150 486 5216 Paschate.
515 5152 568 5208 id
591 5161 674 5207 est
697 5152 842 5210 circa
882 5161 1095 5222 tempus
1124 5151 1384 5218 Pascha;
1424 5167 1550 5207 nam
1583 5151 1638 5206 in
1673 5151 1788 5222 ipsa

189 5243 277 5300 die
309 5243 496 5298 Cinnae
521 5244 734 5298 Domini
771 5255 985 5300 cessant
1013 5245 1130 5299 istae
1154 5245 1374 5313 vigiliae.

259 5337 407 5391 Idem
434 5352 656 5406 prorsus
682 5353 825 5394 nunc
847 5337 1205 5393 observamus
1227 5339 1372 5393 circa
1394 5338 1529 5393 istas
1551 5337 1788 5408 vigilias,

191 5437 246 5484 et
265 5430 575 5501 vigiliarum
602 5430 767 5484 etiam
793 5445 1014 5486 cursum
1052 5431 1300 5500 sequitur
1333 5431 1521 5500 pulsus
1549 5429 1791 5498 comple-

195 5523 339 5583 torii,
387 5538 512 5576 nam
568 5523 770 5578 sensim
821 5525 1010 5593 pulsus
1066 5524 1158 5580 ille
1193 5525 1525 5594 anticipatur
1569 5539 1600 5578 a
1650 5522 1789 5579 festo

194 5610 553 5668 Exaltationis
578 5625 781 5669 sanetae
809 5615 992 5672 crucis
1033 5624 1194 5685 prout
1237 5617 1307 5670 ab
1335 5616 1578 5686 antiquis
1609 5615 1786 5670 Patri-

196 5703 298 5765 bus
344 5708 664 5765 servabatur
689 5749 703 5772 ,
733 5709 909 5766 donec
939 5710 1006 5766 ad
1039 5709 1238 5771 festum
1275 5708 1529 5770 Omnium
1562 5711 1786 5766 Sanctu-

1877 1657 2125 1725 Mariie,a
2147 1676 2252 1731 qua
2277 1662 2365 1718 die
2389 1667 2592 1722 sensim
2617 1673 2926 1728 retardatur
2949 1691 3121 1742 usque
3141 1680 3207 1732 ad
3232 1679 3458 1745 Pascha,

1877 1768 1986 1822 quo
2013 1764 2258 1824 tempore
2279 1758 2350 1811 ad
2379 1759 2665 1827 pristinum
2703 1773 2909 1820 statum
2939 1770 3097 1824 redit.
3129 1769 3260 1837 Qum
3281 1773 3474 1827 omnia.

1876 1843 2036 1912 paulo
2059 1844 2231 1900 fusius
2260 1847 2617 1919 explicamus,
2643 1861 2704 1907 ω
2731 1853 2958 1910 inferius
2987 1857 3216 1913 dicenda
3249 1859 3477 1915 facilius.

1877 1937 2272 2010 intelligantur.

1945 2028 2106 2084 Num.
2138 2030 2190 2086 3.
2235 2031 2478 2089 Caritatis
2523 2036 2800 2091 nocturnis
2834 2036 3017 2106 breve,
3061 2046 3170 2094 etc.
3217 2039 3469 2109 Spatium

1876 2121 2178 2177 dnrationis
2239 2122 2398 2179 istius
2459 2123 2727 2180 intervalli
2789 2127 3070 2196 exprimit.
3147 2128 3254 2184 Sed
3332 2129 3464 2198 quid

1875 2210 2106 2266 durante
2149 2211 2430 2268 intervallo
2471 2213 2564 2268 illo
2609 2207 2766 2270 fieret
2807 2231 2912 2270 non
2958 2218 3235 2286 exprimit.
3278 2219 3463 2272 Animi

1874 2299 2228 2356 attentionem
2262 2301 2341 2357 sic
2378 2301 2622 2357 relaxare
2652 2303 2886 2360 voluisse
2919 2306 3212 2372 credimus,
3246 2316 3302 2361 et
3344 2307 3474 2362 ideo

1875 2391 1942 2445 ad
1974 2390 2166 2446 cellam
2212 2393 2431 2448 interim
2480 2395 2678 2449 reverti
2724 2403 2998 2465 poterant,
3025 2403 3186 2465 prout
3222 2411 3292 2453 ex
3320 2395 3468 2450 antis

1874 2484 1998 2556 quis
2027 2486 2244 2540 statutis
2275 2485 2569 2542 constabit.

1945 2574 2076 2630 Ibid.
2131 2574 2437 2645 Sequuntur
2476 2575 2664 2630 deinde
2701 2578 2976 2632 matutina:
3014 2576 3221 2644 laudes,
3253 2593 3386 2646 quas
3433 2594 3474 2630 a-

1877 2663 2132 2720 Kalendis
2169 2664 2406 2721 Octobris
2443 2683 2605 2738 usque
2631 2667 2700 2721 ad
2730 2665 2943 2722 Pascha
2971 2669 3064 2722 lux
3095 2670 3364 2722 terminat.
3411 2667 3474 2722 Id

1875 2767 1958 2809 est
1985 2771 2047 2810 ea
2079 2756 2210 2810 hora
2246 2767 2374 2811 tunc
2406 2755 2692 2823 finiuntur,
2720 2771 2826 2826 qua
2865 2756 2978 2826 jam
3020 2758 3137 2812 dies
3179 2758 3324 2812 clara
3355 2765 3464 2823 est,

1875 2849 1958 2902 vel
1983 2847 2175 2903 saltem
2207 2849 2480 2904 clarescit.
2526 2850 2742 2903 Exinde
2773 2850 3005 2904 inchoat.
3033 2849 3091 2904 Id
3122 2859 3297 2904 estea
3329 2849 3464 2903 hora

1875 2940 1980 2994 diei
2011 2941 2280 3011 incipiunt
2314 2956 2420 3011 qua
2457 2941 2573 2996 dies
2604 2941 2887 2995 illucescit.
2937 2939 3016 2994 Ex
3059 2940 3162 2995 hoc
3205 2939 3323 2994 loco
3352 2938 3466 2994 evi-

1874 3033 2012 3088 dens
2059 3043 2143 3088 est
2185 3033 2325 3102 quod
2369 3041 2651 3086 nocturnae
2695 3031 2892 3102 vigilia:
2939 3041 3068 3086 tunc
3113 3033 3180 3086 ab
3224 3032 3305 3086 eis
3356 3030 3466 3084 alio

1874 3123 2036 3187 modo
2065 3137 2227 3192 quam
2256 3138 2398 3178 nunc
2419 3137 2451 3176 a
2477 3122 2633 3179 nobis
2652 3131 3022 3189 servarentur,
3056 3122 3474 3191 dormirentque

1874 3217 2080 3284 absque
2129 3215 2528 3284 interruptione
2562 3223 2824 3284 quantum
2873 3214 3034 3278 satis,
3069 3222 3182 3269 toto
3226 3223 3472 3284 tempore

1875 3309 2021 3379 quod
2053 3308 2196 3363 inter
2217 3307 2490 3362 Kalendas
2519 3307 2776 3364 Octobris
2801 3316 2855 3362 et
2883 3307 3090 3362 Pascha
3130 3307 3390 3362 occurrit.
3423 3305 3469 3364 Α

1874 3401 2142 3458 Paschate
2188 3410 2370 3456 autem
2417 3415 2590 3471 usque
2628 3400 2694 3455 ad
2751 3401 3036 3472 praedictas
3081 3400 3385 3464 Kalendas,
3413 3399 3474 3454 in

1881 3496 2022 3553 lecto
2043 3493 2321 3564 jacebant,
2335 3495 2492 3565 juxta
2522 3495 2760 3549 noctium
2790 3492 3050 3562 majorem
3084 3502 3176 3547 aut
3203 3493 3478 3546 minorem.

1875 3589 2227 3652 brevitatem,
2275 3603 2438 3658 quam
2481 3585 2816 3655 sequebatur
2861 3585 3024 3640 etiam
3078 3584 3469 3638 matutiuarum

1875 3682 2116 3736 brevitas
2145 3681 2293 3751 (nam
2327 3689 2456 3736 tunc
2487 3679 2815 3736 lectionibus
2841 3687 3059 3742 carent,
3084 3677 3184 3731 nisi
3212 3682 3474 3731 occurrat

1878 3773 2136 3842 festum),
2171 3773 2263 3826 sed
2290 3773 2434 3841 quod
2468 3773 2646 3828 minus
2676 3771 2983 3826 dormirent
3026 3778 3182 3823 nocte
3204 3808 3219 3832 ,
3248 3764 3474 3836 supple-

1877 3865 2012 3920 bant
2036 3879 2134 3934 per
2158 3863 2545 3918 dormitionem
2568 3863 2841 3928 diurnam,
2869 3877 2993 3931 qua:
3019 3860 3125 3915 illis
3155 3856 3472 3929 assignaba-

1883 3963 1972 4010 tur
2006 3955 2148 4009 inter
2173 3962 2382 4016 sextam
2415 3963 2470 4009 et
2504 3968 2706 4008 nonam
2738 3972 2752 4009 :
2785 3953 2927 4008 unde
2951 3967 3060 4007 non
3089 3949 3287 4004 mirum
3316 3961 3400 4004 εει
3425 3948 3476 4004 si

1881 4062 2158 4115 nunquam
2188 4054 2311 4116 post
2343 4046 2638 4102 matutinas
2665 4047 2730 4101 ad
2762 4046 2962 4101 lectum
2995 4043 3258 4101 redirent.

1955 4137 2070 4204 Qua
2095 4139 2227 4193 hora
2252 4147 2380 4194 tunc
2398 4137 2710 4207 pulsaretur
2727 4138 2794 4192 ad
2823 4137 3118 4192 matutinas
3146 4134 3482 4203 coniecturis.

1888 4238 2097 4284 tantum
2127 4239 2376 4286 astruere
2406 4243 2715 4300 possumus,
2743 4238 2799 4284 et
2825 4242 2892 4283 ex
2927 4229 3010 4283 eis
3050 4227 3300 4298 judicare
3329 4226 3475 4297 quod

1886 4330 2016 4384 tunc
2037 4319 2235 4392 vigiliae
2266 4328 2468 4376 nostrae
2490 4330 2789 4387 nocturnae,
2817 4319 3014 4374 abillis
3043 4333 3164 4388 qua:
3193 4317 3248 4372 in
3273 4316 3478 4388 Regula

1886 4412 1945 4469 S.
1977 4413 2258 4471 Benedicti
2283 4413 2736 4486 praescribuntur,
2773 4427 2880 4468 non
2911 4410 3138 4466 multum
3170 4408 3473 4466 differrent.

1885 4503 1959 4561 Ut
1991 4514 2172 4561 autem
2206 4521 2294 4560 res
2341 4504 2646 4560 evidentius
2698 4511 2902 4574 pateat,
2954 4501 3042 4558 hic
3093 4499 3474 4555 adnotabimus

1889 4600 2032 4670 quod
2085 4613 2190 4653 non
2243 4607 2450 4652 tantum
2477 4597 2826 4667 coniecturis,
2857 4595 2952 4650 sed
2993 4592 3287 4662 assumptis
3311 4589 3477 4660 etiam

1889 4689 2244 4759 experientiis
2267 4689 2482 4742 discere
2508 4688 2685 4740 conati
2718 4700 2926 4740 sumus.

1963 4779 2267 4834 Constituta
2318 4792 2452 4846 ergo
2493 4776 2724 4848 quadam
2758 4775 2923 4831 veluti
2969 4774 3172 4844 epocha
3212 4771 3479 4826 Kalenda-

1891 4888 2010 4928 rum
2042 4871 2370 4927 Novembris
2391 4913 2407 4939 ,
2439 4887 2548 4941 quo
2579 4879 2818 4939 tempore
2853 4868 2994 4922 sicut
3021 4875 3076 4920 et
3099 4872 3286 4919 testate
3330 4878 3479 4917 com-

1888 4964 2109 5036 pletorii
2151 4965 2336 5035 pulsus
2366 4965 2480 5019 ﬁeri
2515 4964 2823 5018 debetcum
2851 4961 3028 5014 adhuc
3055 4959 3154 5030 legi
3189 4965 3389 5028 potest.
3424 4955 3480 5010 id

1889 5070 1974 5114 est
1995 5061 2122 5115 dum
2150 5061 2268 5115 dies
2293 5060 2373 5115 sic
2396 5059 2447 5114 in
2477 5067 2688 5113 noctem
2711 5055 2960 5120 vertitur,
2985 5063 3041 5108 ut
3061 5053 3238 5108 adhuc
3263 5052 3315 5105 in
3341 5050 3481 5106 libro

1892 5152 2087 5208 littera:
2119 5153 2222 5224 legi
2260 5152 2499 5222 possint,
2533 5149 2936 5221 exploravimus
2971 5162 3036 5202 ex
3067 5144 3340 5216 professo,
3372 5159 3479 5211 qua

1891 5245 2025 5300 hora
2072 5245 2123 5299 id
2170 5243 2548 5314 contingeret,
2573 5252 2628 5298 et
2659 5240 2956 5312 reperimus
3005 5253 3196 5294 serena
3227 5239 3314 5292 die
3342 5237 3482 5290 inter

1891 5348 2105 5394 montes
2134 5337 2472 5400 Carthusize,
2502 5345 2557 5390 et
2585 5336 2638 5389 in
2666 5335 2856 5389 eodem
2886 5335 3006 5389 loco
3037 5333 3126 5387 ubi
3167 5340 3274 5386 stat
3309 5326 3483 5382 succl-

1893 5429 2000 5484 lum
2024 5429 2197 5484 sancti
2225 5427 2568 5484 Brunonis'id
2591 5427 2903 5497 contingere
2927 5425 3084 5497 paulo
3107 5431 3227 5492 post
3247 5429 3478 5478 sextam.

1892 5519 1985 5575 Illo
2032 5535 2162 5575 vero
2210 5527 2487 5591 tempore,
2517 5520 2626 5574 imo
2654 5535 2682 5572 a
2718 5517 2976 5573 Kalendis
3003 5515 3274 5573 Octobris,
3323 5517 3482 5578 prout

1893 5625 2056 5681 supra
2083 5611 2284 5667 dicitur
2305 5652 2320 5676 ,
2354 5611 2650 5666 matutinas
2690 5610 2876 5664 laudes
2911 5610 2995 5661 lux
3034 5602 3386 5664 terminabat,
3417 5615 3482 5654 ao

1897 5707 2122 5776 proinde
2155 5707 2274 5765 illas
2319 5717 2447 5765 tunc
2498 5705 2814 5766 terminatas
2860 5700 3028 5760 fuisse
3072 5700 3216 5756 circa
3268 5703 3484 5752 sextam
