3894 6298
535 304 642 360 999
1391 287 1716 351 GUIGONIS
1755 285 1774 342 i
1809 275 2240 342 CARTIIUSIIE
2281 273 2571 338 MAJOBIS
2603 275 2878 336 PRIOBIS
2917 274 2984 330 ν·
3673 272 3739 330 700

544 413 748 470 eximie
763 405 1008 468 inchoat.
1031 409 1110 465 Ad
1129 409 1296 464 lectos
1316 415 1494 460 autem
1519 411 1640 473 post
1671 397 1990 463 matutinas,
2021 393 2172 452 nullo
2199 391 2413 448 reditur
2437 399 2699 460 tempore.
2731 388 2778 443 Δ
2799 385 3074 458 pradictis
3098 385 3356 442 Kalendis
3379 383 3609 440 similiter
3624 400 3746 456 usque

539 511 610 563 ad
635 507 843 563 Pascha
865 507 1097 561 orimam
1124 503 1213 557 lux
1244 499 1482 561 inchoat,
1509 492 1708 548 exinde
1731 490 1866 546 solis
1897 499 2054 544 ortus
2089 492 2392 556 exspectat,
2413 481 2656 550 exceptis
2681 488 2894 548 tantum
2935 479 3126 535 diebus
3161 475 3512 540 solemnibus,
3547 479 3744 547 usquead

536 598 810 654 Kalendas
833 595 1172 659 Novembris,
1205 593 1258 645 in
1290 589 1486 660 quibus
1511 585 1750 654 reliquos
1778 581 1895 636 dies
1925 579 2169 634 imitatur
2211 574 2435 632 astatis.
2487 571 2596 628 Sed
2624 579 2680 626 et
2717 570 2770 626 in
2819 569 3252 640 Quadragesima
3295 567 3488 626 diebus
3501 567 3747 630 _itidemso-.

535 690 834 758 lemnibus,
865 699 924 744 ut
947 687 1149 744 diutius
1172 679 1408 740 orationi
1437 677 1624 733 vacari
1646 675 1844 745 possit,
1867 687 2008 744 pene
2029 685 2204 741 usque
2232 667 2298 722 ad
2325 675 2506 758 ortum
2532 662 2780 758 dili‘ertur
2802 662 2953 718 solis.
2977 661 3360 758 (laeterisvero
3385 661 3588 758 diebus,
3609 661 3750 758 quibus

535 791 763 838 tenetur
789 749 1081 851 capitulum
1114 791 1142 830 a
1171 771 1426 829 Kalendis
1450 765 1774 825 Novembris
1806 777 1980 834 usque
2007 763 2076 816 ad
2103 756 2608 851 Quadragesimam,
2657 752 2830 851 donec
2887 751 3064 851 possit
3094 752 3314 851 in-Iibro
3342 749 3466 820 legi,
3491 751 3744 851 proiciatur.

535 873 653 943 Qua
685 841 871 930 autem
899 873 1031 927 hora
1063 864 1330 923 a‘Pascba
1356 873 1528 931 usque
1557 858 1624 913 ad
1653 855 1924 912 Kalendas
1952 851 2206 912 Octobris
2223 841 2426 922 prima,
2455 847 2646 904 eadem
2677 862 2707 902 a
2727 846 2986 932 Kalendis
3011 845 3260 905 Octobris
3285 859 3458 916 usque
3481 845 3544 943 ad
3567 843 3748 912 Quadra-

533 941 741 1037 g-esima
770 966 928 1022 tertia
959 965 1228 1036 pulsatur,
1255 959 1370 1015 sole
1389 953 1726 1026 scilicet.[al.
1749 949 2042 1021 videlicet}
2064 962 2308 1006 summos
2331 945 2642 1002 irradiante
2660 952 2908 1000 montes.
2955 943 3202 1012 Spatium
3253 951 3436 998 autem
3465 941 3546 1037 vel
3575 957 3599 995 a
3623 943 3748 1010 prima

541 1035 714 1130 usque
740 1059 808 1113 ad
838 1035 1054 1112 tertiam
1087 1055 1284 1110 hiemis
1311 1059 1580 1121 tempore,
1616 1047 1706 1103 vel
1734 1061 1764 1102 a
1793 1043 2074 1100 matutinis
2099 1055 2273 1112 usque
2304 1040 2368 1096 ad
2398 1040 2628 1111 primam
2695 1045 2908 1105 astate,
2941 1038 3221 1102 exercitiis
3253 1035 3611 1110 Spiritualibus
3638 1053 3746 1092 unn-

533 1152 767 1220 cipatur.
791 1149 833 1204 A
875 1149 1036 1204 tertia
1089 1161 1226 1202 vero
1259 1159 1432 1214 usque
1461 1145 1528 1198 ad
1558 1149 1768 1197 sextam
1820 1139 2020 1204 hieme,
2053 1144 2110 1190 et
2140 1150 2170 1190 a
2201 1133 2384 1206 prima
2405 1146 2602 1204 usque.
2629 1132 2946 1190 adtertiam
2997 1141 3206 1198 astate,
3237 1145 3498 1190 manuum
3528 1131 3749 1199 deputatur

525 1240 802 1311 operibus.
835 1255 956 1310 qua
987 1247 1176 1293 tamen
1199 1249 1366 1307 opera
1394 1231 1650 1288 brevibus
1677 1229 1928 1285 volumus
1947 1224 2287 1283 orationibus
2318 1223 2678 1294 interrumpi.
2710 1233 2766 1280 et
2791 1239 2898 1296 qua
2917 1223 3029 1284 sibi
3059 1223 3346 1296 vicinitate
3371 1223 3426 1278 in
3458 1222 3619 1278 hieme
3641 1233 3752 1280 sexu

521 1339 578 1385 et
601 1346 761 1393 nona,
787 1331 976 1386 eadem
1007 1329 1061 1384 in
1091 1335 1282 1383 astate
1311 1322 1468 1378 tertia
1493 1329 1756 1388 sertaque
1784 1315 2134 1373 conveniunt.
2172 1311 2290 1368 Tali
2323 1319 2504 1369 autem
2537 1311 2679 1368 inter
2724 1327 2784 1368 se
2819 1314 2994 1385 spatio
3031 1323 3378 1383 separantur,
3407 1327 3513 1382 quo
3549 1315 3748 1384 regularis

519 1422 658 1478 hora
685 1431 742 1479 et
764 1425 884 1480 dua
911 1423 978 1478 de
1003 1422 1062 1478 S.
1098 1421 1266 1477 Maria
1291 1416 1509 1473 valeant
1535 1412 1816 1485 explicari.
1846 1410 2094 1483 Spatium
2117 1423 2248 1466 vero
2280 1408 2426 1478 quod
2455 1415 2622 1464 sexta
2653 1422 2918 1480 nonaque
2951 1408 3200 1474 interest,
3231 1423 3380 1469 nunc
3403 1407 3624 1474 brevius,
3649 1426 3754 1468 nunc

521 1515 752 1587 longius,
801 1515 968 1585 quieti
1014 1514 1310 1584 deputatur
1363 1517 1571 1566 astate.
1625 1506 1692 1562 Et
1725 1503 2104 1576 quod-nonam
2149 1515 2510 1573 vesperasque
2551 1501 2894 1558 disterminat
2923 1500 3022 1575 [aL
3051 1503 3436 1578 determinat],
3477 1505 3756 1562 manualibus

520 1619 819 1681 occupatur
843 1609 1118 1682 cperibus,
1152 1615 1473 1677 semperque
1517 1602 1572 1658 in
1601 1599 1980 1670 operandoad
2009 1597 2203 1652 breves
2242 1605 2300 1652 et
2325 1595 2482 1666 quasi
2513 1593 2787 1668 jaculatas
2824 1594 2952 1654 licet
2993 1596 3270 1662 orationes
3311 1613 3602 1657 recurrere.
3628 1601 3661 1656 A
3685 1619 3746 1660 ve-

521 1703 698 1778 speris
735 1718 910 1775 usque
936 1704 1005 1760 ad
1039 1698 1448 1773 completorium
1476 1693 1812 1768 spiritalibus
1835 1705 1999 1762 opera
2025 1689 2206 1746 datur.

1883 1778 2458 1840 COMMENTARIUS.-

519 1885 842 1954 matutinam
895 1885 1226 1942 credendum
1279 1891 1383 1940 est.
1455 1880 1513 1936 Si
1566 1892 1697 1950 ergo
1749 1883 2111 1946 supputentur
2139 1880 2190 1938 Α
2218 1877 2439 1934 citiures
2467 1876 2796 1950 ad-primam
2831 1877 3102 1951 pulsatur,
3125 1882 3273 1952 quod
3319 1881 3401 1938 sic
3447 1881 3746 1938 observabant

519 1974 668 2034 liora
701 1976 902 2046 quibus
940 1975 1174 2030 durabat
1201 1971 1448 2029 divinum
1477 1969 1712 2028 cilicium
1759 1976 2108 2032 nocturnum,
2213 1979 2274 2026 ut
2304 1981 2524 2042 possent
2549 1987 2677 2028 vere
2704 1981 2761 2028 et
2785 1973 2854 2028 ad
2882 1974 3120 2030 litteram
3150 1975 3354 2036 dicere,
3379 1974 3502 2029 Jam
3531 1976 3643 2030 lucis
3666 1985 3746 2032 orto

517 2065 790 2135 adiunctis
831 2069 1032 2141 vigiliis
1075 2069 1184 2124 illis
1213 2069 1280 2124 de
1305 2067 1506 2139 quibus
1542 2078 1708 2135 supra
1737 2061 1996 2125 diximus,
2027 2074 2114 2116 re-
2212 2061 2384 2118 sidere
2409 2103 2424 2130 ,
2453 2063 2510 2118 in
2539 2064 2744 2136 hymno
2765 2065 2858 2136 qui
2883 2066 3125 2136 quotidie
3153 2066 3220 2121 ad
3245 2066 3482 2138 primam
3513 2068 3692 2123 dicitur.

515 2160 790 2230 periemus
817 2151 920 2233 per
939 2162 1370 2233 experientiam,
1397 2175 1562 2232 quam
1598 2147 1764 2215 etiam
1799 2171 1947 2212 nunc
1975 2155 2113 2212 faci-
2281 2153 2421 2210 lhid.
2463 2153 2712 2225 Exceptis
2737 2163 2946 2209 tantum
2993 2156 3178 2212 diebus
3217 2157 3556 2212 solemnibus.
3593 2157 3748 2213 Sensus

515 2267 658 2316 mus,
693 2261 926 2319 quatuor
952 2254 1115 2308 horas
1146 2254 1386 2324 integras
1409 2250 1778 2309 communiter
1801 2247 2108 2316 numerari,
2213 2253 2299 2301 est
2331 2247 2474 2317 quod
2509 2247 2626 2303 dies
2674 2246 2946 2304 solemnes
2978 2248 3124 2304 inter
3167 2247 3445 2302 Kalendas
3471 2249 3688 2305 Octobris
3708 2257 3746 2303 et

517 2359 638 2414 qua
683 2339 744 2401 si~
777 2345 1068 2399 demantur
1115 2345 1182 2400 ab
1231 2345 1484 2400 undecim
1535 2342 1758 2398 circiter
1787 2341 1959 2406 horis,
1991 2356 2124 2409 quae-
2214 2336 2546 2395 Novembris
2577 2347 2954 2409 occurrentes,
2999 2339 3168 2396 ritum
3209 2341 3451 2396 dierum.
3483 2341 3748 2396 astivaliuut

515 2445 818 2496 excurrunt
839 2437 982 2512 inter
1005 2437 1238 2510 mediam
1264 2437 1630 2512 circiterpost
1651 2445 1859 2491 sextam
1887 2449 2112 2504 vespere
2211 2439 2590 2502 sequerentur.

521 2527 694 2602 tinam
743 2536 801 2584 et
851 2537 1060 2594 sextam
1108 2527 1451 2606 matutinum,
1481 2529 1764 2584 restabant
1816 2538 2023 2606 septem
2057 2533 2111 2581 et
2282 2523 2416 2579 Ibid.
2441 2523 2548 2579 Sed
2564 2532 2612 2578 et
2633 2523 2686 2578 in
2703 2521 3122 2594 Quadragesima
3143 2533 3198 2578 ut
3213 2525 3419 2580 diutius
3439 2525 3748 2590 orationi,etc.

515 2619 656 2674 ultra
697 2619 870 2686 hora,
919 2635 1038 2691 qua
1084 2620 1399 2690 dormitioni
1453 2618 1658 2692 absque
1709 2605 2112 2688 interruptione
2210 2616 2290 2672 Ex
2317 2618 2421 2672 hoc
2449 2617 2570 2672 loco
2605 2616 2968 2672 obstruuntur
2993 2631 3090 2672 ora
3121 2631 3316 2674 eorum
3348 2618 3446 2689 qui
3471 2617 3642 2678 dicunt
3663 2617 3754 2672 nul-

513 2719 672 2770 erant
697 2711 985 2786 deputata.
1031 2711 1138 2768 Sed
1179 2713 1232 2768 iu
1277 2711 1645 2768 vetustissimo
1690 2711 1876 2766 codice
1909 2709 2106 2779 reperi-

512 2819 636 2872 mus
663 2804 925 2876 scriptum
945 2845 960 2871 ,
989 2803 1134 2878 quod
1164 2804 1310 2859 circa
1340 2802 1540 2876 festum
1589 2799 1842 2858 Omnium
1875 2799 2106 2856 Sancto-

511 2911 633 2964 rum
672 2904 796 2966 octo
839 2897 988 2953 hora
1033 2913 1140 2953 non
1181 2895 1500 2968 interrupta
1529 2893 1844 2950 dormitioni
1884 2893 2107 2964 deputa-

509 2986 728 3042 hantur.
1981 2971 1984 2974 i

581 3079 986 3154 Quo-tempore
1032 3079 1262 3134 mutatio
1309 3077 1399 3134 illa
1441 3077 1586 3134 facta
1625 3077 1696 3134 sit
1734 3085 1942 3132 certum
1995 3089 2100 3132 non

509 3168 793 3240 habemus,
820 3183 982 3240 quam
1022 3177 1199 3242 tamen
1231 3167 1496 3224 ducentos
1522 3179 1696 3222 annos
1719 3165 1808 3220 vix
1841 3179 2102 3234 superare

510 3261 803 3325 credimus,
833 3275 957 3316 cum
989 3261 1056 3314 ad
1088 3275 1306 3315 manum
1335 3259 1635 3316 habeamus
1661 3247 2100 3327 manuscriptum

509 3350 771 3416 codicem,
795 3351 892 3420 qui
915 3365 1022 3405 non
1052 3351 1187 3406 adeo
1215 3359 1460 3406 vetustus
1483 3357 1730 3421 apparet,
1754 3349 1845 3404 ubi
1875 3348 1940 3404 de
1970 3348 2100 3402 dor-

508 3441 740 3514 mitione
758 3442 1373 3498 diurnamonachorum
1401 3457 1510 3498 non
1549 3439 1962 3497 interturbanda
1999 3453 2104 3509 per

507 3531 829 3608 discursum
857 3533 972 3592 sive
1016 3535 1478 3591 deambulationes
1519 3535 1574 3590 in
1616 3533 1857 3590 claustro
1905 3547 2100 3588 omnes

407 3647 410 3650 ’
507 3635 751 3684 astantes
795 3628 850 3684 in
894 3627 1135 3700 capitqu
1164 3628 1424 3698 generalis
1451 3627 1598 3683 inter
1623 3625 1730 3682 alia
1760 3641 1981 3682 monere
2006 3639 2098 3680 so-

505 3717 701 3775 lemus.
730 3717 933 3774 Eodem
971 3727 1151 3774 autem
1193 3727 1436 3788 tempore
1473 3732 1581 3787 quo
1611 3717 1861 3772 ordinem
1885 3715 2100 3788 vigilia-

505 3824 625 3880 rum
641 3825 740 3881 per
759 3809 933 3866 somni
955 3809 1358 3866 intercisionem
1376 3817 1642 3863 mutatum
1664 3821 1784 3864 esse
1799 3807 2097 3874 credimus,

504 3899 850 3958 dormitionis
905 3902 1112 3958 diurna
1152 3900 1602 3958 consuetudinem
1646 3899 1812 3956 etiam
1853 3913 2105 3956 cessasse

505 4002 783 4060 putamus.

529 4074 536 4080 ’
577 4083 695 4152 Qua
742 4083 953 4140 ratione
983 4084 1212 4140 mutatio
1257 4085 1346 4140 illa
1391 4085 1736 4155 antiquarum
1782 4083 2098 4154 vigiliarum

507 4193 563 4232 .n
591 4177 923 4233 austeriores
946 4191 1012 4232 ex
1037 4177 1384 4233 intercisione
1409 4177 1586 4232 somni
1616 4175 1756 4232 facta
1781 4177 1872 4242 sit,
1905 4177 2097 4232 nuliibi

505 4269 772 4342 scriptum
790 4271 1119 4342 reperimus,
1143 4271 1237 4326 sed
1259 4269 1582 4338 conjicimus
1603 4269 1655 4325 id
1677 4269 1882 4326 factum
1909 4270 2095 4338 fuisse,

505 4371 590 4428 ut,
621 4361 749 4418 licet
777 4377 844 4419 ex
865 4363 969 4419 isto
999 4363 1284 4419 dimidiato
1305 4377 1496 4418 somno
1527 4371 1723 4418 natura
1745 4362 1949 4434 aliquid
1979 4378 2098 4418 ma-

498 4453 637 4524 ioris
685 4457 828 4513 tadii
879 4465 1198 4529 pateretur,
1245 4457 1392 4514 vires
1439 4466 1620 4512 tamen
1666 4457 1832 4512 animi
1868 4473 1936 4513 ex
1985 4467 2096 4512 tam

501 4545 660 4619 longa
698 4547 1058 4620 applicatione
1097 4549 1166 4644 ad
1204 4547 1458 4603 diurnum
1501 4547 1760 4616 cilicium,
1787 4548 1930 4644 quod
1977 4547 2092 4604 fere
2122 4584 2164 4644 α

506 4645 637 4692 tunc
682 4645 950 4694 nocturno
987 4636 1337 4707 coniunctum
1376 4646 1526 4703 erat,
1558 4654 1665 4693 non
1697 4638 1859 4694 nimis
1897 4636 2094 4710 fatiga-

501 4735 714 4796 rentur,
757 4737 813 4784 et
855 4743 954 4800 per
1003 4730 1178 4784 somni
1229 4731 1693 4801 interpositionem
1743 4730 1980 4786 discrete
2017 4731 2096 4786 sic

500 4828 774 4892 reparata
804 4831 1289 4888 conservarentur;
1317 4824 1556 4880 maxime
1576 4813 1702 4881 eum
1731 4833 1924 4880 cantus
1951 4823 2095 4880 Gre-

501 4912 761 4981 goriauus
805 4915 948 4985 apud
983 4929 1083 4970 nos
1121 4915 1176 4969 in
1209 4929 1308 4972 usu
1349 4923 1494 4972 esset
1533 4917 1714 4986 (quem
1763 4915 2097 4988 temporibus

501 5005 804 5074 primorum
848 5009 1073 5067 Patrum
1123 5011 1420 5069 admissum
1463 5013 1633 5070 fuisse
1669 5015 1724 5069 in
1763 5014 1955 5069 ordine
1985 5027 2092 5068 non

501 5099 822 5172 credimus),
848 5109 903 5157 et
949 5119 1014 5158 eo
1047 5113 1208 5160 cantu
1249 5105 1410 5162 cilicii
1452 5107 1620 5164 divini
1660 5107 1947 5180 prolixitas
1985 5121 2094 5164 non

501 5189 856 5246 mediocriter
879 5203 1042 5248 aucta
1071 5194 1282 5251 fuisset.

571 5281 735 5339 Num.
760 5283 814 5339 5.
841 5285 884 5338 Δ
908 5287 1173 5356 prmdiclis
1203 5287 1458 5344 Kalendis
1486 5291 1711 5358 primam
1741 5291 1834 5346 (ua:
1860 5289 2092 5344 inchoat.

497 5373 626 5431 Inde
660 5377 931 5450 colligitur
957 5379 1098 5450 quod
1129 5382 1274 5438 brevi
1303 5363 1592 5437 intervallo
1635 5391 1759 5454 post
1797 5381 2089 5436 matutinas

499 5461 666 5532 facto,
699 5467 788 5525 die
815 5467 978 5539 paulo
1003 5470 1232 5544 amplius
1260 5471 1461 5538 lucida,
1491 5473 1596 5526 hac
1615 5473 1739 5527 anni
1767 5479 1943 5541 parte,
1973 5471 2092 5540 pul-

497 5567 712 5613 saretltr
744 5563 812 5616 ad
839 5561 1093 5633 primam.
1123 5563 1336 5618 Exinde
1364 5561 1492 5615 solis
1533 5569 1680 5616 ortus
1721 5569 2005 5629 exspectat.
2034 5561 2090 5617 Id

496 5656 585 5706 est
623 5649 798 5708 altera
841 5650 972 5708 anni
1007 5661 1162 5722 parte
1193 5667 1224 5707 a
1261 5649 1472 5705 Pascha
1503 5663 1674 5719 usque
1716 5651 1783 5704 ad
1823 5648 2090 5707 Kalendas

497 5739 778 5813 Octobris,
805 5745 1101 5801 secundum
1139 5743 1324 5809 varios
1353 5739 1481 5796 solis
1521 5751 1672 5796 ortus
1707 5740 1971 5796 tardiores
1998 5751 2089 5798 aut

2211 2709 2321 2764 lum
2352 2723 2617 2780 apparere
2651 2715 2870 2780 tempus
2913 2707 3197 2779 praeﬁxum
3229 2709 3372 2780 apud
3415 2707 3758 2764 Carthusianus

2209 2815 2310 2870 pro
2325 2802 2578 2856 oratione
2601 2800 2828 2858 mentali
2843 2818 2872 2867 ;.
2889 2801 3087 2872 quibus
3111 2800 3358 2855 breviter
3387 2800 3750 2869 respondemus,

2211 2891 2374 2947 istam
2437 2892 2700 2962 temporis
2750 2905 3066 2962 expressam
3115 2890 3626 2946 determinationem
3667 2888 3756 2944 fere

2209 2983 2539 3054 snperlluam
2583 2985 2756 3040 visam
2803 2984 2970 3040 fuisse
2994 2983 3060 3040 Il.
3097 2983 3248 3039 Patri
3296 2983 3616 3056 Guigoni-et
3641 2981 3752 3048 aliis,

2209 3077 2336 3146 quia
2365 3078 2472 3132 vita
2509 3077 2636 3132 boni
2669 3075 3020 3131 Garthusiani
3059 3084 3146 3134 est
3181 3076 3364 3132 oratio
3403 3075 3641 3130 mentalis
3662 3072 3756 3128 fere

2211 3171 2454 3237 assidua,
2489 3171 2740 3240 quamvis
2766 3187 2838 3226 ex.
2863 3172 2963 3226 hoc
2999 3170 3124 3226 loco
3153 3170 3506 3241 perspicuum
3531 3169 3613 3236 sit,
3641 3181 3760 3224 seru-

2207 3277 2315 3334 per.
2333 3263 2384 3316 in
2413 3263 2604 3316 ordine
2635 3271 2848 3333 tempus
2881 3263 2946 3316 ad
2973 3262 3080 3318 hoc
3103 3263 3254 3332 pium
3281 3261 3600 3332 exercitium
3623 3257 3762 3316 fuisse

2205 3353 2516 3424 Specialiter
2543 3353 2900 3425 assignatum.

2275 3445 2412 3500 Ibid.
2450 3443 2670 3500 Ca’teris
2694 3463 2810 3501 vero
2837 3447 3019 3501 diebus
3047 3447 3238 3518 quibus
3265 3455 3472 3502 tenetur!
3493 3444 3758 3517 capitulum.

2204 3536 2258 3592 Id
2289 3545 2374 3591 cst
2419 3535 2572 3592 festis
2604 3553 2724 3606 qua
2756 3537 2876 3592 ideo
2917 3537 3136 3608 capituli
3165 3553 3448 3605 vocamus,
3479 3539 3600 3609 quia
3631 3539 3676 3592 in
3699 3537 3760 3592 eis

2206 3646 2422 3702 semper
2451 3631 2748 3702 capitulum
2787 3639 3022 3696 tenetur,
3049 3632 3224 3687 Donec
3243 3633 3414 3703 possit.
3441 3635 3496 3687 in
3524 3632 3644 3687 libro
3661 3631 3760 3700 legi,-

2203 3723 2256 3779 id
2309 3733 2392 3780 est
2439 3725 2584 3780 circa
2637 3732 2850 3779 sextam
2907 3724 3096 3778 horam
3133 3742 3146 3777 :
3179 3723 3351 3792 quod;
3382 3724 3559 3780 adhuc
3601 3721 3754 3777 eodem

2207 3817 2370 3872 modo
2392 3832 2420 3870 a
2451 3815 2610 3871 nobis
2651 3817 3006 3883 observatur,
3036 3827 3266 3887 excepto
3312 3815 3444 3874 solis
3489 3827 3604 3872 ortu
3629 3827 3755 3883 quem

2203 3919 2394 3966 astate
2426 3911 2534 3980 jam
2581 3909 2738 3981 sequi
2775 3925 2883 3965 non
2921 3925 3214 3981 possumus
3255 3919 3482 3982 propter
3519 3907 3672 3966 somni
3691 3907 3758 3960 iu-

2203 4001 2508 4056 troductam
2545 4001 3020 4070 interruptionem.
3072 4000 3276 4056 Eadem
3317 4001 3466 4056 enim
3511 4000 3616 4056 fere
3649 3999 3760 4052 hora

2203 4108 2307 4164 qua
2355 4095 2650 4164 surgebant
2685 4103 2875 4150 astate
2907 4094 3114 4163 antiqui
3153 4091 3384 4158 Patres,
3417 4107 3518 4148 nos
3560 4096 3756 4146 stratum

2201 4193 2324 4257 post
2351 4184 2654 4256 persolutas
2681 4185 2980 4241 matutinas
3003 4199 3148 4238 nunc
3179 4185 3495 4253 repetimus.

2273 4277 2408 4333 Ibid.
2442 4275 2561 4344 Qua
2584 4287 2756 4332 autem
2785 4277 2918 4332 hora
2943 4295 2976 4332 a
3003 4277 3212 4332 Pascha
3237 4293 3404 4343 usque
3429 4272 3756 4331 att-Kalendas

2203 4370 2446 4427 Octobris
2464 4411 2479 4436 ,
2507 4379 2614 4425 etc.
2655 4369 2777 4426 Sole
2809 4371 3046 4426 videlicet
3075 4386 3310 4426 summos
3337 4368 3618 4424 irradiante
3633 4379 3755 4419 mon-

2201 4471 2299 4518 tes.
2332 4461 2448 4518 Non
2479 4463 2548 4518 de
2577 4477 2684 4517 uno
2711 4471 2922 4517 tantum
2953 4469 3140 4516 monte
3161 4461 3424 4532 loquitur,
3457 4460 3548 4516 sed
3575 4457 3640 4513 de
3657 4453 3756 4524 plu-

2203 4551 2370 4607 ribus.
2397 4551 2494 4608 Est
2518 4559 2700 4606 autem
2725 4565 2888 4621 rupes
2915 4551 3184 4606 altissima
3211 4561 3428 4616 vocata,
3453 4550 3504 4604 la
3524 4549 3683 4620 pointe
3697 4545 3756 4597 ds

2199 4639 2357 4709 Hirti,
2385 4657 2450 4696 ac
2474 4641 2517 4697 si
2555 4641 2852 4708 diceretur,
2883 4657 3012 4696 acus
3051 4641 3449 4696 meridionalem
3473 4640 3652 4693 lineam
3683 4635 3758 4686 deo

2197 4735 2435 4804 signans,
2461 4732 2548 4788 cui
2582 4732 2760 4788 radios
2789 4731 2966 4803 inﬁgit
2995 4732 3078 4787 sol
3110 4731 3298 4786 statim
3343 4741 3506 4802 atque
3533 4731 3758 4785 ortus-est

2199 4827 2253 4881 in
2301 4827 2490 4882 astivo
2537 4823 2790 4890 solstitio,
2817 4824 2980 4896 paulo
3029 4833 3154 4894 post
3200 4833 3478 4893 quartam,
3509 4821 3598 4878 sed
3623 4825 3755 4873 ante-

2197 4933 2362 4989 quam
2401 4925 2613 4974 montes
2667 4916 2747 4973 sie
2803 4917 2913 4972 sint
2965 4915 3228 4971 irradiati
3269 4914 3404 4970 hora
3453 4914 3632 4985 quinta
3669 4916 3756 4970 est.

2197 5013 2341 5068 unde
2363 5013 2666 5084 colligimus
2685 5011 2832 5084 quod
2853 5019 3040 5068 astate
3059 5011 3203 5066 inter
3219 5010 3385 5065 linem
3403 5008 3756 5064 matutiuarum

2197 5113 2256 5164 et
2282 5107 2514 5178 primam
2539 5105 2631 5162 vix
2658 5119 2803 5176 sape
2841 5105 2986 5160 hora.
3002 5104 3392 5170 intercederet,
3419 5102 3506 5157 vel
3542 5101 3606 5156 ad
3629 5111 3756 5154 sum-

2197 5213 2347 5254 mum
2377 5197 2509 5254 hora
2538 5203 2594 5252 et
2623 5195 2823 5251 media.

2269 5287 2404 5343 Ibid.
2437 5285 2718 5342 Exercitiis
2741 5285 3128 5358 spiritualibus.
3150 5285 3296 5342 Ecce
3329 5298 3590 5356 expresse
3621 5287 3756 5336 nota-

2195 5388 2310 5435 tmn
2342 5388 2557 5450 tempus
2585 5379 2654 5434 ad
2696 5379 3002 5436 orationem
3045 5377 3342 5434 mentaiem
3377 5386 3432 5433 et
3459 5378 3668 5434 devotas
3692 5371 3756 5424 le-

2194 5471 2403 5529 ctiones
2443 5472 2585 5543 apud
2627 5487 2728 5528 nos
2769 5487 2986 5542 semper
3025 5471 3292 5540 assignari
3342 5469 3578 5527 solitum.
3623 5465 3686 5519 Et
3715 5460 3752 5516 si

2194 5563 2380 5634 plures
2405 5565 2554 5619 hora
2587 5565 2822 5620 orationi
2857 5563 3084 5620 mentali
3117 5562 3494 5633 impendenda
3517 5557 3648 5629 apud
3669 5566 3754 5608 nos

2195 5671 2303 5711 non
2333 5655 2707 5726 assignentur,
2736 5657 3049 5712 meminerit
3075 5654 3269 5723 lector,
3299 5655 3468 5710 vitam
3493 5649 3608 5708 boni
3635 5644 3756 5700 Car-

2196 5748 2432 5808 thusiani
2478 5749 2680 5807 dictam
2721 5765 2750 5808 a
2797 5752 2990 5828 nobis“
3014 5765 3180 5822 supra
3230 5747 3426 5818 luisse,
3473 5743 3766 5803 orationem.
