3894 6298
169 351 255 408 701
1473 343 2066 404 ΕΟΝΕΗΕΤΕΒΙΝΕΒ.

3278 343 3393 401 702:.

229 463 280 520 ι.
312 461 364 516 In
388 455 731 526 completorio
771 463 950 513 autem
987 453 1250 528 pulsando
1276 455 1404 513 illud
1433 459 1751 525 attenditur,
1785 469 1844 516 ut
1870 460 2086 532 quando
2121 458 2242 529 plus
2281 457 2524 514 differtur
2552 475 2673 514 cum
2705 459 2882 515 adhuc
2923 458 3022 529 legi
3063 468 3235 530 potest
3265 458 3380 528 pul-

165 565 312 615 setur.
348 548 468 604 Post
499 545 652 617 cujus
693 545 853 602 ﬁnem
893 548 1137 604 oratione
1176 547 1452 604 Doniinica
1491 557 1573 620 ter
1604 559 1807 617 tantum
1848 567 1972 622 cum
2014 551 2301 606 devotione
2332 550 2500 616 finita,
2537 567 2878 620 nequaquam
2916 550 3054 604 ultra
3085 550 3393 618 dill‘erimus,

166 643 416 702 accubare.

224 734 270 791 5.
307 731 417 787 Non
443 730 582 787 enim
611 744 891 786 monemur
910 728 1102 792 solum,
1131 725 1226 782 sed
1251 732 1308 780 et
1325 725 1600 797 iubemur.
1626 727 1782 784 horis
1808 729 1874 784 ad
1897 729 2133 799 quietem
2164 730 2434 801 deputatis
2453 730 2761 786 dormitioni
2786 745 3039 801 maguum
3071 727 3398 798 impendere.

161 824 390 895 studium,
419 837 523 892 quo
552 821 880 891 temporibus
904 819 1114 874 caeteris
1143 818 1396 873 alacriter
1419 819 1644 888 vigilare
1668 820 1962 889 possimus.

218 917 264 972 6.
297 912 620 971 Generaliter
666 920 845 966 autem
890 911 941 965 in
983 909 1213 965 ecclesia
1250 909 1546 964 matutinas
1583 918 1636 965 et
1680 923 1967 980 vesperas,
1999 911 2054 966 in
2089 911 2244 967 cellis
2272 927 2405 968 vero
2434 928 2648 984 semper
2677 913 3098 984 completorium,
3131 910 3382 975 dicimus.

157 1007 283 1065 Alias
304 1004 462 1072 enim,
494 1001 600 1066 nisi
627 999 837 1074 festivis
873 998 1092 1073 diebus,
1121 1005 1215 1055 aut
1239 997 1476 1077 vigiliis,
1493 1008 1588 1071 aut
1620 999 2009 1066 anniversariis
2041 1000 2109 1055 ad
2136 1001 2556 1070 ecclesiamnoa
2592 1003 2858 1073 venimus.

1458 1176 1859 1235 GAPITULUM
1905 1177 2075 1234 XXX.

656 1297 735 1354 De
763 1298 842 1352 his
871 1297 978 1368 qui-
1005 1295 1060 1350 in
1090 1293 1222 1349 cella
1257 1292 1592 1347 manentibus
1622 1293 1918 1362 importune
1944 1308 1999 1344 se
2041 1290 2308 1361 ingerunt,
2341 1299 2390 1345 et
2425 1291 2489 1344 de
2519 1293 2844 1362 coquinaria.

217 1396 264 1449 ὓ.
287 1392 339 1449 Si
365 1389 560 1462 aliquis
586 1389 927 1461 importunus
955 1385 1020 1440 ad
1049 1383 1240 1440 cellam
1270 1381 1506 1446 venerit,
1537 1381 1622 1438 vel
1655 1381 1896 1451 nutibus,
1919 1379 2026 1447 vel,
2052 1379 2096 1433 si
2124 1394 2230 1433 non
2260 1379 2538 1450 intelligit,
2563 1381 2743 1435 verbis
2765 1383 2831 1436 ad
2853 1381 3226 1453 coquinarium
3255 1398 3396 1440 eum.

153 1485 417 1548 mittimus;
449 1481 681 1551 amplius
703 1495 824 1537 cum
848 1479 937 1534 illo
959 1476 1056 1550 [aL
1088 1475 1201 1548 eo],
1232 1474 1338 1530 nisi
1363 1473 1523 1543 jussi,
1556 1489 1660 1529 non
1685 1473 1979 1542 loquimur,
2011 1487 2126 1527 nec.
2141 1472 2187 1525 si
2211 1472 2279 1526 sit
2307 1486 2620 1541 germanus.

209 1579 256 1632 2.
283 1574 631 1646 Coquinarius
660 1581 846 1627 autem
891 1580 1102 1641 portam
1143 1575 1345 1633 servat,
1388 1557 1799 1621 advenientibus
1848 1564 2140 1634 respondet
2165 1603 2180 1629 _.
2225 1562 2626 1632 eleemosynam
2675 1570 2919 1632 petentes
2961 1564 3027 1617 ad
3069 1562 3395 1619 inferiorem.

153 1668 440 1726 transmittit
466 1667 705 1720 domum.
730 1663 930 1719 Domos
955 1670 1016 1718 et-
1032 1661 1282 1716 universa
1308 1674 1427 1728 quae
1448 1658 1516 1713 ad
1538 1673 1856 1714 communes
1877 1672 2006 1712 usus
2027 1655 2304 1726 pertinent
2332 1655 2587 1710 custodit.
2618 1653 2788 1711 Porro
2818 1656 3066 1725 coquina:
3096 1658 3395 1741 terminos...

151 1763 319 1834 ostium
344 1757 593 1821 videlicet
622 1754 919 1823 refectorii,
949 1769 1058 1826 quo
1083 1753 1152 1810 ad
1165 1751 1591 1831 camitenditur,
1616 1765 1788 1806 nemo
1805 1748 2108 1821 nisi-jussus
2135 1747 2557 1820 transgreditur,

1488 1922 2078 1993 60MMENTARIUS-,_

153 2105 406 2165 mentalem
437 2101 775 2170 continuam,
803 2109 964 2174 prout
1009 2100 1195 2162 statim
1239 2099 1472 2171 amplius
1500 2098 1696 2171 proba-
1723 2101 1771 2162 Λ
1801 2097 2023 2158 circiter
2065 2097 2289 2168 septima
2332 2099 2510 2155 adhuc
2543 2103 2722 2168 potest
2752 2095 2805 2151 in
2837 2097 2976 2154 libro
3015 2099 3142 2172 legi,
3177 2109 3230 2155 et
3277 2100 3401 2157 hoe.

344 2286 389 2341 Α
413 2287 567 2342 tertia
595 2303 714 2342 vero
749 2302 913 2358 usque
941 2285 1242 2341 ali-sextam.
1265 2284 1454 2351 hieme,
1484 2291 1591 2340 etc.
1615 2282 1694 2338 Ibi

145 2380 284 2436 habes
306 2390 510 2449 tempus
529 2377 786 2448 operibus
803 2376 1142 2432 manualihus
1164 2392 1322 2432 mane
1337 2377 1696 2445 assignatum,

145 2486 243 2541 qua:
266 2484 530 2540 nunquam
557 2469 628 2523 ab
648 2469 914 2524 orationis
944 2468 1126 2524 studio
1149 2471 1291 2539 apud
1324 2483 1422 2522 nos
1446 2466 1690 2537 separari

144 2552 338 2618 debent.
372 2570 428 2617 et
469 2559 549 2616 sic
590 2560 746 2616 nobis
781 2561 1002 2616 exhibet
1037 2560 1105 2615 Β.
1146 2559 1206 2614 Ρ.
1244 2559 1418 2630 Guigo
1456 2558 1694 2629 qualiter

144 2654 279 2710 verba
323 2653 408 2708 illa
453 2653 660 2708 Christi
690 2653 964 2724 possimus
1006 2662 1064 2708 et
1096 2653 1390 2708 debeamus
1425 2651 1688 2723 implere:

145 2742 325 2814 Oportet
349 2761 548 2815 semper
569 2761 724 2799 orare
749 2755 796 2799 et
829 2761 932 2799 non
961 2744 1184 2812 deﬁcere
1213 2743 1368 2815 (Luc.
1401 2744 1582 2813 xvm).

199 2835 312 2889 Ibid.
329 2835 391 2888 Et
405 2850 508 2904 qua
521 2834 623 2889 sibi
635 2835 895 2890 uicinitate
907 2834 1136 2888 inhiente
1149 2841 1296 2888 sexta
1309 2843 1364 2888 .et
1381 2849 1543 2898 nona,
1556 2839 1662 2888 etc.
1673 2870 1690 2898 ,

140 2925 315 2979 ualeant
365 2925 638 2994 explicari.
695 2924 802 2980 Per
848 2923 1147 2994 regularem
1202 2924 1392 2979 horam
1441 2923 1692 2994 intelligit

139 3015 336 3070 olIlcium
359 3015 484 3081 diei,
505 3023 562 3070 et
583 3029 681 3085 per
694 3015 828 3070 duas
847 3015 914 3070 de
935 3014 994 3069 S.
1013 3013 1180 3070 Maria
1201 3015 1456 3085 intelligit
1479 3023 1688 3069 sextam

140 3114 183 3164 et
205 3120 382 3162 nonam
407 3106 484 3162 de.
509 3107 572 3161 Β.
606 3105 772 3160 Maria
801 3122 816 3172 ;
851 3106 994 3162 unde
1021 3105 1361 3162 concluditur
1390 3106 1533 3176 quod
1561 3120 1688 3175 spa-

140 3198 248 3252 tium
267 3198 398 3254 inter
417 3207 630 3255 sextam
655 3207 844 3254 testate
881 3205 1000 3254 erat
1028 3206 1238 3254 tantum
1263 3199 1452 3254 mediae
1474 3199 1692 3254 circiter

139 3288 294 3344 Itone:
324 3303 448 3344 nam
479 3289 560 3344 ad
581 3289 668 3343 illa
707 3303 874 3358 parva
901 3287 1078 3344 ofﬁcia
1110 3289 1302 3344 devote
1332 3287 1690 3358 persolvenda

136 3379 300 3434 medim
325 3380 472 3435 horae
495 3389 709 3434 tantum
740 3379 917 3450 spatio
945 3394 1082 3449 opus
1104 3387 1209 3434 est.

1796 2190 1934 2245 bene
1981 2192 2275 2246 concordat
2317 2207 2443 2246 cum
2491 2193 2695 2263 vigilia,
2729 2208 2849 2262 qua:
2892 2209 2997 2262 per,
3024 2193 3379 2265 Regulams.

1793 2281 2069 2338 Benedicti
2100 2287 2435 2355 assignatur.
3133 2271 3140 2278 ’

1865 2373 2024 2428 Num.
2056 2375 2110 2428 5.
2153 2375 2275 2429 Non
2310 2378 2446 2430 enim
2487 2393 2760 2432 monemur
2795 2377 2998 2440 solum,
3029 2378 3120 2433 sed
3147 2387 3196 2432 et
3218 2378 3380 2446 jube-

1793 2481 1934 2528 mur,
1967 2475 2073 2520 etc.
2123 2465 2258 2520 IIiuc
2286 2467 2574 2536 probatum
2604 2467 2868 2522 habemus
2894 2468 3145 2536 spiritum
3173 2465 3384 2522 ordinis

1794 2570 1823 2608 a
1856 2556 2013 2611 nobis
2037 2556 2256 2628 exigere
2285 2567 2343 2610 ut
2377 2557 2512 2618 nihil
2537 2572 2607 2612 ex
2634 2559 2850 2628 propria
2889 2558 3173 2618 voluntate,
3205 2559 3384 2612 detra-

1793 2649 1923 2704 here
1962 2659 2292 2704 attentemns
2337 2651 2440 2706 sub
2490 2650 2733 2720 quolibet
2778 2661 3080 2720 prmtextu,
3125 2637 3425 2709 subsidiis.-

1794 2739 2167 2808 corporalibus
2207 2755 2326 2808 qum
2367 2741 2500 2794 ordo
2549 2740 2802 2807 instituit,
2833 2743 2974 2809 quod
3012 2750 3098 2796 est
3128 2742 3384 2796 maxima:

1793 2831 2138 2886 discretionis
2179 2831 2476 2896 indicium,
2501 2847 2661 2902 quam
2693 2833 2772 2887 sic
2815 2835 3126 2888 necessario
3156 2848 3384 2888 servan-

1793 2920 1916 2974 dam
1947 2936 2090 2984 esse,
2116 2921 2260 2976 circa
2295 2922 2418 2976 vitre
2439 2921 2694 2976 solitaria:
2721 2921 3056 2992 professores
3083 2923 3216 2977 bene
3249 2923 3383 2979 diriv.

1791 3011 2012 3079 gendos,
2029 3011 2248 3080 proprio
2269 3013 2641 3081 experimento
2664 3013 2908 3067 sciebant
2929 3014 3136 3089 antiqui
3164 3014 3377 3082 Patres,

1793 3109 1853 3156 ut
1883 3100 1936 3154 in
1961 3101 2063 3156 hac
2094 3110 2268 3172 parte,
2301 3117 2401 3156 nec
2432 3101 2596 3156 ullum
2629 3104 3037 3159 exercitationis
3068 3114 3162 3158 aut
3193 3105 3382 3168 morti-

1792 3192 2058 3250 ficationis
2085 3194 2257 3249 zelum
2282 3195 2575 3250 admittere
2604 3195 2822 3251 vellent.
2855 3196 3008 3263 Quod
3034 3197 3266 3265 amplius
3293 3213 3362 3252 ex

1791 3298 1912 3354 cap.
1935 3284 2005 3340 35
2034 3286 2374 3355 probabitur.

1861 3373 2023 3429 Num.
2046 3374 2098 3428 6.
2131 3374 2456 3430 Generaliter
2470 3387 2643 3431 autem
2673 3377 2727 3431 in
2758 3377 2992 3432 Ecclesia
3017 3380 3304 3444 matutinas
3332 3390 3380 3434 et

194 3470 309 3525 Ibid.
327 3469 563 3540 Spatium
583 3488 702 3526 vero
716 3471 855 3542 quod
871 3471 1683 3541 sexta:nonrequeinterest,etc.,
1719 3483 1763 3543 Β
1795 3482 2052 3536 uesperas,
2077 3477 2180 3521 etc.
2223 3469 2294 3522 De
2323 3469 2488 3523 missa
2531 3469 2662 3523 nihil
2703 3468 2932 3524 habetur
2963 3475 3016 3524 in
3049 3471 3235 3525 codice
3276 3471 3380 3524 im-

137 3561 270 3629 quieli
297 3563 595 3632 deputatur.
637 3563 777 3618 Ecce
812 3562 1067 3617 dormitio
1107 3563 1297 3616 diurna
1342 3578 1442 3632 pro
1483 3563 1688 3619 mstatis

135 3659 342 3722 tempore
371 3655 670 3724 assignata,
703 3655 768 3708 de
792 3667 896 3722 qua
923 3651 1033 3721 jam
1061 3652 1297 3707 diximus
1328 3667 1446 3722 cap.
1471 3653 1527 3717 7,
1553 3670 1605 3707 n.
1629 3653 1684 3708 8.

189 3743 308 3799 Ibid.
331 3744 394 3799 Et
417 3747 559 3817 quod
583 3762 775 3800 nonam
797 3761 1158 3816 ruperatque,
1179 3755 1306 3804 elc..
1327 3745 1684 3800 mammlibns.

136 3831 247 3891 llinc
266 3845 406 3906 patet
429 3837 578 3908 quod
600 3839 682 3894 bis
705 3838 759 3893 in
781 3838 870 3893 die
894 3837 1136 3908 quolibet
1165 3847 1407 3908 tempore
1431 3839 1686 3908 operibus

135 3929 437 3986 manualibus
460 3930 717 3986 monachi
746 3930 887 4000 apud
909 3945 1007 3986 nos
1032 3939 1309 3997 vacarent,
1333 3930 1499 3985 semel
1529 3945 1688 3986 mane

133 4024 181 4069 ut
205 4033 349 4090 Supra
386 4020 616 4084 dicitur,
650 4029 706 4076 et
729 4021 907 4076 semel
937 4035 1186 4092 vespere,
1232 4019 1377 4077 inter
1411 4035 1606 4077 nonam
1631 4029 1687 4077 et

134 4120 374 4177 vesperas.

186 4199 302 4255 Ibid.
331 4202 369 4254 Α
396 4203 626 4268 vesperi:
665 4219 828 4274 usque
866 4203 937 4256 ad
973 4203 1368 4274 completorium
1395 4205 1684 4275 spirituali-

130 4290 222 4356 ιω,
240 4301 337 4347 etc.
360 4294 498 4349 Ecce
525 4293 702 4350 adhuc
724 4303 934 4366 tempus
955 4282 1272 4368 designatur
1290 4297 1356 4351 ad
1380 4297 1682 4352 orationem

129 4389 171 4434 et
194 4383 437 4438 exercitia
465 4384 793 4453 spiritualia.

182 4469 324 4526 Num.
355 4473 409 4527 Α.
465 4473 536 4526 1η
582 4474 918 4545 completorio
960 4475 1172 4540 autem',
1204 4482 1336 4541 etc.,
1367 4485 1422 4529 ut
1470 4477 1683 4546 quando

125 4561 221 4627 plus
243 4564 502 4632 differtur.
537 4563 690 4631 Nihil
721 4575 929 4620 certum
975 4582 1042 4621 ex
1085 4566 1187 4620 hoc
1230 4565 1350 4620 loco
1396 4581 1684 4635 possumus

126 4653 348 4723 colligere
371 4657 520 4712 circa
549 4657 742 4710 horam
765 4672 870 4726 qua
898 4657 965 4712 ad
989 4657 1398 4728 completorium
1432 4657 1676 4728 pulsaba-

125 4750 196 4796 tur
223 4747 420 4802 testatis
458 4756 730 4816 tempore;
763 4763 887 4802 nam
916 4749 984 4803 de
1014 4747 1191 4802 hieme
1226 4747 1278 4802 id
1306 4756 1484 4817 potest
1521 4747 1683 4804 facile

1791 3575 2009 3630 presso;
2043 3569 2097 3614 at
2129 3560 2180 3614 in
2209 3561 2576 3615 vetustissimo
2618 3562 2806 3617 codice
2850 3565 3222 3633 manuscripto
3255 3563 3380 3634 legi-

1791 3667 1932 3719 mus,
1954 3653 2259 3716 matutinas,
2284 3655 2497 3709 missam
2520 3665 2568 3707 et
2594 3671 2853 3724 vesperae,
2883 3657 3024 3710 unde
3047 3658 3240 3711 merito
3261 3673 3380 3718 cre-

1790 3744 1966 3800 dimus
1995 3746 2248 3798 mendum
2277 3759 2396 3800 esse
2438 3747 2906 3816 typograpbicum.
2960 3747 3069 3803 Sed
3118 3749 3379 3818 quidquid

1789 3836 1878 3901 sit,
1903 3839 2038 3892 satis
2058 3837 2171 3906 jam
2201 3837 2267 3894 de
2295 3837 2459 3892 missa
2489 3837 2541 3892 in
2571 3839 2761 3908 primis
2780 3839 3030 3909 capitulis
3049 3839 3286 3896 dixerat.
3315 3841 3381 3895 Et

1788 3928 1834 3984 si
1879 3929 2098 3984 missam
2145 3929 2236 3984 hic
2275 3928 2544 3995 omiserit,
2569 3939 2749 4000 potest
2790 3931 2898 3986 dici
2944 3931 3091 3997 illum
3128 3933 3192 3988 de
3229 3934 3380 3988 boris

1790 4025 2000 4079 tantum
2029 4019 2304 4076 canonicis
2334 4020 2424 4080 hic
2453 4019 2600 4090 loqui
2629 4021 2882 4090 voluisse,
2904 4031 2958 4078 et
2983 4039 3202 4082 sensum
3233 4025 3380 4082 illius

1787 4124 1928 4173 esse,
1975 4120 2035 4164 ut
2082 4110 2412 4182 generaliter
2454 4112 2705 4182 omnibus
2753 4113 2944 4169 diebus
2991 4115 3276 4170 matutinae
3325 4126 3382 4171 et

1785 4216 2029 4271 vespera:
2059 4202 2312 4258 dicantur
2343 4203 2397 4257 in
2430 4203 2684 4269 ecclesia,
2710 4213 2766 4259 et
2791 4205 3205 4276 completorium
3236 4223 3380 4263 sem-

1784 4306 1882 4362 per
1911 4291 1964 4346 in
2007 4291 2190 4360 cellis,
2219 4292 2362 4362 quod
2400 4291 2561 4348 hodie
2607 4293 2799 4349 eodem
2838 4309 3064 4365 prorsus
3097 4297 3258 4352 modo
3284 4298 3380 4352 ob-

1786 4391 2053 4438 servatur.

1856 4473 2024 4528 Porro
2057 4475 2157 4530 hoc
2202 4476 2499 4546 capitulum
2543 4477 2753 4549 integre
2789 4477 3028 4533 refertur
3058 4479 3083 4532 I
3120 4495 3174 4549 p.
3206 4479 3375 4551 antiq.

1785 4575 1969 4623 slatut.
2000 4583 2120 4636 cap.
2153 4567 2247 4634 4i,
2276 4584 2331 4621 n.
2362 4569 2418 4634 4,
2448 4570 2502 4634 9,
2535 4568 2620 4630 l0,
2655 4569 2722 4622 12
2752 4579 2807 4624 et
2832 4570 2921 4625 15.

1855 4657 1982 4712 CAP.
2015 4657 2186 4712 XXX.
2214 4689 2274 4698 —
2314 4658 2472 4714 Num.
2508 4662 2558 4715 l.
2594 4660 2656 4716 Si
2685 4661 2875 4731 aliquis
2899 4664 3248 4730 importunus.
3279 4662 3377 4717 llic

1786 4750 2022 4821 loquitur
2073 4751 2141 4806 de
2183 4753 2498 4821 extraneis-'_,
2539 4753 2630 4822 qui
2683 4753 2749 4807 ad
2800 4753 3018 4806 domum
3071 4752 3378 4808 Cartbusiaa

121 4834 466 4901 determinari,
503 4846 662 4909 prout
683 4853 845 4907 supra
871 4837 1128 4902 diximus,
1154 4853 1346 4907 nempe
1371 4838 1532 4908 paulo
1558 4848 1682 4910 post
1708 4835 1754 4898 C
1785 4843 2090 4910 venientes,
2111 4853 2166 4899 et
2195 4843 2502 4898 claustrum
2532 4845 2758 4915 ingressi
2788 4860 2894 4899 non
2917 4844 3194 4914 reperiunt
3217 4860 3377 4914 quem

119 4934 327 4982 sextam.
359 4928 469 4985 Sed
498 4929 624 4984 inde
647 4925 951 4985 evidentius
977 4929 1239 4999 probatur
1273 4945 1342 4988 ex
1374 4946 1571 5003 magna
1595 4932 1678 4988 di-

119 5018 352 5074 versitate
375 5019 624 5091 pulsandi
648 5021 722 5075 ad
739 5021 1176 5091 completorium,
1203 5025 1346 5093 quod
1369 5026 1676 5094 vigiliarum

119 5119 484 5167 nocturnarum
519 5111 654 5166 ordo
698 5111 856 5184 longe
898 5113 1144 5168 diversus
1171 5123 1290 5170 erat
1315 5117 1388 5171 ah
1419 5132 1485 5173 eo
1513 5133 1676 5187 quem

118 5214 240 5256 nunc
262 5218 572 5272 servamus,
605 5205 729 5274 quia
755 5205 969 5260 lucente
993 5207 1172 5263 adhuc
1199 5207 1311 5264 sole
1341 5210 1408 5264 ad
1440 5212 1678 5282 comple-

117 5294 289 5348 torium
324 5296 604 5365 pulsamus
631 5306 850 5364 astate,
883 5298 973 5353 hic
1000 5313 1129 5356 vero
1168 5301 1368 5356 dicitur
1399 5303 1517 5358 illos
1553 5314 1674 5358 tan-

117 5391 212 5440 tum
252 5388 469 5456 pulsare
521 5389 710 5444 solitos
752 5404 893 5457 esse,
926 5406 1048 5447 cum
1083 5394 1260 5449 adhuc
1303 5396 1356 5451 iu
1394 5395 1532 5452 libro
1567 5396 1671 5468 legi

113 5485 292 5544 posset,
319 5477 464 5547 quod
513 5479 727 5533 nonnisi
770 5489 894 5550 post
925 5481 1053 5538 solis
1093 5485 1404 5542 oecubitum
1451 5489 1669 5557 accipit.

114 5559 329 5634 Tempus
353 5583 487 5624 vero
512 5584 618 5639 quo
639 5569 759 5638 plus
787 5569 1036 5626 diﬂ'ertur
1064 5573 1212 5629 circa
1244 5575 1453 5632 Pascha
1481 5578 1674 5636 incidit

113 5659 159 5702 et
199 5656 378 5712 eodem
434 5659 595 5712 modo
653 5658 1000 5716 continuatur
1055 5679 1230 5732 usque
1280 5669 1348 5722 ad
1399 5668 1670 5727 Kalendas

112 5735 362 5800 Octobris.
391 5745 510 5814 Quo
543 5756 804 5818 tempore,
837 5751 1042 5808 scilicet
1072 5753 1219 5809 circa
1269 5753 1472 5811 Pascha
1492 5799 1506 5824 ,
1542 5759 1674 5814 hora

1783 4935 2152 5006 alloquantur,
2206 4944 2442 5007 pergunt
2488 4936 2554 4990 ad
2606 4935 2813 4990 cellula:
2836 4935 3082 5004 ianuam,
3117 4952 3223 5006 qua
3255 4937 3377 5007 pul-

1783 5035 1899 5081 sata
1926 5026 2078 5080 venit
2107 5027 2434 5090 monachus,
2469 5027 2559 5097 qui
2588 5027 2768 5082 audita
2799 5027 3067 5098 pulsantis
3095 5028 3377 5099 petitione,

1782 5118 1947 5173 habet
1969 5119 2061 5173 hic
2083 5118 2316 5190 qualiter
2347 5135 2405 5175 se
2436 5134 2627 5191 gerere
2657 5121 2874 5187 debeat,
2898 5121 3064 5176 etiam
3093 5137 3218 5177 cum
3253 5138 3379 5194 ger-

1785 5226 1950 5265 mano
1981 5209 2171 5267 fratre.

1853 5302 1994 5358 Ibid.
2027 5304 2148 5358 Nisi
2166 5304 2328 5374 jussi.
2351 5303 2466 5361 Hoc
2492 5315 2599 5372 est,
2632 5307 2737 5363 nisi
2761 5322 2884 5364 cum
2905 5311 3126 5380 speciali
3152 5310 3374 5364 licentia

1784 5394 1854 5450 ab
1877 5410 1943 5450 eo
1979 5396 2168 5466 petita,
2199 5396 2290 5466 qui
2323 5397 2435 5452 vult
2471 5414 2569 5455 nos
2591 5399 2812 5472 alloqui,
2836 5400 2992 5472 juxta
3028 5417 3091 5457 ea
3115 5416 3236 5472 quae
3257 5401 3372 5470 jam

1783 5501 1947 5556 supra
1977 5503 2099 5557 cap.
2131 5488 2223 5554 I7,
2254 5505 2310 5544 n.
2337 5488 2394 5554 2,
2421 5489 2675 5548 diximus.

1850 5577 2011 5633 Num.
2040 5579 2095 5633 9.
2140 5580 2519 5653 Coquinarius,
2551 5594 2656 5637 etc.
2709 5582 3072 5652 Coquinarius
3095 5589 3213 5635 erat
3245 5589 3373 5636 tunc

1779 5689 2096 5731 mconomus
2125 5676 2468 5744 universalis,
2513 5687 2569 5732 et
2607 5677 2755 5733 vices
2793 5673 3163 5747 procuratoris
3199 5687 3368 5742 agens

1792 5765 1845 5820 in
1869 5765 2030 5823 domo
2053 5768 2339 5838 superiori.
