3992 6404
520 351 634 410 Ἰῢῦ,
1340 349 1503 406 ϐυίϐ
1516 349 1672 406 οΝιδ
1711 351 1728 404 l
1770 347 2100 406 GAll'l’HUS

2231 343 2532 406 MAIORIS‘
2560 347 2836 408 PRIOBIS
2869 351 2911 408 Υ
3691 349 3794 414 7M.

595 467 650 522 '5.
683 465 838 535 Quod
867 467 916 522 si
935 479 1002 522 ex
1029 467 1232 522 uosuis
1262 467 1328 520 ad
1359 466 1551 522 ceilam
1596 466 1808 523 venerit
1834 464 2034 538 aliquis
2061 465 2250 523 volens
2275 466 2420 538 loqui
2453 467 2625 531 nobis,
2661 467 3028 539 interrogatur
3055 467 3226 539 prius,
3269 467 3316 524 si
3343 467 3496 539 prior
3522 465 3780 546 jusserit;

523 559 684 616 aliter
711 557 776 614 ad
802 557 1132 628 colloquium
1165 573 1272 612 non
1311 557 1590 626 recipitur.

593 651 648 706 4.
671 649 777 726 Ipsi
807 665 1024 722 quoque
1050 649 1365 722 coquinario
1391 648 1444 704 in
1471 647 1624 706 cellis
1645 649 1888 706 residere
1917 659 1972 705 et
1999 649 2232 706 fabulari
2266 663 2374 704 non
2407 649 2556 716 licet,
2586 648 2690 706 nisi
2722 663 2882 720 quem
2911 648 3050 714 forte
3071 660 3338 722 aegrotare
3358 651 3682 722 contigerit.

1179 761 1184 766 '
1835 738 2240 798 CAPITULUM
2279 738 2473 794 XXXI.

1965 831 2102 887 Item
2130 833 2194 888 de
2221 831 2374 888 cella.

591 926 646 979 ἃ.
677 923 868 982 Hisita
897 923 1214 996 prmlibatis,
1239 924 1306 980 ad
1334 921 1525 980 cellam
1551 921 1875 989 redeamus,
1905 922 2062 992 cujus
2087 923 2454 980 habitatorem
2491 921 2786 993 diligenter
2809 938 2873 984 ac
2899 924 3133 982 sollicite
3179 926 3336 982 decet
3376 926 3690 998 invigilare,
3723 945 3786 985 ne

520 1032 658 1087 quas
680 1017 996 1072 occasiones
1019 1017 1330 1088 egredienili
1360 1016 1505 1071 foras
1525 1058 1539 1082 ,
1573 1017 1656 1072 vel
1699 1015 2046 1072 maehinetur
2079 1016 2444 1087 vel-recipiat,
2475 1017 2718 1088 exceptis
2741 1018 2828 1074 his
2851 1035 2972 1090 qua:
2997 1020 3324 1090 generaliter
3347 1022 3612 1078 instituta!
3639 1033 3784 1088 sunt;

523 1108 618 1162 sed
655 1109 836 1178 potius
875 1108 1016 1164 sicut
1050 1123 1222 1179 aquas
1251 1109 1522 1179 piscibus,
1553 1116 1609 1164 et
1651 1109 1838 1164 caulas
1872 1107 2206 1174 ovibus,'ita
2254 1123 2367 1163 suae
2394 1108 2554 1162 saluti
2583 1117 2637 1164 et
2665 1109 2788 1164 vitae
2822 1111 3022 1166 cellam.
3058 1111 3280 1182 deputet
3315 1116 3702 1174 necessariam.
3733 1115 3788 1172 In

527 1213 634 1268 qua
665 1209 870 1270 quanto
897 1199 1124 1264 diutius,
1159 1209 1308 1254 tanto
1349 1199 1606 1254 libentius
1636 1197 1925 1264 habitabit,
1949 1207 2005 1253 et
2035 1212 2200 1269 quam
2233 1197 2278 1252 si
2326 1197 2646 1266 frequenter
2671 1205 2728 1252 et
2755 1196 2966 1253 levibus
3003 1199 3068 1254 de
3091 1200 3272 1256 causis
3295 1202 3448 1256 exire
3477 1202 3781 1267 insueverit,

515 1293 628 1348 cito
665 1292 884 1348 habebit
923 1307 1170 1349 exesam.
1209 1291 1279 1347 Et
1321 1291 1442 1347 ideo
1493 1292 1716 1347 statutis
1743 1292 1812 1348 ad
1857 1291 1962 1346 hoe
1987 1291 2140 1348 boris
2184 1289 2418 1362 petenda
2453 1287 2678 1358 jubetur
2722 1297 2940 1359 petere,
2983 1299 3040 1348 et
3081 1301 3304 1364 accepta
3353 1302 3468 1354 tota
3517 1293 3786 1368 diligentia

514 1384 818 1446 custodire.

581 1473 638 1528 2.
678 1473 832 1540 Quod
873 1474 918 1529 si
951 1474 1196 1544 qualibet
1221 1474 1312 1530 vel
1335 1487 1432 1528 sua
1465 1473 1548 1530 vel
1579 1474 1806 1535 alterius
1843 1471 2204 1545 negligentia,
2253 1485 2425 1544 pane,
2459 1471 2618 1562 vinq,
2671 1487 2850 1544 aqua,
2879 1474 3072 1544 igneve
3099 1476 3372 1542 caruerit,
3401 1477 3798 1538 vel-insolitum.

513 1571 806 1641 strepitum
841 1579 940 1625 aut
968 1569 1262 1625 clamorem
1295 1569 1551 1637 audierit,
1581 1569 1668 1625 vel
1693 1567 1994 1640 periculum
2039 1565 2180 1638 ignis
2203 1565 2476 1622 exstiterit
2519 1563 2618 1637 [αι.
2643 1565 2957 1639 institerit],
2985 1566 3170 1628 licebit
3193 1569 3368 1638 exire,
3395 1580 3456 1626 et
3493 1574 3790 1632 subsidium

513 1675 788 1738 prtestare
810 1666 896 1722 vel
925 1675 1134 1738 petere,
1162 1673 1216 1721 et
1252 1665 1296 1720 si
1329 1664 1556 1734 periculi
1591 1663 1908 1736 magnitudo
1931 1659 2268 1733 poposcerit,
2295 1658 2574 1716 silentium
2599 1659 2766 1714 etiam
2795 1659 3030 1716 solvere.

587 1760 642 1815 5.
676 1759 792 1815 Soli
841 1760 986 1814 enim
1017 1761 1274 1830 degentes
1311 1757 1464 1828 signa
1509 1756 1916 1825 coenobiorum,
1965 1764 2060 1810 aut
2103 1753 2250 1818 nulla
2295 1761 2390 1810 aut
2437 1767 2611 1824 pauca
2645 1753 2926 1820 novimus,
2957 1753 3206 1811 sullicere
3252 1765 3514 1826 putantes
3559 1759 3790 1832 linguam

517 1851 710 1918 solam,
757 1866 863 1905 non
895 1851 1058 1906 etiam
1091 1861 1324 1906 caeteros
1353 1857 1507 1904 artus
1539 1849 1783 1906 reatibus
1831 1847 2118 1917 implicare
2153 1845 2428 1915 loquendi.
2477 1845 2546 1904 Et
2587 1845 2711 1904 ideo
2737 1846 2782 1900 si
2817 1855 2969 1901 tanta
3019 1849 3318 1906 necessitas
3346 1861 3523 1922 urget,
3575 1869 3684 1912 uno
3715 1855 3798 1911 vel

519 1943 764 2016 duobus,
784 1953 880 1998 aut
905 1953 1054 2004 certe
1082 1941 1435 2014 paucissimis
1458 1942 1645 1998 verbis
1665 1940 1811 2013 quod
1839 1953 1928 1994 res
1961 1937 2199 2009 postulat
2225 1935 2518 1993 maluimus
2549 1935 2650 2012 [αι.
2680 1937 2978 2011 malumus]
3005 1937 3254 2000 indicari.

1851 2027 2252 2087 CAPITULUM
2309 2027 2526 2083 XXXII.

1472 2131 1552 2187 De
1581 2129 1835 2202 fratribus
1871 2129 1961 2200 qui
1991 2127 2048 2182 in
2076 2125 2254 2197 aliqua
2275 2141 2428 2192 opere
2462 2135 2806 2195 occupantur.

580 2218 714 2274 Cum
751 2217 917 2290 aliqui
949 2236 1017 2276 ex
1054 2220 1374 2286 monachis,
1416 2219 1770 2276 emendandis
1797 2217 1883 2274 vel
1914 2215 2144 2288 ligandis
2185 2215 2356 2278 libris,
2383 2215 2468 2271 vel
2497 2215 2660 2270 alicui
2711 2215 2802 2268 tali
2828 2214 2979 2286 operi
3006 2219 3408 2292 mancipantur,
3445 2221 3550 2292 ipsi
3583 2221 3792 2294 quidem

513 2309 808 2379 loquuntur
837 2311 906 2366 ad
937 2311 1192 2378 invicem,
1219 2327 1344 2370 cum
1375 2309 1884 2383 supervenientibus
1909 2323 2040 2365 vero
2065 2321 2429 2378 nequaquam,
2457 2307 2558 2362 nisi
2589 2307 2772 2378 priore
2803 2316 3074 2389 praesente
3099 2320 3195 2368 aut
3215 2309 3468 2380 iubente.

1901 2439 2474 2500 COMMENTARIUS.

581 2559 744 2616 Num.
787 2561 843 2616 3.
889 2560 1044 2627 Quod
1079 2560 1212 2616 sica:
1239 2557 1457 2628 nostris,
1487 2568 1625 2628 etc.,
1653 2560 2028 2629 interrogatur,
2061 2555 2113 2610 si
2135 2558 2186 2618 Α
2213 2561 2360 2624 patet
2393 2553 2546 2626 quod.
2567 2570 2683 2614 nou
2727 2563 2940 2612 tantum
2987 2555 3144 2628 festis
3175 2559 3367 2616 diebus
3418 2561 3474 2616 iu
3527 2565 3788 2636 colloquio

509 2654 654 2724 prior
669 2653 910 2723 jusserit,
937 2659 1044 2710 etc.
1069 2651 1198 2706 Inde
1225 2651 1450 2708 evidens
1487 2659 1572 2708 est
1592 2651 1736 2720 quod
1761 2648 2012 2704 monachi
2042 2661 2102 2703 se
2209 2653 2436 2712 possent
2477 2647 2786 2702 necessaria
2820 2657 3005 2718 petere
3045 2665 3076 2704 a
3105 2651 3472 2726 coquinaria,
3503 2657 3604 2710 sed
3639 2659 3788 2712 etiam

509 2745 679 2801 etiam
723 2744 1016 2815 aliquando
1057 2744 1346 2800 visitarent
1389 2758 1512 2800 cum
1539 2743 1740 2816 prioris
1774 2741 2012 2796 licentia.
2047 2739 2104 2794 Id

508 2851 726 2908 semper
750 2835 1172 2908 intelligendum.
1203 2845 1322 2906 est,
1357 2836 1576 2910 quoties
1621 2837 1686 2892 Β.
1723 2835 1886 2892 Pater
1927 2834 2104 2908 Gnign

507 2931 673 2986 verbo
693 2929 956 3001 jussionis
985 2931 1180 2986 utitur.

579 3043 742 3098 Num.
775 3043 829 3100 4.
862 3041 1112 3098 Rcsidere
1145 3052 1192 3098 et
1224 3042 1477 3114 fabulari,
1504 3049 1634 3109 etc.,
1662 3041 1764 3098 nisi
1783 3057 1936 3113 quem
1966 3040 2103 3110 forte

507 3141 780 3204 wgrotare,
806 3141 912 3188 etc.
943 3131 1308 3204 Coquinarius
1335 3147 1466 3205 ergo
1490 3131 1604 3206 ille,
1628 3131 1722 3202 qui
1753 3141 1881 3190 tunc
1903 3147 2104 3204 procu-

508 3224 711 3280 ratoris
758 3223 907 3278 vices
953 3225 1176 3294 gerebat
1221 3223 1277 3278 in
1311 3223 1480 3279 domo.
1523 3223 1816 3294 superiori,
1869 3221 2107 3278 habebat

507 3313 806 3380 licentiam,
835 3313 978 3370 sicut
1002 3323 1058 3368 et
1087 3327 1232 3368 nunc
1252 3313 1418 3370 habet
1439 3321 1786 3384 procurator,
1813 3312 1880 3366 ad
1902 3312 2103 3368 ostium

513 3403 664 3460 cella:
690 3417 864 3474 pauca
891 3405 1059 3460 verba
1091 3403 1370 3474 loquendi,
1417 3411 1474 3460 et
1517 3403 1750 3468 forsitan
1783 3411 1911 3468 tunc
1936 3403 2104 3458 etiam

511 3497 757 3552 intrandi
812 3495 1025 3564 cellam,
1074 3497 1287 3556 ratione
1355 3496 1708 3567 supellectilis
1771 3495 2104 3568 coquinaria:

512 3589 863 3657 ordinandas,
915 3587 1042 3659 quia
1089 3597 1216 3646 tunc
1251 3589 1526 3645 'monachl
1574 3589 1770 3660 singuli
1815 3589 2104 3660 coquinam

507 3679 612 3735 sibi
659 3679 931 3738 faciebant
961 3697 1027 3737 eo
1071 3681 1233 3737 modo
1266 3683 1358 3754 qui
1385 3697 1570 3754 supra,
1607 3697 1730 3753 cap.
1775 3681 1882 3750 28,
1914 3683 2101 3753 expri-

509 3773 694 3838 mitur,
749 3774 844 3829 sed
889 3789 996 3830 non
1049 3775 1122 3830 ibi
1173 3775 1446 3832 residendi
1495 3785 1590 3832 aut
1635 3773 1912 3831 fabulandi
1946 3793 1962 3831 :
1995 3791 2102 3847 quo

507 3863 859 3920 fabulatiouis
889 3865 1056 3920 verbo
1089 3865 1400 3921 indicantur
1426 3867 1592 3923 verba
1623 3867 1766 3922 ultra
1809 3866 2103 3923 necessita-

512 3963 618 4010 tem
675 3957 909 4026 prolata.
975 3957 1242 4027 Tempore
1289 3973 1421 4013 vero
1457 3973 1566 4029 quo
1616 3957 1953 4030 tngrotabant
1988 3971 2098 4012 mo-

511 4049 694 4114 nacbi,
733 4050 1082 4120 coquinarius
1107 4059 1320 4118 poterat
1344 4049 1517 4104 libere
1557 4049 1750 4105 cellam
1791 4049 1978 4120 aegroti
2009 4049 2094 4104 in.—

510 4149 676 4204 trare,
709 4149 764 4195 et
789 4141 865 4196 illi
893 4142 1224 4197 conveniens
1251 4143 1512 4196 auxilitum
1539 4149 1826 4212 prtestare.

581 4249 778 4306 Totum
819 4253 920 4308 hoc
951 4253 1246 4322 capitulum
1299 4253 1530 4310 relatum
1581 4252 1814 4308 habetur
1863 4253 1915 4306 in
1952 4251 2096 4306 anti-

509 4343 632 4412 quis
693 4343 911 4398 statutis
969 4359 1005 4408 u
1045 4353 1209 4414 part.,
1251 4359 1370 4411 cap.
1423 4344 1487 4400 l7
1514 4384 1529 4410 ,
1583 4359 1639 4399 η.
1676 4341 1727 4408 5,
1763 4353 1818 4398 et
1868 4343 1996 4400 item
2038 4359 2098 4398 Ill

507 4441 676 4504 part,
714 4449 833 4506 cap.
885 4435 985 4501 10,
1017 4450 1078 4498 η.
1121 4435 1168 4489 l.
1213 4436 1434 4508 Eadem:
1462 4451 1685 4506 prorsus
1720 4451 1864 4490 nunc
1914 4435 2099 4492 obser-

507 4533 706 4580 vantur
757 4525 921 4584 etiam
985 4526 1223 4596 rigidiori
1281 4527 1475 4592 modo,
1526 4527 1652 4598 quia
1702 4535 1856 4584 extra
1909 4541 2096 4583 casum

509 4615 846 4676 inlirmitatis
893 4617 1239 4688 coquinarins
1276 4635 1550 4689 utinquam
1581 4617 1883 4690 ingreditur
1925 4617 2098 4676 cellas

507 4710 923 4776 monachorum,
950 4713 1154 4782 absque
1178 4712 1396 4782 speciali
1421 4713 1664 4768 licentia.

585 4818 718 4875 Car.
741 4819 934 4882 XXXI.
961 4853 1033 4864 —
1059 4820 1206 4880 Nihil
1247 4823 1406 4880 nobis
1443 4823 1754 4881 addendum
1793 4833 1876 4879 est
1915 4823 2101 4880 verbis

507 4909 579 4968 Il.
611 4912 672 4968 P.
695 4913 976 4986 Guigonis,
1013 4917 1103 4986 qui
1127 4917 1330 4974 diserte
1354 4925 1406 4972 et
1431 4915 1619 4988 paucis
1643 4914 1826 4972 verbis
1846 4916 2102 4990 exprimit

513 5005 644 5074 quid
677 5007 804 5061 vitae
851 5010 1110 5066 solitariae
1141 5009 1422 5081 professor
1460 5009 1753 5065 observare
1799 5007 2016 5074 debeat,
2055 5009 2102 5065 si

514 5093 646 5148 velit
701 5085 872 5153 bonos
927 5099 1144 5180 habitus
1197 5101 1300 5156 sibi
1359 5098 1634 5167 formare,
1683 5108 1744 5156 ut
1785 5097 2010 5172 paciﬁce
2049 5107 2108 5154 et

519 5184 705 5254 quiete
733 5187 898 5241 vitam
934 5192 1196 5261 transigat
1227 5193 1278 5246 in
1303 5200 1446 5248 Statu
1483 5206 1603 5247 suo.

587 5300 745 5357 Num.
777 5304 830 5359 1.
857 5304 1102 5376 Exceptis
1125 5309 1204 5362 his
1219 5325 1336 5380 quo:
1348 5309 1661 5379 generaliter
1679 5307 1935 5364 instituta
1953 5317 2096 5364 stult.

513 5394 744 5467 Semper
773 5397 984 5453 inducit
1011 5399 1286 5468 piissimus
1310 5413 1366 5457 et
1389 5401 1806 5472 expertissimus
1829 5402 1954 5456 vitae
1980 5401 2104 5472 soli-

513 5489 673 5550 tariae
699 5489 996 5562 professor,
1034 5491 1175 5546 unde
1220 5507 1249 5545 a
1291 5503 1475 5549 mente
1513 5493 1884 5550 solitariorum
1921 5491 2103 5564 abigat

511 5577 838 5638 indiscretas
857 5579 1292 5650 singularitates,
1315 5591 1372 5642 et
1395 5597 1657 5638 excessus
1677 5583 1948 5648 eliminet,
1978 5595 2102 5652 pro-

509 5680 638 5746 pter
661 5687 858 5732 causas
885 5675 952 5730 de
973 5674 1178 5745 quibus
1197 5687 1423 5746 agemus
1449 5675 1586 5730 infra
1615 5689 1736 5744 cap.
1763 5675 1854 5730 55.

588 5762 725 5828 Ibid.
761 5765 988 5826 Statntis
1039 5768 1108 5824 ad
1167 5769 1264 5828 hoc
1314 5767 1458 5824 horis
1507 5767 1759 5834 velanda,
1810 5773 1914 5824 etc.
1965 5761 2104 5826 Hinc

2205 2736 2428 2804 quando
2455 2735 2508 2790 id
2538 2738 2837 2794 necessitas
2861 2739 3191 2810 postulabat,
3223 2743 3390 2798 certis
3415 2753 3606 2800 tamen
3633 2747 3788 2804 horis.

2279 2826 2444 2895 ISum.
2475 2827 2529 2882 2.
2579 2828 2735 2896 Quod
2775 2831 2822 2884 si
2862 2831 3114 2901 qualibet,
3157 2844 3286 2899 elc.,
3315 2853 3474 2904 pane,
3519 2839 3664 2906 eine,
3693 2851 3786 2896 etc.

2205 2915 2308 2976 Hic
2332 2917 2522 2974 adimit
2549 2935 2765 2988 omnem
2794 2922 3031 2992 scrupuli
3055 2924 3422 2992 occasionem,
3446 2930 3792 2998 exprimendo

2205 3010 2348 3078 quod
2377 3023 2476 3080 per
2503 3010 2654 3066 cellae
2697 3020 2756 3067 et
2783 3011 2986 3068 silentii
3027 3013 3288 3078 indictum
3335 3019 3646 3079 custodiam
3693 3035 3788 3074 non

2205 3100 2328 3158 ideo
2349 3103 2594 3172 privatur
2626 3102 3022 3162 Carthusianus
3058 3106 3312 3165 libertate
3353 3111 3696 3180 egrediendi,
3737 3123 3790 3168 et

2205 3195 2370 3252 etiam
2421 3195 2697 3266 loquendi,
2743 3199 2963 3268 quando
3013 3199 3068 3254 id
3101 3201 3270 3272 exigit
3305 3201 3458 3270 iusta
3507 3205 3652 3260 ratio
3701 3211 3790 3258 aut

2210 3286 2514 3342 necessitas
2535 3327 2554 3354 ,
2601 3287 2782 3358 qualis
2816 3289 2906 3346 hic
2947 3291 3290 3362 exprimitur.
3325 3293 3404 3348 Ex
3435 3309 3580 3364 pane
3617 3307 3786 3352 autem

2203 3375 2295 3432 hic
2323 3385 2533 3445 notato,
2565 3388 2621 3436 et
2645 3379 2902 3438 libertate
2929 3383 3152 3452 petendi
3183 3399 3378 3454 panem
3409 3401 3538 3442 cum
3577 3387 3786 3452 deﬁcit,

2204 3466 2452 3532 inbuitur
2506 3478 2714 3528 tortam.
2761 3471 2906 3530 illam
2955 3475 3144 3544 panis,
3183 3491 3304 3550 qua:
3349 3493 3514 3549 supra
3569 3494 3692 3550 cap.
3735 3481 3784 3544 7-,

2205 3575 2260 3614 n.
2288 3560 2373 3624 10,
2401 3561 2519 3616 dari
2551 3573 2886 3619 memoratur
2913 3565 3142 3636 singulis
3195 3569 3498 3634 monachis,
3535 3579 3790 3638 tauquam

2205 3651 2408 3712 Christi
2433 3655 2715 3720 mendicis,
2741 3667 2868 3725 post
2895 3657 3272 3724 refectorinm,
3297 3660 3480 3716 datam
3505 3678 3612 3716 non
3633 3663 3790 3716 luisse

2204 3759 2305 3815 pro
2353 3753 2466 3800 tota
2506 3747 2873 3814 hebdomade,
2919 3750 3014 3806 sed
3065 3750 3236 3806 donec
3280 3761 3610 3820 consumpto
3659 3767 3790 3822 pane

2205 3834 2320 3901 illo,
2355 3834 2496 3892 alius
2523 3838 2952 3905 ministraretur,
2983 3839 3180 3896 diebus
3223 3838 3366 3896 infra
3395 3841 3786 3896 hebdomadam

2134 3911 2180 3968 Β
2205 3926 2443 3982 statutis.

2269 4016 2432 4072 Num.
2477 4017 2531 4072 '5.
2589 4013 2704 4074 Soli
2751 4023 2992 4090 degentes
3035 4019 3186 4088 signa
3239 4020 3616 4074 cmttObiorum.
3667 4019 3794 4074 Inde.

2199 4107 2491 4165 Innoteseit
2521 4118 2786 4180 quantum
2817 4111 2974 4180 primi
3018 4110 3206 4166 Patres
3237 4120 3486 4166 aiiiarent
3533 4111 3788 4181 simplici-

2201 4209 2367 4256 tatem
2397 4209 2454 4254 et
2487 4200 2878 4266 sinceritatem,
2923 4213 3296 4272 quantumque
3327 4211 3592 4272 utrasque
3643 4203 3794 4258 nobis

2201 4293 2496 4351 transferre
2539 4293 2761 4358 vellent,
2815 4294 3048 4350 nolendo
3091 4297 3166 4350 uti
3211 4295 3316 4350 alia
3355 4310 3414 4351 re
3447 4295 3520 4350 ad
3575 4307 3788 4352 sensum

2200 4397 2356 4438 suum
2391 4383 2830 4452 exprimendum,
2865 4383 3081 4452 quando
3113 4385 3414 4440 necessitas
3435 4385 3488 4442 id
3521 4385 3788 4456 exigebat,

2199 4491 2360 4546 quam
2389 4491 2456 4530 eo
2484 4477 2752 4540 membro,
2779 4475 2925 4546 quod
2957 4477 3024 4532 ad
3059 4477 3108 4531 id
3138 4493 3166 4532 a
3203 4477 3316 4532 Deo
3351 4477 3682 4534 destinatum
3711 4485 3788 4533 est

2201 4577 2256 4624 et
2289 4567 2600 4638 repellendo
2627 4582 2689 4622 ea
2719 4568 2920 4635 omnia,
2945 4569 3142 4638 quibus
3169 4567 3384 4624 fallendi
3419 4571 3572 4626 nasci
3615 4576 3788 4642 posset

2201 4661 2436 4720 occasio,
2476 4669 2536 4716 et
2556 4675 2584 4714 a
2617 4661 2788 4716 nostri
2823 4659 3058 4716 lustituti
3089 4660 3376 4731 Proposito
3403 4663 3610 4718 sensim
3637 4665 3784 4720 aber-

2203 4753 2377 4807 raudi.
2407 4752 2541 4808 Nam
2569 4753 2712 4808 sicut
2745 4753 2992 4808 videmus
3033 4763 3215 4809 mutos
3243 4769 3339 4824 per
3371 4765 3538 4816 nutus
3571 4755 3786 4811 miscere

2205 4845 2502 4915 colloquia,
2529 4847 2604 4901 ita
2637 4846 2808 4904 etiam
2835 4845 3056 4902 silentio
3081 4846 3280 4901 addicti
3313 4846 3454 4900 idem
3485 4847 3784 4904 addiscere.

2205 4947 2258 4992 et
2285 4939 2510 5008 exsequi
2543 4945 2786 5010 possent,
2813 4938 2860 4996 si
2891 4937 3070 4994 ablata
3103 4936 3360 5008 loquendi
3410 4937 3680 5002 libertate,
3711 4938 3782 4992 si-

2205 5045 2434 5101 gnorum
2477 5045 2610 5086 usus
2653 5029 2850 5094 fuisset
2897 5029 3288 5100 introductus,
3319 5038 3380 5090 et.
3423 5029 3630 5106 passim
3669 5043 3782 5100 per-

2205 5125 2424 5180 missus.

2281 5214 2476 5270 'l'otnm
2515 5213 2619 5270 hoc
2645 5213 2942 5286 capitulum
2995 5213 3227 5270 relatum
3265 5213 3438 5270 habes
3463 5213 3518 5268 in
3557 5212 3780 5283 antiquis

2209 5305 2428 5361 statutis
2476 5321 2514 5359 ll
2547 5313 2712 5373 part.,
2749 5319 2868 5374 cap.
2901 5304 2988 5370 Π,
3019 5319 3074 5362 n.
3109 5304 3134 5360 1
3165 5313 3226 5359 et
3249 5303 3626 5374 sequentibus.

2281 5397 2412 5454 Car.
2439 5395 2658 5452 XXXII.
2677 5427 2748 5438 —
2774 5397 2856 5454 Ex
2885 5399 2988 5452 hoc
3013 5396 3252 5465 capitulo
3273 5396 3553 5450 evidenter
3569 5399 3778 5463 apparet

2209 5489 2354 5559 quod
2381 5505 2490 5544 non
2530 5496 2738 5546 tantum
2779 5488 2971 5559 primis
2995 5486 3373 5548 Carthusianis
3409 5485 3609 5540 licitum
3643 5489 3780 5538 esset

2209 5595 2600 5650 nonnunquam
2633 5595 2692 5636 se
2737 5580 2967 5636 invicem
2999 5578 3258 5644 visitare,
3301 5576 3518 5646 quando
3545 5575 3692 5644 prior
3715 5585 3776 5628 es

2211 5669 2522 5728 rationabili
2549 5684 2713 5726 causa
2739 5669 2792 5724 id
2821 5667 3192 5740 permittebat,
3223 5667 3319 5724 sed
3349 5663 3492 5737 quod
3527 5677 3628 5718 non
3659 5673 3776 5716 raro

2211 5761 2395 5840 plures
2425 5761 2673 5820 monachi
2716 5759 2876 5822 simul
2917 5757 3270 5818 convenirent
3313 5755 3382 5814 ad
3409 5753 3622 5824 aliquod
3649 5763 3772 5818 opus
