3992 6402
198 374 320 445 m

1536 385 2134 446 CONSUETUDINES.

3369 388 3473 457 ’τοῦ

1419 498 1915 556 CAPITULUM
1959 498 2247 557 XXXIII.

1494 586 1574 641 De
1596 586 1820 657 jejuniis
1839 596 1997 659 atque
2026 589 2181 644 cibis.

280 673 346 740 1.
371 681 523 737 Nunc
551 680 616 736 de
637 677 866 751 ieiuniis
908 676 1153 747 cibisque
1187 674 1481 732 dicendum
1511 685 1624 731 est.
1658 676 1935 743 Secunda,
1962 687 2178 749 quarta,
2204 686 2468 751 sextaque
2506 682 2662 751 feria,
2686 698 2856 756 :pane,
2890 696 3149 762 etaqua,
3174 701 3238 749 ‘ct
3266 693 3400 761 sale,
3427 692 3472 756 si

196 777 301 838 ’δεῖ
333 779 529 850 placet,
548 777 785 834 contenti
814 791 1021 833 sumus.

260 870 336 925 ἃ.
365 869 569 933 Tertia,
591 867 780 938 quinta
806 876 863 924 ct
889 866 1130 923 Sabhato
1152 859 1562 938 legumina,‘vel
1608 862 1814 939 aliquid
1830 868 1932 940 ~buj
1944 870 2161 925 usmodi
2192 867 2293 942 ipsi
2324 871 2480 929 nobis
2498 871 2807 943 'coquim‘us,
2852 889 2881 928 a
2901 874 3227 945 “coquinaria
3262 876 3472 947 vinum,

190 969 256 1015 ‘et
294 961 350 1013 in
372 958 713 1029 quiuta’l‘eria
740 972 977 1019 caseum,
1009 959 1090 1012 vel
1123 957 1325 1028 aliquid
1360 958 1466 1013 cibi
1500 959 1746 1016 lautioris
1770 961 2124 1031 accipientes.
3393 1007 3417 1022 ρ

268 1040 336 1106 ῗ3.
361 1050 444 1105 Ab
471 1049 650 1105 Idibus
680 1048 1015 1120 Septembris
1040 1065 1210 1121 usque
1240 1050 1306 1103 ad
1331 1049 1563 1117 Pascha,
1592 1051 1838 1121 esceptis
1882 1051 2345 1120 solemnitatibus,
2378 1069 2483 1110 non
2528 1055 2630 1112 nisi
2663 1053 2829 1111 semel
2854 1054 2908 1110 in
2948 1054 3034 1110 die
3060 1056 3472 1112 manducamus.

276 1142 332 1196 ι.
365 1143 405 1196 Α
424 1142 642 1197 Pascha
668 1148 848 1197 autem
880 1152 1051 1211 usque
1079 1142 1147 1198 ad
1177 1142 1506 1211 praedictum
1564 1143 1883 1209 terminum,
1926 1144 2109 1210 tertia,
2141 1153 2205 1199 et
2226 1147 2422 1217 quinta
2459 1143 2617 1212 feria,
2640 1162 2748 1203 nec
2778 1163 2883 1203 non
2907 1155 2969 1203 et
2998 1146 3236 1203 Sabhato
3277 1149 3474 1204 iterato

209 1223 515 1289 reﬁcimus.

273 1325 328 1381 5.
356 1325 438 1381 Ad
462 1328 693 1389 ctenam,
717 1324 801 1379 vel
826 1324 893 1379 ad
919 1324 1365 1394 prandium,‘Cum
1392 1322 1558 1380 semel
1585 1316 1820 1390 edimus,
1848 1320 2047 1380 herbas
2069 1325 2287 1392 crudas,
2315 1326 2401 1383 vel
2429 1322 2661 1394 fructus,
2693 1327 2737 1382 si
2764 1328 2966 1395 adsint,
2997 1328 3310 1398 accipimus.
3340 1328 3470 1396 Quae

193 1418 507 1473 “renuentes
529 1417 766 1488 quandiu
794 1414 1084 1484 sufﬁciunt,
1116 1414 1219 1471 alia
1245 1416 1491 1484 eiusdem
1522 1416 1688 1471 dunta
1703 1415 2048 1485 xatgeneris
2079 1431 2185 1470 non
2214 1417 2532 1488 accipimus.
2572 1418 2648 1473 De
2668 1430 2831 1473 caseo
2859 1432 3094 1488 namque
3116 1433 3211 1474 seu
3228 1419 3472 1490 piscibus

189 1516 297 1565 ‘aut
318 1507 459 1574 ovis,
487 1507 571 1563 vel
609 1507 653 1562 si
684 1505 812 1577 quid
832 1505 1117 1577 ejusmodi,
1147 1518 1267 1575 qua:
1301 1504 1559 1574 pitantias
1584 1519 1717 1560 voca
1731 1518 1872 1567 mus,
1902 1505 2073 1562 semel
2099 1507 2384 1575 sumimus,
2414 1509 2557 1578 quod
2582 1516 2828 1579 superest
2856 1509 3154 1566 reddimus.

266 1600 334 1656 ιϐ.
364 1600 561 1657 Vinum
585 1597 797 1654 nunnisi
818 1598 875 1653 in
902 1594 1129 1670 prandio
1153 1597 1240 1673 vel
1266 1610 1420 1654 cinna
1451 1608 1725 1668 petamus.

1578 1674 2161 1744 COMMENTARIUS.

1578 1677 2042 1744 ‘COMMENTARI
2101 1688 2161 1744 S.

194 1782 301 1838 sibi
333 1798 363 1837 a
397 1782 580 1853 priore
595 1771 953 1839 eummissum
982 1780 1394 1852 perliciendum,
1418 1781 1473 1836 et
1493 1778 1573 1836 sic
1593 1793 1787 1835 conve-
1814 1787 1864 1845 Α
1891 1677 2355 1852 εἰνραῗοηυίηδω
2374 1771 2551 1852 illam,
2582 1790 2743 1855 quam
2772 1775 2873 1841 sibi
2906 1775 3037 1857 ipsis
3065 1780 3338 1843 faciebant
3361 1788 3475 1843 sitr-

199 1873 441 1941 nientes,
486 1872 666 1928 soluta
708 1884 837 1928 tunc
880 1872 1080 1927 silentii
1131 1870 1277 1942 lege,
1312 1871 1454 1926 inter
1498 1882 1559 1926 se
1605 1868 1778 1924 libere

202 1964 347 2034 loqui
391 1974 639 2036 possent,
670 1963 763 2018 sed
794 1975 901 2018 non
937 1978 1062 2018 cum
1108 1958 1644 2032 supervenientibus,
1674 1957 1783 2015 nisi

200 2058 384 2128 priore
410 2066 677 2128 praesente
706 2065 800 2112 aut
828 2055 1198 2126 permittente.
1560 2096 1575 2109 .

269 2154 422 2208 Idem
470 2153 539 2209 de
588 2147 754 2208 ver‘bo
790 2151 858 2207 ad
898 2151 1127 2207 verbum
1172 2141 1415 2205 ‘rel‘ertu'r
1436 2137 1497 2203 in
1545 2136 1783 2216 antiquis

200 2248 422 2300 statutis
448 2259 486 2300 tt
515 2253 683 2317 part.,
711 2257 832 2313 cap.
861 2240 953 2309 18,
979 2250 1038 2297 tt.
1062 2241 1119 2298 2.
1144 2241 1215 2296 Et
1240 2252 1385 2296 nunc
1405 2240 1570 2296 etiam
1594 2240 1782 2295 eodem

200 2349 432 2405 prorsus
456 2334 615 2388 modo
652 2332 1025 2403 praescribitur
1045 2339 1101 2387 et
1122 2338 1395 2386 servatur.

268 2423 409 2478 Car.
440 2420 676 2477 XXXIII.
701 2440 773 2463 -ι-
793 2420 953 2476 Nutu.
980 2416 1037 2476 1.
1076 2412 1353 2486 Secunda,
1382 2424 1578 2489 'quarla
1602 2422 1785 2470 seirth

183 2534 293 2587 que
323 2516 485 2586 feria,
515 2524 622 2570 etc.
640 2512 1090 2569 Subaudiendum
1109 2520 1215 2577 est,
1238 2509 1342 2567 nisi
1365 2509 1418 2564 in
1443 2509 1574 2580 ipsis
1596 2507 1785 2564 diebus

197 2610 520 2663 occurreret
551 2604 746 2660 festum
763 2603 1017 2675 capituli.
1043 2601 1107 2658 id
1126 2617 1231 2672 per
1260 2615 1378 2672 cap.
1398 2599 1477 2654 ~52
1507 2599 1785 2655 evidenter

198 2707 448 2769 apparet,
480 2697 569 2752 ubi
590 2695 793 2750 fratres
822 2695 935 2766 ipsa
959 2693 1124 2749 etiam
1144 2690 1286 2749 feria
1315 2698 1490 2756 sexta,
1521 2704 1642 2759 qua:
1665 2686 1786 2743 vul-

198 2792 412 2861 gariter
438 2789 555 2844 dies
584 2786 811 2843 Veneris
836 2785 1054 2851 dicitur,
1089 2791 1159 2839 εἰ
1202 2781 1615 2854 superveniente
1640 2778 1783 2836 festo

190 2882 264 2937 ab
291 2880 630 2936 abstinentia
669 2878 936 2936 servanda
981 2877 1315 2940 eximuntur,
1355 2872 1603 2945 quamvis
1628 2870 1781 2927 illam

186 2972 363 3028 semel
413 2980 619 3027 tantum
658 2973 717 3025 in
744 2965 1090 3026 hebdomade
1128 2974 1432 3023 servarent.
1472 2965 1572 3021 Hic
1600 2973 1781 3019 autem

184 3064 546 3136 exprimitur,
591 3072 713 3133 qua:
747 3066 802 3117 et
828 3060 1017 3132 quales
1058 3067 1247 3117 essent
1270 3056 1616 3115 abstinentia:
1651 3054 1775 3123 illis,

1894 1870 2012 1942 ευιί
2048 1873 2299 1928 monachi
2329 1873 2385 1929 in
2427 1874 2639 1943 cellula,
2661 1877 2739 1930 nd
2785 1892 2944 1947 quam
2984 1875 3291 1932 faciendam
3327 1879 3475 1933 ordia

1892 1969 2028 2017 state
2066 1963 2407 2020 ministratur
2448 1964 2555 2022 illis
2599 1980 2630 2020 a
2681 1967 2998 2037 coquinario
3045 1968 3291 2038 provisio
3340 1985 3475 2039 quas

1883 2055 2139 2111 rumdam
2174 2069 2364 2111 rerum
2386 2057 2828 2123 comestibilium,
2858 2073 2994 2128 quas
3036 2060 3175 2129 apud
3204 2074 3263 2115 se
3288 2074 3474 2115 servae-

1882 2138 2042 2213 bant,
2082 2154 2141 2202 ut
2163 2146 2392 2203 inferius
2420 2149 2649 2213 dicetur,
2686 2148 2854 2204 donec
2895 2149 3218 2217 deﬁcerent,
3261 2159 3315 2205 et
3344 2159 3472 2207 tunc

1889 2253 2060 2295 novas
2081 2248 2333 2309 peterent
2354 2249 2410 2295 et
2436 2240 2768 2310 acciperent.
2799 2241 2869 2297 Et
2894 2242 3119 2297 adverte
3152 2245 3297 2313 quod
3327 2243 3471 2298 nulla

1877 2327 1992 2388 huc
2029 2340 2200 2403 usQue
2235 2333 2307 2387 sit
2350 2333 2556 2411 mentio
2580 2332 2646 2388 de
2670 2333 2923 2403 pitantia,
2949 2342 3007 2389 et
3028 2349 3130 2403 per
3150 2335 3316 2390 verba
3357 2334 3469 2402 illa,

1877 2422 2087 2494 aliquid
2116 2425 2440 2496 hujusmodi,
2478 2442 2588 2483 non
2619 2440 2910 2499 possumus
2950 2438 3102 2484 certo
3146 2428 3288 2485 scire
3341 2428 3471 2499 quid

1880 2516 1990 2573 hoc
2012 2528 2182 2585 esset,
2204 2520 2348 2590 quod
2366 2521 2537 2577 etiam
2569 2520 2672 2577 sibi
2711 2534 2947 2593 coquere
2970 2527 3215 2592 possent.

1886 2674 1892 2679 Δ
1955 2607 2091 2665 Ibid.
2140 2610 2186 2663 A
2230 2612 2538 2683 coquinaria
2581 2615 2783 2681 uinum,
2832 2622 2941 2670 etc.
2995 2612 3063 2669 In
3109 2614 3290 2684 quinta
3333 2612 3471 2682 feria

1878 2716 2094 2757 caseum
2133 2701 2212 2758 uel
2242 2702 2446 2776 aliquid
2472 2705 2573 2760 cibi
2601 2706 2864 2773 lautioris,
2895 2713 3001 2762 etc.
3038 2704 3179 2761 Ecce
3209 2716 3471 2776 apparere

1882 2793 2078 2865 incipit
2114 2796 2261 2865 quod
2285 2794 2418 2851 feria
2447 2798 2634 2867 quinta
2665 2799 2846 2868 portio
2876 2797 3044 2862 casei,
3086 2797 3225 2852 ultra
3253 2799 3469 2853 solitum

1881 2885 2127 2940 ordinate
2153 2885 2584 2950 ministraretur,
2608 2886 2694 2942 vel
2719 2886 2921 2957 aliquid
2939 2886 3049 2942 cibi
3081 2885 3348 2951 lautioris,
3375 2886 3469 2941 sed

1882 2973 2121 3029 nondum
2154 2973 2242 3028 hic
2278 2972 2339 3027 ﬁt
2370 2974 2576 3028 mentio
2602 2988 2826 3028 ovorum
2854 2981 2910 3029 et
2938 2972 3187 3044 piscium,
3220 2971 3468 3041 quamvis

1881 3064 2043 3120 etiam
2090 3064 2194 3120 dici
2238 3052 2413 3134 possit
2463 3064 2610 3134 quod
2664 3077 2764 3134 per
2812 3062 3017 3133 aliquid
3064 3061 3175 3118 cibi
3218 3059 3468 3116 lautioris

185 3162 326 3225 'quas
343 3154 517 3210 initio
546 3154 753 3241 ordinis
781 3169 812 3208 a
841 3142 1045 3209 uestris
1089 3152 1406 3209 observatas
1450 3149 1616 3205 fuisse
1640 3163 1774 3204 con-
1805 3142 1855 3206 Β
1881 3150 2111 3223 idipsum
2144 3154 2502 3211 indicaretur.

185 3256 320 3313 stat,
353 3247 507 3302 circa
550 3238 691 3315 quas
728 3261 759 3299 a
802 3243 1123 3314 quibusdam
1152 3257 1304 3296 [nunc
1335 3241 1403 3296 de
1444 3238 1778 3294 relaxatione

186 3339 499 3410 arguimur,
543 3336 669 3408 quia
706 3346 819 3393 non
862 3336 1051 3392 eodem
1099 3334 1263 3390 modo
1312 3341 1618 3388 servantur.
1669 3330 1777 3386 Sed

195 3444 494 3505 antequam
524 3433 791 3487 rationem
820 3432 887 3488 de
925 3431 1027 3487 hac
1063 3445 1123 3486 re
1150 3430 1265 3487 suis
1299 3429 1433 3484 locis
1460 3427 1775 3492 reddamus,

183 3533 247 3579 σοι
273 3524 580 3595 probemus
602 3539 714 3578 non
739 3522 868 3578 ideo
890 3507 1193 3578 institutum
1216 3519 1635 3577 Carthusianum
1667 3516 1777 3572 ullo

192 3616 349 3669 modo
390 3612 558 3669 fuisse
597 3608 933 3676 relaxatum,
975 3627 1096 3667 cum
1142 3611 1245 3666 ista
1292 3609 1635 3666 observantia
1669 3623 1775 3663 non

184 3704 468 3773 absolute,
515 3703 608 3760 sed
645 3717 860 3775 semper
895 3703 997 3758 sub
1038 3694 1347 3758 conditione
1393 3701 1557 3757 fuerit
1605 3701 1776 3755 intro-

194 3796 351 3853 ducta
380 3805 445 3851 et
470 3798 758 3852 observata
798 3797 850 3851 in
892 3796 1087 3852 ordine
1129 3813 1144 3850 :
1189 3793 1349 3850 Notet
1396 3795 1565 3850 lector
1592 3795 1776 3850 condi-

186 3888 398 3946 ‘tionem
428 3890 571 3944 illam
617 3906 738 3946 esse
766 3903 1024 3960 expresse
1065 3887 1393 3943 declaratum
1429 3887 1481 3941 in
1521 3886 1772 3957 sequenti

191 3981 434 4051 capitulo
463 3980 553 4045 35,
598 3981 689 4036 ubi
731 3980 929 4036 dicitur
962 3986 985 4035 ':
1033 3978 1139 4035 Sed
1186 3987 1234 4032 et
1281 3978 1329 4032 si
1368 3978 1454 4031 cui
1497 3960 1773 4048 pilantinm

182 4072 452 4143 aliquam,
482 4088 573 4128 seu
608 4072 734 4137 ‘c'ibi,
764 4088 855 4126 seu
891 4072 1090 4138 somni,
1124 4068 1203 4124 vel
1246 4069 1462 4124 alterius
1497 4069 1771 4139 cujuslibet

188 4163 261 4216 rei
288 4164 498 4231 facere,
533 4162 585 4216 id
614 4172 697 4218 est
721 4172 980 4233 praestare
999 4201 1015 4227 ,
1041 4163 1187 4231 prior
1214 4160 1451 4226 coluerit,
1485 4178 1773 4231 repugnare

190 4254 268 4324 fas
302 4272 413 4311 non
439 4255 714 4321 habemus,
743 4265 851 4311 etc.
886 4256 964 4310 Ex
997 4256 1195 4326 quibus
1217 4256 1396 4311 verbis
1428 4255 1555 4309 lucc-
1572 4254 1773 4310 clarius

189 4357 332 4416 patet
369 4348 504 4402 istas
534 4347 891 4403 abstinentias
910 4349 978 4403 ab
1004 4347 1258 4403 omnibus
1282 4355 1338 4402 et
1355 4363 1384 4401 a
1409 4345 1773 4418 singularibus

186 4426 468 4510 personis,
484 4447 704 4494 tantum
740 4447 868 4494 tunc
897 4437 1063 4496 fuisse
1091 4441 1388 4494 servandas
1416 4446 1474 4492 et
1502 4446 1764 4502 servatas,

1949 3244 2109 3300 Num.
2136 3247 2190 3301 5.
2229 3247 2308 3300 Ab
2346 3246 2536 3302 Idibus
2581 3244 2925 3316 Septembris,
2955 3252 3086 3311 etc.,
3127 3242 3354 3313 exceptis
3380 3258 3467 3298 θοι

1870 3335 2262 3402 lemnitatibus,
2314 3337 2525 3392 nonnisi
2565 3334 2755 3404 semel,
2794 3345 2900 3393 etc.
2947 3335 3054 3392 Pc‘r
3091 3334 3466 3392 soiemnitates

1880 3428 2105 3500 intelligi
2139 3429 2338 3485 debent
2366 3429 2502 3485 festa
2531 3428 2776 3500 capituli,
2806 3430 2911 3485 hoc
2932 3428 3077 3484 enim
3099 3427 3268 3484 verbo
3292 3426 3466 3481 utitur

1877 3517 1945 3575 Il.
1979 3518 2039 3575 P.
2091 3518 2285 3591 Guigo,
2334 3521 2502 3577 etiam
2534 3521 2603 3576 de
2642 3520 2798 3576 festis
2840 3519 3127 3575 duodecim
3170 3518 3461 3574 lectionum

1876 3610 2121 3680 loquens,
2151 3622 2308 3682 prout
2331 3628 2399 3668 ev
2430 3628 2553 3684 cap.
2578 3614 2632 3677 4,
2659 3628 2716 3667 n.
2760 3612 2859 3687 l5,
2886 3612 3169 3683 probatur.
3202 3611 3302 3668 Hic
3330 3626 3462 3668 vero

1877 3687 2192 3776 designatur
2241 3714 2452 3776 tempus
2480 3721 2589 3776 quo
2619 3704 2888 3776 jejunium
2925 3703 3138 3760 ordinis
3183 3714 3456 3773 servatur,

1876 3794 2020 3867 quod
2051 3809 2271 3866 semper
2291 3794 2393 3850 fuit
2421 3806 2477 3852 et
2496 3804 2579 3851 est
2599 3796 2788 3850 eodem
2820 3803 3069 3864 tempore
3090 3794 3457 3849 observatum.

1947 3884 2107 3955 Num.
2133 3886 2187 3939 4’.
2222 3888 2265 3940 Α
2303 3883 2511 3941 Pascha
2559 3896 2754 3950 autem,
2804 3894 2938 3952 etc.,
2983 3886 3137 3939 tertia
3187 3895 3235 3939 et
3274 3886 3459 3957 quinta

1875 3979 2033 4047 feria,
2060 3992 2261 4030 necnon
2304 3973 2532 4030 Sabbato
2575 3977 2763 4030 iterato
2805 3974 3089 4044 reﬁcimus.
3131 3973 3189 4029 Id
3230 3985 3312 4029 est
3351 3992 3459 4030 non

1877 4075 2083 4121 tantum
2131 4066 2418 4136 prandium
2459 4066 2550 4122 sed
2585 4076 2638 4122 et
2665 4082 2876 4121 caenam
2913 4065 3198 4131 sumimus,
3233 4067 3374 4121 unde
3408 4077 3464 4122 et

1873 4158 1931 4214 hi
1973 4159 2091 4214 dies
2121 4170 2388 4214 vocantur
2415 4160 2554 4230 apud
2584 4175 2702 4224 nos,
2729 4161 2842 4215 dies
2868 4159 3008 4213 bina:
3036 4159 3363 4216 relectionis.

1948 4249 2104 4306 Non).
2157 4250 2213 4307 5.
2268 4250 2348 4304 Ad
2387 4268 2587 4306 ctenim:
2629 4251 2710 4306 vel
2753 4251 3070 4322 prandium,
3130 4268 3248 4306 cum
3300 4250 3459 4306 semel

1866 4343 2092 4406 edimus,
2141 4343 2328 4397 herbas
2372 4343 2585 4408 crudus,
2618 4342 2693 4398 vel
2724 4342 2928 4410 fructus
2966 4345 3013 4397 si
3042 4342 3217 4398 adsint
3263 4343 3458 4412 accipi-

1873 4450 2010 4488 mus.
2043 4432 2175 4499 Quae
2206 4434 2505 4498 retinentes,
2531 4443 2634 4488 etc.
2670 4433 2746 4488 Ex
2777 4435 2878 4488 hoc
2904 4432 3022 4490 loco
3058 4450 3165 4489 non
3195 4442 3279 4489 est
3301 4434 3457 4487 intel-

191 4500 406 4600 quando
442 4500 499 4595 et
542 4529 780 4599 quandiu
810 4541 975 4598 posse
1002 4537 1058 4584 et
1097 4528 1396 4584 convenire
1441 4529 1590 4598 prior
1624 4500 1768 4598 judi-
1795 4500 1840 4562 ο
1871 4525 2141 4596 ligendum
2171 4525 2314 4595 quod
2359 4525 2549 4580 diebus
2584 4525 2773 4596 jcjunii
2811 4527 3018 4582 ordinis
3057 4528 3124 4582 ad
3162 4528 3451 4597 prandium

190 4628 374 4681 caret,
409 4616 615 4687 absque
660 4617 916 4673 sanitatis
952 4617 1165 4672 illarum
1210 4617 1556 4673 detrimento.
1606 4614 1765 4687 Dice,

192 4709 456 4774 sanitatis,
483 4708 607 4777 quia
657 4706 925 4777 superﬂua
973 4722 1199 4778 prorsus
1236 4716 1293 4762 et
1331 4706 1536 4762 inutilis
1580 4707 1771 4762 luisset

193 4811 290 4855 ista
344 4800 625 4868 conditio,
667 4799 711 4855 si
760 4801 1010 4854 sanitatis
1056 4800 1360 4871 corporalis
1403 4799 1547 4854 nulla
1578 4797 1768 4854 luisset

193 4892 440 4946 habenda
487 4890 652 4957 ratio,
704 4897 760 4946 et
803 4890 859 4945 in
897 4892 999 4946 hoc
1023 4890 1199 4946 elucet
1234 4905 1428 4962 magna
1474 4889 1762 4956 discretio,

193 4993 352 5049 quam
400 4977 568 5035 veluti
617 4980 850 5036 instituti
906 4982 988 5037 sui
1033 4980 1205 5036 basim
1254 4990 1552 5052 posuerunt
1605 4979 1765 5051 primi

186 5068 563 5134 Carthusiani,
589 5086 781 5127 cavere
825 5071 1084 5139 volentes,
1115 5084 1184 5127 ne
1223 5086 1290 5127 ex
1321 5071 1485 5126 nimia
1534 5070 1767 5127 austeri-

195 5161 392 5218 tatibus
416 5162 790 5232 corporalibus
814 5163 1168 5228 adluerentia,
1199 5163 1381 5234 plures
1406 5180 1437 5219 e
1460 5165 1574 5219 suis
1603 5165 1654 5219 in
1676 5164 1765 5222 via

198 5254 448 5308 solitaria:
474 5253 598 5308 vita:
653 5254 968 5320 deﬁcerent,
1009 5256 1149 5310 sicut
1187 5255 1300 5324 jam
1345 5258 1591 5312 evenisse
1628 5259 1767 5314 scie-

194 5352 320 5399 nant
343 5345 582 5415 antiquis
625 5343 945 5414 quibusdam
988 5346 1334 5403 anaclmretis
1371 5356 1427 5402 et
1454 5349 1593 5405 aliis.
1637 5349 1767 5417 Quae

197 5433 446 5492 discretio
491 5436 687 5490 mirum
739 5435 793 5490 in
834 5437 1050 5491 modum
1082 5438 1283 5509 proluit
1321 5440 1388 5495 atl
1438 5444 1764 5498 servandum

197 5523 433 5578 ordinem
465 5524 518 5578 in
541 5539 638 5578 suo
668 5525 870 5595 vigore.

260 5605 420 5668 Num.
449 5613 503 5667 2.
535 5612 731 5681 Tertia,
768 5616 983 5687 quinta,
1025 5626 1073 5671 et
1111 5615 1338 5675 Sabbato
1364 5619 1657 5690 legumina,
1688 5621 1766 5678 vel

199 5699 388 5770 aliquid
428 5702 729 5774 hujusmodi
769 5708 870 5775 ipsi
898 5705 1045 5760 nobis
1086 5711 1375 5777 coquimus,
1405 5719 1509 5767 etc.
1556 5711 1652 5767 Hic
1681 5728 1765 5768 re-

199 5784 433 5849 lricanda
452 5802 537 5851 est
559 5797 819 5853 memoria
844 5812 1033 5855 eorum
1058 5812 1177 5868 qua:
1189 5798 1304 5868 jam
1333 5817 1451 5871 cap.
1474 5803 1507 5857 7
1526 5803 1765 5862 diximus

1872 4628 1995 4668 cum
2043 4611 2207 4667 semel
2249 4602 2492 4677 ederent,
2540 4612 2725 4667 herbis
2756 4622 2964 4668 tantum
2993 4613 3175 4669 crudis
3222 4613 3304 4668 vel
3334 4612 3452 4667 fru-

1870 4704 2068 4771 ctibus,
2086 4704 2132 4759 si
2161 4704 2762 4771 adessent,utcrentur;
2794 4705 3126 4760 contrarium
3157 4706 3299 4760 enim
3332 4705 3450 4762 evi-

1872 4793 2065 4848 denter
2091 4802 2316 4864 apparet
2344 4810 2399 4849 n.
2444 4793 2502 4858 2,
2544 4793 2631 4848 ubi
2664 4793 2864 4848 dicitur
2890 4795 3033 4865 quod
3059 4792 3276 4848 sibimet
3303 4795 3451 4864 legu-

1870 4887 2016 4942 mina
2071 4899 2368 4957 coquerent
2415 4905 2429 4941 :
2476 4887 2569 4943 sed
2622 4896 2830 4941 tantum
2886 4887 2937 4940 id
2984 4883 3252 4957 signiﬁcat
3305 4884 3451 4954 quod

1869 4977 2056 5034 herbis
2076 4979 2282 5044 crudis,
2307 4978 2359 5035 id
2382 4988 2466 5034 est
2505 4979 2746 5033 oleribus
2775 4991 3006 5048 quorum
3054 4975 3294 5046 provisio
3340 4976 3448 5030 illis

1869 5070 2122 5137 dabatur,
2154 5070 2239 5126 vel
2271 5072 2534 5126 fructibus
2565 5071 2781 5140 quando
2810 5070 3103 5134 habebant,
3129 5078 3257 5123 tunc
3277 5066 3447 5125 libere

1869 5162 1949 5217 uti
1990 5162 2095 5218 illis
2137 5163 2346 5219 licitum
2385 5173 2566 5227 esset,
2598 5176 2719 5233 quae
2764 5162 2885 5217 ideo
2933 5161 3072 5231 apud
3119 5176 3179 5216 se
3225 5175 3448 5217 servare

1867 5265 2124 5326 poterant
2156 5257 2394 5327 quandiu
2432 5257 2730 5321 durabant;
2784 5254 2837 5311 id
2890 5263 3067 5309 autem
3122 5253 3446 5324 exprimitur

1869 5347 1936 5401 ad
1963 5347 2365 5403 distinctionem
2394 5363 2574 5402 rerum
2609 5344 3026 5401 comestibilium
3053 5359 3189 5415 quas
3228 5345 3279 5397 in
3309 5343 3443 5397 cella

1871 5454 2091 5498 servare
2149 5448 2431 5510 poterant,
2483 5449 2539 5495 ει
2590 5438 2993 5494 esculentorum
3045 5450 3165 5505 (ιυτὲ
3228 5440 3442 5502 sumpta

1871 5531 2166 5588 refectione
2195 5532 2416 5586 reddere
2442 5532 2731 5599 debebant,
2758 5531 2822 5586 de
2847 5531 3045 5600 quibus
3075 5526 3344 5582 subditur.

1940 5622 2074 5678 Ibid.
2110 5622 2186 5676 De
2219 5636 2368 5677 caseo
2399 5640 2642 5695 namque,
2683 5641 2774 5678 seu
2803 5623 3029 5692 piscibus
3062 5629 3151 5671 aut
3182 5620 3312 5678 ovis,
3351 5626 3443 5670 aut

1869 5715 1914 5767 si
1944 5713 2068 5791 quid
2090 5714 2393 5784 hujusmodi
2421 5732 2536 5784 quin
2563 5715 2817 5784 pilantias
2842 5726 3103 5766 vocamus.
3130 5708 3226 5764 Hic
3254 5719 3443 5779 aperte

1872 5807 2197 5873 exprimitur
2219 5807 2358 5877 quod
2402 5821 2506 5861 non
2540 5815 2746 5861 tantum
2777 5818 2958 5871 caseo,
3003 5802 3097 5859 sed
3130 5811 3185 5860 et
3204 5803 3444 5874 piscibus
