3992 6434
597 334 707 405 "an
1438 353 1761 411 GliIGONlS
1791 355 1812 409 ι
1849 352 2272 412 cauruusu:
2301 349 2592 416 MAtonts
2623 356 2898 416 PRIORIS
2941 359 2984 416 v
3711 369 3785 430 τοι

676 469 728 521 7.
763 467 918 535 Quod
945 469 1101 539 panis
1130 477 1185 526 et
1215 469 1322 525 vini
1353 479 1618 541 superest,
1645 471 1886 528 Sabbato
1909 473 2176 530 redditur.
2205 471 2438 541 Quando
2463 474 2516 530 in
2541 473 2835 531 refectorio
2859 475 3157 544 reficimus,
3189 489 3392 544 caseus,
3421 477 3502 534 vel
3523 479 3680 552 aliqua
3699 485 3784 540 talis

593 559 854 631 pitantia,
891 559 1132 618 oleribus
1163 561 1248 618 vel
1291 561 1652 634 leguminibus
1679 563 2092 633 super-additur,
2117 575 2174 618 et
2199 564 2256 620 in
2303 576 2480 632 cinna,
2524 563 2610 620 vel
2662 563 2878 622 fructus
2926 565 3012 622 vel
3063 565 3244 624 herba:
3283 569 3480 638 crudae,
3507 569 3548 626 si
3577 571 3786 632 adfuerint

597 661 964 723 apponuntur.

675 745 729 802 8.
755 745 812 800 In
839 745 1085 802 Adventu
1113 758 1214 802 nec
1239 744 1358 802 ovis
1387 759 1489 802 nec
1519 758 1684 802 caseo
1710 745 2008 804 vescimur.
2533 823 2540 828 _

1887 836 2292 896 CAPITULUM
2332 837 2574 896 XXXIV.

1807 930 1886 986 De
1941 947 2191 986 mensura
2241 931 2351 986 uini
2403 941 2452 986 et
2497 934 2658 988 casei.

670 1017 724 1074 1.
757 1009 1004 1072 Mensura
1033 1016 1142 1070 vini
1168 1015 1284 1072 sive
1313 1019 1368 1074 in
1398 1019 1550 1076 cellis
1579 1021 1695 1096 sive
1721 1021 1774 1076 in
1801 1020 2095 1078 refectorio
2119 1022 2308 1078 eadem
2343 1033 2679 1094 perseverat,
2709 1025 3010 1098 eodemque
3040 1027 3200 1086 modo
3233 1037 3576 1102 temperatur.

669 1113 724 1166 2.
766 1112 894 1166 Nam
924 1127 1057 1180 puro
1085 1109 1182 1184 [αι.
1207 1129 1345 1182 puro
1369 1112 1624 1186 namque]
1651 1130 1755 1168 non
1785 1115 2007 1168 utimur.

667 1205 721 1259 3.
762 1204 944 1269 Panis,
975 1206 1220 1274 quamvis
1246 1206 1312 1260 de
1337 1207 1537 1274 tritico,
1561 1215 1700 1261 torta
1733 1205 1832 1278 lat.
1869 1215 2046 1260 tamen
2079 1204 2240 1278 torta]
2267 1217 2371 1276 est,
2407 1209 2588 1264 album
2610 1211 2756 1266 enim
2786 1226 2984 1282 panem
3019 1227 3126 1270 non
3147 1212 3400 1271 facimus.

1401 1375 1404 1378 ν
1955 1299 2150 1356 COMM
2160 1301 2336 1356 Ε’ΝΤΑ
2347 1303 2526 1359 RIUS.

593 1399 650 1446 et
673 1390 810 1456 ovis,
837 1390 1067 1460 aliisque
1109 1391 1418 1463 hujusmodi
1444 1391 1510 1447 ad
1540 1391 1740 1447 victum
1786 1399 2092 1460 uterentur,
2119 1400 2174 1448 et
2201 1395 2246 1450 A
2277 1395 2516 1464 antiquis
2560 1397 2778 1453 statutis
2808 1413 2847 1452 ιι
2879 1405 3043 1466 part.,
3085 1411 3212 1467 cap.
3245 1396 3338 1460 14,
3369 1412 3464 1452 nu.
3501 1395 3550 1461 5,
3581 1396 3628 1466 6,
3653 1397 3696 1466 9,
3723 1400 3786 1466 lt),

592 1483 719 1540 inde
763 1493 1182 1554 componeretur
1233 1485 1410 1554 portio
1454 1484 1562 1540 cibi
1610 1483 1838 1554 singulis
1891 1483 2177 1538 monachis
2281 1487 2368 1552 il,
2402 1488 2489 1553 l5,
2521 1488 2581 1541 l7
2605 1499 2658 1542 et
2689 1487 2776 1542 l9.
2801 1487 2868 1542 Et
2893 1497 2954 1542 ut
2989 1503 3054 1544 ex
3087 1487 3246 1556 hujus
3277 1488 3498 1560 capituli
3521 1499 3646 1544 recta
3675 1492 3786 1546 intel-

593 1559 966 1640 ministrand’i,
995 1589 1157 1644 quam
1188 1575 1489 1642 pitantiam,
1518 1583 1574 1629 et
1601 1574 1890 1644 aliquando
1921 1573 2176 1642 pulmen-
2277 1575 2502 1646 ligentia
2527 1578 2612 1632 via
2642 1589 2826 1650 pateat
2846 1580 2914 1646 ad
2957 1578 3110 1648 plura
3156 1579 3262 1633 alia
3313 1559 3458 1636 recte
3494 1569 3786 1650 intelligenda,

589 1671 706 1719 tum
738 1665 1024 1720 vocabant.
1076 1664 1283 1732 Quibus
1321 1673 1501 1720 autem
1548 1659 1740 1720 diebus
1775 1667 2178 1720 ministraretur
2279 1681 2397 1736 qum
2419 1667 2471 1722 in
2493 1667 2984 1725 Consuetudinibus
3011 1669 3432 1738 R.P.Guigonis
3454 1671 3632 1740 passim
3651 1686 3786 1726 occur-

589 1755 716 1810 talis
747 1753 1256 1824 pitan-tiaicertum
1283 1763 1366 1810 est
1403 1756 1548 1824 quod
1577 1755 1765 1810 diebus
1797 1755 2094 1810 Dominicis
2122 1763 2178 1810 et
2279 1767 2440 1828 runt,
2484 1768 2540 1816 et
2579 1761 2796 1818 errandi
2855 1760 3074 1816 occasio
3123 1760 3382 1828 tollatur,
3431 1759 3565 1816 illius
3609 1761 3776 1830 capitali

587 1845 744 1902 festis
772 1847 826 1902 in
877 1846 1166 1902 reiectorio
1205 1847 1456 1913 daretur;
1505 1849 1746 1916 itemque
1782 1846 1915 1901 feria
1965 1846 2172 1916 quinta,
2276 1847 2562 1904 elenchum
2591 1850 2683 1906 hic
2725 1849 3000 1906 addimus.
3036 1850 3116 1905 Ex
3161 1851 3266 1906 hoc
3309 1865 3440 1920 ergo
3475 1848 3679 1920 capitulo
3711 1849 3782 1902 ista

587 1947 650 1993 ut
678 1953 746 1993 ex
771 1954 825 1992 n.
853 1938 888 1990 2
935 1937 1218 2008 prarsentis
1239 1936 1462 2007 capituli
1496 1937 1806 2008 conjicitur,
1839 1937 1936 1992 sed
1962 1945 2017 1992 et
2054 1936 2175 1992 aliis
2276 1949 2582 1995 eruuntur:
2608 1941 2664 1996 1.
2695 1939 2865 1996 Primi
2896 1940 3088 1996 Patres
3124 1941 3460 2011 recipiebant
3492 1955 3520 1995 a
3545 1941 3785 2012 coquinaria

587 2030 754 2086 etiam
777 2029 1138 2099 diebusjuxta
1169 2029 1362 2084 domus
1388 2028 1694 2095 facultates,
1721 2037 1774 2084 et
1802 2029 2002 2099 prioris
2026 2029 2175 2084 ordi-
2273 2032 2644 2102 provisionem
2702 2033 3070 2106 leguminum,
3120 2034 3175 2090 id
3237 2043 3327 2090 est
3382 2033 3637 2101 fabarum,
3684 2035 3786 2104 piso-

585 2125 884 2188 nationcm,
917 2137 1304 2192 nonnunquam
1335 2121 1640 2178 ministrari
1680 2121 2024 2192 perspicuum
2068 2122 2176 2176 crit
2274 2139 2416 2192 rum,
2441 2133 2545 2182 etc.
2566 2125 2813 2196 itemque
2837 2126 3068 2193 olerum,
3087 2139 3210 2196 quae
3227 2125 3334 2182 sibi
3356 2125 3654 2196 coquebant,
3673 2131 3784 2194 atque

587 2230 655 2270 ex
685 2213 1057 2284 sequentibus,
1093 2213 1338 2284 exceptis
1367 2221 1576 2268 tantum
1605 2211 1798 2269 diebus
1827 2211 2172 2268 abstinentia
2273 2217 2439 2272 etiam
2483 2215 2782 2282 fructuum,
2815 2226 2870 2274 et
2897 2219 3015 2274 haec
3047 2219 3190 2288 apud
3232 2233 3294 2274 se
3345 2217 3640 2283 servabant,
3665 2216 3784 2270 donec

587 2306 880 2376 deputatis.
2273 2315 2596 2377 consumpta
2641 2316 2857 2373 essent,
2888 2293 3084 2378 quibus
3123 2307 3462 2380 consumptis
3485 2307 3578 2362 alia
3597 2309 3784 2378 petebant

658 2396 892 2452 Num.5.
924 2397 1102 2454 Semel
1139 2398 1418 2462 sumimus,
1448 2397 1588 2466 quod
1613 2406 1846 2466 superest
1880 2396 2167 2451 reddimus.
2272 2407 2329 2453 et
2355 2399 2712 2468 recipiebant.
2743 2399 2799 2453 2.
2837 2397 3028 2454 Vinum
3075 2407 3130 2454 et
3161 2411 3360 2470 panem
3407 2398 3720 2468 recipiebant,
3747 2405 3784 2451 et

584 2489 641 2546 id
674 2500 776 2556 est,
802 2491 943 2560 quod
971 2499 1182 2562 sumpta
1208 2491 1501 2546 refectione
1527 2505 1592 2545 ex
1615 2489 1838 2561 pitantia
1873 2489 1973 2544 sibi
2011 2489 2170 2545 mini-
2271 2509 2494 2550 servare
2548 2495 2602 2550 in
2653 2494 2846 2550 cellula
2903 2503 3159 2565 poterant
3205 2509 3382 2564 usque
3425 2495 3490 2550 ad
3533 2492 3781 2556 Sahbatu,

583 2589 781 2648 strata,
811 2596 917 2636 non
961 2589 1214 2652 poterant
1241 2581 1494 2637 monachi
1526 2596 1594 2635 ex
1631 2578 1720 2634 illa
1753 2579 1961 2648 aliquid
1993 2594 2171 2633 reser-
2271 2589 2508 2658 vinoque
2558 2597 2669 2643 tum
2723 2589 2776 2643 in
2823 2587 3055 2658 prandio
3095 2596 3206 2642 tum
3239 2587 3293 2642 in
3347 2600 3497 2642 creua
3539 2587 3778 2644 utebantur.

583 2687 734 2737 vare,
788 2672 874 2727 vel
911 2671 965 2727 in
1013 2685 1250 2738 omnum,
1289 2669 1374 2726 vel
1417 2671 1470 2725 in
1517 2669 1850 2736 crastinum,
1882 2669 1976 2723 sed
2003 2667 2159 2738 .quod

2203 2740 2243 2750 _
2270 2679 2513 2750 exceptis
2555 2679 2749 2734 diebus
2789 2679 3138 2735 abstinentia:
3180 2679 3476 2748 deputatis.
3514 2680 3560 2734 5.
3601 2677 3717 2734 Ultra
3737 2691 3779 2732 ea

584 2764 856 2818 residuum
899 2771 1037 2826 erat,
1091 2762 1361 2818 debebant
1405 2762 1458 2818 in
1490 2759 1767 2816 fenestella
1811 2775 2092 2829 reponere,
2137 2775 2168 2814 a
2202 2740 2246 2796 Β
2271 2740 2526 2840 (μαξείιή
2557 2770 2612 2825 in
2657 2770 2794 2825 cena
2825 2771 3153 2839 coquebant,
3191 2740 3416 2825 ειξηυιίε
3457 2769 3626 2825 diebus
3653 2768 3782 2837 pium.

583 2854 899 2924 εοίιυῑηθτῑο
943 2853 1353 2920 “sumendum:
1404 2861 1564 2923 Ρτοηι
1613 2866 1829 2922 semper
1879 2850 1934 2906 ίη
1976 2851 2170 2906 ordine
2273 2861 2401 2914 tiam
2455 2875 2485 2914 a
2537 2861 2860 2932 coquinario
2907 2861 3276 2932 recipiebant,
3336 2876 3404 2917 ex
3457 2875 3556 2933 qua
3600 2857 3708 2914 nihil
3743 2855 3780 2910 in

582 2948 766 3004 fuitet
788 2956 872 3004 est
901 2946 1274 3002 observatum.
2269 2960 2584 3022 sequentem
2646 2952 2997 3008 refectionem
3053 2967 3347 3008 reservare
3405 2953 3502 3008 sibi
3558 2955 3779 3022 poterant.

652 3039 732 3094 Ex
769 3037 855 3092 his
901 3046 1082 3091 autem
1115 3035 1298 3090 verbis
1349 3034 1556 3104 liquido
1606 3040 1820 3090 constat
1877 3031 2020 3104 quod
2059 3047 2166 3088 non

2269 3043 2496 3100 subaudi
2521 3057 2736 3113 semper
2759 3043 2876 3098 sine
2898 3043 3096 3112 prioris
3125 3043 3379 3108 licentia;
3407 3051 3460 3098 et
3488 3043 3590 3096 haec
3609 3035 3777 3110 pitantia

582 3137 792 3183 tantum
819 3127 1009 3182 diebus
1033 3125 1207 3192 ΐοειὶε,
1238 3125 1332 3181 sed
1361 3125 1525 3181 etiam
1550 3123 1828 3180 ferialibus
1853 3123 2112 3192 pitantias
2138 3139 2168 3177 a
2269 3149 2336 3190 ex
2363 3148 2543 3199 caseo,
2570 3135 2708 3198 ovis.
2735 3133 2819 3188 vel
2847 3133 3108 3205 piscibus,
3143 3143 3236 3188 aut
3256 3135 3442 3207 aliqua
3473 3148 3528 3189 re
3547 3126 3779 3201 huiusmodi

583 3219 902 3290 coquinario
931 3219 1273 3288 acciperent;
1308 3232 1416 3272 non
1447 3217 1592 3272 enim
1635 3223 1862 3286 possunt
1909 3214 2159 3284 applicari

2271 3225 2578 3282 constabat.
2622 3223 2678 3280 ι.
2711 3225 2914 3281 Diebus
2961 3223 3238 3282 refectorii
3260 3269 3275 3293 ,
3311 3227 3545 3297 pitantia:
3579 3221 3777 3294 legumina

583 3310 772 3366 diebus
819 3309 1051 3375 festivis,
1100 3308 1300 3378 quibus
1347 3309 1400 3364 in
1444 3306 1734 3363 refectorio
1789 3308 2159 3373 comedebant,

2271 3316 2326 3372 in
2379 3316 2611 3386 prandio
2677 3316 3036 3372 addebantur.
3097 3315 3153 3370 5.
3217 3315 3263 3370 Α
3317 3315 3454 3371 festo
3499 3307 3777 3368 Exaltationit

583 3401 710 3472 quia
738 3400 812 3456 ibi
843 3402 1070 3471 pitantia
1098 3400 1202 3456 illis
1231 3399 1664 3466 ministrabatur,
1684 3409 1738 3453 et
1761 3399 1916 3454 ﬁnito
1941 3399 2168 3468 prandio
2271 3406 2330 3460 S.
2355 3405 2534 3460 crucis
2558 3419 2726 3475 usque
2755 3405 2822 3459 ad
2851 3405 3079 3471 Pascha,
3103 3404 3398 3476 jejunium,
3428 3403 3561 3476 quod
3586 3409 3778 3458 vocamus

585 3491 864 3548 residuum
895 3507 925 3546 κ
956 3492 1391 3548 ministrantibus
1433 3493 1832 3555 resumebatur,
1885 3502 1946 3547 ut
1981 3506 2168 3547 mensa
2270 3496 2501 3561 ordinis,
2549 3494 2872 3560 servabant,
2905 3503 2961 3550 et
3000 3495 3132 3550 illud
3167 3505 3401 3551 vocatur
3459 3493 3685 3566 jejunium
3705 3501 3778 3542 non

585 3591 728 3639 esset
755 3597 950 3648 vacua,
977 3583 1194 3653 quando
1233 3582 1422 3638 lectori
1457 3581 1727 3638 refectorii
1761 3582 1972 3652 signum
2001 3582 2168 3636 daba-
2271 3584 2620 3655 praecipuum,
2648 3583 2794 3653 quod
2822 3583 3166 3654 procuratori
3190 3593 3246 3639 et
3278 3583 3562 3655 aliquando
3585 3578 3714 3651 priori
3739 3576 3776 3628 in

587 3682 676 3730 tur
702 3681 762 3728 ut
797 3671 1012 3727 lectioni
1055 3671 1216 3727 linem
1247 3672 1572 3742 imponeret,
1615 3671 1945 3743 superﬂuum
1976 3669 2169 3726 fuisset
2270 3676 2498 3746 gratiam
2543 3675 2816 3744 hospitum
2864 3673 3120 3745 frangere
3172 3675 3598 3746 permittebatur.
3639 3665 3778 3723 Praci-

583 3764 652 3818 de
688 3763 934 3836 pitantiis
971 3763 1026 3818 in
1072 3763 1362 3819 refectorio
1397 3762 1724 3818 ministratis
1764 3762 1976 3830 dicere,
2013 3761 2169 3817 semel
2269 3783 2436 3839 puum
2473 3781 2600 3822 vero
2643 3766 2950 3835 dicebatur,
2984 3767 3126 3836 quod
3169 3781 3236 3823 ex
3275 3773 3546 3837 praecepto
3588 3755 3777 3816 Ecclesia!

583 3854 861 3919 suntimus,
891 3853 1032 3924 quod
1063 3862 1294 3923 superest
1335 3851 1622 3906 reddimus.
1651 3851 1708 3907 ld
1737 3852 1881 3907 enim
1929 3852 1983 3907 in
2021 3868 2168 3909 com-
2269 3869 2386 3916 erat
2411 3860 2758 3916 servandum.
2787 3859 2840 3914 6.
2866 3859 2909 3914 A
2937 3857 3074 3914 festo
3115 3858 3339 3915 Pascha:
3368 3871 3532 3928 usque
3553 3853 3610 3909 ad
3633 3851 3774 3905 festum

583 3943 797 3999 edentis
826 3943 1078 3999 libertate
1101 3957 1207 3998 non
1231 3951 1370 4010 erat,
1393 3943 1608 4012 quando
1635 3942 1688 3998 in
1712 3941 2000 4000 refectorio
2023 3959 2170 4000 com-
2270 3950 2628 4006 Exaltationis
2672 3948 2730 4004 S.
2783 3949 2992 4015 crucis,
3043 3949 3226 4005 binam
3285 3947 3616 4004 refectionem
3653 3947 3777 3993 sumo-

583 4035 1042 4102 edebat,necesse
1067 4049 1199 4106 ergo
1226 4043 1310 4092 est
1329 4043 1388 4091 ut
1415 4033 1471 4092 id
1496 4035 1740 4106 pitantiis
1769 4034 1823 4090 in
1848 4034 1983 4092 cella
2009 4035 2168 4092 mini-
2194 4083 2239 4110 η
2270 4043 2426 4106 bant,
2458 4041 2508 4096 id
2541 4049 2627 4095 est
2658 4039 2944 4110 prandium
2995 4048 3050 4093 ct
3091 4041 3340 4109 coenamf,
3379 4034 3601 4108 exceptis
3642 4025 3776 4084 diebus

588 4083 1040 4102 ,νη-Ἵππη--
1070 4083 1196 4106 νυ-
1229 4083 1309 4092 ν--
1333 4083 1388 4091 _-
1415 4083 1471 4092 -_
1496 4083 1738 4106 ,-.-------
1851 4083 1983 4092 --η-
2270 4083 2426 4106 .,.....,
2542 4083 2627 4095 νυ.
2996 4083 3050 4093 ν.
3093 4083 3267 4094 νων...

585 4126 774 4181 stratis
808 4127 1132 4196 applicetur.
2193 4083 2240 4148 C
2270 4132 2613 4190 abstinentiae
2639 4083 2722 4186 vrel
2745 4129 2953 4202 jejunio
2979 4131 3268 4200 deputatis.

657 4216 820 4274 Num.
856 4218 908 4271 6.
946 4218 1141 4272 Vinum
1166 4219 1373 4273 nonnisi
1403 4221 1458 4274 in
1491 4219 1716 4289 prandio
1743 4220 1822 4274 uel
1840 4237 1986 4276 caena
2013 4231 2166 4292 pota—
2335 4244 2498 4300 plum
2537 4243 2713 4300 adhuc
2759 4245 2828 4299 de
2875 4243 2977 4299 hac
3023 4258 3084 4298 re
3128 4243 3361 4300 dicenda
3399 4243 3661 4298 occurrent
3705 4227 3774 4286 sub

586 4325 724 4407 mus.
759 4309 816 4363 id
846 4309 1294 4407 signiﬁcatquod
1332 4320 1486 4366 extra
1524 4311 1810 4407 prandium
1856 4319 1912 4407 et
1949 4327 2164 4407 omnum
2265 4334 2498 4407 capitulo
2523 4333 2611 4389 52,

585 4399 834 4455 ordinate
881 4399 1067 4454 vinum
1117 4399 1302 4456 bibere
1347 4417 1454 4456 non
1513 4401 1824 4457 debeamus.
1879 4401 1984 4460 Sed
2041 4403 2166 4460 inde
2507 4465 2730 4474 ________
2899 4465 2946 4474 __
3116 4467 3131 4474 _
3217 4464 3266 4474 __
3545 4460 3606 4474 H

585 4450 2165 4562 ea};gguine;'ea5.15..;;;,";.;;p.a"a.;i;;;
2335 4471 2465 4562 (In;
2494 4465 2749 4562 _XXI§_|V_-
2787 4497 2859 4562 —-_
2899 4465 3060 4562 Itum.
3109 4467 3163 4562 ξς
3207 4460 3620 4562 ususuraafs.
3663 4450 3774 4562 aut

973 4543 1272 4652 deputatis,
1307 4543 2164 4642 vinoinrefectio‘nre
2264 4575 2394 4632 ergo
2423 4560 2586 4615 “ehi”
2615 4557 2894 4613 ἀίειίηεῑῖο
2937 4557 3080 4612 inter
3104 4555 3221 4612 dies
3250 4555 3418 4652 festos
3444 4561 3496 4609 et
3523 4543 3772 4652 alios

580 4636 806 4742 νεέρρω
833 4636 1195 4728 εοηπηυήειει.
1223 4636 1522 4726 Hieron—tu}.
2113 4636 2162 4642 "
2263 4653 2376 4709 vini
2407 4666 2741 4716 mensuram,
2766 4665 2887 4705 cum
2915 4663 3132 4720 semper
3161 4648 3384 4742 aequalis
3419 4651 3572 4742 esse}-
3601 4636 3773 4742 Addi"?

841 4723 1330 4832 '7;”Qu_od;,an5;
1350 4723 1568 4817 ⁷ιᾷε-ηε
1613 4772 1844 4833 super“;
1862 4805 1877 4830 ,
1931 4762 2160 4820 sabbato
2264 4745 2318 4800 in
2343 4744 2494 4799 novis
2519 4743 2738 4799 statutis
2763 4741 3054 4812 prohibitio
3083 4749 3138 4797 et
3167 4741 3482 4812 paenitentia
3501 4735 3546 4791 ei
3574 4749 3602 4788 e
3623 4723 3772 4785 nostris

579 4857 834 4912 redditur.
878 4855 956 4912 lbi
986 4855 1202 4910 videtur
1237 4855 1381 4925 quod
1414 4854 1580 4908 etiam
1609 4870 1676 4910 ex
1707 4855 1831 4910 vino
1865 4855 1967 4910 sibi
1999 4857 2160 4910 mini-
2264 4837 2356 4908 ιιιιὶ
2383 4852 2574 4908 Durum
2598 4835 2809 4890 biberet
2831 4835 3038 4888 Vinum-

581 4955 774 5010 strato,
797 4945 998 5016 aliquid
1034 4945 1086 5001 in
1121 4945 1255 5000 cella
1288 4958 1507 4999 servare
1535 4953 1778 5018 possent,
1808 4945 1951 5014 quod
1981 4953 2161 5001 tamen
2333 4951 2492 5008 Num.
2520 4950 2574 5006 5.
2609 4947 2775 5004 Panis
2804 4949 3039 5020 quamvis
3071 4947 3133 5001 de
3166 4947 3338 5000 tritico
3369 4954 3504 5000 torta
3539 4929 3768 5004 erunibus

582 5035 820 5092 Sabbato
843 5038 1070 5093 reddere
1111 5036 1403 5100 debebant,
1437 5036 1578 5090 sicut
1613 5045 1670 5091 et
1708 5037 1978 5092 residuum
2007 5039 2160 5106 panis
2263 5046 2396 5098 enim
2419 5057 2630 5112 panem,
2661 5049 2764 5094 etc.
2799 5038 2903 5093 Per
2933 5047 3124 5092 tortam
3154 5036 3402 5107 intelligit
3429 5043 3604 5104 panem
3625 5021 3770 5079 subru-

580 5125 895 5181 ministrati.
930 5127 1126 5182 Vinum
1166 5135 1348 5182 autem
1380 5127 1433 5182 in
1463 5125 1598 5182 cclla
1641 5127 1720 5182 sic
1751 5142 1972 5182 servare
2007 5127 2160 5182 nobis
2265 5135 2401 5199 fum,
2435 5132 2608 5202 qualis
2649 5131 2827 5184 adhuc
2868 5127 2929 5182 ﬁt
2977 5128 3030 5182 in
3081 5127 3312 5192 ordine,
3359 5127 3589 5191 idemque
3623 5119 3768 5202 nonut}

579 5231 724 5272 nunc
751 5233 856 5270 που
891 5217 1039 5272 “CCL
2266 5233 2418 5279 torta:
2449 5224 2665 5286 retinet,
2695 5230 2750 5276 et
2779 5234 2991 5292 semper
3017 5219 3359 5274 ministratur
3381 5209 3634 5270 monachis
3651 5193 3767 5296 simul

650 5309 783 5364 lbid.
831 5309 1053 5374 Quando
1083 5309 1135 5362 in
1166 5310 1437 5380 refectorio
1468 5312 1760 5381 reﬁcimus,
1795 5328 1998 5376 caseus,
2027 5319 2156 5379 ctc.,
2263 5331 2383 5371 cum
2423 5330 2588 5383 parvo
2623 5328 2760 5384 pane
2799 5311 2920 5365 albo
2949 5312 3138 5364 eadem
3170 5308 3440 5378 quantitas
3469 5308 3622 5360 tortae,
3643 5301 3686 5345 ut
3711 5299 3766 5384 sic

577 5398 807 5454 oleribus
851 5398 927 5452 uel
967 5397 1308 5466 leguminibus
1345 5402 1734 5468 superadditur.
1773 5401 1904 5456 inde
1940 5383 2161 5472 apparet
2191 5434 2241 5493 υ
2272 5406 2445 5460 media
2479 5383 2820 5474 parsipanis,
2859 5401 2951 5470 qui
2991 5399 3145 5454 nobis
3175 5399 3524 5456 ministratur,
3551 5395 3664 5493 torta
3697 5385 3763 5493 sil.

576 5491 720 5562 quod
755 5493 880 5545 bina
905 5489 1110 5545 {et'cula
1145 5490 1198 5543 in
1227 5491 1514 5546 rcfectorio
1540 5493 1998 5548 ministrarentur.
2025 5492 2156 5548 illud
2191 5481 2237 5493 ’⁷
2265 5508 2320 5552 et
2360 5499 2466 5552 alia
2505 5495 2659 5566 panis
2709 5495 2884 5549 albus.
2937 5493 2983 5547 A
3033 5491 3305 5561 plerisque
3349 5495 3517 5541 autetn
3559 5481 3762 5566 instruat.

576 5600 771 5654 nempe
796 5586 938 5655 (ἰυοά
979 5581 1265 5654 Ρίιθηῑίθῐη
1307 5583 1601 5652 vocabam.
1649 5596 1703 5640 ει
1749 5587 1970 5656 insuper
2002 5585 2157 5656 legu-
2267 5589 2382 5642 haec
2415 5563 2556 5642 torta
2587 5583 2871 5654 praefertur
2889 5582 3014 5653 pani
3039 5581 3182 5646 albo,
3213 5579 3335 5648 quia
3362 5583 3500 5630 certe
3517 5568 3620 5638 plus
3642 5563 3760 5625 salii“

573 5675 721 5730 mina
750 5687 842 5730 aut,
865 5677 1032 5732 olera.
2269 5677 2374 5733 Sed
2400 5679 2524 5747 quia
2555 5675 2709 5730 albus
2740 5674 2908 5727 levior
2941 5680 3042 5734 est,
3073 5683 3128 5725 et
3149 5665 3478 5724 stomachum
3509 5659 3658 5748 minus

648 5763 840 5820 Totum
871 5777 1048 5826 autem
1082 5769 1185 5824 hoc
1215 5766 1504 5840 capitulum
1560 5767 1791 5824 relatum
1836 5768 2071 5826 habetur
2103 5767 2157 5834 in
2271 5777 2380 5834 vat,
2418 5741 2526 5822 hac
2553 5765 2620 5820 de
2664 5778 2826 5820 causa
2858 5775 2988 5816 usus
3029 5758 3147 5830 ejus
3187 5760 3238 5812 in
3271 5755 3452 5812 ordine
3493 5741 3761 5804 introduc“Is
