3894 6298
145 352 237 408 ’109

1367 334 1960 395 CONSU'ETUDINES.

3233 351 3363 422 710

203 461 254 516 ι.
281 457 472 515 Caseus
498 452 714 520 eodem,
738 457 845 507 tam
874 448 928 507 in
966 446 1115 506 cellis
1141 462 1304 520 quam
1325 447 1380 504 in
1407 449 1696 506 refectorio
1723 451 1964 522 pondere
1991 450 2173 506 datur.

1377 578 1776 640 CAPITULUM
1812 583 2031 641 XXXV.

814 697 966 766 Quod
1003 695 1138 752 nulli
1159 695 1310 751 liceat
1331 696 1538 766 majora
1563 695 1815 750 exercitia
1851 696 2045 766 favere,
2079 699 2180 753 m'si
2215 701 2419 771 favente
2446 704 2642 772 priore.
3316 786 3321 792 ~

204 800 252 854 ί.
292 792 648 852 Abstinentias
667 806 817 858 vero,
849 788 930 844 vel
966 787 1296 857 disciplinas,
1321 785 1407 841 vel
1434 786 1666 858 vigilias,
1695 800 1790 842 seu
1823 786 2074 856 quaelibet
2092 788 2195 844 alia
2231 792 2506 864 religionis
2523 794 2806 862 exercitia,
2830 810 2952 866 quae
2981 804 3182 854 nostra:
3207 786 3362 856 insti-

140 889 337 947 tutionis
364 903 464 940 non
498 893 640 948 sunt,
670 882 799 938 nulli
829 890 1095 944 nostrum,
1128 879 1232 934 nisi
1263 879 1441 948 priore
1471 879 1676 934 sciente
1703 889 1759 934 et
1787 877 2020 946 favente,
2053 879 2231 935 facere
2260 883 2408 938 licet.

193 984 240 1036 2.
274 981 371 1034 Sed
400 986 454 1032 et
485 978 524 1030 si
568 973 962 1044 cuipitantiam
999 970 1230 1040 aliquam
1267 984 1360 1024 seu
1394 968 1500 1024 cibi
1531 984 1624 1024 seu
1669 969 1841 1023 somni
1882 968 1963 1022 vel
1995 970 2214 1026 alterius
2252 974 2536 1043 cujuslibet
2563 975 2649 1056 rei
2685 975 2860 1034 facere
2883 1016 2898 1042 ,
2931 985 3024 1033 aut
3063 981 3257 1036 durum
3297 987 3354 1035 et

329 1070 357 1082 ι.
438 1069 448 1080 ε
474 1069 484 1082 ι
516 1069 526 1079 ι
639 1081 642 1082 ,
713 1080 780 1082 ,,_
833 1063 1051 1082 __AL___!.
1105 1075 1401 1082 -------..-..-
1437 1058 1515 1082 Ρ.--
1547 1075 1650 1082 υ-..
1703 1058 1964 1082 1....ῑ...-....,.
2022 1073 2086 1082 ..Α
2123 1069 2236 1082 -.-_-_.
2275 1064 2314 1082 ,ε
2347 1066 2522 1082 __A-.-._
2566 1065 2577 1076 ·
2927 1067 2938 1079 ι
3057 1070 3068 1082 ι
3102 1070 3138 1082 η
3241 1072 3251 1082 .

137 1089 273 1133 grave
296 1069 485 1139 aliquid
515 1069 788 1136 imponere
832 1063 1076 1124 voluerit,
1105 1075 1405 1129 repugnare
1436 1058 1518 1114 fas
1547 1075 1655 1115 non
1703 1058 1987 1125 habemus,
2020 1073 2088 1114 ne
2117 1069 2242 1116 eum
2270 1064 2317 1117 ei
2345 1065 2726 1132 restiterimus,
2760 1081 2866 1123 non
2891 1067 2940 1123 ei
2977 1070 3070 1123 sed
3102 1070 3355 1134 Domino,

161 1164 264 1231 ujus
290 1175 408 1230 erga
437 1174 530 1213 nos
561 1158 671 1228 agit
699 1156 863 1219 vices,
891 1152 1152 1208 restitisse
1185 1151 1551 1205 inveniamur.

191 1255 240 1309 3.
273 1250 416 1306 Licet
443 1252 582 1306 enim
621 1247 783 1302 multa
822 1246 931 1301 siut
958 1253 1014 1299 et
1045 1244 1260 1301 diverSa
1290 1259 1410 1315 qua:
1437 1243 1824 1307 observamus,
1853 1257 1960 1296 uno
1987 1250 2164 1297 tamen
2194 1251 2248 1297 et
2277 1236 2393 1300 solo
2423 1246 2742 1304 obedientia:
2772 1249 2944 1316 bene,
2969 1262 3162 1309 cuncta
3205 1254 3359 1308 nobis

133 1347 380 1401 fructuosa
411 1341 588 1396 futura
618 1353 917 1412 speramus.

1471 1414 2046 1474 COMMENTARIUS.

136 1553 273 1604 εειει
297 1529 528 1603 inolevit,
563 1538 822 1610 utportio
845 1537 1003 1610 panis
1025 1528 1132 1593 albi
1169 1531 1331 1592 simul
1356 1544 1481 1589 cum
1521 1538 1666 1588 torta
1694 1536 1746 1596 Α
1840 1527 1970 1584 Car.
2017 1514 2233 1585 XXXV.
2256 1560 2326 1572 —-
2346 1523 2426 1588 Ex
2451 1523 2535 1589 his
2562 1521 2626 1590 Β.
2659 1536 2720 1592 Ρ.
2753 1522 3013 1613 Gnigonis
3049 1547 3230 1604 verbis
3256 1535 3342 1604 in-

134 1634 887 1714 monacliisministrnteluro1
1056 1707 1058 1709 ,
1148 1717 1160 1722 _
1272 1715 1307 1722 __
1401 1713 1463 1722 __
1616 1705 1634 1722 .

192 1726 258 1779 Ex
288 1725 383 1778 hac
407 1733 587 1776 autem
618 1708 979 1775 sollicitudine
1009 1715 1308 1774 advehendi
1347 1713 1584 1770 triticum
1616 1708 1672 1765 in

129 1805 246 1874 istas
272 1830 422 1884 rupes
441 1801 763 1880 Carthasim,
788 1813 929 1866 unde
958 1812 1113 1882 panis
1131 1806 1412 1863 monachis
1439 1799 1674 1860 confice-

127 1915 277 1970 retur,
298 1903 569 1958 evidenter
592 1911 815 1972 apparet
841 1916 1002 1971 quam
1034 1900 1265 1954 discretc
1289 1895 1471 1984 omnia
1495 1895 1674 1960 dispo-

127 1996 281 2050 nenda
322 2009 438 2048 esse
469 1982 742 2050 docuisset
778 1980 1023 2048 alumnos
1051 1994 1177 2046 suos
1205 1989 1264 2045 S.
1304 1980 1484 2043 Bruno
1521 1987 1678 2074 insti-

127 2092 257 2142 tutor
289 2095 491 2150 noster,
521 2096 577 2141 ut
608 2093 1026 2156 perseveranter
1061 2089 1285 2154 possent
1323 2079 1488 2133 illaesa
1527 2075 1672 2132 saui-

132 2187 222 2234 tate
249 2179 295 2232 in
323 2178 714 2248 suoproposito
738 2176 942 2256 servire
966 2174 1098 2239 Deo,
1125 2181 1179 2228 et
1206 2169 1398 2240 aequali
1429 2185 1585 2240 passu
1619 2169 1671 2222 in

123 2270 195 2324 ἐιιί
225 2267 442 2322 instituti
475 2267 634 2336 praxi
659 2281 873 2335 semper
893 2263 1164 2327 incedere,
1191 2269 1354 2331 atque
1383 2274 1580 2315 cavere
1607 2273 1672 2314 ne

130 2360 215 2413 illis
239 2359 501 2424 eveniret,
531 2358 672 2426 quod
705 2349 956 2426 pluribus
1004 2346 1252 2410 evenisse
1295 2353 1534 2417 sciebat,
1580 2351 1671 2421 qui

129 2451 530 2504 extremitatibus
544 2450 839 2520 gaudentes
865 2445 1064 2520 rigidas
1088 2445 1440 2502 abstinentias
1455 2445 1671 2515 quidem

129 2539 464 2609 suscipiebant
494 2550 550 2594 et
583 2538 764 2608 aliquo
788 2541 1037 2610 tempore
1066 2537 1417 2608 pertinaciter
1443 2549 1671 2592 exerce-

129 2626 252 2694 bant,
277 2628 363 2682 sed
393 2631 584 2696 postea
630 2629 753 2683 la’asa
803 2627 932 2683 inde
956 2627 1202 2697 corporis
1238 2625 1564 2691 valetudine,
1604 2625 1672 2680 ad

127 2733 284 2773 omnes
309 2709 508 2775 sensim
550 2709 926 2777 observantius
969 2713 1235 2775 inhabiles
1277 2718 1666 2784 reddebantur,

127 2816 170 2859 et
191 2809 432 2881 deinceps
452 2815 560 2865 non
590 2798 763 2865 solum
796 2812 862 2866 ad
889 2808 1148 2864 eXercitia
1180 2803 1481 2880 spiritualia
1508 2809 1670 2864 relin-

1773 1621 2006 1675 notescit
2061 1622 2204 1691 quod
2265 1623 2568 1681 obedientia
2628 1627 2988 1700 carthusiana
3029 1652 3059 1692 a
3093 1639 3352 1709 primva

1776 1711 2022 1767 instituto
2051 1711 2103 1765 in
2137 1711 2221 1766 illa
2253 1724 2336 1768 est
2364 1716 2501 1786 apud
2546 1733 2644 1774 nos
2680 1711 3118 1794 existimatione,
3148 1738 3200 1784 et
3234 1732 3359 1786 talis

1773 1815 1894 1855 esse
1929 1800 2108 1864 debet,
2139 1813 2196 1856 ut
2223 1815 2418 1873 praeter
2447 1822 2566 1862 eam
2602 1799 2731 1865 nihil
2775 1815 3074 1882 proficuum
3106 1828 3200 1873 aut
3222 1820 3361 1875 vali-

1775 1879 1901 1943 dum
1934 1896 2217 1958 reputatur
2248 1892 2298 1946 in
2326 1895 2547 1958 ordine,
2597 1879 2818 1971 ipsaque
2861 1914 3149 1963 censeatur
3189 1909 3355 1967 veluti

1773 1977 1863 2030 cor
1886 1977 2114 2032 instituti
2146 1977 2516 2039 Carthusiani.

1845 2068 1956 2124 Hoc
1982 2075 2159 2126 autem
2189 2074 2483 2142 capitulum
2530 2094 2635 2134 non
2682 2079 2853 2136 solum
2878 2068 2936 2138 in
2969 2085 3209 2157 antiquis
3231 2097 3348 2144 sta-

1773 2160 1903 2216 tutis
1943 2161 2168 2217 relatum
2219 2165 2455 2221 habetur
2494 2186 2532 2224 ιι
2572 2170 2734 2241 part.,
2761 2189 2882 2244 cap.
2917 2175 3004 2242 Η,
3038 2194 3131 2233 nn.
3162 2179 3253 2242 25,
3283 2170 3353 2236 27

1771 2251 1826 2303 et
1851 2249 1952 2316 28,
1977 2252 2070 2307 sed
2105 2255 2268 2312 etiam
2303 2254 2355 2308 in
2385 2271 2572 2311 novam
2613 2265 2941 2318 statutorum
2974 2266 3352 2324 collectionem

1773 2339 1912 2394 idem
1941 2341 2007 2396 de
2036 2343 2200 2398 verbo
2225 2347 2290 2398 ad
2321 2345 2543 2402 verbum
2573 2349 2896 2408 translatum
2929 2367 3031 2411 est.
3081 2359 3148 2413 Et
3191 2374 3354 2417 nemo

1769 2424 1911 2486 inter
1954 2433 2342 2493 Carthusianos
2393 2450 2743 2507 numeratur,
2783 2445 2875 2515 qui
2925 2455 3049 2502 vota
3093 2465 3189 2505 sua
3243 2467 3354 2506 non

1769 2522 2010 2579 emiserit
2045 2527 2222 2582 sciens
2261 2537 2308 2584 et
2343 2530 2550 2597 volens,
2579 2534 2805 2593 relative
2839 2540 2906 2594 ad
2938 2541 3100 2598 verba
3148 2543 3201 2598 in
3250 2544 3354 2602 hoc

1769 2618 1970 2669 statuto
1997 2625 2273 2674 contenta.
2305 2619 2380 2675 Ex
2412 2609 2494 2677 liis
2524 2633 2702 2681 autem
2735 2631 2919 2687 verbis
2945 2631 3135 2703 liquet.

1837 2703 2040 2775 Primo,
2059 2712 2378 2765 monachum
2398 2710 2469 2768 Ca
2480 2715 2814 2772 rthusianum
2840 2735 2936 2790 per
2952 2723 3350 2793 professionem

1768 2803 1879 2851 sure
1930 2799 2287 2869 obedientia,
2339 2802 2755 2864 abrenuntiasse
2808 2811 2969 2866 etiam
3024 2815 3352 2884 quibusdam

128 2901 325 2967 quentia,
366 2903 460 2957 sed
490 2903 655 2957 etiam
688 2903 752 2956 ad
775 2917 975 2971 corpus
1017 2901 1260 2956 studiose
1289 2891 1584 2957 fovendum
1615 2909 1668 2956 et

1784 2887 2022 2954 ipcribus
2042 2889 2280 2958 pietatis,
2307 2907 2426 2960 qua:
2450 2897 2664 2966 aggredi
2688 2913 2792 2952 non
2816 2911 3017 2970 potest,
3042 2905 3142 2959 nisi
3169 2908 3353 2976 priore

122 2993 440 3048 nutriendum
494 2993 984 3065 compellebantur.
1032 2982 1130 3049 His
1155 3005 1285 3064 ergo
1331 2992 1670 3065 inmqhalita-

128 3079 248 3134 tibus
268 3083 464 3137 aditum
503 3084 786 3140 occludere
815 3084 1015 3149 volens,
1041 3084 1107 3139 de
1129 3083 1272 3140 bono
1296 3097 1434 3154 pane
1461 3085 1672 3140 triticeo

124 3171 269 3222 ἰὀῐιιὶι
301 3173 410 3226 suis
442 3175 735 3242 provideri.
769 3173 1031 3228 Triticum
1059 3182 1240 3230 autem
1273 3189 1378 3230 non
1420 3173 1524 3228 fert
1546 3183 1670 3226 ere-

123 3263 228 3312 tuus
247 3258 540 3315 Carthusiaa
583 3262 724 3316 sicut
765 3279 866 3318 nec
914 3264 1118 3318 vinum.
1159 3264 1426 3320 Accessus
1458 3261 1669 3331 rupium

120 3351 221 3399 erat
247 3357 362 3403 tunc
389 3349 552 3404 valde
569 3351 800 3407 dilIicilis
815 3361 868 3407 et
893 3352 1070 3407 dorsis
1097 3360 1305 3406 tantum
1334 3351 1669 3419 animalium,

120 3436 193 3489 Vel
217 3439 336 3494 solis
357 3441 644 3495 hominum
675 3442 917 3498 humeris
941 3459 1008 3497 ex
1039 3442 1218 3513 aliqua
1260 3452 1430 3514 parte,
1461 3450 1675 3514 poterat

120 3523 209 3578 huc
228 3526 420 3582 afferri.
450 3527 720 3585 Triticum
743 3539 797 3585 et
829 3532 1010 3585 viuum
1035 3546 1229 3600 magno
1258 3533 1433 3602 pretio
1457 3541 1672 3587 consta—

120 3612 257 3679 bant;
285 3626 336 3669 at
364 3618 719 3674 nihilominus
750 3631 940 3688 panem
968 3633 1037 3674 ex
1069 3620 1251 3676 tritico
1290 3620 1459 3675 voluit
1485 3635 1672 3677 mona-

123 3703 221 3758 chis
245 3705 452 3772 confici,
485 3719 597 3777 quo
629 3719 844 3776 seraper
884 3717 1186 3775 uterentur,
1212 3709 1505 3781 vinumque
1537 3725 1674 3766 sem-

125 3808 204 3862 per
230 3797 544 3852 ministrari.
578 3797 768 3854 Sciens
793 3800 935 3853 enim
982 3800 1180 3854 bonum
1212 3816 1430 3871 panem,
1463 3802 1670 3868 vinum,

122 3891 166 3936 et
187 3901 273 3938 ova
323 3903 444 3944 esse
495 3891 638 3960 apud
686 3905 784 3945 nos
833 3890 1156 3960 praecipuam
1202 3893 1482 3947 materiam
1530 3895 1672 3948 unde

121 3985 458 4034 sustentemur
490 3989 544 4035 et
573 3981 782 4036 firmam
813 3982 1172 4037 valetudinem
1222 3997 1526 4051 servemus,
1558 3985 1671 4040 huic

121 4067 292 4122 nostris
319 4070 620 4124 ministrari
669 4072 1016 4141 prazscripsit.
1053 4072 1300 4142 Legimus
1330 4075 1543 4142 quidem
1575 4088 1672 4142 pro

119 4158 224 4212 solis
259 4160 487 4216 inﬁrmis
530 4163 707 4230 pisces
744 4164 849 4218 emi
899 4163 1086 4219 solitos
1133 4163 1324 4231 fuisse,
1367 4175 1421 4219 at
1462 4167 1528 4221 de
1555 4166 1670 4220 ovis

119 4248 351 4307 nihiHale
379 4254 644 4322 scriptum
682 4262 784 4309 cst.
1664 4340 1668 4342 _

174 4338 316 4394 Num.
351 4343 406 4397 4.
457 4342 656 4400 Caseus
687 4355 793 4400 tam
834 4347 888 4402 in
929 4348 1098 4416 cellis,
1135 4356 1244 4404 etc.
1282 4347 1407 4403 Inde
1449 4340 1670 4418 apparet

117 4426 232 4485 bene
278 4433 528 4490 ordinata
575 4437 842 4492 stabilitas
887 4449 943 4494 et
985 4440 1312 4494 conveniens
1358 4437 1666 4509 pr0portio,

119 4535 255 4587 quam
282 4525 480 4594 ubique
523 4540 554 4580 a
587 4527 742 4582 nobis
785 4529 988 4583 servari
1035 4529 1245 4584 volebat
1270 4568 1285 4593 ,
1317 4527 1532 4597 rejectis
1559 4527 1670 4580 siu-

117 4613 504 4684 gularitatibus,
557 4619 610 4674 id
665 4627 748 4675 est
804 4620 966 4675 rebus
1015 4637 1080 4675 ex
1133 4619 1347 4689 prapria
1395 4617 1669 4673 voluntate

117 4711 389 4776 susceptis,
425 4718 484 4767 et
527 4723 636 4765 non
685 4725 753 4766 ex
809 4712 1103 4780 superioris
1147 4709 1361 4765 licentia
1407 4718 1502 4763 aut
1541 4723 1670 4778 prte-

116 4796 314 4866 scripto,
345 4816 482 4870 quas
515 4802 726 4858 sciebat
770 4819 799 4856 a
833 4805 954 4857 vitae
984 4803 1237 4858 solitariae
1276 4799 1670 4870 professoribus

117 4899 292 4957 magno
324 4894 503 4949 studio
531 4907 655 4950 esse
681 4895 1116 4965 proscribendas.
1147 4893 1226 4948 Ex
1257 4891 1363 4947 illis
1390 4891 1534 4947 enim
1562 4905 1668 4946 non

116 4989 222 5031 raro
265 4983 506 5038 nascitur
551 4985 822 5055 quoddam
873 4985 1131 5039 vanitatis
1178 4983 1544 5053 supercilium,
1578 4991 1670 5037 aut

113 5070 244 5134 pacis
269 5073 535 5141 turbatio;
584 5091 651 5130 ex
703 5075 950 5145 sequenti
983 5084 1158 5129 autem
1185 5073 1417 5144 capitulo
1453 5073 1670 5128 eviden-

116 5155 206 5212 tius
227 5161 533 5230 apparebit,
565 5173 766 5232 quanta
787 5163 1273 5233 circumspectione
1302 5163 1458 5232 primi
1483 5162 1539 5215 S.
1574 5161 1670 5215 Pa-

115 5249 200 5300 tris
225 5252 395 5305 nostri
432 5251 699 5307 Brunonis
734 5267 1079 5309 successores
1114 5252 1448 5306 voluntarias
1486 5250 1667 5319 singu-

113 5333 338 5396 laritates
382 5352 439 5398 et
486 5343 900 5401 indiscretiones
932 5361 960 5399 a
991 5347 1105 5400 suis
1134 5345 1329 5400 vellent
1366 5343 1664 5407 eliminare,

113 5431 160 5476 et
181 5430 408 5496 qualiter
432 5433 483 5486 in
513 5432 626 5488 sola
653 5433 956 5488 obedientia
983 5449 1161 5488 rerum
1191 5433 1665 5488 Carthusianarum

113 5528 364 5576 summam
391 5533 446 5577 et
477 5525 705 5580 instituti
737 5528 907 5581 nostri
938 5528 1200 5582 rationem
1241 5536 1521 5598 ponerent.

175 5606 366 5666 Totum
395 5613 496 5670 hoc
524 5615 816 5686 capitulum
845 5617 897 5671 in
929 5619 1165 5687 antiquis
1190 5619 1408 5674 statutis
1433 5617 1666 5672 refertur

109 5709 250 5764 parte
276 5718 340 5770 ιι,
366 5719 485 5776 cap.
516 5708 604 5776 14,
634 5725 724 5764 ιιιι.
763 5708 848 5776 l5,
880 5709 946 5765 l6
972 5720 1024 5764 et
1065 5711 1150 5766 18.

1771 2978 1974 3032 sciente
2003 2987 2057 3034 et
2087 2979 2329 3048 favente;
2362 2985 2502 3052 quod
2552 2987 2801 3044 maxima:
2829 2991 3126 3060 prudentiae
3152 3004 3258 3063 est,
3292 3006 3354 3051 ut

1771 3068 2029 3124 solitariis
2071 3070 2352 3127 auferatur
2393 3076 2609 3131 occasio
2662 3076 2935 3135 incidendi
2965 3081 3017 3136 in
3046 3097 3241 3154 graves
3271 3087 3355 3140 in-

1771 3158 2145 3226 discretiones,
2177 3163 2372 3232 quibus
2405 3181 2518 3234 prte
2555 3169 2785 3224 caeteris
2812 3171 3045 3228 statibus
3079 3174 3348 3232 obnoxius
3389 3180 3400 3191 '

1769 3259 1913 3304 esset
1950 3251 2311 3309 solitariorum
2363 3268 2554 3326 status,
2583 3260 2688 3317 nisi
2718 3263 3039 3322 obedientia:
3081 3268 3352 3339 regimine

1770 3341 2080 3399 duceretur.

1842 3433 2108 3503 Secundo,
2127 3447 2373 3508 paratum
2397 3456 2517 3498 esse
2547 3443 2741 3501 debere
2767 3447 2832 3501 ad
2864 3450 3231 3520 recipiendum
3263 3453 3352 3508 in-

1771 3523 2048 3594 dulgenter
2092 3543 2121 3582 a
2167 3532 2447 3600 superiore
2492 3534 2756 3592 lcvamina
2796 3540 3045 3608 quaedam
3092 3543 3146 3598 in
3201 3546 3348 3609 cibo,

1771 3628 1923 3688 potu,
1975 3637 2165 3678 somno
2213 3634 2411 3694 praeter
2463 3637 2757 3695 statutum;
2793 3635 2935 3702 quod
2984 3637 3148 3692 etiam
3208 3655 3352 3695 verm

1771 3707 2112 3767 discretionis
2159 3723 2261 3778 est,
2302 3725 2359 3770 ut
2389 3732 2453 3771 ex
2502 3723 2794 3790 superioris
2831 3725 3044 3794 judicio
3094 3732 3351 3787 sanitatis

1769 3800 2128 3857 solitariorum
2173 3819 2301 3860 cura
2350 3809 2595 3877 pendeat,
2641 3823 2692 3866 ct
2735 3828 2762 3865 a
2807 3816 3052 3872 solitario
3083 3824 3351 3877 monacho

1771 3892 1947 3947 omnis
1971 3894 2352 3951 obstinationis
2394 3898 2445 3952 in
2489 3903 2707 3971 proprio
2743 3902 2968 3972 judicio,
2995 3918 3051 3962 et
3088 3910 3352 3966 indiscre-

1774 3982 1934 4038 tionis
1981 3986 2196 4040 occasio
2241 4000 2589 4056 amoveatur;
2624 4003 2795 4048 status
2839 3996 3124 4066 enimille,
3155 4001 3347 4071 utjam

1771 4071 1972 4128 dictum
1995 4083 2100 4138 est,
2132 4076 2461 4136 discretione
2498 4082 2733 4153 indiget,
2765 4090 2824 4138 ut
2871 4085 2924 4140 in
2959 4101 3025 4142 eo
3052 4103 3175 4144 cum
3203 4091 3352 4146 sani-

1773 4170 1884 4218 tate
1911 4172 1964 4218 et
1991 4164 2273 4224 alacritate
2318 4171 2522 4241 absque
2566 4173 2955 4247 interruptione
3000 4188 3098 4236 aut
3137 4181 3352 4238 relaxa-

1695 4239 1741 4302 C
1773 4253 1916 4308 tione
1943 4254 2052 4311 Deo
2072 4257 2274 4328 jugiter
2299 4239 2588 4318 serviatur.

1838 4342 2040 4412 Tertio,
2073 4347 2223 4403 illum
2274 4351 2525 4408 similiter
2561 4355 2630 4408 ad
2673 4356 3031 4416 obediendum
3075 4362 3247 4418 teneri
3288 4363 3346 4420 in

1768 4432 1918 4491 duris
1937 4445 1989 4490 et
2010 4441 2264 4507 gravibus
2293 4451 2491 4510 praeter
2509 4455 2789 4513 statutum,
2809 4465 2928 4520 qua:
2945 4451 2994 4506 ei
3018 4466 3047 4506 a
3065 4455 3349 4524 superiore

1769 4526 2140 4600 iniunguntur.
2175 4531 2327 4588 Unde
2357 4545 2503 4604 patet
2527 4538 2947 4595 Carthusianum
2975 4557 3042 4597 ex
3062 4543 3114 4598 vi
3139 4545 3350 4614 profes-

1769 4618 1935 4675 sionis
1963 4636 2074 4676 sua:
2102 4623 2428 4680 voluntatem
2462 4630 2731 4698 pr0priam
2771 4633 2848 4686 sic
2886 4633 3211 4691 obedientia:
3241 4638 3349 4692 vir-

1772 4709 1869 4763 tuti
1904 4709 2217 4778 snbjecisse,
2249 4722 2310 4768 ut
2343 4729 2463 4770 eam
2507 4718 2617 4772 Deo
2653 4721 2942 4790 obtulerit,
2966 4725 3342 4782 aestimandam

1767 4803 1899 4856 sicut
1927 4803 2034 4857 ovis
2063 4805 2359 4882 occisionis.

1839 4893 2064 4961 Quarto,
2096 4896 2236 4952 hanc
2277 4898 2382 4952 vim
2424 4899 2744 4958 obedientia:
2792 4903 2846 4961 in
2878 4919 2948 4979 eo.
2972 4915 3116 4963 statu
3151 4925 3340 4965 mona-

1769 4983 1926 5038 chum
1967 4984 2383 5042 Cartbusianum
2423 4991 2782 5057 constituere,
2816 5002 2874 5048 ut
2917 4996 2968 5050 in
3000 4981 3231 5068 persona
3260 5016 3345 5056 su-

1767 5073 1998 5146 perioris
2027 5074 2192 5131 Deum
2219 5078 2392 5146 ipsum
2419 5082 2769 5138 considerare
2800 5085 3008 5141 debeat.

1838 5163 2040 5228 Quinto
2081 5175 2137 5222 et
2175 5179 2451 5237 postremo
2503 5185 2720 5226 sensum
2766 5175 2972 5232 ordinis
3002 5185 3057 5232 et
3086 5179 3339 5249 spiritum

1771 5255 1999 5310 instituti
2033 5256 2370 5314 Carthusiani
2401 5261 2452 5315 in
2481 5261 2784 5318 obedientia
2822 5265 2902 5322 sic
2931 5268 3255 5332 consistere.
3282 5279 3342 5324 nt

1768 5361 1834 5400 ex
1872 5347 1958 5400 illa
2003 5347 2117 5403 sola
2159 5351 2529 5409 observantiae
2575 5356 2967 5414 Carthusianas
3003 5360 3111 5414 vim
3156 5361 3336 5414 meriti

1768 5455 2071 5510 assumere,
2118 5453 2172 5499 et
2217 5455 2370 5500 extra
2415 5462 2533 5503 eam
2580 5449 2776 5507 nullius
2821 5452 2996 5507 meriti
3044 5468 3183 5521 esse,
3233 5470 3332 5522 pro
3400 5533 3404 5536 ξ

1694 5568 1744 5628 D
1769 5540 1918 5586 certo
1952 5532 2253 5588 habendum
2279 5536 2370 5590 sit.

1842 5622 1968 5678 lude
2001 5625 2199 5680 factum
2226 5639 2309 5680 est
2343 5640 2400 5683 ut
2430 5631 2520 5700 qui
2571 5631 2798 5686 formam
2837 5633 3142 5686 celebrandi
3189 5633 3336 5702 capi-

1771 5714 1938 5769 tulum
1969 5719 2218 5788 generale
2263 5721 2642 5790 instituerunt,
2675 5722 2742 5777 ιι.
2774 5723 2951 5778 Patris
2995 5722 3254 5793 Guigonis
3281 5732 3336 5778 ct
