3992 6408
561 322 664 384 71!

1384 321 1707 385 GUIGONIS
1743 315 2212 383 lCARTllUSlt‘E
2248 315 2535 382 “AJORIS
2578 321 2852 381 PRIORI‘S
2893 321 2934 383 Υ

3743 334 3838 391 713

1871 440 2070 498 CAPIT
2079 439 2212 500 ULU
2221 439 2270 496 δι
2307 439 2552 496 XXXVI.

1803 535 1880 592 De
1917 537 2204 607 hospitibus
2241 538 2608 606 suscipiendis.

633 632 684 685 l.
729 630 834 686 Pro
862 627 1130 700 episcopis
1155 636 1210 682 et
1239 626 1530 683 abbatibus
1555 636 1606 682 et
1636 627 1850 682 cunctis
1885 627 1938 682 in
1981 627 2235 698 religioso
2273 627 2458 681 habitu
2500 629 2811 684 constitutis
2837 629 3007 700 (tales
3037 622 3186 685 enim
3217 645 3248 684 a
3280 627 3464 702 priore
3496 633 3563 688 ad
3601 649 3833 690 mensam

559 726 974 798 suscipiuntur),
1003 726 1046 782 si
1077 727 1167 780 tali
1201 726 1330 780 hora
1353 735 1622 791 venerint,
1653 725 1919 796 jejunium
1952 725 2020 780 ab
2045 725 2262 791 eodem,
2293 723 2398 778 nisi
2419 727 2489 779 sit
2517 724 2638 798 [al.,
2669 725 2858 800 fuerit]
2881 727 3238 798 praecipuum,
3273 731 3533 797 solvitur;
3567 746 3676 786 non
3703 734 3832 788 enim

559 823 642 879 vel
677 823 949 894 gyrovagi,
973 821 1058 878 vel
1084 837 1112 875 a
1146 819 1404 890 religione
1431 821 1660 891 refugae,
1685 821 1769 876 vel
1794 835 2041 891 personae
2069 820 2220 874 laicae
2251 822 2318 876 ad
2353 821 2468 891 ejus
2501 837 2746 877 mensam
2777 825 2976 894 suscipi
3015 837 3435 884 consueverunt.

632 915 689 968 2.
733 915 980 984 E_pisc0pi
1014 924 1194 968 autem
1237 921 1292 968 et
1331 914 1555 968 abbates
1595 913 1760 968 etiam
1803 913 1985 968 sedem
2020 912 2218 981 prioris
2261 921 2368 966 tam
2415 914 2465 967 in
2501 915 2730 970 ecclesia
2771 931 2934 986 quam
2973 916 3028 972 in
3067 918 3284 972 caeteris
3318 927 3504 975 tenent
3533 920 3696 976 locis.
3743 923 3834 978 Sed

557 1009 796 1078 episcopi
835 1010 1240 1066 benedictiones
1269 1010 1432 1066 etiam
1478 1011 1638 1076 dant;
1671 1010 1896 1066 abbates
1935 1009 2050 1066 sola
2091 1009 2240 1066 sedis
2277 1009 2694 1068 honoriﬁcentia
2735 1023 2863 1069 sunt
2901 1014 3179 1081 contenti;
3213 1015 3626 1072 benedictiones
3667 1027 3834 1071 autem

550 1097 706 1169 juxta
737 1115 939 1153 morem
964 1099 1219 1155 sacerdos
1247 1099 1702 1157 hebdomadarius
1733 1100 1948 1155 tribuit.

626 1193 682 1248 5.
723 1193 890 1261 Quos,
917 1191 972 1248 id
999 1201 1086 1249 est
1123 1193 1406 1264 episcopos
1442 1203 1499 1250 et
1539 1195 1798 1262 abbates,
1831 1211 1954 1250 cum
1988 1193 2212 1248 veniunt
2243 1193 2486 1251 inclinati
2525 1205 2581 1252 et
2623 1213 2794 1270 usque
2822 1201 2890 1256 ad
2922 1209 3128 1256 terram
3152 1200 3309 1256 ﬂexis
3339 1203 3596 1272 genibus,
3627 1214 3837 1261 caeteros

557 1295 736 1344 autem
765 1298 1080 1344 reverenter
1111 1298 1316 1345 tantum
1349 1290 1715 1362 supplicantes
1747 1291 2084 1347 osenlamur.

623 1384 680 1438 4.
715 1383 774 1438 In
806 1385 1075 1454 superiori
1101 1396 1282 1442 autem
1310 1388 1470 1444 domo
1501 1404 1610 1443 non
1641 1389 1744 1445 nisi
1775 1387 2012 1460 religiosi
2045 1387 2292 1458 hospites
2313 1386 2496 1458 jacere
2517 1391 2940 1438 consueverunt.
2975 1377 3042 1439 Et
3069 1387 3324 1456 quoniam
3353 1393 3420 1449 de
3451 1394 3637 1464 priore
3663 1410 3832 1450 sermo

553 1489 614 1532 se
643 1477 840 1540 intulit,
874 1477 1180 1534 addendum
1211 1489 1295 1536 est
1322 1480 1540 1550 qualem
1571 1495 1632 1537 se
1663 1481 1718 1537 in
1750 1491 2021 1551 susceptae
2052 1482 2242 1536 datnus
2268 1477 2497 1548 negotiis
2526 1475 2697 1532 soleat
2726 1475 3005 1531 exhibere.

1987 1571 2517 1632 OMMENTARIUS.

1941 1578 2165 1634 COMMI

552 1663 852 1732 primorum
883 1661 1106 1722 Patrum
1130 1669 1374 1742 vestigiis
1402 1671 1752 1740 inhaerentes,
1783 1673 1855 1728 ibi
1883 1688 2144 1744 expresse

2258 1578 2517 1630 fAltlUS.

2258 1670 2340 1724 bet
2376 1667 2630 1737 imputari
2667 1667 2772 1722 ista
2803 1667 3053 1736 mutatio,
3082 1683 3202 1738 quas
3229 1677 3312 1724 est
3354 1668 3408 1726 in
3451 1669 3654 1728 melius
3681 1673 3836 1728 factas

553 1757 862 1811 nataverint
900 1757 1131 1814 formam
1175 1770 1230 1817 et
1267 1764 1844 1835 circumSpectiouem,
1877 1781 1996 1837 quae
2029 1781 2148 1821 ser-

553 1846 728 1900 vanda
773 1857 920 1903 esset
960 1851 1179 1920 quando
1225 1855 1522 1925 capitulum
1567 1856 1819 1928 generale
1862 1857 1914 1910 in
1963 1857 2146 1926 aliqua

556 1951 618 1992 re
655 1937 887 2009 rigorem
920 1943 1127 1998 ordinis
1158 1945 1509 2002 minuendum
1539 1962 1661 2002 esse
1707 1957 1988 2012 censeret;
2030 1963 2148 2003 ser-

551 2039 676 2084 vata
714 2029 878 2084 etiam
910 2031 1163 2090 similiter
1202 2036 1452 2092 libertate
1494 2038 1859 2094 observantiis
1904 2039 2144 2110 antiquis

553 2117 757 2189 aliquid
802 2125 920 2178 novi
951 2134 1007 2180 et
1034 2127 1268 2184 durioris
1297 2129 1551 2197 addendi,
1581 2131 1725 2198 quod
1762 2132 1830 2185 ad
1865 2131 2026 2188 linem
2057 2133 2147 2187 in-

553 2213 731 2267 stituti
765 2217 934 2271 nostri
973 2221 1415 2288 consequendum
1452 2221 1625 2290 magis
1655 2222 1982 2288 conducere,
2007 2237 2146 2294 pen-

553 2311 670 2355 sata
711 2311 1012 2374 temporum
1056 2322 1414 2376 personarum
1454 2317 1509 2364 et
1548 2312 2010 2380 experientiarum
2055 2328 2147 2366 ra-

557 2390 730 2456 tione,
763 2394 864 2448 sibi
897 2395 1198 2451 videretur.
1241 2397 1395 2464 Quod
1433 2397 1622 2454 eodem
1656 2402 1815 2457 modo
1842 2402 1950 2458 huc
1979 2416 2149 2472 usque

553 2481 902 2540 observatqu
935 2503 1056 2542 esse
1079 2489 1194 2544 suis
1221 2488 1352 2544 locis
1378 2491 1726 2559 probabitur;
1763 2493 1953 2565 sicque
1985 2509 2084 2549 nec
2115 2509 2148 2549 a

553 2583 735 2630 mente
761 2591 861 2632 nec
886 2592 914 2630 a
949 2578 1129 2634 littera
1163 2581 1215 2636 in
1245 2581 1348 2637 hoc
1378 2597 1496 2654 cap.
1531 2583 1601 2639 55
1631 2599 1727 2654 per
1753 2585 1821 2640 Β.
1855 2585 1916 2640 Ρ.
1947 2586 2149 2658 Guigo-

551 2679 676 2719 nem
728 2682 1007 2736 expressa,
1057 2671 1352 2740 capitulum
1397 2673 1652 2744 generale
1695 2677 1936 2742 ordinis,
1983 2689 2149 2748 atque

551 2755 675 2812 ideo
699 2758 906 2816 ordinis
939 2775 1136 2834 corpus
1166 2765 1454 2820 aberrasse
1472 2808 1487 2832 ,
1514 2768 1709 2838 cuique
1734 2769 1957 2824 cordate
1995 2771 2147 2839 paci-

558 2849 664 2904 ﬂce
698 2858 755 2905 et
781 2851 834 2906 in
865 2854 1058 2922 spiritu
1089 2857 1372 2914 charitatis
1413 2874 1500 2913 res
1533 2875 1765 2930 pensare
1789 2859 1994 2918 volenti
2021 2876 2148 2932 per-

551 2941 800 3006 spicuum
828 2945 954 3000 erit.

619 3053 750 3108 Car.
779 3053 1018 3112 XXXVI.
1036 3056 1275 3116 ——-Num.
1309 3060 1360 3114 l.
1389 3060 1497 3115 Pro
1522 3061 1775 3133 episcopis
1799 3070 1846 3118 et
1870 3063 2148 3120 abbatibus

521 3147 777 3212 .cunctis,
808 3155 914 3203 etc.
946 3148 1068 3205 Jam
1097 3167 1220 3224 cap.
1247 3153 1315 3208 l8
1359 3152 1537 3209 fuerat
1563 3169 1877 3226 expressum
1911 3157 2148 3228 qualiter

551 3241 609 3290 et
627 3251 788 3305 quam
813 3239 1042 3311 benigne
1069 3242 1310 3314 hospites
1327 3255 1508 3301 essent
1536 3262 1565 3302 a
1595 3257 1952 3316 procuratore
1971 3249 2148 3305 susci-

552 3326 759 3396 piendi.
791 3327 942 3386 Nunc
971 3347 1102 3388 vero
1143 3333 1211 3389 R.
1239 3333 1302 3389 P.
1328 3335 1505 3409 Guigo
1533 3338 1778 3394 declarat
1815 3340 2088 3410 quomodo
2115 3353 2148 3396 a

550 3414 736 3485 priore
757 3419 956 3488 suscipi
981 3421 1234 3490 debeant,
1252 3427 1342 3494 qui
1371 3427 1535 3480 etiam
1561 3427 1945 3498 hospitalitatis
1968 3430 2142 3500 gratia

547 3501 818 3574 jejunium
847 3509 1053 3565 ordinis
1082 3511 1304 3586 frangit,
1329 3524 1386 3570 et
1408 3517 1477 3570 ad
1507 3533 1752 3574 mensam
1789 3535 1894 3575 non
1934 3530 2146 3578 tantum

553 3596 839 3668 episcopos
865 3609 921 3654 et
945 3601 1194 3668 abbates,
1221 3603 1322 3666 sed
1347 3614 1402 3662 et
1429 3617 1656 3663 cunctos
1681 3610 1736 3664 in
1767 3609 2019 3682 religioso
2048 3612 2149 3668 ha-

552 3687 670 3742 bitu
714 3691 1042 3750 constitutos
1083 3695 1326 3766 recipere
1357 3697 1538 3754 debet.
1574 3699 1728 3768 Quod
1770 3713 2146 3775 nunc’tempe-

553 3778 729 3835 ratius
756 3793 1062 3852 exercetur,
1085 3802 1150 3840 ne
1171 3803 1238 3843 ex
1263 3789 1590 3846 necessitate
1623 3793 1783 3848 toties
1809 3795 2146 3865 suscipiendi

553 3867 818 3940 hospites,
851 3875 965 3944 ipse
1013 3878 1164 3946 prior
1189 3894 1218 3932 a
1250 3881 1336 3934 sui
1363 3879 1524 3937 ollicii
1569 3885 1770 3939 muniis
1813 3887 2144 3945 retrahatur.

555 3959 711 4016 Unde
742 3963 796 4017 in
826 3967 1102 4023 modernis
1139 3971 1356 4027 statutis
1385 3971 1438 4028 id
1467 3972 1736 4029 limitatur
1767 3975 1838 4030 ad
1877 3975 2144 4047 hospites,

554 4051 754 4120 quibus
785 4054 838 4109 id
868 4060 1154 4114 commode
1198 4063 1386 4132 negari
1435 4079 1541 4120 non
1589 4074 1790 4136 potest,
1822 4075 1879 4120 et
1925 4067 2147 4138 insuper

557 4143 774 4199 additur
801 4164 813 4198 :
840 4143 1049 4212 Quanto
1075 4153 1268 4218 rarius,
1301 4163 1444 4208 tanta
1473 4156 1684 4214 melius.
1709 4157 1978 4225 Quantum
2001 4161 2147 4218 enim

555 4237 819 4306 temporis
851 4239 1141 4296 insumitur
1167 4243 1221 4297 in
1253 4245 1548 4311 similibus,
1575 4249 1720 4318 quod
1748 4249 1876 4305 alibi
1903 4249 2149 4309 fructuo-

555 4325 672 4382 sius
699 4327 1141 4398 impenderetur?
1177 4333 1320 4402 Quot
1349 4335 1622 4408 superﬂua
1663 4341 1829 4398 verba
1862 4341 2147 4411 proferun-

557 4421 679 4475 tur?
704 4419 813 4478 Res
845 4423 962 4494 ipsa
983 4424 1243 4496 loquitur.

625 4511 761 4570 Ibid.
779 4515 831 4572 Ν
835 4533 902 4572 οη
923 4519 1060 4572 enim
1074 4521 1339 4593 gyrovagi,
1355 4529 1486 4589 etc.,
1503 4523 1580 4578 vel
1591 4527 2151 4596 persontelaim,etc.,

556 4617 954 4673 consueverunt,
983 4617 1092 4666 etc.
1144 4609 1263 4666 Non
1298 4611 1542 4670 absolute
1589 4614 1789 4670 dicitur
1835 4618 1977 4687 quod
2025 4617 2152 4675 laici

556 4695 624 4750 ad
647 4695 764 4764 ejus
801 4714 1046 4754 mensam
1089 4716 1312 4772 prorsus
1337 4719 1445 4758 non
1484 4706 1876 4776 suscipiantur,
1905 4707 1998 4762 sed
2028 4720 2152 4764 tan—

559 4795 673 4842 tum
695 4789 894 4846 dicitur
915 4794 1060 4863 quod
1091 4811 1196 4850 non
1225 4797 1298 4850 sit
1317 4808 1638 4853 consuetum
1661 4814 1756 4854 eos
1781 4798 1854 4854 ibi
1883 4801 2150 4870 recipere,

558 4879 701 4934 sicut
733 4885 1070 4955 recipiuntur
1109 4887 1202 4943 alii
1245 4888 1338 4958 qui
1389 4889 1442 4944 in
1490 4890 1743 4961 religioso
1789 4893 1979 4948 habitu
2026 4903 2152 4948 sunt

560 4977 858 5043 constituti,
887 4980 980 5048 qui
1029 4980 1209 5036 cuncti
1256 4981 1651 5050 suscipiuntur,
1691 4983 1813 5038 laici
1862 4999 1990 5040 vero
2019 5002 2152 5052 non,

560 5066 664 5120 nisi
697 5066 838 5122 illius
875 5070 1156 5139 qualitatis
1183 5074 1296 5128 sint
1319 5075 1404 5128 cui
1439 5073 1488 5128 id
1523 5075 1706 5142 negari
1735 5090 1844 5130 non
1875 5077 2066 5144 possit,
2097 5085 2153 5132 et

563 5153 616 5208 in
643 5155 744 5208 hoc
763 5160 1018 5212 convenit
1042 5175 1234 5216 sensus
1265 5163 1328 5216 ιι.
1357 5161 1417 5215 Ρ.
1442 5161 1703 5233 Guigonis
1728 5179 1849 5218 cum
1877 5165 2153 5221 modernis

563 5246 780 5300 statutis
823 5247 910 5302 ubi
952 5249 1172 5318 dicitur,
1209 5269 1328 5322 cap.
1359 5256 1424 5318 5,
1463 5271 1498 5309 ιι
1535 5267 1700 5325 part.,
1753 5273 1806 5309 n.
1853 5256 1911 5309 5|
1950 5273 1963 5310 :
1997 5255 2154 5310 Prior

563 5341 618 5392 iu
640 5337 794 5392 domo
821 5357 918 5393 sua
961 5358 1079 5394 cum
1116 5344 1401 5414 hospitibus
1444 5349 1840 5404 advenientibus
1873 5365 1974 5402 non
2005 5349 2152 5404 debet

561 5431 755 5498 passim
804 5441 852 5486 et
898 5431 1258 5502 indi/fercula
1309 5439 1608 5502 comedere,
1639 5441 1729 5494 sed
1769 5451 1972 5493 tantum
2033 5457 2151 5494 cum

561 5521 787 5576 honestis
825 5525 1060 5592 personis
1095 5535 1141 5579 et
1167 5525 1387 5590 talibus,
1410 5528 1598 5596 quibus
1631 5530 1731 5583 hoc
1766 5531 2034 5584 commode
2065 5548 2152 5585 ne-

561 5615 678 5686 gari
704 5632 807 5670 non
843 5619 1065 5686 poterit;
1092 5627 1138 5671 et
1167 5627 1292 5672 tunc
1334 5620 1494 5674 etiam
1523 5632 1720 5690 quanto
1765 5625 1940 5676 rarius
1959 5661 1974 5686 ,
2005 5633 2151 5676 tanta

563 5705 770 5762 melius.
799 5707 1126 5776 Temporum
1154 5711 1318 5766 etiam
1354 5711 1547 5766 rationi
1579 5726 1646 5766 ex
1670 5712 1847 5783 aliqua
1883 5723 2034 5783 parte
2060 5715 2154 5771 de-

2251 1758 2546 1815 dummodo
2570 1774 2658 1815 res
2685 1760 2826 1814 intra
2859 1770 3033 1816 metas
3056 1762 3254 1817 mentis
3276 1771 3616 1818 statutorum
3637 1781 3835 1836 seraper

2250 1849 2618 1904 contineatur.

2319 1941 2478 1996 Num.
2513 1941 2568 1996 2.
2607 1939 2854 2013 Episcopi
2880 1951 3056 1996 autem
3081 1951 3130 1998 et
3157 1943 3390 2012 abbates,
3417 1951 3534 2000 etc.
3575 1944 3706 2001 lude
3725 1949 3834 2002 edo-

2253 2049 2440 2091 cemur
2480 2043 2745 2104 quantum
2781 2035 2987 2092 distare
3025 2035 3323 2092 debeamus
3366 2039 3435 2093 ab
3474 2038 3632 2092 omni
3677 2041 3834 2110 specie

2245 2126 2578 2198 jurgiornm,
2613 2142 2734 2198 quae
2765 2142 2869 2182 non
2900 2143 3028 2183 raro
3063 2137 3363 2184 nascuntur
3395 2129 3566 2186 hodie
3599 2147 3697 2202 pro
3723 2149 3832 2202 gra-

2253 2217 2415 2274 dibus
2466 2219 2765 2274 servandis.
2819 2215 3077 2276 Videmus
3119 2220 3264 2275 enim
3307 2223 3452 2290 quod
3497 2222 3556 2277 in
3601 2225 3832 2280 omnibus

2249 2311 2520 2382 episcopis
2543 2311 2862 2382 dignitatem
2887 2311 3226 2370 characteris
3253 2311 3578 2370 indistincte
3621 2316 3832 2370 honora-

2251 2406 2427 2460 verint
2472 2405 2632 2475 primi
2678 2403 2866 2460 Patres
2913 2405 3107 2468 nostri,
3140 2414 3355 2461 servata
3402 2416 3592 2464 tamen
3643 2425 3832 2476 semper

2251 2495 2510 2566 singulari
2542 2496 2841 2551 reverentia
2869 2511 2968 2566 pro
2995 2496 3250 2568 episcopo
3271 2497 3615 2558 dimcesano.
3645 2502 3722 2556 Ab
3745 2502 3830 2556 hoc

2250 2601 2380 2656 ergo
2411 2587 2605 2655 spiritu
2639 2603 2911 2656 nunquam
2945 2589 3537 2658 aberrare‘debemus;
3577 2595 3665 2647 cui
3689 2596 3830 2647 itona-

2252 2692 2383 2742 rem,
2417 2676 2664 2732 honorem
2711 2679 3220 2747 superabundauter
3262 2679 3445 2750 potius
3483 2697 3652 2752 quam
3687 2698 3828 2753 parce

2251 2766 2558 2831 reddendo,
2587 2777 2645 2820 ut
2679 2767 2731 2822 in
2761 2767 2867 2824 hoc
2899 2779 3228 2838 cognoscant
3260 2785 3480 2838 omnes,
3505 2775 3658 2843 quod
3681 2775 3828 2828 simus

2252 2856 2550 2926 primorum
2605 2857 3088 2914 Carthusianorum
3137 2860 3382 2930 discipuli
3411 2903 3427 2926 ,
3477 2863 3826 2919 humilitatem

2253 2947 2441 3016 animi,
2486 2949 2880 3004 humanitatem
2920 2952 3368 3016 conversationis,
3417 2955 3828 3025 hospitalitatem

2183 3022 2228 3076 Β
2256 3055 2320 3095 ac
2349 3040 2618 3094 sinceram
2646 3041 2991 3096 dilectionem
3023 3043 3073 3095 in
3101 3043 3353 3099 omnibus
3383 3046 3722 3103 exhibendo.

2325 3132 2459 3188 Ibid.
2511 3133 2906 3189 Benetlictiones
2945 3145 3120 3189 autem
3155 3135 3312 3205 juxta
3361 3154 3562 3193 morem
3603 3143 3827 3196 sacerdos

2251 3223 2692 3279 Itebdomadarius
2723 3225 2920 3280 tribuit.
2947 3225 3048 3281 llic
3075 3227 3224 3284 locus
3243 3229 3538 3285 conﬁrmat
3567 3235 3710 3304 quod
3731 3235 3824 3300 jam

2252 3315 2487 3370 diximus
2531 3316 2598 3372 de
2641 3315 2912 3385 frequenti
2959 3318 3099 3388 apud
3143 3334 3243 3374 nos
3285 3320 3580 3377 missarum
3612 3339 3826 3379 conven-

2253 3406 2476 3461 tualium
2517 3405 2907 3474 celebratione,
2945 3425 3065 3464 cum
3097 3426 3355 3482 expressa
3388 3413 3486 3468 fiat
3521 3417 3726 3472 mentio
3755 3432 3827 3470 sa-

2251 3495 2486 3554 cerdotis
2514 3499 2946 3555 hebdomadarii.
2991 3501 3144 3558 Unde
3177 3505 3378 3560 raritas
3407 3503 3500 3560 illa
3533 3507 3824 3572 missarum,

2251 3591 2318 3660 de
2370 3606 2476 3661 qua
2527 3589 2765 3660 loquitur
2803 3591 2869 3646 R.
2897 3591 2956 3648 Ρ.
2985 3591 3159 3664 Guigo
3206 3594 3260 3649 in
3307 3596 3640 3664 quibusdam
3677 3599 3822 3662 locis.

2252 3681 2411 3752 longe
2441 3681 2600 3738 aliter
2631 3681 2978 3754 intelligenda
3018 3694 3100 3739 est
3140 3701 3300 3754 quam
3353 3687 3580 3758 quidam
3621 3705 3822 3746 censue

2253 3781 2399 3828 runt.

2319 3865 2480 3920 Num.
2511 3866 2564 3922 '5.
2605 3865 2769 3931 Quos,
2799 3865 2854 3920 id
2882 3875 2956 3920 est
2983 3867 3271 3938 episcopos,
3299 3875 3405 3924 etc.
3452 3869 3726 3926 Habemus
3745 3871 3822 3924 hic

2250 3956 2488 4026 qualiter
2535 3955 2858 4012 humilitatis
2897 3957 3184 4026 spiritum,
3223 3973 3330 4028 quo
3377 3959 3528 4016 intus
3573 3963 3824 4018 abundare

2251 4047 2540 4112 debemus,
2567 4045 2731 4102 etiam
2763 4048 3001 4102 exterius
3042 4047 3094 4102 in
3121 4057 3302 4102 actum
3339 4051 3608 4107 reducere
3647 4053 3824 4106 debea-

2251 4153 2404 4204 mus;
2451 4153 2554 4193 nec
2601 4153 2836 4208 unquam
2888 4139 3030 4209 apud
3087 4155 3186 4200 nos
3241 4140 3538 4198 admittere
3589 4139 3822 4212 quidquid

2253 4229 2529 4284 stecularis
2552 4227 2725 4284 fastus
2745 4239 2838 4284 aut
2859 4229 3134 4300 supercilii
3161 4239 3376 4287 tenuem
3391 4231 3560 4288 habet
3577 4234 3824 4294 umbram.

2254 4321 2639 4394 Supplicuutes,
2682 4321 2736 4377 id
2785 4323 3057 4394 signiﬁcat
3099 4323 3242 4394 apud
3293 4339 3394 4378 nos
3437 4323 3822 4380 inclinationem

2258 4416 2522 4486 corporis,
2553 4429 2658 4485 qua
2682 4414 3039 4470 salutationes
3065 4415 3314 4476 facimus,
3338 4416 3448 4470 imo
3467 4432 3534 4470 ea
3559 4418 3754 4472 utinmr
3777 4413 3822 4470 in

2256 4507 2486 4564 ecclesia
2515 4507 2633 4562 loco
2657 4506 3064 4577 genuﬂexionis.
3099 4507 3450 4582 Osculanmr;
3481 4511 3610 4566 inde
3631 4509 3824 4566 evidens

2255 4609 2340 4656 est
2383 4599 2526 4670 quod
2567 4599 2740 4654 forma
2785 4599 3056 4654 salutandi
3102 4601 3154 4655 in
3200 4601 3388 4656 osculo
3433 4607 3820 4670 sancto,th

2253 4692 2387 4748 dicit
2416 4690 2728 4762 Apostolus,
2759 4692 2900 4762 apud
2941 4707 3038 4748 nos
3067 4707 3284 4764 semper
3310 4692 3476 4748 fuerit
3509 4694 3564 4747 in
3593 4709 3716 4756 usu;
3745 4689 3820 4744 sed

2255 4785 2356 4842 hac
2393 4783 2572 4840 forma
2617 4783 2886 4840 salutandi
2930 4785 3186 4841 utendum
3239 4795 3448 4842 tantum
3487 4795 3612 4850 est,
3661 4783 3824 4840 habita

2256 4877 2467 4934 ratione
2513 4890 2872 4948 personarum
2898 4887 2954 4932 et
2980 4879 3276 4944 decentia,
3309 4890 3619 4951 temporum
3660 4885 3711 4933 et
3755 4889 3824 4928 rc-

2255 4969 2501 5040 gionum.

2325 5062 2486 5118 Num.
2519 5063 2573 5119 4.
2615 5063 2686 5118 In
2733 5065 2992 5134 superiori
3039 5073 3216 5118 autem
3256 5063 3412 5117 domo
3457 5063 3665 5117 nonnisi
3715 5058 3822 5112 reli-

2253 5157 2408 5226 giosi,
2439 5165 2546 5212 etc.
2605 5155 2681 5210 lbi
2734 5172 2865 5227 ergo
2921 5165 3128 5209 tantum
3177 5154 3602 5226 pernoctabant,
3633 5151 3720 5222 qui
3765 5147 3818 5198 all

2258 5262 2500 5302 mensam
2544 5264 2574 5302 a
2605 5249 2786 5317 priore
2829 5247 3100 5302 debebant
3146 5245 3378 5315 suscipi,
3407 5245 3464 5299 in
3501 5247 3722 5300 chorum
3753 5239 3820 5294 iu-

2255 5340 2429 5410 gredi,
2457 5347 2512 5394 et
2533 5337 2602 5394 ad
2633 5338 2958 5408 colloquium
2984 5337 3196 5392 admitti
3225 5351 3350 5391 cum
3383 5335 3687 5396 monachis;
3709 5341 3817 5384 natu

2255 5432 2416 5488 simul
2457 5431 2560 5486 ista
2609 5429 2858 5501 conjungi
2891 5429 3134 5484 videmus
3177 5443 3244 5482 ex
3287 5427 3389 5484 hoc
3427 5431 3544 5482 loco
3571 5435 3620 5478 et
3649 5439 3714 5476 ex
3741 5435 3816 5474 ca-

2257 5525 2428 5596 pitulo
2457 5523 2688 5580 decimo.
3697 5606 3708 5610 Α
3781 5601 3791 5610 .

2325 5617 2496 5673 Porro
2536 5624 2706 5670 totum
2761 5616 2860 5670 hoc
2897 5613 3190 5684 capitulum
3235 5611 3474 5667 refertur
3517 5611 3566 5662 in
3605 5606 3814 5674 antiquis

2257 5712 2473 5769 statutis
2504 5719 2644 5784 part.
2678 5726 2748 5778 ιι,
2782 5725 2900 5779 cap.
2935 5709 2999 5776 9,
3039 5727 3128 5762 un.
3161 5707 3252 5774 Ξῖ,
3283 5706 3334 5774 5,
3365 5703 3402 5760 ξ).
3428 5715 3482 5762 et
3511 5703 3594 5758 28.
