3992 6398
221 347 335 410 ⁸118

1505 403 1514 448 ,
1567 361 2160 431 CO’ASUETUDINES.

3385 393 3496 455 τη

1510 478 1905 538 CAPI'I‘ULUM
1947 483 2208 540 XXXVII.

1531 575 1607 630 De
1645 579 1920 633 tractando
1955 583 2194 635 consilio.

301 653 356 709 Ι.
396 651 454 712 Si
489 656 619 726 quid
645 658 810 729 igitur
835 675 1088 733 magnum
1115 664 1196 718 vel
1231 680 1394 734 grave
1425 671 1764 726 tractandum
1795 672 1982 740 fuerit,
2011 675 2163 744 prior
2189 692 2380 734 omnes
2409 678 2463 734 in
2491 659 2978 742 unum-monachos
3016 691 3258 762 praecipit
3291 709 3493 753 conve-

216 751 363 809 nire.
395 753 581 824 Ibique
610 770 732 810 cum
764 771 953 852 omnes
979 761 1109 830 quid
1146 762 1389 818 sentiant
1425 761 1594 822 libere
1627 771 2130 840 pronuntiaverint,
2159 775 2303 845 quod
2335 774 2528 835 melius
2557 779 2867 852 rectiusque
2901 751 3199 849 existimat,
3232 785 3351 842 sine
3378 751 3492 846 ulla

211 855 573 914 personarum
601 845 941 916 acceptione,
973 852 1311 921 exsequitur.

288 931 346 986 2.
387 931 454 987 Et
479 931 583 988 hoc
607 936 832 992 omnino
867 947 1141 1030 tanquamA
1164 941 1521 1000 utilissimum
1550 940 2028 1013 rectissimumque
2053 954 2332 1014 servatur,
2363 957 2424 1004 ut
2460 961 2621 1009 nemo
2657 955 2740 1011 vel
2767 958 3010 1030 alterius,

3042 969 3126 1023 vel
3155 984 3310 1029 suam
3342 990 3477 1031 con-

211 1025 449 1124 tentiose
487 1036 782 1096 praesumat
813 1029 1102 1088 defensare
1125 1025 1505 1102 ‘sententiam;
1539 1048 1607 1090 ne
1643 1034 1868 1100 bonum,
1896 1034 2042 1105 quod
2077 1035 2249 1104 absit!
2284 1039 2499 1095 consilii
2530 1041 2586 1098 in
2625 1042 2953 1107 discordiam
2986 1025 3336 1133 furoremque
3350 1025 3489 1120 vde}.

208 1120 384 1175 tatur.

280 1215 341 1270 '5.
378 1215 436 1271 In
468 1215 766 1273 levioribus
794 1231 926 1274 vero
954 1216 1118 1274 rebus
1147 1225 1204 1275 et
1234 1219 1411 1291 magis
1436 1218 1712 1276 consuetis
1745 1233 1844 1275 suo
1882 1226 2090 1274 tantum
2124 1228 2180 1274 et
2209 1221 2563 1278 maturiorum
2593 1231 2676 1283 est
2704 1240 2990 1292 contentus
3016 1241 3265 1299 consilio.

282 1310 340 1365 4.
377 1311 478 1380 Qui
515 1328 580 1370 ne
611 1313 753 1370 forte
780 1313 1164 1386 temporalium
1197 1330 1327 1371 cura
1351 1331 1555 1383 rerum,
1583 1331 1649 1372 ac
1674 1315 2040 1384 sollicitudine
2073 1326 2440 1388 praegravatus
2459 1359 2474 1385 ,
2499 1322 2869 1390 spiritualibus
2894 1333 3074 1390 minus
3100 1340 3276 1406 possit
3307 1341 3485 1400 inten-

197 1409 370 1478 dere,
403 1409 536 1466 tales
561 1407 790 1482 singulis
821 1407 1149 1466 obedientiis
1186 1407 1390 1469 fratres
1421 1411 1625 1482 satagit
1651 1410 1946 1481 deputare,
1973 1427 2204 1481 quorum
2230 1427 2324 1470 eas
2354 1412 2478 1471 fidei
2506 1431 2698 1476 secure
2721 1421 2900 1480 valeat
2923 1431 3166 1488 credere.

1477 1503 1882 1562 CAPITULUM
1930 1505 2216 1562 XXXVIII.

1545 1598 1624 1656 De
1651 1617 1778 1655 cura
1809 1601 2162 1669 inﬁrmorum.

275 1696 333 1750 ι,
373 1695 475 1764 Qui
511 1712 635 1752 cum
669 1710 799 1768 erga
829 1709 1042 1763 omnes,
1077 1695 1350 1768 praecipue
1394 1707 1524 1768 erga
1560 1695 1804 1751 infirmos
1842 1709 1910 1750 ac
1943 1695 2150 1754 debiles
2189 1707 2356 1771 atque
2387 1699 2442 1757 in
2486 1705 2878 1767 tentationibus
2913 1714 3144 1783 positos,
3171 1721 3482 1792 sollicitum,

191 1791 500 1865 benignum
529 1802 693 1865 atque
731 1791 1140 1848 misericordem
1177 1791 1379 1848 debere
1407 1806 1470 1848 se
1507 1791 1723 1847 noverit
1749 1791 2022 1848 existere:
2059 1788 2188 1848 Non
2211 1795 2371 1862 enim,
2394 1799 2693 1856 secundum
2717 1807 3046 1864 sententiam
3069 1810 3305 1884 Domini,
3337 1788 3484 1877 sanis

187 1894 272 1940 est
305 1902 440 1958 opus
477 1887 729 1954 medicus,
775 1886 866 1942 sed
912 1884 1050 1940 male
1089 1884 1398 1941 habentibus
1427 1883 1646 1957 (Matth.
1676 1900 1755 1953 rx,
1784 1884 1875 1955 12)
1911 1899 1927 1940 :
1957 1886 2050 1957 qui
2080 1897 2260 1944 tamen
2284 1899 2342 1945 et
2367 1891 2471 1960 ipsi
2498 1896 2793 1952 secundum
2821 1899 2881 1954 Β.
2913 1901 3191 1963 Benedicti
3221 1883 3385 1978 dicta,
3415 1927 3485 1970 ne

186 1976 474 2047 superﬂua
507 1979 591 2036 vel
615 1976 968 2050 impossibilia
1006 1977 1256 2048 petendo,
1283 1977 1370 2032 vel
1400 1975 1544 2034 forte
1579 1977 1968 2032 murmurando
1993 1978 2292 2036 servientes
2316 1979 2420 2036 sibi
2460 1985 2803 2052 contristent,
2839 1990 3150 2060 diligentius
3184 1975 3481 2058 admonen-

189 2079 290 2126 tur
318 2073 626 2139 attendere,
654 2081 711 2128 et
739 2081 801 2128 ut
828 2084 1101 2128 memores
1125 2069 1330 2141 arrepti
1358 2067 1648 2142 propositi,
1670 2077 1732 2125 ut
1759 2083 1923 2128 sanos
1952 2085 1984 2126 a
2004 2073 2176 2138 sanis,
2203 2073 2278 2129 ita
2304 2085 2537 2148 aegrotos
2561 2079 2629 2136 ab
2654 2085 2871 2153 aegrotis
2900 2089 3254 2149 saecularibus
3281 2095 3482 2154 debere

184 2164 442 2235 cogitent
463 2163 807 2234 discrepare,
843 2177 945 2219 nec
971 2161 1060 2218 illa
1093 2161 1149 2216 in
1179 2161 1399 2226 eremis,
1430 2176 1554 2232 quae
1581 2161 1673 2216 vix
1703 2160 1758 2215 in
1785 2161 2011 2217 urbibus
2039 2162 2406 2232 inveniantur,
2433 2182 2753 2239 exposcere.

268 2253 333 2308 2.
374 2253 469 2310 isti
512 2255 677 2326 igitur
699 2253 903 2311 Christi
932 2254 1233 2325 passiones,
1260 2253 1338 2310 illi
1371 2252 1671 2310 suadentur
1696 2251 1976 2309 attendere
2017 2253 2418 2313 miserationes.
2465 2258 2604 2317 Hinc
2636 2263 2728 2318 isti
2759 2263 2926 2323 fortes
2955 2272 3025 2326 ad
3051 2270 3352 2342 ferendum,
3400 2279 3482 2336 illi

193 2351 445 2422 prompti
477 2351 546 2410 ad
573 2348 1030 2416 subveniendum;
1057 2349 1544 2422 dumque‘propter
1571 2347 1848 2404 Christum
1877 2355 1933 2403 et
1955 2347 2044 2403 isti
2081 2349 2184 2405 sibi
2215 2351 2434 2417 serviri,
2483 2362 2541 2408 et
2588 2354 2666 2410 illi
2701 2359 2910 2415 servire
2960 2364 3328 2434 considerant,
3378 2386 3479 2427 nec

187 2445 290 2500 isti
324 2445 666 2516 superbiant,
701 2460 804 2504 nec
832 2445 909 2502 illi
938 2443 1220 2513 deﬁciunt,
1245 2445 1312 2502 ab
1333 2446 1524 2503 eodem
1553 2443 1771 2514 utrique
1792 2441 2020 2500 Domino
2045 2443 2351 2500 mercedem
2378 2446 2460 2502 sui
2488 2449 2864 2518 praestolantes
2882 2453 3063 2522 oﬂicii,
3094 2457 3186 2514 isti
3212 2461 3480 2537 patiendi,

191 2539 276 2598 illi
310 2542 627 2601 miserendi.

1551 2626 2122 2689 COMMENTARIUS.

255 2753 394 2811 Cu.
425 2750 688 2811 XXXVII.
711 2784 782 2799 --
801 2751 916 2826 Hoc
939 2753 1237 2827 capitulum
1267 2760 1440 2809 totum
1468 2751 1702 2808 refertur
1727 2751 1782 2806 in
1810 2757 1860 2818 Α
1887 2749 1989 2807 ilic
2015 2760 2244 2822 apparet
2272 2751 2448 2808 forma
2483 2753 2858 2819 humanitatis,
2905 2755 3245 2812 discretionis
3273 2765 3329 2813 et
3349 2759 3478 2815 cita-‘-

183 2843 434 2915 antiquis
462 2845 678 2901 statutis
702 2860 742 2901 η
765 2853 934 2918 part.,
962 2860 1084 2917 cap.
1116 2845 1173 2911 7,
1202 2860 1259 2900 n.
1292 2844 1348 2911 I,
1374 2851 1430 2900 et
1452 2842 1628 2899 adhuc
1655 2857 1786 2898 enus

180 2934 422 2991 eleatius
447 2935 769 3005 exprimitur
797 2937 852 2992 in
881 2937 1157 2994 modernis
1181 2937 1422 2993 statutis.
1707 2987 1714 2994 .

254 3023 345 3079 Ex
377 3024 484 3080 hoc
520 3033 704 3081 autem
744 3025 980 3096 capitulo
1025 3029 1251 3097 apparet
1292 3024 1438 3096 quod
1481 3023 1783 3102 antiquitus

182 3117 332 3188 apud
360 3117 481 3182 nos,
506 3115 650 3172 nulla
682 3116 868 3173 habita
896 3131 1076 3173 rerum
1103 3117 1449 3174 distinctione
1469 3130 1570 3172 nec
1591 3115 1784 3172 sull’ra-

181 3209 405 3278 giorum
429 3209 758 3278 quantitate,
781 3224 907 3265 cum
931 3223 1123 3266 omnes
1145 3209 1314 3266 libere
1335 3208 1782 3280 pronuntiassent

180 3300 322 3372 quid
348 3302 651 3370 sentirent,
678 3300 829 3376 prior
862 3301 1004 3372 quod
1035 3300 1227 3358 melius
1253 3301 1564 3371 rectiusque
1587 3299 1780 3356 existi—

180 3381 406 3459 mabat,
441 3391 560 3449 sine
597 3406 956 3465 personarum
999 3391 1334 3464 acceptione,
1359 3391 1777 3462 exsequebatur.

182 3480 480 3538 Rationem
512 3481 697 3539 subdit
721 3482 790 3538 R.
822 3482 886 3538 P.
913 3481 1088 3556 Guigo
1113 3499 1212 3539 cur
1253 3499 1344 3540 res
1370 3483 1446 3539 ita
1477 3486 1545 3539 ab
1567 3483 1650 3538 eis
1677 3483 1780 3538 ob-

180 3583 523 3628 servaretur.
550 3572 658 3630 Sed
683 3573 811 3646 quia
829 3571 921 3643 jus
945 3573 1374 3631 ecclesiasticum
1400 3573 1555 3645 plura
1587 3571 1782 3628 deinde

181 3661 427 3717 instituit
453 3661 598 3717 circa
617 3663 943 3719 novitiorum
969 3664 1333 3733 receptionem
1357 3671 1412 3718 et
1431 3663 1535 3719 alia
1558 3661 1777 3728 similial

180 3741 312 3823 quae
360 3751 654 3809 observare
697 3755 832 3810 ordo
880 3754 1087 3819 debuit,
1113 3753 1238 3811 inde
1279 3753 1481 3810 factum
1515 3763 1686 3810 estut
1725 3753 1780 3809 in

180 3845 410 3900 statutis
458 3845 637 3916 aliqua
681 3846 862 3902 addita
894 3845 1116 3912 fuerint,
1145 3861 1267 3917 quae
1308 3847 1362 3902 in
1410 3847 1574 3902 certis
1619 3846 1780 3901 rebus

180 3935 427 4004 priorem
469 3937 537 3990 ad
589 3937 905 4008 accipienda
946 3952 1016 3994 ex
1053 3937 1378 3995 necessitate
1411 3946 1468 3994 et
1505 3937 1780 4008 sequenda

180 4025 443 4098 snﬂ'ragia
475 4029 861 4084 monachorum
895 4029 1138 4100 adigunt.

1896 2841 2096 2910 ritatis,
2141 2858 2263 2914 quae
2283 2843 2440 2912 juxta
2465 2859 2688 2900 casuum
2729 2845 3078 2917 indigentiam
3127 2861 3158 2901 a
3196 2848 3473 2917 prioribus

1892 2933 2035 3004 apud
2063 2949 2161 2990 nos
2187 2949 2400 3004 semper
2436 2935 2594 2991 debet
2613 2936 2841 3002 servari,
2889 2939 3122 2993 maxime
3142 2952 3270 3008 erga
3295 2954 3473 3011 aegro-

1893 3030 1997 3087 tos,
2028 3031 2084 3078 et
2131 3023 2186 3079 id
2232 3023 2423 3080 suadet
2468 3025 2626 3080 ratio.
2655 3024 2789 3079 Cum
2828 3025 2971 3080 enim
3026 3027 3300 3082 solitarius
3334 3043 3474 3099 opus

1882 3113 2082 3169 habeat
2108 3115 2467 3185 occupatione
2500 3123 2612 3170 tum
2635 3115 2901 3187 spirituali
2933 3127 3045 3172 tum
3073 3119 3346 3190 corporali
3399 3121 3470 3176 ad

1883 3216 2094 3278 tempus
2116 3207 2324 3263 utiliter
2371 3209 2427 3263 in
2449 3208 2737 3264 solitudine
2789 3211 3215 3282 transigendum,
3249 3209 3303 3268 et
3346 3211 3472 3270 ideo

1881 3297 2083 3367 seipse,
2108 3305 2166 3352 ut
2196 3297 2269 3352 ita
2300 3297 2506 3369 loquar,
2531 3298 2608 3353 uti
2636 3299 2848 3366 debeat,
2883 3301 3042 3371 idque
3071 3313 3333 3373 praestare
3359 3319 3470 3360 non

1882 3387 2042 3458 plene
2077 3388 2258 3444 valeat
2286 3388 2412 3444 dum
2443 3398 2671 3460 aegrotat
2699 3403 2715 3444 :
2751 3399 2880 3446 tunc
2902 3406 3034 3463 ergo
3060 3408 3155 3462 per
3183 3387 3473 3466 providen-l

1883 3480 2013 3536 tiam
2043 3479 2367 3550 pastoralem
2408 3481 2605 3551 prioris
2639 3481 2693 3536 id
2719 3482 2879 3537 debet
2917 3484 3173 3554 suppleri,
3211 3494 3320 3541 tam
3373 3501 3472 3558 per

1881 3588 1940 3628 se
1963 3587 2126 3644 quam
2156 3589 2255 3646 per
2275 3573 2430 3628 alios.
2455 3570 2560 3638 Qui
2597 3571 2644 3627 si
2671 3572 2724 3626 in
2751 3573 2873 3628 aliis
2902 3573 3064 3630 debet
3093 3590 3254 3644 agere
3281 3583 3344 3632 ut
3368 3593 3469 3647 pa-

1883 3671 1988 3730 ter,
2018 3665 2071 3720 in
2097 3661 2314 3721 casibus
2344 3664 2432 3720 hic
2459 3663 2735 3733 expressis
2757 3678 2817 3719 se
2850 3679 3038 3735 gerere
3059 3664 3220 3720 debet
3253 3676 3311 3721 ut
3361 3685 3470 3723 ma-

1883 3762 1988 3822 ter,
2039 3765 2096 3813 et
2143 3757 2300 3812 factis
2343 3755 2574 3827 probare
2603 3756 2772 3824 quod,
2808 3757 2853 3810 si
2890 3757 3012 3811 coeli
3049 3757 3234 3812 stellas
3285 3770 3470 3828 posset

1883 3847 2158 3903 advehere
2179 3847 2245 3901 ad
2277 3847 2536 3900 auxilium
2567 3845 2932 3916 praestandum
2959 3844 3157 3901 alllicto
3181 3856 3384 3917 aegroto
3413 3849 3470 3904 in

1883 3939 2022 3997 lecto
2041 3940 2264 4012 iacenti,
2289 3939 2342 3994 id
2370 3937 2728 3993 libentissime
2749 3936 2973 3992 faceret.
3003 3936 3140 3993 Ecce
3164 3937 3342 4008 qualis
3371 3939 3466 3994 de-

1883 4033 1972 4088 bet
1995 4047 2116 4087 esse
2140 4029 2366 4086 allectus
2392 4029 2674 4083 charitatis
2727 4027 2779 4081 in
2813 4029 3020 4096 priore,
3067 4037 3123 4083 et
3151 4029 3282 4099 quid
3311 4029 3468 4087 abeo

255 4115 422 4170 Num.
452 4116 506 4170 4.
533 4115 639 4182 Qui
661 4135 723 4172 ne
749 4118 884 4188 forte
907 4118 1273 4189 temporalium
1300 4134 1429 4174 cura
1448 4133 1644 4184 rerum,
1668 4127 1775 4172 etc.
1808 4100 1856 4162 Β
1887 4123 2112 4194 requirit
2149 4122 2216 4177 Il.
2245 4120 2306 4176 Ρ.
2331 4118 2527 4190 Guigo,
2560 4120 2650 4190 qui
2678 4117 2792 4175 fere
2839 4119 3084 4174 oblivisci
3129 4120 3344 4175 videtur
3369 4135 3468 4174 au-

180 4205 319 4262 lnde
342 4207 566 4264 evidens
595 4217 681 4262 est
723 4209 868 4281 quod
905 4225 1036 4264 cura
1069 4209 1447 4280 temporalium
1477 4217 1606 4264 tunc
1638 4217 1778 4263 tem-

181 4299 338 4370 poris
376 4299 680 4367 pertinebat
704 4300 770 4355 ad
797 4301 1067 4372 priorem,
1098 4301 1190 4372 qui
1227 4302 1348 4356 ideo
1390 4309 1642 4356 monetur
1669 4300 1778 4354 sin-

181 4384 327 4456 gulis
348 4384 693 4458 obedientiis,
721 4387 773 4442 id
796 4397 877 4443 est
903 4389 1171 4456 coquinae,
1197 4398 1368 4460 portae
1398 4389 1598 4458 pontis,
1630 4389 1777 4460 agri-

179 4476 435 4540 culturae,
481 4486 609 4544 etc.,
657 4485 716 4533 ut
757 4494 825 4533 ex
882 4478 1024 4534 infra
1079 4479 1598 4550 dicendis-patebit,
1643 4480 1778 4537 tales

179 4565 388 4622 fratres
411 4584 744 4641 praeponere,
767 4585 833 4626 ex
859 4586 1093 4642 quorum
1119 4571 1404 4628 sedulitate
1425 4582 1481 4628 et
1509 4573 1776 4628 industria

180 4669 370 4730 posset
394 4660 536 4716 illius
563 4661 874 4719 sollicitudo
895 4663 1065 4718 minui
1096 4671 1151 4718 et
1177 4663 1487 4734 temperari.
1521 4662 1599 4719 Ex
1637 4662 1778 4718 antio

183 4751 308 4820 quis
331 4751 550 4808 statutis
571 4752 626 4808 id
655 4753 913 4824 liquidius
935 4753 1230 4818 constabit,
1257 4761 1312 4810 et
1331 4754 1474 4824 quod
1496 4761 1774 4824 computa,

182 4842 234 4896 id
261 4851 349 4898 est
381 4843 618 4900 rationes
651 4855 992 4917 recepturum
1041 4861 1402 4918 expensorum
1423 4887 1438 4913 ,
1465 4846 1582 4918 ipse
1625 4846 1777 4918 prior

183 4935 456 4992 scriberet
476 4946 533 4993 et
553 4937 820 4994 redderet.

253 5031 338 5088 Ex
376 5030 479 5090 hoc
502 5041 684 5089 autem
715 5033 834 5090 loco
877 5034 963 5088 via
1004 5033 1252 5104 aperitur
1291 5033 1357 5089 ad
1393 5041 1542 5090 recte
1571 5033 1774 5090 intelli-

183 5125 419 5197 gendum
472 5126 603 5205 quid
631 5125 734 5185 sibi
767 5126 935 5182 velint
963 5136 1164 5183 statuta
1201 5127 1422 5198 antiqua
1456 5137 1510 5182 et
1538 5127 1773 5198 capitula

185 5217 484 5288 generalia,
512 5218 730 5290 quando
769 5215 1089 5275 omcialibus
1123 5232 1453 5274 succensere
1487 5215 1772 5276 ’videntur.

185 5297 303 5365 Non
331 5309 638 5381 declericis
662 5311 779 5367 sive
808 5311 1092 5366 monachis
1120 5311 1330 5382 agitur,
1358 5324 1390 5365 e
1420 5322 1648 5379 quorum
1677 5325 1775 5366 nu-

187 5390 340 5456 mero
363 5401 742 5456 assumebatur
763 5410 976 5456 tantum
998 5417 1137 5457 unus
1157 5409 1498 5472 procurator,
1520 5399 1612 5470 qui
1637 5415 1776 5455 nun-

184 5503 350 5560 quam
384 5490 645 5547 terminos
677 5485 1083 5563 egrediebatur,
1119 5492 1213 5548 sed
1243 5492 1318 5547 de'
1339 5491 1643 5558 conversis,
1676 5491 1770 5561 qui

187 5594 217 5631 a
238 5579 501 5649 primaevo
547 5580 815 5648 instituto,
842 5591 903 5636 ut
930 5583 985 5637 in
1015 5583 1133 5638 istis
1175 5582 1654 5639 consuetudinibus
1685 5582 1770 5638 vi-

187 5669 434 5742 debitur,
460 5673 608 5730 foras
635 5689 702 5730 ex
727 5675 1052 5731 necessitate
1081 5675 1519 5746 egrediebantur.

257 5764 415 5824 CAP.
443 5765 728 5824 XXXVIII.
755 5797 823 5844 -έ
851 5765 1014 5824 Num.
1045 5768 1096 5822 Ι.
1127 5767 1232 5833 Qui
1263 5785 1378 5823 cum
1421 5778 1544 5839 erga
1567 5783 1767 5825 omnes.

589 5862 863 5924 Ριτιιοι..
911 5860 1135 5924 CLIII.

1880 4214 2141 4271 steritatis
2164 4213 2564 4276 Cartliusianae,
2587 4211 2716 4266 dum
2742 4212 2808 4266 de
2835 4210 3172 4266 infirmorum
3197 4225 3329 4266 cura
3350 4213 3472 4281 agis

1882 4312 1987 4360 tur.
2019 4304 2126 4360 Sed
2156 4313 2268 4359 tum
2320 4304 2433 4374 ipse
2460 4303 2611 4372 prior
2643 4311 2754 4356 tum
2811 4310 3047 4370 mgrotus
3081 4303 3329 4357 subditas
3371 4302 3467 4358 de-

1878 4395 2008 4452 bent
2030 4409 2246 4466 semper
2275 4391 2480 4463 arrepti
2502 4407 2531 4446 a
2584 4391 2741 4447 nobis
2768 4390 3028 4461 propositi
3060 4391 3326 4447 rationem
3366 4393 3465 4446 ha-

1877 4486 2008 4542 bere
2029 4496 2084 4542 et
2112 4501 2142 4540 a
2166 4483 2378 4540 virtutis
2415 4473 2612 4539 Christi
2641 4483 2794 4553 praxi
2828 4495 3102 4553 nunquam
3137 4481 3456 4550 discedere;

1877 4577 2020 4648 quod
2047 4577 2250 4646 optime
2269 4576 2454 4632 statim
2481 4574 2740 4646 explicat.

1889 4679 1893 4688 '
1946 4663 2080 4720 Ibid.
2136 4663 2241 4730 Qui
2291 4656 2473 4718 tamen
2493 4673 2542 4717 et
2574 4663 2699 4730 ipsi,
2717 4657 2834 4737 etc.
2891 4662 2991 4719 llic
3038 4663 3232 4719 blande
3255 4663 3461 4718 inducit

1875 4763 2104 4828 mgrotos
2133 4755 2198 4811 ad
2231 4754 2476 4825 quaedam
2498 4751 2732 4816 vitanda,
2767 4767 2963 4824 nempe
3007 4762 3067 4808 ut
3098 4753 3372 4825 superflua
3400 4765 3458 4809 et

1877 4848 2231 4921 impossibilia
2289 4862 2398 4903 non
2447 4854 2670 4918 petant,
2731 4861 2832 4902 nec
2887 4847 3277 4902 murmurando
3331 4862 3455 4902 sera

1875 4941 2084 4997 vientes
2111 4939 2214 4997 sibi
2242 4939 2584 5001 contristent,
2629 4945 2691 4993 ut
2737 4936 2830 4994 illa
2883 4937 3099 4993 demum
3145 4937 3199 4992 iu
3255 4938 3457 4994 cremis

1876 5050 1982 5090 nou
2008 5040 2327 5104 exposcam,
2357 5045 2477 5101 quae
2500 5031 2591 5086 vix
2613 5031 2666 5086 in
2693 5031 2918 5087 urbibus
2954 5029 3337 5104 reperiuntur;
3388 5031 3460 5087 ad

1876 5141 2037 5198 quem
2067 5125 2228 5181 finem
2261 5125 2366 5181 illis
2395 5125 2568 5180 utitur
2593 5126 2804 5193 verbis;
2840 5137 2894 5180 ut
2937 5109 3097 5180 sanos
3126 5142 3160 5180 a
3193 5125 3361 5194 sanis,
3382 5125 3458 5179 ita

1876 5226 2097 5288 (egrotae
2147 5214 2212 5270 ab
2261 5225 2472 5286 aegram
2519 5214 2862 5270 stecularibus
2929 5215 3225 5284 discrepare
3273 5213 3460 5268 debere

1877 5310 2120 5380 cogitent.
2140 5305 2270 5362 inde
2313 5307 2536 5363 evidens
2572 5316 2658 5363 est
2679 5315 2940 5377 quantum
2990 5307 3160 5362 distet
3206 5313 3360 5360 mens
3385 5304 3454 5359 ll.

1876 5399 2056 5455 Patris
2083 5395 2345 5468 Guigonis
2365 5411 2396 5452 a
2428 5412 2590 5452 sensu
2628 5397 2840 5454 illorum
2870 5397 2963 5469 qui
2991 5397 3192 5452 vellent
3218 5409 3335 5463 ejus
3359 5409 3459 5448 au-

1878 5491 2131 5546 ctoritate
2153 5487 2232 5544 uti
2279 5487 2348 5544 ad
2397 5488 2735 5558 probandum
2763 5489 2958 5544 durum
2983 5497 3038 5543 et
3061 5488 3215 5559 quasi
3245 5485 3457 5543 inﬂexi-

1877 5582 2040 5639 bilem
2065 5581 2282 5638 modum
2306 5579 2521 5652 agendi,
2545 5580 2708 5635 etiam
2733 5581 2873 5637 circa
2889 5584 3179 5635 monachos
3199 5581 3452 5650 τιθεῖ-οἰοῖ,

1877 5688 1998 5730 esse
2024 5673 2371 5730 servandum.
2416 5670 2531 5727 Hoc
2573 5673 2718 5726 enim
2766 5686 2980 5742 semper
3011 5685 3040 5724 a
3089 5667 3456 5727 Carthasiano

1879 5765 2073 5839 spiritu
2100 5773 2156 5823 et
2181 5779 2280 5822 usu
2310 5762 2549 5822 alienum
2599 5760 2722 5820 fuit.
2763 5761 2934 5821 Porro
2966 5761 3104 5820 nihil
3149 5756 3456 5832 religiosius

3054 5855 3135 5918 23
3173 5913 3176 5916 .
