3894 6298
510 287 631 344 ἔκιό

1377 277 1696 337 GUIGONIS
1730 277 1750 330 1
1785 272 2102 332 CARTHUS

2246 269 2536 329 Μὰ]οῆιὸ
2577 270 2848 326 PRIORIS
2879 271 2915 325 γ
3640 278 3711 333 ἴΜ

592 403 647 458 3.
689 401 916 473 Propter
946 400 1046 456 hos
1076 398 1240 463 solos,
1265 396 1307 451 si
1343 402 1490 450 tanta
1523 393 1686 447 fuerit
1714 389 2000 459 tegritudo,
2025 389 2206 457 pisces
2238 401 2422 442 emere
2447 387 2706 442 solemus.

1803 480 2208 563 csptruwn
2248 481 2489 537 χχχιχ.

1937 578 2012 632 De
2072 577 2386 633 minutione.

597 689 651 744 l.
695 687 978 745 Medicinis
1000 695 1200 745 autem,
1233 686 1461 748 excepto
1491 675 1732 730 cauterio
1761 681 1818 730 et
1840 671 2122 743 sanguinis
2145 671 2470 738 minutione,
2505 686 2730 742 perraro
2761 672 2985 726 utimur.
3021 671 3314 726 Minuimur
3336 677 3502 723 autem
3541 667 3585 721 in
3610 681 3708 725 aunt

523 782 834 852 quinquies.
860 781 986 834 Post
1009 778 1237 834 Octavas
1261 774 1481 828 Pascha:
1497 813 1510 836 ,
1539 780 1660 841 post
1677 770 2074 825 solemnitatem
2097 767 2463 838 apostolorum
2483 769 2627 824 Petri
2658 779 2713 824 et
2740 769 2912 835 Pauli,
2937 768 3169 823 secunda
3194 765 3510 822 hebdomada
3533 763 3713 834 Septem-

523 879 660 945 bris,
688 879 984 948 septimana
1012 883 1136 928 ante
1161 873 1467 926 Adventum
1491 879 1546 923 et
1567 867 1912 923 hebdomada
1939 876 2068 921 ante
2093 863 2632 934 Quinquagesimam.
2672 865 2729 918 lu
2783 880 2894 934 quo
2927 874 3193 935 tempore,
3217 862 3516 919 minutionis
3541 864 3712 924 scilicet.

519 989 621 1042 per
653 984 762 1028 tres
792 971 1072 1028 continuos
1102 971 1217 1026 dies
1256 969 1339 1023 bis
1362 966 1657 1033 reﬁcimus,
1699 963 1905 1034 aliquid
1934 960 2042 1017 cibi
2069 959 2309 1016 melioris
2330 960 2680 1048 accipientes.

1876 1081 2455 1141 COMMENTARIUS.

501 1196 571 1240 eet
602 1185 852 1240 disertius
905 1191 1082 1254 potest
1129 1181 1313 1245 scribi,
1357 1195 1518 1252 quam
1547 1192 1667 1250 qut‘e
1709 1178 1799 1233 hic
1843 1175 1976 1233 dicit
2014 1175 2102 1232 vir
2131 1173 2456 1242 A'ceritatis
2506 1172 2674 1228 etiam
2696 1187 2992 1245 corporum
3057 1171 3348 1228 diversitas
3381 1180 3546 1242 potest
3578 1172 3718 1235 inte-

518 1289 760 1340 sauctus,
793 1277 936 1331 circa
966 1277 1182 1330 modum
1211 1275 1422 1344 agendi,
1465 1283 1575 1328 tum
1606 1288 1634 1326 a
1660 1270 1952 1342 prioribus,
1981 1279 2095 1325 tum

511 1371 585 1422 ab
606 1369 826 1440 aegrotis
859 1369 1060 1424 nostris
1090 1367 1440 1424 servandum.

588 1461 748 1515 Num.
771 1463 825 1515 5.
861 1458 1082 1530 Propter
1107 1459 1200 1512 Itos
1227 1457 1384 1520 solos,
1422 1465 1529 1513 etc.
1564 1452 1743 1510 Pisces
1772 1469 1940 1510 entere
1969 1451 2106 1507 sole-

517 1567 656 1605 mus.
703 1550 820 1606 Non
860 1550 985 1606 inde
1013 1547 1444 1605 concludendum
1479 1555 1562 1600 est
1589 1543 1733 1615 quod
1783 1543 1961 1613 pisces
1990 1550 2107 1596 tau-

521 1654 636 1698 tum
664 1642 1011 1699 comederent
1037 1639 1197 1710 primi
1245 1646 1426 1709 patres
1458 1635 1653 1700 nostri,
1690 1634 1906 1704 quando
1933 1646 2107 1701 aegro-

520 1742 720 1792 tarent.
759 1734 815 1789 ld
829 1734 971 1789 enim
1009 1733 1198 1788 falsum
1237 1745 1359 1786 esse
1395 1729 1734 1786 convincitur
1763 1741 1828 1782 ex
1859 1742 1978 1797 cap.
2011 1726 2103 1792 55,

520 1835 620 1880 aut
649 1823 792 1895 quod
837 1823 1074 1894 piscibus
1114 1830 1321 1876 tantum
1370 1827 1742 1881 vescerentur,
1765 1832 1887 1872 cum
1919 1817 2001 1870 eis
2027 1815 2105 1870 ab

520 1916 798 1970 extraneis
825 1917 1100 1970 darentur.
1134 1913 1240 1968 Sed
1275 1912 1557 1968 sciendum
1587 1920 1673 1967 est
1695 1911 1837 1966 intra
1860 1924 2104 1966 eremum

515 2006 819 2063 Carthusite
847 2015 1142 2062 torrentem
1173 2003 1340 2060 fluere
1367 2004 1458 2074 qui
1510 2005 1742 2073 optimos
1772 2001 1878 2057 fert
1904 2002 2104 2071 pisces,

517 2110 574 2156 et
615 2100 668 2155 in
711 2115 774 2155 ea
819 2099 1175 2164 abundantia,
1208 2112 1329 2167 qute
1371 2105 1518 2152 certe
1544 2104 1670 2150 tunc
1701 2093 1962 2164 temporis
2005 2107 2106 2163 pro

515 2203 684 2261 parvo
715 2195 977 2244 conventu
1002 2187 1360 2242 communiter
1376 2183 1698 2241 sufﬁciebat.
1730 2182 1936 2239 Sensus
1973 2195 2107 2254 ergo

517 2279 762 2334 auctoris
787 2285 891 2342 est,
915 2277 1059 2348 quod
1082 2291 1148 2332 eo
1173 2285 1384 2334 tantum
1414 2289 1542 2330 casu
1583 2275 1760 2343 pisces
1786 2287 1970 2329 emere
2010 2285 2102 2328 so-

510 2369 714 2435 let-ent,
770 2367 826 2423 id
867 2377 952 2428 est
997 2383 1094 2438 pro
1135 2367 1377 2438 aegrotis,
1428 2365 1646 2436 quando
1662 2363 1746 2421 vel
1789 2379 1858 2420 ex
1883 2363 2106 2434 proprio

510 2468 760 2516 torrente
786 2460 974 2516 obvios
998 2460 1159 2532 (nam
1191 2458 1358 2514 certis
1389 2457 1726 2528 temporibus
1771 2455 2106 2528 impossibile

2212 1266 2528 1322 stimouium
2568 1268 2782 1323 adduci.
2809 1267 2944 1323 Ossa
2981 1267 3277 1338 primorum
3299 1266 3512 1320 Patrum
3536 1282 3636 1321 cum
3659 1284 3726 1324 ve-

2212 1341 2495 1413 neratione
2521 1357 2573 1413 in
2605 1359 2837 1429 quodam
2865 1357 3084 1424 sacello,
3111 1360 3212 1415 sub
3228 1373 3351 1431 'quo
3373 1367 3453 1414 est
3470 1373 3728 1427 cavea,ser-

2207 1463 2420 1516 vamus,
2455 1465 2575 1520 qua:
2597 1451 2643 1505 si
2670 1466 2794 1505 cum
2825 1451 3026 1506 nostris
3054 1459 3454 1520 comparentur,
3478 1465 3567 1506 nos
3595 1451 3729 1507 adole-

2207 1542 2495 1607 scentium,
2524 1541 2598 1597 illi
2623 1557 2751 1598 vero
2763 1542 3002 1598 virorum
3016 1541 3384 1612 perfectorum
3405 1557 3522 1598 ossa
3536 1543 3736 1602 habuisse

2206 1633 2433 1688 evidens
2453 1643 2557 1698 est,
2582 1633 2635 1688 in
2662 1634 3071 1705 comparatione
3091 1644 3426 1690 nostrorum.

2288 1727 2439 1783 Unde
2493 1743 2625 1800 ergo
2676 1728 2782 1783 ista
2811 1728 3010 1782 virium
3066 1727 3436 1800 corporalium
3486 1729 3738 1796 diminutio,

2196 1834 2326 1889 quae
2353 1831 2514 1874 tenue
2548 1829 2730 1886 erant,
2753 1830 2814 1875 ut
2838 1819 2997 1891 primi
3030 1820 3220 1877 Patres
3241 1819 3524 1892 sanguinis
3545 1820 3741 1877 emissio-

2205 1927 2330 1967 nem
2361 1913 2652 1983 quinquies
2699 1911 2752 1967 in
2787 1927 2932 1967 anno
2979 1912 3282 1974 faciendam
3332 1913 3437 1970 sibi
3481 1914 3742 1984 praescribe-

2207 2013 2350 2073 rent,
2385 2006 2588 2076 absque
2615 2004 2855 2076 periculo
2887 2005 3265 2061 diminutionis
3304 2005 3535 2060 virium?
3560 2003 3652 2060 Nos
3671 2021 3740 2061 reo

2198 2110 2270 2151 -ro
2308 2095 2396 2150 vix
2422 2097 2588 2151 semel
2617 2096 2668 2150 in
2695 2110 2836 2151 anno
2863 2095 2915 2150 id
2943 2095 3206 2152 audemus
3228 2096 3559 2166 permittere,
3583 2095 3742 2166 absque

2209 2200 2396 2251 causa,
2429 2187 2820 2264 experimentis
2835 2187 3018 2242 edocti
3049 2188 3116 2244 de
3131 2187 3466 2244 necessitate
3487 2188 3741 2244 abstinendi

2207 2292 2240 2331 a
2297 2277 2596 2332 minutione
2639 2267 2944 2346 sanguinis,
2971 2291 3078 2348 qua
3117 2277 3261 2332 vires
3304 2285 3600 2335 nostrorum
3623 2293 3742 2332 ener-

2200 2376 2425 2433 vantur,
2452 2367 2526 2422 ita
2557 2375 2642 2434 ut,
2664 2369 2710 2423 si
2737 2367 2789 2424 id
2813 2368 3178 2438 permittatur,
3195 2367 3475 2435 deficiant,
3497 2377 3548 2424 et
3571 2368 3616 2423 in
3629 2368 3742 2423 inﬁr-

2208 2460 2428 2515 mitates
2454 2459 2758 2515 habituales
2783 2473 2888 2515 non
2919 2474 3042 2516 raro
3071 2460 3337 2525 incidant,
3359 2459 3550 2530 quibus
3575 2461 3740 2516 tandem

511 2563 603 2609 est
631 2552 887 2624 piscari),
917 2531 1094 2606 velex
1117 2550 1419 2606 vicinorum
1450 2549 1716 2605 charitate
1751 2546 1963 2604 oblatos
1993 2561 2099 2604 non
2129 2531 2177 2593 Β
2205 2551 2273 2606 ad
2300 2551 2683 2606 observantias
2703 2549 3282 2618 ordinisinhabiles,et
3310 2550 3545 2607 nonnulli
3573 2550 3742 2607 inutiles

516 2645 803 2700 baberent.
835 2642 978 2698 Nihil
1004 2642 1182 2698 simile
1214 2642 1345 2698 dicit
1369 2642 1435 2698 de
1464 2641 1602 2698 ovis.

586 2733 783 2792 Totum
812 2745 992 2790 autem
1022 2735 1128 2790 hoc
1152 2733 1452 2805 capitulum
1504 2731 1743 2789 refertur
1785 2732 1838 2788 in
1866 2731 2104 2804 antiquis

511 2827 753 2889 statutis,
771 2836 930 2896 parte
950 2826 1110 2897 prim.
1139 2841 1258 2896 cap.
1282 2825 1373 2892 44,
1406 2841 1498 2880 nn.
1523 2825 1546 2879 l
1584 2833 1638 2880 et
1670 2823 1724 2879 4.
1904 2815 1910 2824 ⁷

583 2919 742 2985 CAP.
770 2916 1254 2973 XXXIX—Num.
1289 2918 1337 2971 1.
1368 2915 1714 2971 Medicinis...
1745 2925 2099 2988 perraro,elc.

525 3008 770 3067 Subaudi
795 3021 948 3067 extra
981 3021 1194 3082 tempus
1223 3008 1579 3080 aegritudinis,
1618 3026 1743 3065 nam
1771 3018 1898 3067 tunc
1929 3013 2102 3068 medi-

507 3116 702 3156 corum
734 3100 1060 3158 ortlinationi
1081 3101 1332 3156 standum
1361 3108 1466 3154 est.

582 3194 721 3250 Ibid.
739 3192 1032 3248 Minuimur
1057 3193 1112 3247 in
1133 3191 1588 3264 annoquinquies,
1614 3201 1722 3249 etc.
1746 3192 1900 3249 Hunc
1925 3193 2101 3250 locum

514 3286 782 3342 miramur
807 3299 998 3340 omnes
1025 3301 1040 3339 :
1072 3299 1198 3339 nam
1239 3283 1292 3338 id
1320 3291 1532 3338 tantum
1559 3284 1624 3338 ad
1656 3286 1978 3340 servandam
2012 3286 2104 3342 lir-

515 3391 660 3434 mam
685 3375 1045 3429 valetudinem
1096 3382 1228 3429 tunc
1260 3388 1292 3426 a
1348 3376 1548 3428 nostris
1578 3374 1880 3430 adhibitum
1926 3375 2104 3449 fuisse

511 3480 618 3536 pro
643 3474 791 3519 certo
819 3463 1104 3518 habemus.
1137 3463 1203 3518 Et
1225 3478 1292 3517 ex
1318 3463 1420 3518 hoc
1452 3463 1688 3532 capitulo
1741 3464 1874 3518 satis
1901 3464 2101 3534 proba-

516 3567 634 3623 tur;
666 3571 790 3610 nam
832 3554 1052 3618 in-cibo,
1082 3568 1273 3608 somno
1291 3563 1356 3608 et
1403 3553 1525 3608 aliis
1570 3554 1730 3608 rebus
1784 3554 1884 3609 sibi
1932 3556 2102 3626 magis

517 3647 796 3718 indulgere
822 3645 1106 3712 videntur;
1134 3645 1279 3716 quod
1328 3654 1477 3700 certe
1521 3645 1810 3700 ridiculum
1846 3655 2011 3710 esset,
2055 3645 2101 3701 si

515 3755 581 3795 ex
613 3741 806 3811 Spiritu
834 3725 1272 3795 mortiticationis
1309 3752 1375 3792 ex
1412 3752 1517 3792 una
1549 3747 1704 3808 parte
1741 3739 1823 3792 sic
1845 3754 1905 3794 se
1932 3739 2101 3794 minui

515 3831 780 3904 sanguine
829 3845 927 3902 per
967 3845 1118 3885 venae
1167 3828 1504 3900 apertionem
1557 3827 1724 3882 certis
1765 3829 2102 3899 temporibus

515 3931 824 3988 curassent,
851 3928 908 3976 et
935 3935 999 3975 ex
1039 3918 1142 3973 alia
1190 3918 1435 3988 quaedam
1480 3918 1781 3987 corporalia
1816 3919 2104 3974 commoda.

515 4022 673 4068 extra
725 4024 1065 4069 communem
1115 4009 1353 4080 regulam
1381 4019 1789 4078 procurassent.
1827 4007 1884 4064 Si
1921 4020 2100 4063 autem

518 4106 627 4162 tale
654 4103 781 4175 quid
820 4103 938 4158 istis
966 4101 1297 4172 temporibus
1325 4107 1736 4166 attentaremus,
1764 4113 1954 4156 omnes
1991 4101 2104 4157 fere

517 4197 817 4255 monachos
839 4196 892 4251 in
920 4194 1071 4250 brevi
1093 4206 1440 4257 necaremus,
1473 4190 1582 4247 imo
1611 4206 1802 4262 magna
1849 4193 2104 4249 cautione

520 4306 656 4362 opus
691 4288 848 4344 nobis
876 4295 981 4354 est,
1003 4295 1064 4340 ut
1089 4283 1174 4339 vel
1202 4283 1487 4343 semelaut
1517 4284 1600 4338 bis
1632 4283 1685 4338 in
1716 4299 1859 4340 anno
1875 4285 2104 4357 alicujus

520 4380 774 4458 monachi
801 4392 998 4435 venam
1023 4375 1228 4447 absque
1254 4373 1584 4431 inﬁrmitatis
1606 4375 1929 4433 necessitate
1959 4392 2104 4435 nunc

518 4473 717 4548 aperiri
740 4460 1023 4528 sinamus.-

591 4566 671 4622 Ex
701 4565 809 4622 hac
831 4577 961 4635 ergo
982 4560 1329 4628 necessitate,
1353 4574 1474 4632 qua:
1493 4559 1697 4617 sensim
1718 4573 1836 4616 sese
1856 4561 2100 4632 protulit,

520 4655 826 4725 abstinendi
867 4655 936 4711 ab
957 4654 1061 4710 hac
1081 4652 1453 4708 vicissitudine
1479 4653 1754 4709 minuendi
1782 4655 2101 4721 monachos,

516 4748 805 4818 probatum
840 4744 1102 4800 habemus
1127 4742 1275 4799 vires
1302 4755 1590 4812 corporum
1616 4741 1782 4797 veluti
1819 4757 2103 4798 senescen-

517 4851 573 4902 te
612 4839 813 4896 mundo
862 4837 1175 4894 imminutas
1225 4849 1368 4898 esse,
1429 4843 1486 4890 et
1513 4833 1668 4906 longe
1697 4833 1934 4890 minores
1961 4848 2104 4892 nunc

519 4945 642 4986 esse
670 4945 833 5002 quam
865 4939 991 4984 tunc
1018 4935 1209 4994 erant;
1238 4927 1428 4995 sicque
1457 4939 1582 4982 vera
1606 4925 1673 4979 ad
1699 4923 1932 4979 litteram
1982 4939 2104 4981 esse

520 5023 682 5077 verba
714 5021 802 5076 illa
831 5020 886 5074 Ι).
921 5019 1190 5090 Gregorii,
1224 5019 1315 5089 qui
1357 5017 1523 5072 robur
1546 5031 1837 5086 corporum
1863 5017 1943 5071 sui
1968 5026 2102 5071 tetu-

521 5111 669 5181 poris
695 5126 818 5166 cum
847 5111 1087 5180 antiquis
1109 5109 1417 5176 conferens,
1445 5117 1499 5164 et
1528 5109 1786 5164 mundum
1815 5109 1977 5164 etiam
2008 5124 2094 5164 se-

519 5219 746 5260 nescere
799 5219 863 5260 ac
904 5202 1136 5260 deﬁcere
1183 5206 1414 5276 probare
1462 5203 1682 5272 volens,
1717 5203 1793 5260 ita
1819 5204 2094 5276 loquitur:
2127 5229 2178 5290 ι)

522 5294 757 5353 Mundus
777 5298 832 5353 in
876 5299 1027 5353 annis
1075 5299 1337 5370 prioribus
1355 5298 1494 5354 velut
1539 5300 1593 5352 in
1619 5300 1890 5368 juventute
1916 5301 2096 5370 viguit,

521 5387 590 5440 ad
612 5389 1000 5458 prapagandant
1021 5389 1238 5445 humani
1251 5389 1452 5459 generis
1473 5388 1700 5443 sobolem
1719 5388 1962 5444 robustus
1973 5389 2098 5460 fuit;

521 5477 692 5532 satiate
745 5495 1019 5548 corporum
1063 5480 1276 5545 viridis,
1328 5478 1592 5548 opulentia
1648 5497 1823 5535 rerum
1867 5483 2094 5556 pinguis.

523 5568 590 5622 At
616 5587 754 5625 utine
781 5572 894 5637 ipsa
915 5589 1012 5624 sua
1044 5581 1305 5626 senectute
1327 5571 1657 5640 deprimitur,
1686 5583 1732 5626 et
1751 5573 1903 5642 quasi
1925 5573 1994 5625 ad
2018 5573 2095 5626 ui-

521 5659 696 5716 cinam
718 5670 955 5726 mortem,
984 5660 1232 5730 molestiis
1259 5662 1691 5731 trebrest'entibm
1714 5673 1944 5731 urgetur.
1964 5663 2094 5717 Pro-

2205 2657 2452 2715 personae
2493 2641 2838 2700 efﬁciuntur?
2889 2642 2946 2698 ld
2993 2657 3060 2699 ex
3114 2643 3288 2700 tribus
3335 2642 3513 2700 causis
3544 2644 3742 2700 evenisse

2204 2750 2523 2808 persuasum
2563 2734 2766 2802 habeo;
2809 2749 3039 2806 quarum
3072 2752 3085 2790 :

2238 2819 2243 2824 ’
2274 2826 2516 2883 Primam
2555 2842 2620 2884 ex
2654 2836 2847 2883 natura
2866 2826 3029 2883 simul
3058 2842 3182 2884 cum
3205 2826 3411 2883 mundo
3439 2826 3620 2884 sensim
3639 2825 3740 2882 Μ-

2205 2921 2384 2978 ciente
2410 2920 2709 2992 procedere
2744 2919 2931 2976 credo.

2216 2995 2220 2999 ’
2277 3011 2608 3078 Secundam,
2661 3025 2784 3081 qua:
2834 3009 3106 3081 praecipua
3137 3008 3270 3064 mihi
3319 3009 3550 3074 videtur,
3584 3022 3639 3064 ex
3667 3023 3740 3064 usu

2204 3103 2406 3159 sensim
2450 3103 2782 3167 introducto,
2813 3110 2994 3168 aucto,
3036 3109 3091 3156 et
3119 3100 3364 3170 quotidie
3395 3109 3650 3155 crescente
3673 3099 3743 3153 de-

2202 3195 2419 3250 licatius
2439 3193 2651 3250 vivendi
2697 3201 2753 3250 et
2790 3207 2988 3262 pueros
3022 3192 3289 3247 educandi
3316 3191 3371 3246 in
3403 3189 3604 3255 saeculo,
3643 3204 3739 3260 pro-

2203 3285 2418 3341 venisse
2444 3283 2712 3350 arbitror;
2746 3297 2812 3338 ex
2842 3296 2951 3352 qua
3002 3280 3306 3338 delicatiori
3338 3279 3549 3336 vivendi
3571 3288 3619 3334 et
3643 3293 3742 3349 pue-

2205 3391 2296 3431 ros
2321 3373 2586 3430 educandi
2613 3372 3008 3429 consuetudine
3045 3370 3209 3426 variae
3263 3371 3605 3427 necessitates
3646 3367 3743 3423 sub-

2203 3474 2340 3521 ortu:
2385 3472 2530 3520 sunt.
2586 3463 2777 3518 Modus
2833 3463 2980 3517 enim
3030 3461 3343 3517 enutriendi
3401 3475 3648 3532 corpora,
3692 3474 3742 3514 ex

2204 3555 2590 3612 consuetudine
2623 3555 2676 3611 in
2715 3553 2976 3622 habitum,
3016 3562 3072 3611 et
3108 3570 3177 3611 ex
3213 3553 3405 3610 habitu
3451 3555 3503 3609 in
3552 3551 3743 3609 necessi-

2212 3659 2380 3704 tatem
2408 3664 2599 3705 versus
2622 3657 2725 3714 est,
2753 3657 2809 3704 et
2833 3647 2959 3704 inde
2989 3647 3190 3703 factum
3218 3657 3303 3703 est
3329 3655 3393 3703 ut
3431 3660 3640 3717 corpora
3673 3657 3745 3698 no-

2204 3749 2336 3806 stra,
2367 3756 2522 3810 quae,
2556 3750 2847 3810 antequam
2885 3740 2954 3795 ad
2998 3739 3247 3795 ordinem
3292 3737 3678 3799 adduceremus,
3703 3735 3743 3788 in

2204 3833 2403 3888 saeculo
2427 3847 2523 3901 per
2559 3831 2749 3903 viginti
2794 3831 2862 3886 ad
2903 3831 3086 3886 minus
3109 3845 3280 3886 annos
3329 3829 3544 3884 fuerant
3588 3826 3746 3883 delita.

2210 3927 2315 3979 tius
2345 3924 2545 3979 nutrita
2571 3934 2625 3978 et
2672 3923 2790 3979 istis
2824 3922 3237 3979 necessitatibus
3259 3931 3498 3988 assueta,
3515 3919 3616 3989 jam
3635 3931 3747 3973 com-

2207 4015 2444 4071 muniter
2472 4030 2578 4071 non
2608 4014 2826 4070 valeant
2854 4030 2916 4070 ea
2947 4013 3090 4070 ferre
3137 4029 3258 4084 quae
3287 4012 3623 4081 antiquorum
3645 4007 3747 4063 Car-

2206 4107 2577 4172 thusianorum
2623 4122 2855 4177 corpora
2906 4104 3051 4162 ferre
3096 4104 3261 4161 facile
3314 4103 3592 4170 valebant,
3619 4106 3746 4172 prout

2204 4208 2334 4256 sunt
2359 4198 2698 4256 abstinentiae
2751 4198 2856 4255 ilhe
2903 4197 2956 4254 in
3016 4210 3157 4269 pane
3196 4204 3252 4252 et
3282 4211 3448 4267 aqua,
3478 4195 3544 4251 de
3587 4191 3744 4264 quibus

2207 4292 2322 4348 suis
2359 4291 2493 4348 locis
2522 4292 2785 4347 dicemus.
2819 4291 2927 4346 Has
2953 4291 3148 4346 nedum
3175 4289 3496 4360 permittere
3525 4300 3652 4343 nunc
3669 4285 3741 4338 vix

2207 4381 2492 4446 audemus,
2523 4382 2618 4438 sed
2647 4383 2969 4453 quihusdam
2999 4383 3165 4437 etiam
3212 4382 3524 4452 petentibus
3567 4389 3746 4450 negare.

2207 4472 2319 4529 imo
2343 4472 2633 4543 prohibere
2663 4473 2930 4544 cogimur,
2963 4471 3099 4528 adeo
3127 4472 3466 4542 experientia
3487 4469 3646 4526 edocti
3671 4481 3741 4521 su-

2207 4579 2328 4630 mus
2354 4564 2481 4634 quid
2506 4566 2622 4621 istae
2645 4565 2988 4621 abstinentia:
3032 4563 3310 4620 efﬁcerent
3338 4564 3425 4620 his
3463 4560 3750 4634 temporibus

2206 4653 2262 4710 in
2291 4654 2671 4725 plerorumque
2691 4655 3060 4710 solitariorum
3081 4654 3425 4724 corporibus,
3450 4654 3493 4709 si
3518 4657 3565 4708 in
3576 4664 3691 4724 pane
3707 4657 3750 4702 et

2205 4743 2344 4826 aqua
2367 4755 2737 4803 servarentur.
2767 4745 2920 4813 Quod
2963 4761 3128 4816 supra
3168 4746 3410 4802 diximus
3444 4745 3679 4817 probatur
3707 4740 3750 4792 in

2205 4837 2446 4904 rusticis,
2468 4853 2702 4908 quorum
2732 4838 2885 4907 pueri
2912 4837 2964 4891 iu
2993 4852 3133 4908 pane
3157 4847 3213 4892 et
3234 4852 3376 4906 aqua
3401 4847 3454 4892 et
3479 4849 3624 4892 caseo
3642 4847 3752 4888 enu-

2207 4930 2320 5002 triti
2342 4930 2504 5001 longe
2528 4931 2864 4986 robustiores
2906 4940 3035 4985 sunt
3070 4918 3232 5000 quam
3271 4928 3610 4984 honestorum
3633 4923 3751 4979 urbi-

2206 5038 2392 5080 corum
2420 5023 2536 5091 filii,
2564 5031 2620 5080 et
2644 5024 2798 5094 plura
2824 5025 3003 5080 ferunt
3031 5033 3088 5080 et
3115 5024 3323 5080 faciunt
3348 5039 3512 5095 quam
3541 5021 3638 5078 isti.
3663 5018 3754 5074 Cur

2205 5123 2386 5171 autem
2433 5115 2687 5170 monachi
2735 5113 3082 5171 Carthusiani
3123 5113 3394 5184 iuniores,
3425 5114 3492 5168 ad
3539 5109 3752 5168 eumdem

2204 5206 2422 5262 vivendi
2449 5207 2695 5275 modum,
2722 5207 2814 5278 qui
2846 5206 3064 5264 rusticis
3087 5205 3399 5262 ordinarius
3429 5213 3529 5270 est,
3555 5218 3639 5274 per
3660 5200 3753 5255 dis-

2205 5299 2545 5356 suetudinem
2573 5297 2787 5354 vivendi
2818 5306 2978 5368 prout
3003 5297 3057 5352 in
3108 5296 3306 5353 seculo
3330 5295 3593 5358 vivebant,
3620 5292 3756 5348 dete-

2207 5392 2325 5446 nire
2369 5390 2676 5463 nequeunt?
2735 5390 2816 5445 Ad
2849 5391 2953 5446 hoc
3009 5388 3400 5460 respondemus
3444 5384 3663 5442 medium
3711 5387 3757 5434 et

2207 5483 2426 5546 modum
2455 5481 2708 5539 constitui
2743 5481 2944 5538 debere
2969 5480 3023 5536 in
3072 5480 3258 5547 rebus,
3307 5477 3447 5534 ultra
3475 5475 3608 5548 quod
3652 5486 3758 5544 pro-

2207 5573 2358 5646 gredi
2381 5574 2635 5630 vitiosum
2666 5585 2768 5631 est.

2243 5741 2245 5744 ⁴
2276 5648 2507 5718 .luvcncs
2536 5664 2600 5718 ad
2633 5678 2731 5719 uos
2782 5679 2848 5718 ex
2893 5661 3089 5720 sarculo
3125 5650 3405 5719 venientes
3456 5663 3506 5718 in
3537 5673 3756 5733 magnam
