3894 6298
185 355 269 412 ηπ
1469 334 2065 405 CONSUETUDINES.

3304 354 3416 417 7l8

239 465 289 520 2.
314 460 593 531 Primaque
616 454 726 525 die,
749 470 820 513 ne
836 454 966 528 quid
990 448 1208 512 adversi
1237 467 1304 510 ex
1338 453 1661 512 minutionis
1687 444 1977 515 occasione
2002 455 2305 527 contingat,
2339 458 2407 513 ad
2436 447 2762 529 colloquium
2797 458 2982 520 refecti
3018 470 3417 543 convenimus;

177 570 283 637 post
314 557 588 631 prandium
608 556 771 612 etiam
794 554 975 610 vinum
1008 552 1226 616 bibendi
1252 551 1526 608 licentiam
1550 552 1832 623 habemus,
1871 571 1980 611 non
2008 564 2187 610 tamen
2223 553 2278 610 in
2308 553 2535 612 alterius
2578 555 2737 612 cella.

235 659 284 712 5.
324 654 459 710 Nihil
487 652 632 709 enim
652 662 888 720 unquam
912 646 1294 703 alimentorum
1320 647 1376 703 in
1395 648 1573 705 aliena
1602 647 1810 705 licitum
1846 649 2112 706 habemus
2146 664 2363 706 sumere
2396 647 2550 707 cella.

235 757 283 811 ι.
320 754 417 809 Per
446 752 544 807 hos
567 759 676 805 tres
697 748 814 803 dies
839 760 999 802 mane
1020 745 1262 802 redimus
1289 745 1359 801 ad
1389 744 1584 812 lectos,
1608 736 1915 819 necessaria
1943 746 2171 802 dicimus
2201 747 2539 817 coquinario,
2569 762 2599 802 a
2624 764 2731 820 quo
2758 750 2965 807 duobus
2996 750 3274 820 prioribus
3293 752 3409 808 die»

174 854 262 909 bus
284 850 439 906 etiam
470 845 573 901 tria
599 844 668 900 ad
695 840 1018 899 cantandum
1044 853 1146 897 ova
1170 839 1515 911 suscipimus.

1490 950 1692 1009 CAPIT
1702 952 1891 1009 ULUM
1935 952 2046 1007 XL.

1556 1047 1635 1102 De
1674 1051 2018 1113 ornamentis.

206 1156 280 1209 -l.
316 1151 636 1208 Ornamenta
669 1158 835 1203 aurea
855 1138 941 1202 vel
963 1151 1240 1217 argentea,
1268 1152 1467 1215 praeter
1490 1143 1714 1200 calicem
1745 1152 1799 1200 et
1826 1143 2116 1207 calamum,
2147 1153 2255 1215 quo
2302 1148 2521 1217 sanguis
2549 1148 2774 1219 ,Domini
2819 1152 3154 1219 sumitur,’in
3178 1142 3416 1209 ecclesia

173 1268 262 1309 non
289 1249 561 1313 habemus,
592 1243 749 1315 pallia
778 1241 1085 1314 tapetiaque
1114 1241 1458 1312 reliquimus.

1493 1394 2063 1490 COMMENTARIUS.

168 1541 285 1600 satis
308 1534 541 1609 incidunt
580 1530 930 1594 mutationem
961 1550 1058 1606 per
1077 1535 1317 1602 labores,
1347 1546 1446 1607 per
1483 1535 1724 1618 vigilias,
1748 1537 1798 1598 Α
1824 1534 2060 1606 explicat
2084 1526 2347 1617 ‘licentias
2375 1541 2430 1590 et
2482 1537 2869 1606 recreationes‘,
2900 1552 3018 1611 quae
3050 1544 3177 1599 tunc
3219 1542 3413 1601 diebus

167 1649 250 1705 per
261 1630 472 1703 jejunis,
498 1629 693 1700 quibus
713 1628 900 1684 statim
930 1629 984 1683 in
1015 1628 1204 1684 ordine
1247 1628 1594 1694 addicuntur,
1623 1642 1722 1698 per

166 1722 356 1778 vivendi
393 1722 647 1789 modum,
700 1734 799 1792 per
853 1720 1020 1776 animi
1074 1719 1517 1790 applicationem,
1566 1717 1723 1789 cujus

165 1812 298 1869 labor
321 1827 481 1884 opera
506 1811 811 1881 corporalia
845 1810 1005 1882 longe
1044 1819 1284 1880 superat,
1309 1810 1508 1881 quibus
1549 1811 1721 1867 omni-

165 1905 270 1971 bus,
288 1905 329 1960 si
356 1903 454 1974 ipsi
473 1902 807 1959 robustiores
830 1902 1017 1957 rustici
1040 1901 1463 1973 applicarentur,
1477 1892 1719 1956 nonnulli

164 1994 327 2063 statim
370 1992 687 2048 deﬁcerent.
737 1991 855 2060 Qua
913 1992 981 2047 de
1002 2005 1169 2047 causa
1210 1990 1541 2048 discretione
1583 2004 1720 2062 opus

159 2097 265 2155 esse
281 2083 619 2154 perspicuum
654 2091 759 2149 est,
783 2096 851 2139 ne
878 2080 1072 2150 ajusto
1118 2080 1295 2137 medio
1325 2080 1611 2147 tolerabili,
1664 2088 1721 2138 et

163 2175 340 2247 absque
386 2177 684 2233 mutatione
712 2185 807 2233 aut
847 2176 1201 2241 relaxatione,
1248 2175 1502 2248 portabili
1553 2187 1719 2249 atque

161 2266 387 2334 durabili,
423 2268 733 2324 aberretur.

219 2357 403 2415 Omnes
424 2359 538 2415 fere
579 2360 650 2415 ad
691 2358 938 2415 ordinem
966 2358 1218 2415 venimus
1250 2356 1305 2412 in
1353 2356 1717 2414 adolescentia

165 2449 290 2504 circa
324 2450 640 2505 vicesimum
664 2465 885 2514 annum,
910 2449 1035 2504 dum
1061 2459 1193 2505 aetas
1210 2449 1355 2521 viget
1380 2456 1434 2505 et
1459 2448 1717 2505 alimento

160 2540 468 2596 convenienti
492 2541 880 2612 indiget,quod
905 2540 1026 2599 ideo
1052 2540 1244 2597 saltem
1265 2554 1330 2595 ex
1360 2540 1538 2611 aliqua
1563 2548 1718 2611 parte

158 2632 438 2702 possitcum
464 2632 697 2687 naturali
727 2648 827 2688 usu
864 2632 918 2687 in
948 2632 1145 2689 saeculo
1172 2642 1454 2702 assumpto
1483 2646 1713 2689 concor-

161 2723 294 2790 dare,
320 2725 571 2795 quodque
599 2724 646 2780 si
678 2725 908 2781 discrete
934 2740 1040 2781 non
1089 2724 1494 2783 ministraretur
1526 2719 1581 2780 in
1613 2740 1714 2781 no-

158 2824 255 2870 stro
273 2825 408 2871 statu
430 2816 701 2882 solitario,
723 2817 956 2871 maxima
971 2832 1099 2887 pars
1117 2826 1428 2873 nostrorum
1449 2815 1711 2886 juvenum

158 2904 379 2961 inhabilis
398 2914 539 2961 esset
565 2906 635 2960 ad
664 2905 843 2978 plures
876 2906 1252 2963 observantias
1293 2906 1573 2977 regulares
1617 2920 1717 2961 an-

156 2999 343 3062 tequam
367 2995 701 3066 trigesimum
747 3010 928 3051 aunun
975 2997 1286 3069 attingeret.
1337 2994 1479 3065 Quid
1522 3004 1705 3052 autem

158 3082 264 3140 inde
287 3086 544 3153 eveniret,
584 3095 639 3141 et
667 3101 773 3159 quo
801 3087 1077 3144 deveniret
1119 3097 1303 3145 nostra
1333 3085 1713 3146 observantia?

156 3190 291 3234 nemo
320 3193 421 3234 non
454 3180 629 3234 videt.

223 3265 318 3323 Sed
347 3269 587 3323 maxime
614 3271 681 3325 ad
720 3269 1061 3340 prudentiam
1091 3270 1373 3343 regiminis
1411 3270 1713 3328 solitariam

154 3356 295 3413 vitam
324 3359 696 3430 proﬁtentium
741 3359 795 3415 in
823 3374 1041 3431 genere,
1092 3371 1148 3417 et
1173 3362 1467 3419 discretam
1514 3363 1709 3436 agendi

159 3448 361 3507 formam
395 3451 736 3525 singulorum
776 3451 833 3507 in
888 3452 1068 3524 specie
1111 3453 1369 3524 pertinet,
1399 3461 1458 3508 ut
1492 3468 1583 3510 res
1613 3468 1713 3511 no-

154 3546 259 3597 stne
282 3542 656 3599 Carthusianae
682 3544 734 3599 in
757 3558 824 3601 eo
847 3559 1063 3615 semper
1087 3544 1267 3601 medio
1287 3546 1706 3612 constituantur,

153 3631 209 3687 ad
233 3635 363 3703 quod
412 3634 599 3690 minus
636 3635 842 3692 robusti
884 3637 1094 3707 possint
1113 3637 1425 3708 pertingere
1474 3636 1617 3692 sicut
1652 3644 1710 3693 et

154 3724 487 3796 robustiores,
513 3736 578 3783 ut
607 3742 675 3782 ex
727 3727 865 3783 infra
893 3728 1138 3785 dicendis
1160 3743 1280 3799 cap.
1309 3728 1380 3783 54
1399 3728 1708 3786 evidentius

60 3836 66 3847 ο
151 3814 347 3882 patebit,
377 3816 538 3872 etsic
592 3816 645 3871 in
681 3817 924 3872 eamdem
979 3832 1291 3874 mensuram
1334 3817 1707 3873 conveniendo

148 3918 313 3961 omnes
341 3908 549 3977 possint
586 3906 695 3963 Deo
743 3907 998 3963 alacriter
1037 3908 1266 3973 servire,
1299 3908 1353 3962 in
1389 3908 1529 3963 bona
1560 3908 1701 3965 vale-

151 3994 311 4052 tudine
334 4011 705 4068 perseverare,
758 3996 814 4053 in
863 3996 1053 4054 eadem
1104 4012 1319 4069 semper
1356 3998 1705 4054 observantia

147 4100 458 4156 permanere,
516 4088 988 4160 frequentioribus
1056 4088 1547 4159 dispensationibus
1596 4105 1702 4146 non

150 4173 383 4248 indigere,
414 4178 480 4234 ad
527 4178 721 4234 solatia
754 4193 875 4249 qua:
913 4179 967 4233 in
999 4180 1192 4235 ordine
1220 4188 1409 4234 nostro
1430 4179 1701 4249 prohibita
1728 4217 1776 4281 ο

147 4276 255 4321 sunt
293 4269 380 4341 (ut
423 4280 510 4327 est
536 4271 691 4326 exire
731 4285 763 4326 e
800 4271 1161 4342 monasterio)
1191 4287 1300 4327 non
1352 4271 1613 4341 aspirare,
1646 4282 1704 4329 et

147 4356 328 4431 absque
364 4360 751 4432 singularitate
793 4360 1078 4417 unanimes
1120 4361 1175 4416 in
1199 4362 1360 4419 domo
1391 4359 1488 4417 Dei
1508 4361 1701 4417 ambu-

145 4447 255 4507 lare.
786 4469 790 4471 λ
1570 4482 1573 4483 ν

200 4544 299 4604 istc
320 4563 534 4621 semper
572 4544 680 4604 ‘l'uit
719 4559 917 4616 scapus
968 4543 1177 4602 ordinis
1204 4545 1258 4600 in
1294 4545 1456 4600 rebus
1499 4541 1702 4600 nostris

144 4636 572 4711 disponendisqui
592 4653 785 4710 scopus
801 4654 831 4693 a
853 4639 917 4693 ll.
935 4637 996 4693 P.
1010 4637 1253 4709 Guigone
1268 4635 1365 4691 fuit
1382 4636 1698 4708 jamdudum

143 4728 277 4785 nobis
324 4732 651 4803 assignatus,
708 4744 740 4785 a
790 4728 1045 4800 capitulis
1092 4727 1436 4799 generalibus
1486 4741 1701 4798 semper

148 4818 378 4893 deinceps
404 4822 676 4888 intentus,
704 4821 758 4876 in
789 4818 1014 4875 statutis
1036 4832 1351 4889 expressus,
1381 4832 1446 4873 ac
1468 4817 1701 4888 denique

145 4922 169 4961 ει
194 4913 414 4980 posteris
434 4912 641 4969 nostris
662 4925 876 4982 semper
892 4909 1209 4975 intuendus,
1232 4917 1293 4964 ut
1323 4908 1567 4981 vestigiis
1600 4908 1700 4962 Pa.

143 5010 265 5059 trum
310 5014 418 5063 tam
466 5018 715 5064 veterum
762 5023 925 5079 quam
957 5008 1321 5064 recentiorum
1345 5008 1400 5062 in
1447 5006 1698 5063 omnibus

141 5093 464 5168 iultxcrentes,
492 5116 556 5156 ne
574 5099 700 5172 quid
728 5099 883 5155 nimis
911 5109 1004 5157 aut
1022 5100 1218 5169 minus,
1245 5098 1491 5156 ordinem
1519 5097 1571 5153 in
1598 5111 1696 5152 sua

142 5181 432 5259 integritate
461 5198 803 5247 conservent.

199 5278 425 5338 Tertiam
453 5286 670 5340 tandem
692 5283 953 5340 rationem
976 5280 1341 5339 enervationis
1359 5277 1557 5336 virium
1576 5293 1696 5334 cor-

138 5370 382 5435 poralium
431 5388 501 5429 ex
564 5372 756 5442 majori
814 5373 1150 5445 ingeniorum
1205 5370 1493 5426 vivacitate
1550 5370 1693 5438 ipsas

139 5457 267 5516 Vires
319 5464 563 5535 corporis
613 5463 965 5521 exbauriente
1006 5462 1299 5534 procedere
1333 5460 1519 5517 credo.
1566 5459 1693 5515 Ηωο

1823 1625 2189 1682 minutionum
2219 1626 2508 1705 dabantur.

1840 1774 1846 1779 ,
1892 1715 2027 1772 Ibid.
2054 1712 2180 1771 Non
2204 1726 2379 1772 tamen
2417 1716 2473 1772 in
2506 1716 2727 1775 alterius
2771 1718 2924 1776 cella.
2957 1712 3095 1779 Hinc
3130 1722 3419 1781 evidenter

1821 1816 2047 1878 apparet
2077 1808 2219 1878 quod
2249 1800 2467 1889 licentia
2513 1810 2682 1865 etiam
2712 1811 2935 1867 daretur
2973 1827 3004 1867 a
3040 1814 3224 1884 priore
3248 1828 3306 1871 se
3333 1817 3414 1871 in-

1821 1897 1999 1952 vicem
2024 1893 2279 1953 visitandi
2306 1898 2361 1952 in
2388 1893 2546 1967 cella,
2571 1900 2665 1955 sed
2689 1910 2964 1970 nunquam
2996 1896 3068 1957 ibi
3090 1903 3418 1962 comedendi

1821 1995 1917 2041 aut
1944 1980 2187 2051 bibendi,
2214 1995 2376 2056 prout
2395 1988 2560 2044 etiam
2592 2005 2738 2044 nunc
2764 1992 2955 2045 stricte
2976 2001 3260 2059 servatur;
3288 2008 3417 2048 nam

1796 2078 2022 2134 frustra
2084 2079 2414 2135 mentionem
2475 2078 2680 2135 laceret
2734 2077 2802 2136 R.
2858 2082 2918 2138 P.
2956 2081 3132 2155 Guigo
3181 2071 3249 2140 de
3287 2085 3417 2142 vino

1818 2182 2096 2237 nunquam
2128 2167 2182 2221 in
2211 2168 2436 2224 alterius
2465 2167 2600 2225 cella
2636 2170 2888 2234 bibendo,
2912 2168 2956 2226 si
2977 2170 3200 2230 alterius
3220 2174 3416 2231 cellam

1819 2256 2031 2330 ingredi
2060 2272 2185 2317 cum
2210 2254 2431 2317 licentia
2461 2278 2567 2318 non
2589 2259 2851 2319 licuisset.

1890 2350 2064 2408 Porro
2101 2359 2274 2407 totum
2298 2352 2401 2408 hoc
2428 2353 2723 2423 capitulum
2766 2353 2997 2410 relatum
3026 2354 3198 2412 habes
3230 2357 3287 2412 in
3311 2371 3413 2412 an-

1830 2434 2003 2512 tiquis
2028 2441 2249 2497 statutis
2276 2450 2431 2512 parte
2466 2454 2604 2509 sec.,
2634 2452 2755 2514 cap.
2791 2440 2879 2506 l5,
2908 2461 3000 2500 nn.
3024 2443 3082 2512 5,
3110 2438 3142 2501 6
3170 2456 3224 2503 et
3251 2448 3307 2503 7.

1885 2530 2017 2588 Car.
2062 2526 2176 2586 XL.
2206 2561 2279 2573 —
2314 2524 2473 2587 Num.
2528 2533 2579 2588 l.
2634 2531 2841 2591 Prteter
2884 2536 3101 2593 calicem
3155 2547 3205 2595 et
3252 2540 3404 2597 cala-

1815 2641 1979 2694 mum,
2006 2638 2112 2683 etc.
2160 2627 2238 2683 De
2274 2620 2380 2683 isto
2402 2627 2635 2697 calamo,
2666 2642 2774 2700 quo
2817 2632 3043 2703 sanguis
3070 2632 3278 2690 Christi
3312 2650 3409 2691 su-

1815 2717 2083 2787 mebatur,
2115 2713 2259 2775 nulla
2305 2720 2364 2775 iit
2402 2721 2608 2777 mentio
2653 2721 2706 2776 in
2741 2723 2984 2794 antiquis
3029 2726 3274 2793 statutis,
3311 2728 3412 2786 sed

1817 2818 2027 2893 tantum
2062 2811 2129 2866 de
2172 2808 2388 2868 calice:
2433 2810 2576 2869 unde
2614 2808 2890 2887 colligitur
2935 2817 3113 2876 adhuc
3165 2828 3411 2893 tempore

1818 2891 1886 2956 Β.
1935 2894 1998 2957 Ρ.
2043 2899 2308 2974 Guigonis
2356 2902 3100 2975 viguisse.consuetudinem
3156 2891 3409 2968 nonnun-

1816 3005 1979 3063 quam
2004 2986 2443 3051 communicandi
2487 2996 2588 3052 sub
2618 3004 2850 3069 utraque
2881 3000 3084 3071 specie,
3133 3004 3276 3073 quod
3321 3013 3407 3060 ta-

1815 3098 1942 3138 men
1965 3077 2065 3139 soli
2096 3084 2328 3142 diacono
2357 3092 2679 3144 concessum
2713 3086 2882 3146 fuisse
2906 3090 3197 3148 credimus.
3231 3092 3408 3161 Quam

1815 3168 2260 3231 consuetudinem
2289 3177 2430 3248 apud
2470 3192 2571 3234 nos
2596 3177 2708 3249 jam
2736 3181 3068 3238 exstinctam
3115 3183 3283 3241 fuisse
3312 3200 3406 3240 ar-
3432 3189 3441 3241 ἱ

1812 3266 2082 3323 bitramur
2112 3269 2446 3339 temperibus
2479 3265 2548 3326 Β.
2587 3269 2767 3327 Patris
2798 3271 3029 3338 Rill‘erii,
3063 3276 3155 3345 qui
3184 3288 3408 3336 centum

1813 3366 1869 3415 et
1908 3358 2102 3429 viginti
2146 3360 2370 3416 circiter
2414 3360 2573 3418 annis
2619 3372 2743 3433 post
2786 3364 3222 3425 Consuetudines
3269 3384 3300 3424 a
3334 3369 3403 3427 Β.

1811 3449 1875 3507 Ρ.
1919 3449 2169 3523 Guigone
2219 3451 2478 3523 scriptas,
2512 3458 2719 3511 statuta
2774 3456 2863 3512 illa
2913 3458 3084 3513 edidit
3113 3476 3235 3531 quae
3261 3463 3406 3518 antia

1810 3555 1918 3613 qua
1946 3556 2226 3609 vocamus,
2272 3543 2403 3615 quia
2428 3545 2499 3601 de
2536 3544 2629 3602 illo
2656 3547 2866 3605 calamo
2915 3549 3118 3607 nullam
3171 3554 3405 3625 amplius

1810 3632 2142 3689 mentionem
2175 3628 2326 3690 facit.

1879 3721 1980 3782 Hic
2003 3735 2231 3798 apparet
2260 3723 2582 3800 simplicitas
2621 3746 2784 3802 quam
2806 3732 2969 3788 etiam
2999 3731 3052 3787 in
3083 3732 3403 3806 supellectili

1809 3810 2176 3887 ecclesiastica
2203 3827 2427 3877 serVare
2456 3822 2711 3878 volebant
2737 3822 2899 3893 primi
2928 3822 3139 3880 Patres.
3173 3824 3280 3881 Sed
3305 3843 3402 3883 no-

1812 3908 2030 3963 tandum
2062 3916 2147 3963 est
2193 3912 2338 3980 quod
2383 3912 2489 3969 illis
2520 3913 2877 3986 temporibus,
2902 3917 3118 3986 quando
3157 3918 3400 3976 nondum

1808 3999 2032 4056 detecta:
2062 4011 2221 4057 erant
2244 4016 2275 4057 a
2300 4004 2501 4060 nostris
2523 4003 2689 4061 india:
2711 4003 3017 4064 Orientales
3047 4016 3102 4064 et
3132 4009 3403 4067 Occiden-

1806 4086 1962 4158 tales,
2010 4102 2203 4148 aurum
2236 4101 2292 4149 et
2315 4103 2599 4166 argentum
2633 4104 2796 4167 atque
2821 4098 2987 4154 etiam
3013 4097 3399 4171 bombycinum

1807 4185 1921 4243 sive
1942 4185 2202 4257 sericum,
2232 4188 2389 4245 valde
2427 4206 2554 4246 rara
2584 4200 2744 4247 erant
2769 4191 2823 4248 in
2860 4191 2988 4250 istis
3022 4196 3287 4265 partibus,
3323 4197 3399 4255 ita

1805 4285 1865 4330 ut
1899 4291 1931 4332 a
1961 4276 2092 4334 solis
2128 4279 2352 4351 regibus
2382 4288 2437 4337 et
2474 4279 2810 4354 principibus
2843 4284 3167 4341 vestimenta
3197 4289 3395 4354 serica,

1805 4367 1887 4425 vel
1911 4383 2045 4423 auro
2073 4368 2385 4439 intertexta,
2414 4381 2842 4444 usurparentur;
2869 4374 3013 4431 unde
3039 4391 3128 4433 res
3153 4378 3285 4434 satis
3312 4379 3399 4433 in-

1803 4458 1961 4516 solita
1987 4459 2201 4528 fuisset,
2229 4461 2273 4517 si
2308 4478 2337 4516 a
2368 4458 2560 4534 primis
2592 4455 2849 4525 Patribus
2879 4464 2932 4520 id
2969 4481 3138 4537 genus
3162 4470 3396 4525 vestium

1803 4552 2101 4609 sericarum
2150 4552 2445 4610 admissum
2506 4555 2731 4623 fuisset,
2791 4573 3025 4628 quorum
3081 4560 3283 4615 divitia:
3334 4561 3394 4616 in

1801 4648 2121 4710 paupertate
2168 4649 2225 4695 et
2268 4639 2616 4709 simplicitate
2643 4642 2924 4712 iacebant.
2978 4643 3084 4699 Per
3126 4644 3292 4713 pallia
3339 4652 3394 4699 et

1801 4729 1997 4799 tapetia
2024 4728 2251 4785 forsitan
2298 4728 2552 4801 intelligit
2592 4731 2677 4786 vir
2720 4740 2945 4788 sanctus
2993 4732 3185 4800 aulaea,
3217 4742 3272 4789 et
3302 4734 3394 4792 his

1801 4814 2020 4884 similia,
2046 4817 2243 4889 quibus
2287 4818 2478 4875 nullibi
2524 4820 2579 4875 in
2627 4820 2877 4877 domibus
2916 4823 3119 4879 nostris
3160 4824 3390 4891 utimur,

1799 4904 2048 4980 quamvis
2076 4908 2132 4963 in
2160 4906 2506 4979 quibusdam,
2537 4910 2869 4967 solemnibus
2916 4921 3095 4967 tamen
3125 4914 3392 4973 duntaxat

1800 5000 2010 5065 diebus,
2039 5007 2218 5072 tapete
2245 5001 2524 5071 operiatur
2550 5002 2775 5071 gradus,
2803 5003 2919 5059 sive
2940 5004 3273 5073 pedistitium
3300 5008 3389 5061 al-

1799 5090 1953 5146 taris.
2000 5089 2110 5147 Cur
2147 5101 2326 5147 autem
2370 5093 2727 5159 candelabra,
2782 5092 3060 5166 lampades
3096 5104 3150 5151 et
3189 5097 3388 5154 similis

1690 5210 1695 5217 ι
1797 5182 2037 5267 supellex
2061 5191 2315 5255 argentea
2346 5183 2400 5238 in
2429 5182 2700 5254 plerisque
2731 5185 2980 5242 domibus
3001 5187 3211 5244 ordinis
3238 5203 3386 5244 nunc

1797 5278 2098 5359 habeatur?
2141 5279 2195 5333 ld
2240 5278 2417 5349 primo
2456 5279 2787 5349 processisse
2815 5294 2844 5333 a
2879 5279 3258 5336 fnndatorihus
3287 5281 3385 5336 do-

1798 5386 2007 5426 morum
2037 5370 2367 5425 credendum
2413 5378 2516 5437 est,
2551 5370 2641 5439 qui
2686 5371 2813 5426 talia
2843 5371 3112 5427 dederunt
3142 5372 3196 5425 in
3224 5384 3381 5424 usum

1797 5458 2089 5528 Ecclesia,
2141 5460 2336 5516 deinde
2378 5460 2503 5529 quia
2553 5460 2735 5532 plures
2782 5461 3023 5517 ecclesiae
3071 5456 3276 5516 ordinis
3324 5458 3382 5514 in

138 5556 300 5608 autem
346 5552 510 5625 paulo
556 5552 1081 5627 fusiusnotavimus,
1123 5561 1185 5609 ut
1215 5551 1533 5637 indiscretis
1554 5564 1689 5622 quo-
1720 5560 1771 5620 1)
1798 5552 1998 5624 vieinio
2026 5566 2342 5624 magnarum
2370 5551 2584 5608 urbium
2612 5559 2939 5610 constructae
2967 5557 3115 5615 sunt,
3149 5548 3215 5601 ad
3242 5559 3382 5637 quas

138 5640 365 5697 rumdam
394 5644 729 5717 argumentis
753 5657 1123 5700 occurramus.

194 5731 343 5794 Num.
368 5736 425 5791 2.
480 5733 761 5796 Primaque
785 5738 869 5793 die
918 5754 980 5792 ne
1005 5738 1132 5807 quid
1182 5737 1406 5806 adversi,
1458 5744 1561 5791 etc.
1597 5732 1691 5788 Hic

1800 5642 2041 5714 plerique
2071 5641 2359 5698 saeculares
2384 5642 2685 5698 veniebant
2699 5658 2768 5698 ex
2795 5638 3081 5697 demicus
3119 5645 3180 5692 ut
3206 5636 3383 5693 sacris

1802 5736 2145 5803 interessent,
2183 5744 2478 5807 congruum
2503 5735 2683 5791 visum
2705 5730 2899 5789 estad
2916 5731 3120 5789 ωιωω
3151 5728 3246 5786 Dei
3280 5726 3382 5785 do-
