3992 6394
275 397 379 454 79!

1612 383 2198 446 CONSCETL’DINES.

2121 288 2164 310 θ.

3411 391 3532 450 72%

351 509 405 564 2.
445 507 619 562 Simili
652 505 815 562 etiam
853 512 1035 559 tenore
1063 500 1474 566 sancitum.,est,
1515 507 1574 556 ut
1602 501 1868 556 nemiuem
1903 514 2147 572 prorsus,
2179 501 2294 556 sive
2324 497 2488 564 intra,
2527 501 2640 556 sive
2669 509 2824 558 extra
2853 517 3091 559 ert-mum
3131 505 3287 562 istam
3324 505 3517 564 defun-

268 607 424 656 ctum
456 612 555 652 suo
581 597 841 667 sepeliant
866 595 918 650 in
950 593 1284 657 etemeterio,
1320 587 1436 648 nisi.
1453 592 1590 648 forte
1615 591 1850 662 aliquem
1876 587 2038 660 hujus
2065 589 2321 662 propositi
2350 591 2439 646 hic
2462 589 2615 646 obire
2643 589 2946 662 contigerit.

345 691 405 748 3.
445 689 550 743 Sed
579 699 635 743 et
663 697 976 742 emterarum
1015 685 1355 756 religionum,
1390 683 1434 737 si
1459 683 1580 754 quis
1616 683 1706 739 hic
1729 681 2220 749 defunctus‘fuerit,
2246 695 2406 752 quem
2440 695 2538 736 sua
2565 683 2908 754 congregatio
2933 685 3059 742 hinc
3085 696 3385 757 asportare,
3423 698 3520 745 aut

267 777 596 848 nequiverit,
628 785 721 830 aut
751 774 1065 846 neglexerit,
1103 773 1244 829 hunc
1273 773 1552 843 sepeliant.

341 864 398 918 4.
438 862 644 916 Nomen
671 875 804 916 vero
843 859 1161 930 cujusquam
1202 860 1256 915 in
1292 874 1392 915 suo
1434 876 1541 915 non
1581 856 1824 914 scribent
1862 856 2265 931 Martyrologio.
2313 873 2416 916 nec
2451 855 2764 929 cujusquam
2800 861 3226 917 anniversarium
3262 881 3328 919 ex
3365 883 3526 922 more

263 951 488 1008 facient.
511 951 830 1006 Audivimus
857 951 1026 1013 etaim,
1053 949 1193 1019 quod
1220 965 1324 1028 non
1353 948 1667 1019 probamus,
1697 947 1982 1018 plerosque
2014 945 2173 1001 toties
2194 945 2468 1016 splendide
2492 948 2791 1011 convivari,
2824 949 3123 1021 missasque
3148 951 3328 1011 facere
3357 972 3515 1025 para-

263 1056 380 1114 tos,
410 1047 625 1117 quoties
654 1047 821 1117 aliqui
851 1061 948 1116 pro
973 1046 1090 1102 suis
1118 1046 1198 1102 eis
1214 1035 1486 1102 voluerint
1507 1046 1767 1103 exhibere
1797 1045 2088 1101 defunctis.
2123 1043 2253 1114 Qua:
2275 1046 2609 1104 consuetudo
2631 1055 2686 1102 et
2706 1047 3084 1103 abstinentiam
3105 1046 3241 1104 tollit
3270 1054 3322 1102 et
3351 1061 3516 1101 vena-

265 1139 350 1194 les
379 1138 510 1193 faeit
534 1139 830 1203 orationes,
851 1138 975 1192 dum
1001 1148 1197 1207 quotus
1227 1147 1477 1209 pastuum
1500 1132 1760 1193 numerus
1784 1145 1928 1192 totus
1944 1145 2026 1192 est
2047 1145 2102 1191 et
2126 1137 2442 1202 missarum;
2475 1142 2576 1193 nec
2597 1138 2762 1192 ullum
2789 1137 2860 1193 ibi
2887 1137 2970 1193 vel
2984 1136 3260 1209 jejunandi
3285 1135 3517 1198 certum,

260 1229 351 1284 vel
380 1229 701 1286 obseerandi
740 1238 954 1287 constat
993 1227 1347 1299 propositum,
1390 1227 1480 1283 ubi
1523 1243 1628 1282 non
1657 1223 1942 1283 devotione
1973 1222 2240 1290 facientis,
2283 1228 2378 1282 sed
2423 1227 2490 1281 de
2517 1228 2790 1299 pascentis
2821 1228 2998 1300 potius
3035 1227 3232 1300 pendet
3268 1227 3514 1282 arbitrio.

257 1321 422 1378 Nulla
444 1323 644 1396 quippe
675 1325 762 1380 die
797 1323 1103 1380 convivium
1133 1321 1216 1377 vel
1246 1323 1408 1378 missa
1438 1323 1630 1386 deerit,
1669 1321 1714 1377 si
1739 1321 1831 1392 qui
1864 1329 2053 1392 pascat
2083 1335 2358 1396 nunquam
2388 1317 2640 1376 defuerit.
2691 1316 2843 1388 Quod
2874 1318 2917 1374 si
2952 1320 3073 1391 quis
3099 1316 3258 1373 talem
3291 1331 3520 1380 consue-

237 1400 506 1470 tudinem
535 1417 871 1472 eontentiose
899 1416 1051 1486 jurat
1085 1415 1429 1479 laudabilem,
1460 1431 1566 1469 non
1597 1415 1922 1479 resistimus,
1951 1422 2078 1484 agat
2114 1421 2174 1467 ut
2201 1410 2356 1478 libet,
2391 1411 2697 1468 redditurus
2730 1409 2803 1466 illi
2837 1411 3119 1480 rationem,
3143 1410 3235 1482 qui
3264 1421 3517 1467 scrutatis

255 1506 430 1564 corda
455 1516 512 1563 et
537 1508 774 1579 probans
802 1521 962 1564 renes
993 1507 1182 1564 reddet
1204 1505 1494 1578 unicuique
1512 1503 1668 1575 juxta
1693 1505 1836 1560 viam
1867 1514 1921 1561 et
1938 1503 2095 1574 juxta
2120 1504 2356 1560 fructum
2381 1503 2822 1560 adiuvcutiouum
2855 1519 3092 1560 suarum.
3289 1524 3291 1526 ·

1605 1613 2172 1671 COMMENTARIUS.

251 1745 480 1817 probari
503 1751 702 1816 potest,
727 1753 784 1802 et
801 1760 870 1802 ex
893 1745 1033 1802 infra
1060 1745 1303 1802 dicendis
1326 1745 1557 1816 amplius
1582 1743 1834 1814 probabi-
1862 1748 1910 1808 Α
1936 1753 2042 1811 est,
2068 1747 2245 1816 quoad
2275 1747 2411 1802 alias
2438 1747 2627 1802 domos
2653 1748 2879 1810 ordinis,
2917 1749 3018 1802 nisi
3052 1747 3178 1800 talia
3207 1747 3349 1802 intra
3403 1758 3513 1803 ter-

251 1844 378 1900 tur;
411 1850 475 1890 ex
501 1835 612 1904 jam
640 1836 799 1892 dictis
823 1845 1002 1891 autem
1029 1845 1274 1891 constat:

323 1923 534 1990 Primo,
574 1926 720 1994 quod
757 1926 915 1996 primi
955 1924 1144 1981 Patres
1186 1924 1838 1980 renuntiasseutodihili-

250 2013 377 2083 bus,
423 2024 483 2070 nt
523 2015 697 2082 aiunt,
726 2017 954 2087 vagandi
1002 2025 1059 2072 et
1103 2017 1378 2086 quarendi
1422 2015 1719 2082 exercitiis,
1767 2015 1837 2071 ad

247 2105 404 2175 quod
433 2121 658 2164 necesse
685 2117 806 2164 erat
843 2115 906 2163 ut
950 2105 1211 2164 haberent
1239 2107 1382 2162 unde
1418 2107 1472 2162 in
1499 2121 1598 2162 sua
1644 2106 1838 2162 solitu-

247 2195 404 2260 dine,
428 2197 634 2268 absque
652 2198 742 2253 ilta
767 2197 1161 2265 vicissitudine,
1187 2197 1411 2269 paciﬁca
1438 2197 1714 2264 viverent;
1807 2251 1810 2254 .

320 2287 602 2356 Secundo,
649 2289 794 2361 quod
842 2291 1044 2346 vellent
1085 2298 1466 2361 procuratores
1512 2289 1722 2345 ordinis
1765 2289 1834 2344 ad

243 2378 410 2436 cells
427 2380 666 2451 quietem
695 2389 751 2437 et
795 2390 1066 2438 secretum
1109 2396 1325 2452 semper
1357 2383 1601 2452 aspirare
1640 2388 1701 2437 et
1741 2395 1832 2437 re-

243 2483 498 2536 currere,
528 2469 691 2526 veluti
721 2471 789 2527 ad
817 2471 1012 2527 salutis
1038 2485 1150 2528 sine
1177 2479 1394 2541 portum
1425 2486 1442 2532 :
1685 2492 1690 2496 ·
1807 2495 1811 2498 ·

313 2562 529 2632 Tettio,
559 2566 701 2635 quod
731 2565 992 2620 haberent
1015 2563 1392 2620 sultieientiam
1416 2577 1597 2620 rerum
1623 2570 1832 2636 tempo-

241 2651 478 2718 ralium,
502 2670 566 2711 ea
610 2654 802 2715 morali
829 2655 1116 2712 latitudine
1147 2663 1440 2725 sumptam,
1467 2670 1628 2727 quam
1665 2671 1828 2728 supra

237 2746 629 2817 explicuimus.
663 2748 794 2803 Nam
820 2747 1074 2803 habuisse
1100 2745 1219 2803 illos
1240 2755 1457 2803 constat
1485 2749 1627 2805 unde
1650 2751 1752 2806 sibi
1769 2760 1831 2806 et

237 2834 551 2906 hospitibus
571 2847 626 2892 et
656 2837 870 2894 familiae
891 2840 1260 2910 providerent,
1296 2848 1460 2911 atque
1485 2842 1650 2897 etiam
1672 2842 1825 2898 elee-

237 2941 502 2998 nsosynas
531 2930 864 3000 pauperibus.
880 2940 1181 3002 erogarent.

306 3017 479 3076 Num.
502 3021 553 3076 l.
585 3021 897 3091 Cupiditotis
922 3024 1242 3089 occasiones,
1261 3032 1396 3092 elc.,
1420 3025 1522 3080 loci
1545 3027 1706 3097 hujus
1729 3028 1826 3082 Ita-

229 3111 521 3179 sime“,
565 3121 671 3169 etc.
722 3113 822 3170 Hic
869 3128 970 3184 pro
1015 3114 1177 3171 domo
1221 3116 1524 3174 Carthasim
1569 3118 1824 3188 specilice

231 3199 517 3272 loquitur;
574 3219 700 3260 nam
749 3204 863 3261 fere
907 3204 1021 3261 sola
1067 3216 1157 3262 est
1197 3207 1342 3262 inter
1390 3223 1580 3264 omnes
1633 3209 1823 3266 domos

229 3293 451 3349 ordinis
471 3294 525 3350 in
547 3303 699 3351 vasta
721 3297 1218 3354 eremo-constituta
1233 3306 1332 3364 get
1352 3313 1475 3369 qua
1501 3299 1622 3356 ideo
1650 3301 1822 3372 possit

230 3382 451 3453 amplos
489 3385 690 3442 habere
717 3388 1001 3455 terminos,
1039 3388 1186 3445 intra
1210 3403 1350 3463 quos
1395 3389 1527 3446 nulli
1565 3401 1817 3462 compos-

228 3487 479 3532 sessores
517 3479 883 3548 reperiantur,
909 3480 1052 3550 quod
1079 3489 1229 3536 certe
1255 3480 1509 3536 domibus
1532 3481 1652 3538 aliis
1681 3498 1816 3539 eon-

227 3565 424 3621 venire
473 3582 579 3622 non
632 3570 826 3638 potuit.
883 3571 1284 3628 Fundatorihus
1335 3575 1482 3630 enim
1532 3576 1814 3631 domorum

225 3649 462 3706 liberum
507 3669 613 3710 non
658 3667 798 3722 erat,
835 3657 914 3714 sic
945 3659 1000 3714 in
1030 3675 1194 3715 unum
1229 3661 1394 3717 veluti
1423 3663 1662 3734 globum,
1693 3679 1822 3734 posv

222 3743 502 3799 sessiones
523 3751 861 3803 necessarias
891 3749 960 3804 a-d
987 3749 1187 3806 domus
1211 3755 1658 3810 sustentationem
1683 3772 1814 3812 con-

219 3842 493 3902 mare;
533 3836 672 3891 unde
700 3835 765 3890 ad
791 3837 1129 3896 fundationes
1153 3841 1436 3898 domorum
1465 3845 1816 3901 eonstituen-.

210 3922 319 3978 das
349 3923 487 3978 dare
516 3928 690 3981 coacti
715 3927 937 3984 fuerunt
977 3932 1182 3987 reditus
1207 3934 1314 3988 huc
1343 3935 1575 4005 illucque
1606 3937 1811 4007 disper-

219 4026 328 4068 sos.
387 4014 452 4070 Et
500 4017 614 4073 haec
656 4031 740 4075 est
787 4021 958 4091 prima
1007 4039 1171 4080 causa
1218 4025 1557 4097 enupsimis
1597 4027 1825 4083 szeeutis.

217 4105 454 4171 ordinis,
487 4107 718 4164 licentia:
765 4112 1196 4182 speciales-data:
1238 4115 1441 4173 fuerint
1487 4118 1807 4190 quihusdam

215 4191 474 4252 detnibus
497 4199 705 4255 ordinis
727 4201 926 4274 aliquid
969 4211 1123 4282 extra
1171 4208 1434 4264 terminos
1468 4207 1803 4277 possidendi,

215 4299 335 4353 qua
368 4296 548 4344 tamen
577 4291 773 4347 similia
805 4294 946 4349 bona
993 4297 1044 4352 in
1075 4298 1504 4370 emphyteusim,
1542 4311 1803 4372 quantum

1941 1835 2116 1891 minos
2157 1836 2306 1892 sint:
2341 1853 2464 1892 nam
2497 1838 2564 1891 de
2600 1835 2903 1904 hujusmodi
2951 1837 3111 1891 rebus
3137 1844 3292 1891 extra
3337 1837 3520 1890 tennis

1937 1941 2037 1982 nos
2064 1941 2168 1982 non
2197 1928 2553 1997 possidendis,
2584 1927 2672 1982 hic
2703 1936 2907 1980 tantum
2937 1927 3133 1994 agitur.

2008 2018 2144 2074 Ibid.
2173 2018 2322 2074 Nihil
2342 2020 2553 2073 omnino
2575 2017 2892 2088 possideant,
2915 2018 2968 2071 id
2984 2029 3061 2071 est
3083 2034 3185 2072 non
3205 2033 3381 2087 agros,
3405 2026 3512 2072 etc.

1936 2125 2256 2182 quaecunque
2303 2111 2628 2182 huiusmodi.
2658 2110 2802 2166 Inter
2825 2110 2928 2164 ista
2955 2108 3286 2180 specitieata,
3315 2108 3517 2178 quibus

1935 2205 2130 2259 domus
2171 2199 2478 2259 Carthasim
2527 2201 2734 2257 incolas
2780 2216 2880 2272 pro
2922 2215 2984 2256 se
3023 2208 3080 2256 et
3121 2199 3235 2255 suis
3283 2199 3516 2270 posteris

1935 2291 2274 2348 renuntiasse
2306 2290 2504 2346 asserit
2531 2291 2618 2344 vir
2641 2299 2882 2355 sanctus,
2909 2304 3014 2343 non
3045 2289 3199 2358 ponit
3219 2303 3415 2358 pascua
3442 2291 3513 2344 ad

1933 2383 2187 2439 animalia
2235 2383 2546 2448 nutrienda,
2593 2395 2695 2437 nec
2734 2382 2899 2440 etiam
2940 2389 3119 2436 certos
3161 2380 3386 2447 reditas,
3419 2380 3512 2450 qui

1929 2475 2139 2545 absque
2159 2472 2310 2528 fundi
2331 2473 2669 2544 proprietate
2697 2479 2792 2526 aut
2813 2469 2922 2527 uita
2953 2472 3294 2542 possessione
3321 2471 3511 2526 haberi

1927 2575 2174 2636 possunt,
2226 2574 2386 2636 prout
2429 2575 2514 2621 est
2559 2565 2851 2637 assignatio
2900 2565 3036 2620 certi
3090 2564 3254 2618 annui
3311 2579 3512 2619 census

1929 2672 2094 2729 super
2134 2659 2379 2729 quasdam
2408 2659 2522 2713 loca
2564 2667 2657 2712 aut
2699 2658 2900 2728 pratdiu
2952 2657 3278 2728 reeipiendi,
3334 2667 3427 2712 aut
3479 2674 3512 2710 τι

1929 2751 2161 2819 quadam
2196 2750 2490 2805 cathedrali
2527 2759 2622 2804 aut
2655 2750 2934 2820 coltegiata
2969 2751 3199 2820 ecclesia
3242 2749 3508 2804 solvendi.

1921 2839 2059 2907 Quae
2092 2847 2221 2894 tunc
2247 2837 2594 2895 Carttiusiam
2645 2841 2970 2910 possedisse,
3013 2855 3118 2895 non
3168 2849 3374 2894 tantum
3431 2853 3530 2895 ι·εεί

1929 2929 2074 2983 tione
2093 2927 2193 2984 sed
2223 2929 2556 2999 experientia
2586 2931 2872 3000 probatur,
2905 2945 3028 2985 nam
3057 2932 3138 3001 (ut
3175 2947 3338 3002 supra
3367 2932 3509 2985 dixi-

1915 3031 2049 3072 -mus
2101 3031 2220 3087 cap.
2279 3017 2367 3089 t9)
2421 3026 2662 3089 tempore
2704 3018 2775 3074 lt.
2836 3018 2896 3074 P.
2953 3021 3236 3092 Guigonis,
3287 3021 3506 3076 deantim

1927 3108 2225 3164 Carthusiat
2248 3107 2501 3166 habuisse
2541 3121 2751 3166 eertum
2797 3121 2882 3168 est
2911 3117 3208 3182 pascua_et
3244 3109 3368 3181 jura
3411 3128 3507 3181 pa-

1917 3212 2176 3256 scuorum
2202 3201 2269 3256 ad
2298 3202 2463 3272 pedes
2509 3203 2745 3274 rupium,
2792 3212 2849 3259 et
2875 3215 3028 3260 extra
3065 3205 3328 3260 terminos
3374 3205 3511 3268 sita,

1917 3297 2085 3358 atque
2127 3292 2382 3361 grangias
2405 3301 2772 3362 constructas,
2819 3294 2887 3349 ad
2931 3310 3068 3365 quas
3111 3309 3339 3352 necesse
3383 3305 3506 3350 erat

1915 3377 2187 3433 deducere
2213 3379 2467 3435 animalia
2503 3381 2571 3436 ad
2607 3382 2988 3447 hiemandum,
3022 3399 3148 3440 eum
3189 3384 3242 3440 in
3278 3385 3506 3454 rupibus

1917 3465 2218 3526 Carthasim
2231 3470 2300 3525 ab
2318 3471 2475 3527 initio
2497 3474 2699 3529 mensis
2709 3472 3033 3532 Novembris
3056 3492 3225 3548 usque
3248 3478 3314 3532 ad
3336 3478 3499 3533 tinem

1913 3561 2120 3616 mensis
2144 3561 2266 3618 Haii
2309 3579 2416 3620 non
2449 3566 2790 3634 reperiantur
2824 3569 3027 3634 herbae,
3058 3573 3256 3641 quibus
3287 3573 3501 3628 anima.

1916 3652 1988 3707 lia
2014 3655 2207 3710 nutriri
2237 3657 2464 3726 possint.
2493 3659 2638 3714 unde
2673 3676 2896 3716 necesse
2924 3673 3012 3718 est
3049 3664 3194 3720 [oras
3227 3681 3495 3736 qua'rere,

1907 3751 1975 3796 ut
1999 3743 2136 3798 satis
2161 3745 2396 3814 explicat
2427 3747 2541 3816 ipse
2569 3748 2636 3802 lt.
2664 3748 2726 3804 P.
2755 3750 2952 3822 Guigo.

1981 3833 2172 3901 Quoad
2203 3836 2408 3892 reditus
2449 3837 2590 3902 illos,
2624 3840 2833 3910 absque
2873 3841 3026 3897 fundi
3068 3843 3397 3914 proprietate
3438 3855 3496 3900 et

1912 3923 2272 3992 possessione,
2319 3927 2370 3982 id
2397 3927 2560 3983 etiam
2588 3931 2963 4001 experimento
2997 3944 3232 4000 constat,
3271 3951 3367 4006 per
3395 3952 3493 3993 eos

1910 4013 2106 4084 quibus
2137 4018 2314 4076 adhuc
2359 4018 2475 4074 haec
2514 4021 2707 4077 domus
2736 4021 3040 4080 Carthusize
3064 4027 3284 4098 gaudet,
3315 4037 3370 4083 et
3395 4031 3493 4100 qui

1909 4121 1939 4160 a
1970 4107 2218 4177 capitulis
2239 4118 2350 4165 tum
2373 4111 2704 4168 eathedralis
2729 4114 2998 4182 ecclesiae,
3026 4125 3138 4172 tum
3170 4119 3229 4175 S.
3261 4119 3495 4175 Andreas
3561 4136 3566 4144 '

1907 4193 2420 4275 Gratianopolitauis
2447 4202 2494 4256 ei
2541 4203 2718 4258 adhuc
2753 4207 3049 4276 quotannis
3085 4209 3391 4267 solvuntur.
3422 4209 3494 4265 Et

1906 4299 2052 4347 certe
2079 4293 2172 4362 qui
2203 4303 2402 4351 statum
2436 4298 2602 4354 eremi
2644 4299 2947 4357 Carthusize
2973 4313 3259 4368 noverunt,
3290 4318 3390 4374 pro
3426 4320 3488 4360 re

215 4383 499 4442 poterant,
528 4380 655 4434 dare
691 4382 959 4452 solebant,
985 4396 1046 4440 ut
1085 4387 1166 4442 sic
1192 4389 1339 4443 euris
1363 4404 1423 4444 se
1448 4392 1799 4447 extriearent.
1831 4421 1878 4484 Ο
1901 4381 2390 4444 iudnbitataiaeile
2441 4390 2714 4447 habebunt
2742 4394 2960 4448 domum
3011 4396 3311 4455 Carthasim
3349 4415 3489 4452 nuit.

213 4473 437 4529 Certum
469 4482 652 4530 tamen
678 4485 760 4531 est
807 4477 859 4531 in
891 4477 1083 4532 ordine
1127 4479 1293 4536 fuisse
1327 4483 1577 4552 religiose
1608 4499 1795 4539 serva-

214 4573 348 4631 tum,
399 4572 462 4618 ut
490 4565 627 4618 certi
678 4567 896 4620 termini
925 4567 1336 4640 assignareutur
1364 4571 1592 4643 singulis
1620 4573 1797 4628 domi-

212 4655 331 4723 bus,
384 4665 540 4712 extra
587 4673 724 4726 quos
768 4659 1140 4727 possessiones
1172 4677 1421 4732 agrorum
1469 4664 1653 4720 haberi
1687 4679 1795 4721 non

209 4757 451 4817 possent,
481 4759 540 4803 ut
562 4749 672 4816 jam
698 4765 821 4819 cap.
856 4751 948 4814 15,
976 4767 1123 4806 num.
1153 4753 1208 4819 4,
1239 4753 1493 4808 diximus.

278 4839 418 4892 Dum
447 4838 560 4893 hac
585 4840 847 4896 scriberet
886 4840 951 4895 lt.
990 4841 1050 4896 P.
1087 4841 1280 4911 Guigo.
1314 4845 1454 4899 bona
1501 4845 1603 4903 lide
1643 4847 1790 4902 illum

204 4936 432 4996 putasse
457 4930 817 4986 indubitatum
849 4943 952 4998 est,
981 4935 1122 5003 quod
1152 4943 1364 5006 eaquae
1391 4947 1534 4992 tunc
1558 4939 1791 5006 posside-

204 5021 336 5077 bant
358 5021 550 5078 Patres
572 5024 742 5079 nostri
767 5025 904 5078 intra
926 5028 1503 5093 eremumCarthusize,
1522 5029 1789 5098 adjunctis

203 5114 329 5170 aliis
355 5114 425 5170 de
455 5115 652 5185 quibus
681 5115 862 5170 statim
892 5116 1126 5183 dicetur,
1162 5120 1406 5176 sullicere
1440 5139 1653 5192 semper
1693 5125 1794 5177 dc-

191 5203 451 5262 bttissent
489 5205 556 5262 ad
598 5207 779 5277 quiete
814 5209 1098 5265 vivendum
1151 5221 1203 5265 et
1240 5228 1407 5268 onera
1437 5215 1628 5271 domus
1657 5232 1782 5286 por-

201 5295 365 5348 tanda
409 5295 462 5349 in
505 5311 568 5350 ea
614 5296 1010 5364 mediocritate,
1057 5316 1219 5369 quam
1259 5303 1484 5361 inferius
1526 5308 1782 5377 exprimit

199 5383 430 5442 dicendo
453 5401 468 5441 :
495 5386 749 5444 Nostrum
770 5391 1128 5464 qualecunque
1149 5395 1247 5450 vile
1269 5400 1589 5468 propositum
1616 5417 1778 5470 penu-

197 5476 355 5542 riam,
390 5476 497 5533 Deo
528 5481 749 5549 gratias,
779 5498 904 5538 raro
929 5486 1235 5551 sentit,'aut
1270 5489 1668 5548 abundantiam.
1710 5493 1778 5549 Et

188 5568 492 5623 rotundum
521 5577 606 5626 est
635 5573 776 5641 quod
826 5573 928 5629 ista
975 5577 1306 5635 renuntiatio
1354 5590 1602 5638 versetur
1645 5592 1772 5640 tan-

195 5663 312 5710 tum
345 5658 484 5715 circa
514 5676 577 5718 ea
607 5679 730 5735 qua
755 5674 887 5721 sunt
915 5677 1067 5724 extra
1097 5672 1360 5728 terminos
1387 5691 1401 5729 :
1437 5677 1577 5730 unde
1606 5677 1657 5732 in
1689 5692 1772 5733 re-

188 5746 298 5803 bus
347 5766 477 5810 uuas
503 5757 682 5813 statim
713 5759 1034 5820 nominatim
1067 5764 1303 5834 rvplitat
1341 5768 1772 5828 subaudiendum

1900 4491 2068 4546 quam
2100 4480 2340 4548 potuisse
2373 4498 2498 4541 cutu
2536 4484 2656 4540 istis
2682 4487 2943 4544 oneribus
2971 4488 3240 4559 hospitum
3266 4501 3323 4547 et
3350 4507 3486 4562 pau-

1901 4581 2092 4636 perum
2137 4569 2454 4637 subsistere,
2497 4574 2601 4630 nisi
2623 4574 2724 4630 ista
2767 4576 3010 4632 subsidia
3045 4588 3207 4634 extra
3233 4595 3482 4637 eremum

1897 4656 2197 4725 habuisset,
2223 4662 2366 4732 quod
2395 4663 2516 4719 ideo
2547 4665 2599 4720 iu
2631 4668 2852 4722 statutis
2875 4669 3112 4739 antiquis
3136 4670 3336 4727 clarius
3377 4687 3478 4728 ex-

1895 4760 2140 4816 pressum
2177 4747 2294 4804 fuit.

1965 4839 2124 4897 Num.
2155 4843 2211 4900 2.
2248 4842 2521 4900 Neminem
2553 4864 2787 4916 prorsus,
2819 4859 2924 4906 etc.
2957 4850 3220 4923 Loquitur
3251 4855 3474 4912 relative

1894 4936 1962 4991 ad
1985 4953 2139 4993 usum
2165 4941 2424 5010 temporis
2451 4942 2614 5008 illius,
2636 4960 2768 5014 quo,
2789 4963 2886 5018 pro
2903 4951 3196 5020 sepulturis
3214 4951 3338 5022 jura
3365 4957 3480 5012 sibi

1892 5030 2203 5098 specialiter
2222 5034 2478 5089 attributa
2503 5035 2687 5093 stricte
2714 5041 2942 5106 servari,
2973 5058 3074 5098 nec
3103 5043 3154 5100 iu
3188 5047 3291 5100 ulla
3316 5057 3471 5117 parte

1887 5115 2010 5176 tanti
2043 5123 2299 5179 volebant
2323 5125 2506 5180 clerici
2533 5137 2587 5182 et
2617 5129 2859 5195 parochi,
2889 5147 2995 5201 qua
3022 5134 3089 5189 de
3111 5115 3466 5210 eausajnrgia

1885 5225 1942 5272 et
1973 5217 2094 5272 lites
2119 5228 2244 5274 tunc
2263 5218 2422 5275 facile
2447 5223 2836 5277 movebantur:
2863 5231 3023 5295 atque
3045 5227 3206 5283 etiam
3238 5231 3466 5288 relative

1886 5309 1955 5366 ad
1983 5320 2182 5368 nostra;
2213 5311 2336 5368 vitae
2365 5313 2620 5370 solitaria:
2645 5321 2863 5386 statum,
2893 5333 3052 5389 quem
3086 5323 3340 5379 nolebant
3365 5339 3466 5394 per

1883 5405 2192 5475 sepulturas
2238 5406 2576 5463 saecularium
2624 5408 2994 5468 interturbari.
3041 5414 3096 5470 id
3153 5417 3235 5472 sie
3262 5416 3461 5475 intelli~

1878 5495 2112 5566 gendum
2142 5512 2262 5554 esse
2310 5499 2446 5555 satis
2481 5499 2726 5558 innuitur
2749 5519 2847 5576 per
2875 5505 3179 5563 libertatem
3211 5509 3302 5564 hic
3331 5511 3460 5566 reli-

1878 5597 2021 5644 ctam
2053 5590 2343 5661 sepeliendi
2386 5608 2490 5649 uon
2528 5601 2735 5652 tantum
2773 5598 3004 5669 aliquem
3050 5601 3312 5670 propositi
3354 5621 3452 5658 no-

1877 5681 2000 5750 stri,
2026 5681 2078 5737 id
2108 5691 2190 5738 est
2229 5700 2606 5758 quamcunque
2633 5703 2916 5759 personam
2949 5692 3154 5747 ordinis
3183 5693 3324 5748 diem
3352 5711 3450 5751 cx-

1879 5782 2106 5832 tremum
2139 5777 2225 5835 hic
2251 5779 2612 5849 claudentem,
2656 5781 2748 5837 sed
2776 5783 2952 5852 etiam
2994 5784 3270 5856 religiosos
3309 5804 3446 5863 qua-
