  <div class='ocr_page' id='page_1' title='image "/cluster/home/n/w/nwhite01/storage/ocr_20150623/153/hvd.32044015473812/367.png"; bbox 0 0 3894 6298; ppageno 0'>
   <div class='ocr_carea' id='block_1_1' title="bbox 2006 283 2060 294">
    <p class='ocr_par' dir='ltr' id='par_1_1' title="bbox 2006 283 2060 294">
     <span class='ocr_line' id='line_1_1' title="bbox 2006 283 2060 294; baseline -0.037 0"><span class='ocrx_word' id='word_1_1' title='bbox 2006 283 2060 294; x_wconf 56' lang='grc' dir='ltr'><strong>α-</strong></span> 
     </span>
    </p>
   </div>
   <div class='ocr_carea' id='block_1_2' title="bbox 487 385 3700 460">
    <p class='ocr_par' dir='ltr' id='par_1_2' title="bbox 487 385 3700 460">
     <span class='ocr_line' id='line_1_2' title="bbox 487 385 3700 460; baseline 0.005 -17"><span class='ocrx_word' id='word_1_2' title='bbox 487 385 596 443; x_wconf 65' lang='lat'><strong>735</strong></span> <span class='ocrx_word' id='word_1_3' title='bbox 1346 391 1670 452; x_wconf 80' lang='lat' dir='ltr'><strong>GUIGONIS</strong></span> <span class='ocrx_word' id='word_1_4' title='bbox 1705 391 1727 450; x_wconf 84' lang='lat' dir='ltr'><strong>I</strong></span> <span class='ocrx_word' id='word_1_5' title='bbox 1765 392 2187 450; x_wconf 64' lang='lat' dir='ltr'><strong>CARTHUSIE</strong></span> <span class='ocrx_word' id='word_1_6' title='bbox 2221 390 2509 450; x_wconf 76' lang='lat' dir='ltr'><strong>bIAJOIlIS</strong></span> <span class='ocrx_word' id='word_1_7' title='bbox 2545 392 2820 453; x_wconf 79' lang='lat' dir='ltr'><strong>PBIORIS</strong></span> <span class='ocrx_word' id='word_1_8' title='bbox 2858 394 2900 450; x_wconf 76' lang='grc' dir='ltr'><strong>ν</strong></span> <span class='ocrx_word' id='word_1_9' title='bbox 3626 393 3700 460; x_wconf 72' lang='lat' dir='ltr'><strong>tu</strong></span> 
     </span>
    </p>
   </div>
   <div class='ocr_carea' id='block_1_3' title="bbox 560 504 3700 579">
    <p class='ocr_par' dir='ltr' id='par_1_3' title="bbox 560 504 3700 579">
     <span class='ocr_line' id='line_1_3' title="bbox 560 504 3700 579; baseline 0.002 -17"><span class='ocrx_word' id='word_1_10' title='bbox 560 506 620 562; x_wconf 83' lang='lat'><strong>5.</strong></span> <span class='ocrx_word' id='word_1_11' title='bbox 663 504 927 564; x_wconf 78' lang='lat' dir='ltr'><strong>Nostrum</strong></span> <span class='ocrx_word' id='word_1_12' title='bbox 954 507 1332 579; x_wconf 86' lang='lat' dir='ltr'><strong>qualecunque</strong></span> <span class='ocrx_word' id='word_1_13' title='bbox 1358 505 1464 562; x_wconf 83' lang='lat' dir='ltr'><strong>vile</strong></span> <span class='ocrx_word' id='word_1_14' title='bbox 1487 506 1847 577; x_wconf 83' lang='lat' dir='ltr'><strong>propositum,</strong></span> <span class='ocrx_word' id='word_1_15' title='bbox 1879 507 2184 576; x_wconf 84' lang='lat' dir='ltr'><strong>penuriam,</strong></span> <span class='ocrx_word' id='word_1_16' title='bbox 2219 507 2330 563; x_wconf 89' lang='lat' dir='ltr'><strong>Deo</strong></span> <span class='ocrx_word' id='word_1_17' title='bbox 2358 507 2586 578; x_wconf 87' lang='lat' dir='ltr'><strong>gratias,</strong></span> <span class='ocrx_word' id='word_1_18' title='bbox 2619 524 2747 564; x_wconf 91' lang='lat' dir='ltr'><strong>raro</strong></span> <span class='ocrx_word' id='word_1_19' title='bbox 2773 507 2940 564; x_wconf 90' lang='lat' dir='ltr'><strong>sentit</strong></span> <span class='ocrx_word' id='word_1_20' title='bbox 2974 515 3067 565; x_wconf 90' lang='lat' dir='ltr'><strong>aut</strong></span> <span class='ocrx_word' id='word_1_21' title='bbox 3105 509 3508 565; x_wconf 76' lang='lat' dir='ltr'><strong>abundantiam.</strong></span> <span class='ocrx_word' id='word_1_22' title='bbox 3537 509 3647 568; x_wconf 82' lang='lat' dir='ltr'><strong>Nam</strong></span> <span class='ocrx_word' id='word_1_23' title='bbox 3668 520 3700 572; x_wconf 80' lang='lat' dir='ltr'><strong>ti</strong></span> 
     </span>
    </p>
   </div>
   <div class='ocr_carea' id='block_1_4' title="bbox 483 592 3702 678">
    <p class='ocr_par' dir='ltr' id='par_1_4' title="bbox 483 592 3702 678">
     <span class='ocr_line' id='line_1_4' title="bbox 483 592 3702 678; baseline 0.002 -30"><span class='ocrx_word' id='word_1_24' title='bbox 483 596 780 673; x_wconf 74' lang='lat' dir='ltr'><strong>quisquam</strong></span> <span class='ocrx_word' id='word_1_25' title='bbox 808 599 967 655; x_wconf 85' lang='lat' dir='ltr'><strong>nobis</strong></span> <span class='ocrx_word' id='word_1_26' title='bbox 989 599 1168 669; x_wconf 86' lang='lat' dir='ltr'><strong>pisces</strong></span> <span class='ocrx_word' id='word_1_27' title='bbox 1197 603 1290 650; x_wconf 90' lang='lat' dir='ltr'><strong>aut</strong></span> <span class='ocrx_word' id='word_1_28' title='bbox 1310 592 1615 668; x_wconf 74' lang='lat' dir='ltr'><strong>huiusmodi</strong></span> <span class='ocrx_word' id='word_1_29' title='bbox 1642 595 1850 654; x_wconf 88' lang='lat' dir='ltr'><strong>miserit</strong></span> <span class='ocrx_word' id='word_1_30' title='bbox 1878 593 2188 670; x_wconf 85' lang='lat' dir='ltr'><strong>aliquid,&#39;ea</strong></span> <span class='ocrx_word' id='word_1_31' title='bbox 2216 611 2496 665; x_wconf 83' lang='lat' dir='ltr'><strong>mensura,</strong></span> <span class='ocrx_word' id='word_1_32' title='bbox 2522 605 2580 654; x_wconf 90' lang='lat' dir='ltr'><strong>et</strong></span> <span class='ocrx_word' id='word_1_33' title='bbox 2608 597 2696 655; x_wconf 91' lang='lat' dir='ltr'><strong>die</strong></span> <span class='ocrx_word' id='word_1_34' title='bbox 2731 596 3046 656; x_wconf 77' lang='lat' dir='ltr'><strong>reﬁciendis</strong></span> <span class='ocrx_word' id='word_1_35' title='bbox 3080 597 3315 654; x_wconf 78' lang='lat' dir='ltr'><strong>infertur</strong></span> <span class='ocrx_word' id='word_1_36' title='bbox 3347 597 3601 672; x_wconf 75' lang='lat' dir='ltr'><strong>fratribus,</strong></span> <span class='ocrx_word' id='word_1_37' title='bbox 3624 619 3702 678; x_wconf 72' lang='lat' dir='ltr'><strong>qua</strong></span> 
     </span>
    </p>
   </div>
   <div class='ocr_carea' id='block_1_5' title="bbox 481 681 1452 757">
    <p class='ocr_par' dir='ltr' id='par_1_5' title="bbox 481 681 1452 757">
     <span class='ocr_line' id='line_1_5' title="bbox 481 681 1452 757; baseline -0.004 -19"><span class='ocrx_word' id='word_1_38' title='bbox 481 683 828 757; x_wconf 78' lang='lat' dir='ltr'><strong>prapositum</strong></span> <span class='ocrx_word' id='word_1_39' title='bbox 863 684 1040 753; x_wconf 88' lang='lat' dir='ltr'><strong>poscit</strong></span> <span class='ocrx_word' id='word_1_40' title='bbox 1071 692 1127 738; x_wconf 91' lang='lat' dir='ltr'><strong>et</strong></span> <span class='ocrx_word' id='word_1_41' title='bbox 1162 681 1452 738; x_wconf 80' lang='lat' dir='ltr'><strong>institutio.</strong></span> 
     </span>
    </p>
   </div>
   <div class='ocr_carea' id='block_1_6' title="bbox 1828 772 2426 833">
    <p class='ocr_par' dir='ltr' id='par_1_6' title="bbox 1828 772 2426 833">
     <span class='ocr_line' id='line_1_6' title="bbox 1828 772 2426 833; baseline 0.002 -2"><span class='ocrx_word' id='word_1_42' title='bbox 1828 772 2233 831; x_wconf 74' lang='lat' dir='ltr'><strong>CAPITULUM</strong></span> <span class='ocrx_word' id='word_1_43' title='bbox 2271 775 2426 833; x_wconf 81' lang='lat' dir='ltr'><strong>XLII.</strong></span> 
     </span>
    </p>
   </div>
   <div class='ocr_carea' id='block_1_7' title="bbox 1616 865 3685 951">
    <p class='ocr_par' dir='ltr' id='par_1_7' title="bbox 1616 865 3685 951">
     <span class='ocr_line' id='line_1_7' title="bbox 1616 865 3685 951; baseline 0.007 -33"><span class='ocrx_word' id='word_1_44' title='bbox 1616 865 1697 920; x_wconf 84' lang='lat' dir='ltr'><strong>De</strong></span> <span class='ocrx_word' id='word_1_45' title='bbox 1724 865 1901 920; x_wconf 83' lang='lat' dir='ltr'><strong>divino</strong></span> <span class='ocrx_word' id='word_1_46' title='bbox 1931 867 2097 936; x_wconf 76' lang='lat' dir='ltr'><strong>oﬂicio</strong></span> <span class='ocrx_word' id='word_1_47' title='bbox 2127 867 2359 936; x_wconf 74' lang='lat' dir='ltr'><strong>fratrum</strong></span> <span class='ocrx_word' id='word_1_48' title='bbox 2385 870 2665 927; x_wconf 78' lang='lat' dir='ltr'><strong>(uicorum.</strong></span> <span class='ocrx_word' id='word_1_49' title='bbox 3680 941 3685 951; x_wconf 37' lang='grc' dir='ltr'>ι</span> 
     </span>
    </p>
   </div>
   <div class='ocr_carea' id='block_1_8' title="bbox 557 950 3707 1044">
    <p class='ocr_par' dir='ltr' id='par_1_8' title="bbox 557 950 3707 1044">
     <span class='ocr_line' id='line_1_8' title="bbox 557 950 3707 1044; baseline 0.009 -39"><span class='ocrx_word' id='word_1_50' title='bbox 557 950 615 1007; x_wconf 97' lang='grc'><strong>1.</strong></span> <span class='ocrx_word' id='word_1_51' title='bbox 657 950 790 1020; x_wconf 63' lang='lat' dir='ltr'><strong>Quae</strong></span> <span class='ocrx_word' id='word_1_52' title='bbox 825 950 894 1006; x_wconf 89' lang='lat' dir='ltr'><strong>ad</strong></span> <span class='ocrx_word' id='word_1_53' title='bbox 930 950 1318 1044; x_wconf 76' lang='lat' dir='ltr'><strong>monachorum</strong></span> <span class='ocrx_word' id='word_1_54' title='bbox 1356 952 1636 1044; x_wconf 80' lang='lat' dir='ltr'><strong>pertinent</strong></span> <span class='ocrx_word' id='word_1_55' title='bbox 1677 956 2123 1025; x_wconf 83' lang='lat' dir='ltr'><strong>consuetudines,</strong></span> <span class='ocrx_word' id='word_1_56' title='bbox 2169 969 2331 1028; x_wconf 88' lang='lat' dir='ltr'><strong>prout</strong></span> <span class='ocrx_word' id='word_1_57' title='bbox 2371 962 2672 1033; x_wconf 89' lang='lat' dir='ltr'><strong>potuimus,</strong></span> <span class='ocrx_word' id='word_1_58' title='bbox 2718 964 3027 1036; x_wconf 81' lang='lat' dir='ltr'><strong>explicatis,</strong></span> <span class='ocrx_word' id='word_1_59' title='bbox 3070 980 3136 1022; x_wconf 90' lang='lat' dir='ltr'><strong>ea</strong></span> <span class='ocrx_word' id='word_1_60' title='bbox 3178 981 3300 1039; x_wconf 68' lang='lat' dir='ltr'><strong>quae</strong></span> <span class='ocrx_word' id='word_1_61' title='bbox 3330 967 3572 1026; x_wconf 85' lang='lat' dir='ltr'><strong>laicorum</strong></span> <span class='ocrx_word' id='word_1_62' title='bbox 3598 987 3707 1044; x_wconf 85' lang='lat' dir='ltr'><strong>sunt,</strong></span> 
     </span>
    </p>
   </div>
   <div class='ocr_carea' id='block_1_9' title="bbox 483 1042 3710 1135">
    <p class='ocr_par' dir='ltr' id='par_1_9' title="bbox 483 1042 3710 1135">
     <span class='ocr_line' id='line_1_9' title="bbox 483 1042 3710 1135; baseline 0.008 -38"><span class='ocrx_word' id='word_1_63' title='bbox 483 1056 625 1118; x_wconf 89' lang='lat' dir='ltr'><strong>quos</strong></span> <span class='ocrx_word' id='word_1_64' title='bbox 649 1056 939 1099; x_wconf 80' lang='lat' dir='ltr'><strong>conversos</strong></span> <span class='ocrx_word' id='word_1_65' title='bbox 963 1056 1237 1109; x_wconf 89' lang='lat' dir='ltr'><strong>vocamus,</strong></span> <span class='ocrx_word' id='word_1_66' title='bbox 1268 1042 1503 1103; x_wconf 85' lang='lat' dir='ltr'><strong>Domino</strong></span> <span class='ocrx_word' id='word_1_67' title='bbox 1525 1045 1774 1115; x_wconf 77' lang='lat' dir='ltr'><strong>iuvante,</strong></span> <span class='ocrx_word' id='word_1_68' title='bbox 1810 1047 2077 1104; x_wconf 86' lang='lat' dir='ltr'><strong>dicamus.</strong></span> <span class='ocrx_word' id='word_1_69' title='bbox 2124 1048 2351 1122; x_wconf 86' lang='lat' dir='ltr'><strong>Semper</strong></span> <span class='ocrx_word' id='word_1_70' title='bbox 2377 1068 2500 1109; x_wconf 92' lang='lat' dir='ltr'><strong>cum</strong></span> <span class='ocrx_word' id='word_1_71' title='bbox 2542 1055 2612 1110; x_wconf 91' lang='lat' dir='ltr'><strong>ad</strong></span> <span class='ocrx_word' id='word_1_72' title='bbox 2651 1057 2950 1113; x_wconf 89' lang='lat' dir='ltr'><strong>matutinas</strong></span> <span class='ocrx_word' id='word_1_73' title='bbox 2981 1058 3312 1130; x_wconf 85' lang='lat' dir='ltr'><strong>surgendum</strong></span> <span class='ocrx_word' id='word_1_74' title='bbox 3343 1069 3446 1126; x_wconf 89' lang='lat' dir='ltr'><strong>est,</strong></span> <span class='ocrx_word' id='word_1_75' title='bbox 3476 1061 3552 1128; x_wconf 87' lang='lat' dir='ltr'><strong>bis</strong></span> <span class='ocrx_word' id='word_1_76' title='bbox 3584 1042 3710 1135; x_wconf 78' lang='lat' dir='ltr'><strong>parvo</strong></span> 
     </span>
    </p>
   </div>
   <div class='ocr_carea' id='block_1_10' title="bbox 482 1133 3710 1223">
    <p class='ocr_par' dir='ltr' id='par_1_10' title="bbox 482 1133 3710 1223">
     <span class='ocr_line' id='line_1_10' title="bbox 482 1133 3710 1223; baseline 0.007 -32"><span class='ocrx_word' id='word_1_77' title='bbox 482 1135 805 1206; x_wconf 83' lang='lat' dir='ltr'><strong>interposito</strong></span> <span class='ocrx_word' id='word_1_78' title='bbox 835 1133 1013 1204; x_wconf 88' lang='lat' dir='ltr'><strong>spatio</strong></span> <span class='ocrx_word' id='word_1_79' title='bbox 1044 1134 1258 1204; x_wconf 84' lang='lat' dir='ltr'><strong>signum</strong></span> <span class='ocrx_word' id='word_1_80' title='bbox 1286 1133 1556 1204; x_wconf 81' lang='lat' dir='ltr'><strong>pulsatur.</strong></span> <span class='ocrx_word' id='word_1_81' title='bbox 1586 1134 1770 1194; x_wconf 90' lang='lat' dir='ltr'><strong>Primo</strong></span> <span class='ocrx_word' id='word_1_82' title='bbox 1792 1148 2188 1209; x_wconf 81' lang='lat' dir='ltr'><strong>praeparantur,</strong></span> <span class='ocrx_word' id='word_1_83' title='bbox 2212 1145 2452 1200; x_wconf 91' lang='lat' dir='ltr'><strong>secundo</strong></span> <span class='ocrx_word' id='word_1_84' title='bbox 2477 1145 2546 1200; x_wconf 89' lang='lat' dir='ltr'><strong>ad</strong></span> <span class='ocrx_word' id='word_1_85' title='bbox 2570 1146 2858 1204; x_wconf 87' lang='lat' dir='ltr'><strong>ecclesiam</strong></span> <span class='ocrx_word' id='word_1_86' title='bbox 2887 1158 3101 1205; x_wconf 88' lang='lat' dir='ltr'><strong>servata</strong></span> <span class='ocrx_word' id='word_1_87' title='bbox 3128 1150 3399 1222; x_wconf 74' lang='lat' dir='ltr'><strong>gravitate</strong></span> <span class='ocrx_word' id='word_1_88' title='bbox 3417 1133 3710 1223; x_wconf 71' lang='lat' dir='ltr'><strong>concurrunt,</strong></span> 
     </span>
    </p>
   </div>
   <div class='ocr_carea' id='block_1_11' title="bbox 481 1225 3713 1319">
    <p class='ocr_par' dir='ltr' id='par_1_11' title="bbox 481 1225 3713 1319">
     <span class='ocr_line' id='line_1_11' title="bbox 481 1225 3713 1319; baseline 0.008 -38"><span class='ocrx_word' id='word_1_89' title='bbox 481 1225 552 1287; x_wconf 81' lang='lat' dir='ltr'><strong>Et</strong></span> <span class='ocrx_word' id='word_1_90' title='bbox 578 1227 624 1282; x_wconf 88' lang='lat' dir='ltr'><strong>si</strong></span> <span class='ocrx_word' id='word_1_91' title='bbox 649 1225 864 1297; x_wconf 89' lang='lat' dir='ltr'><strong>quidem</strong></span> <span class='ocrx_word' id='word_1_92' title='bbox 879 1225 1213 1319; x_wconf 81' lang='lat' dir='ltr'><strong>monachus,</strong></span> <span class='ocrx_word' id='word_1_93' title='bbox 1231 1225 1323 1296; x_wconf 92' lang='lat' dir='ltr'><strong>qui</strong></span> <span class='ocrx_word' id='word_1_94' title='bbox 1351 1226 1430 1319; x_wconf 80' lang='lat' dir='ltr'><strong>eis</strong></span> <span class='ocrx_word' id='word_1_95' title='bbox 1451 1231 1781 1319; x_wconf 69' lang='lat' dir='ltr'><strong>przepositus</strong></span> <span class='ocrx_word' id='word_1_96' title='bbox 1809 1241 1916 1300; x_wconf 92' lang='lat' dir='ltr'><strong>est,</strong></span> <span class='ocrx_word' id='word_1_97' title='bbox 1947 1234 2102 1290; x_wconf 84' lang='lat' dir='ltr'><strong>adest</strong></span> <span class='ocrx_word' id='word_1_98' title='bbox 2127 1251 2384 1308; x_wconf 75' lang='lat' dir='ltr'><strong>praesens,</strong></span> <span class='ocrx_word' id='word_1_99' title='bbox 2417 1239 2659 1299; x_wconf 90' lang='lat' dir='ltr'><strong>divinum</strong></span> <span class='ocrx_word' id='word_1_100' title='bbox 2685 1241 2770 1298; x_wconf 90' lang='lat' dir='ltr'><strong>eis</strong></span> <span class='ocrx_word' id='word_1_101' title='bbox 2791 1239 3054 1309; x_wconf 78' lang='lat' dir='ltr'><strong>cilicium,</strong></span> <span class='ocrx_word' id='word_1_102' title='bbox 3080 1257 3219 1314; x_wconf 89' lang='lat' dir='ltr'><strong>pene</strong></span> <span class='ocrx_word' id='word_1_103' title='bbox 3241 1243 3303 1302; x_wconf 88' lang='lat' dir='ltr'><strong>ut</strong></span> <span class='ocrx_word' id='word_1_104' title='bbox 3326 1261 3484 1317; x_wconf 83' lang='lat' dir='ltr'><strong>supra</strong></span> <span class='ocrx_word' id='word_1_105' title='bbox 3505 1248 3713 1319; x_wconf 84' lang='lat' dir='ltr'><strong>scriptum</strong></span> 
     </span>
    </p>
   </div>
   <div class='ocr_carea' id='block_1_12' title="bbox 481 1315 3715 1407">
    <p class='ocr_par' dir='ltr' id='par_1_12' title="bbox 481 1315 3715 1407">
     <span class='ocr_line' id='line_1_12' title="bbox 481 1315 3715 1407; baseline 0.007 -34"><span class='ocrx_word' id='word_1_106' title='bbox 481 1325 589 1384; x_wconf 86' lang='lat' dir='ltr'><strong>est,</strong></span> <span class='ocrx_word' id='word_1_107' title='bbox 617 1315 969 1379; x_wconf 76' lang='lat' dir='ltr'><strong>festinantius.</strong></span> <span class='ocrx_word' id='word_1_108' title='bbox 995 1325 1200 1385; x_wconf 78' lang='lat' dir='ltr'><strong>tamen,</strong></span> <span class='ocrx_word' id='word_1_109' title='bbox 1227 1317 1508 1388; x_wconf 82' lang='lat' dir='ltr'><strong>persolvit.</strong></span> <span class='ocrx_word' id='word_1_110' title='bbox 1537 1317 1709 1386; x_wconf 86' lang='lat' dir='ltr'><strong>Quem</strong></span> <span class='ocrx_word' id='word_1_111' title='bbox 1734 1321 1834 1391; x_wconf 90' lang='lat' dir='ltr'><strong>ipsi</strong></span> <span class='ocrx_word' id='word_1_112' title='bbox 1859 1338 2072 1380; x_wconf 91' lang='lat' dir='ltr'><strong>summo</strong></span> <span class='ocrx_word' id='word_1_113' title='bbox 2100 1325 2302 1395; x_wconf 88' lang='lat' dir='ltr'><strong>studio,</strong></span> <span class='ocrx_word' id='word_1_114' title='bbox 2333 1328 2610 1387; x_wconf 86' lang='lat' dir='ltr'><strong>silentium</strong></span> <span class='ocrx_word' id='word_1_115' title='bbox 2639 1329 2994 1407; x_wconf 89' lang='lat' dir='ltr'><strong>quietemque</strong></span> <span class='ocrx_word' id='word_1_116' title='bbox 3026 1341 3338 1405; x_wconf 78' lang='lat' dir='ltr'><strong>servantes,</strong></span> <span class='ocrx_word' id='word_1_117' title='bbox 3363 1315 3430 1393; x_wconf 83' lang='lat' dir='ltr'><strong>ad</strong></span> <span class='ocrx_word' id='word_1_118' title='bbox 3465 1315 3715 1402; x_wconf 79' lang='lat' dir='ltr'><strong>inclinatio-</strong></span> 
     </span>
    </p>
   </div>
   <div class='ocr_carea' id='block_1_13' title="bbox 476 1407 3165 1482">
    <p class='ocr_par' dir='ltr' id='par_1_13' title="bbox 476 1407 3165 1482">
     <span class='ocr_line' id='line_1_13' title="bbox 476 1407 3165 1482; baseline 0.003 -16"><span class='ocrx_word' id='word_1_119' title='bbox 476 1422 580 1466; x_wconf 81' lang='lat' dir='ltr'><strong>nes</strong></span> <span class='ocrx_word' id='word_1_120' title='bbox 607 1414 663 1463; x_wconf 90' lang='lat' dir='ltr'><strong>et</strong></span> <span class='ocrx_word' id='word_1_121' title='bbox 683 1416 912 1464; x_wconf 62' lang='lat' dir='ltr'><strong>caeteros</strong></span> <span class='ocrx_word' id='word_1_122' title='bbox 946 1407 1237 1482; x_wconf 87' lang='lat' dir='ltr'><strong>religiosos</strong></span> <span class='ocrx_word' id='word_1_123' title='bbox 1263 1408 1511 1480; x_wconf 89' lang='lat' dir='ltr'><strong>corporis</strong></span> <span class='ocrx_word' id='word_1_124' title='bbox 1538 1419 1720 1468; x_wconf 91' lang='lat' dir='ltr'><strong>motus</strong></span> <span class='ocrx_word' id='word_1_125' title='bbox 1747 1412 1938 1469; x_wconf 89' lang='lat' dir='ltr'><strong>sedulo</strong></span> <span class='ocrx_word' id='word_1_126' title='bbox 1964 1413 2270 1471; x_wconf 90' lang='lat' dir='ltr'><strong>imitantur.</strong></span> <span class='ocrx_word' id='word_1_127' title='bbox 3155 1408 3165 1414; x_wconf 72' lang='grc'><strong>’</strong></span> 
     </span>
    </p>
   </div>
   <div class='ocr_carea' id='block_1_14' title="bbox 549 1495 3720 1592">
    <p class='ocr_par' dir='ltr' id='par_1_14' title="bbox 549 1495 3720 1592">
     <span class='ocr_line' id='line_1_14' title="bbox 549 1495 3720 1592; baseline 0.008 -40"><span class='ocrx_word' id='word_1_128' title='bbox 549 1495 959 1592; x_wconf 24' lang='lat' dir='ltr'><strong>ﬁliis-quibus</strong></span> <span class='ocrx_word' id='word_1_129' title='bbox 989 1499 1046 1554; x_wconf 92' lang='lat' dir='ltr'><strong>in</strong></span> <span class='ocrx_word' id='word_1_130' title='bbox 1079 1499 1282 1572; x_wconf 81' lang='lat' dir='ltr'><strong>vigiliis</strong></span> <span class='ocrx_word' id='word_1_131' title='bbox 1325 1500 1756 1570; x_wconf 89' lang='lat' dir='ltr'><strong>solemnitatum,</strong></span> <span class='ocrx_word' id='word_1_132' title='bbox 1798 1504 1853 1560; x_wconf 91' lang='lat' dir='ltr'><strong>in</strong></span> <span class='ocrx_word' id='word_1_133' title='bbox 1883 1504 2085 1576; x_wconf 88' lang='lat' dir='ltr'><strong>quibus</strong></span> <span class='ocrx_word' id='word_1_134' title='bbox 2116 1508 2411 1578; x_wconf 89' lang='lat' dir='ltr'><strong>capitulum</strong></span> <span class='ocrx_word' id='word_1_135' title='bbox 2456 1521 2690 1581; x_wconf 88' lang='lat' dir='ltr'><strong>tenetur,</strong></span> <span class='ocrx_word' id='word_1_136' title='bbox 2735 1515 3024 1585; x_wconf 84' lang='lat' dir='ltr'><strong>medietas,</strong></span> <span class='ocrx_word' id='word_1_137' title='bbox 3063 1529 3226 1590; x_wconf 88' lang='lat' dir='ltr'><strong>prout</strong></span> <span class='ocrx_word' id='word_1_138' title='bbox 3269 1535 3461 1578; x_wconf 88' lang='lat' dir='ltr'><strong>eorum</strong></span> <span class='ocrx_word' id='word_1_139' title='bbox 3495 1522 3720 1592; x_wconf 80' lang='lat' dir='ltr'><strong>patiuntur</strong></span> 
     </span>
    </p>
   </div>
   <div class='ocr_carea' id='block_1_15' title="bbox 479 1589 3719 1677">
    <p class='ocr_par' dir='ltr' id='par_1_15' title="bbox 479 1589 3719 1677">
     <span class='ocr_line' id='line_1_15' title="bbox 479 1589 3719 1677; baseline 0.007 -32"><span class='ocrx_word' id='word_1_140' title='bbox 479 1589 835 1657; x_wconf 70' lang='lat' dir='ltr'><strong>obedientiaz,</strong></span> <span class='ocrx_word' id='word_1_141' title='bbox 865 1591 935 1646; x_wconf 88' lang='lat' dir='ltr'><strong>ad</strong></span> <span class='ocrx_word' id='word_1_142' title='bbox 960 1604 1251 1662; x_wconf 90' lang='lat' dir='ltr'><strong>vesperum</strong></span> <span class='ocrx_word' id='word_1_143' title='bbox 1281 1606 1407 1648; x_wconf 90' lang='lat' dir='ltr'><strong>cum</strong></span> <span class='ocrx_word' id='word_1_144' title='bbox 1433 1607 1466 1648; x_wconf 90' lang='lat' dir='ltr'><strong>a</strong></span> <span class='ocrx_word' id='word_1_145' title='bbox 1489 1594 1605 1650; x_wconf 87' lang='lat' dir='ltr'><strong>suis</strong></span> <span class='ocrx_word' id='word_1_146' title='bbox 1630 1593 2010 1666; x_wconf 74' lang='lat' dir='ltr'><strong>disiunguntur</strong></span> <span class='ocrx_word' id='word_1_147' title='bbox 2042 1597 2339 1669; x_wconf 84' lang='lat' dir='ltr'><strong>laboribus,</strong></span> <span class='ocrx_word' id='word_1_148' title='bbox 2378 1602 2448 1658; x_wconf 89' lang='lat' dir='ltr'><strong>ad</strong></span> <span class='ocrx_word' id='word_1_149' title='bbox 2483 1605 2820 1675; x_wconf 88' lang='lat' dir='ltr'><strong>superiorem</strong></span> <span class='ocrx_word' id='word_1_150' title='bbox 2852 1589 3223 1666; x_wconf 78' lang='lat' dir='ltr'><strong>conscendunt</strong></span> <span class='ocrx_word' id='word_1_151' title='bbox 3252 1589 3552 1677; x_wconf 85' lang='lat' dir='ltr'><strong>ecclesiam,</strong></span> <span class='ocrx_word' id='word_1_152' title='bbox 3580 1621 3719 1667; x_wconf 64' lang='lat' dir='ltr'><strong>malm</strong></span> 
     </span>
    </p>
   </div>
   <div class='ocr_carea' id='block_1_16' title="bbox 481 1681 3715 1771">
    <p class='ocr_par' dir='ltr' id='par_1_16' title="bbox 481 1681 3715 1771">
     <span class='ocr_line' id='line_1_16' title="bbox 481 1681 3715 1771; baseline 0.006 -31"><span class='ocrx_word' id='word_1_153' title='bbox 481 1681 633 1740; x_wconf 81' lang='lat' dir='ltr'><strong>tinas</strong></span> <span class='ocrx_word' id='word_1_154' title='bbox 652 1688 709 1738; x_wconf 88' lang='lat' dir='ltr'><strong>et</strong></span> <span class='ocrx_word' id='word_1_155' title='bbox 733 1689 996 1740; x_wconf 60' lang='lat' dir='ltr'><strong>ceterum</strong></span> <span class='ocrx_word' id='word_1_156' title='bbox 1017 1695 1233 1739; x_wconf 84' lang='lat' dir='ltr'><strong>sacrum</strong></span> <span class='ocrx_word' id='word_1_157' title='bbox 1264 1681 1497 1743; x_wconf 75' lang='lat' dir='ltr'><strong>cilicium</strong></span> <span class='ocrx_word' id='word_1_158' title='bbox 1527 1685 1796 1752; x_wconf 89' lang='lat' dir='ltr'><strong>audituri;</strong></span> <span class='ocrx_word' id='word_1_159' title='bbox 1831 1685 2013 1757; x_wconf 87' lang='lat' dir='ltr'><strong>ibique</strong></span> <span class='ocrx_word' id='word_1_160' title='bbox 2033 1697 2155 1758; x_wconf 89' lang='lat' dir='ltr'><strong>post</strong></span> <span class='ocrx_word' id='word_1_161' title='bbox 2180 1692 2569 1750; x_wconf 85' lang='lat' dir='ltr'><strong>monachorum</strong></span> <span class='ocrx_word' id='word_1_162' title='bbox 2596 1695 2917 1767; x_wconf 82' lang='lat' dir='ltr'><strong>capitulum,</strong></span> <span class='ocrx_word' id='word_1_163' title='bbox 2946 1699 3175 1757; x_wconf 88' lang='lat' dir='ltr'><strong>verbum</strong></span> <span class='ocrx_word' id='word_1_164' title='bbox 3199 1699 3297 1758; x_wconf 85' lang='lat' dir='ltr'><strong>Dei</strong></span> <span class='ocrx_word' id='word_1_165' title='bbox 3321 1715 3354 1755; x_wconf 89' lang='lat' dir='ltr'><strong>a</strong></span> <span class='ocrx_word' id='word_1_166' title='bbox 3380 1701 3555 1771; x_wconf 86' lang='lat' dir='ltr'><strong>priore</strong></span> <span class='ocrx_word' id='word_1_167' title='bbox 3579 1700 3648 1758; x_wconf 86' lang='lat' dir='ltr'><strong>vel</strong></span> <span class='ocrx_word' id='word_1_168' title='bbox 3665 1702 3715 1758; x_wconf 76' lang='lat' dir='ltr'><strong>ab</strong></span> 
     </span>
    </p>
   </div>
   <div class='ocr_carea' id='block_1_17' title="bbox 483 1780 2767 1854">
    <p class='ocr_par' dir='ltr' id='par_1_17' title="bbox 483 1780 2767 1854">
     <span class='ocr_line' id='line_1_17' title="bbox 483 1780 2767 1854; baseline 0.003 -12"><span class='ocrx_word' id='word_1_169' title='bbox 483 1795 556 1842; x_wconf 81' lang='lat' dir='ltr'><strong>eo</strong></span> <span class='ocrx_word' id='word_1_170' title='bbox 583 1781 670 1839; x_wconf 90' lang='lat' dir='ltr'><strong>cui</strong></span> <span class='ocrx_word' id='word_1_171' title='bbox 697 1782 805 1841; x_wconf 81' lang='lat' dir='ltr'><strong>hoc</strong></span> <span class='ocrx_word' id='word_1_172' title='bbox 841 1782 954 1853; x_wconf 90' lang='lat' dir='ltr'><strong>ipse</strong></span> <span class='ocrx_word' id='word_1_173' title='bbox 983 1780 1285 1852; x_wconf 68' lang='lat' dir='ltr'><strong>injunxerit</strong></span> <span class='ocrx_word' id='word_1_174' title='bbox 1311 1780 1560 1848; x_wconf 85' lang='lat' dir='ltr'><strong>audiunt,</strong></span> <span class='ocrx_word' id='word_1_175' title='bbox 1590 1789 1647 1839; x_wconf 88' lang='lat' dir='ltr'><strong>et</strong></span> <span class='ocrx_word' id='word_1_176' title='bbox 1675 1782 1722 1838; x_wconf 87' lang='lat' dir='ltr'><strong>si</strong></span> <span class='ocrx_word' id='word_1_177' title='bbox 1756 1797 1898 1854; x_wconf 86' lang='lat' dir='ltr'><strong>quas</strong></span> <span class='ocrx_word' id='word_1_178' title='bbox 1923 1783 2127 1839; x_wconf 86' lang='lat' dir='ltr'><strong>habent</strong></span> <span class='ocrx_word' id='word_1_179' title='bbox 2160 1785 2488 1845; x_wconf 78' lang='lat' dir='ltr'><strong>conﬁtentur</strong></span> <span class='ocrx_word' id='word_1_180' title='bbox 2511 1788 2767 1848; x_wconf 82' lang='lat' dir='ltr'><strong>otl‘ensas.</strong></span> 
     </span>
    </p>
   </div>
   <div class='ocr_carea' id='block_1_18' title="bbox 631 1871 2405 1940">
    <p class='ocr_par' dir='ltr' id='par_1_18' title="bbox 631 1871 2405 1940">
     <span class='ocr_line' id='line_1_18' title="bbox 631 1871 2405 1940; baseline 0.006 -15"><span class='ocrx_word' id='word_1_181' title='bbox 631 1897 642 1903; x_wconf 92' lang='lat'>-</span> <span class='ocrx_word' id='word_1_182' title='bbox 1837 1871 2405 1940; x_wconf 77' lang='lat' dir='ltr'><strong>COMMENTARIUS.</strong></span> 
     </span>
    </p>
   </div>
   <div class='ocr_carea' id='block_1_19' title="bbox 480 1961 3724 2047">
    <p class='ocr_par' dir='ltr' id='par_1_19' title="bbox 480 1961 3724 2047">
     <span class='ocr_line' id='line_1_19' title="bbox 480 1961 3724 2047; baseline 0.003 -25"><span class='ocrx_word' id='word_1_183' title='bbox 480 1978 825 2036; x_wconf 86' lang='lat' dir='ltr'><strong>rumcuuque</strong></span> <span class='ocrx_word' id='word_1_184' title='bbox 863 1963 1203 2034; x_wconf 73' lang='lat' dir='ltr'><strong>religionum,</strong></span> <span class='ocrx_word' id='word_1_185' title='bbox 1225 1961 1267 2021; x_wconf 83' lang='lat' dir='ltr'><strong>si</strong></span> <span class='ocrx_word' id='word_1_186' title='bbox 1290 1963 1417 2022; x_wconf 86' lang='lat' dir='ltr'><strong>illos</strong></span> <span class='ocrx_word' id='word_1_187' title='bbox 1435 1963 1527 2022; x_wconf 88' lang='lat' dir='ltr'><strong>hic</strong></span> <span class='ocrx_word' id='word_1_188' title='bbox 1548 1963 1705 2022; x_wconf 85' lang='lat' dir='ltr'><strong>obire</strong></span> <span class='ocrx_word' id='word_1_189' title='bbox 1722 1964 2067 2037; x_wconf 75' lang='lat' dir='ltr'><strong>contigisset.</strong></span> <span class='ocrx_word' id='word_1_190' title='bbox 2097 1971 2153 2034; x_wconf 73' lang='grc' dir='ltr'>Α</span> <span class='ocrx_word' id='word_1_191' title='bbox 2244 1967 2554 2040; x_wconf 87' lang='lat' dir='ltr'><strong>Capitulum</strong></span> <span class='ocrx_word' id='word_1_192' title='bbox 2583 1969 2728 2028; x_wconf 85' lang='lat' dir='ltr'><strong>istud</strong></span> <span class='ocrx_word' id='word_1_193' title='bbox 2763 1971 2994 2031; x_wconf 86' lang='lat' dir='ltr'><strong>relatum</strong></span> <span class='ocrx_word' id='word_1_194' title='bbox 3023 1974 3256 2032; x_wconf 89' lang='lat' dir='ltr'><strong>habetur</strong></span> <span class='ocrx_word' id='word_1_195' title='bbox 3289 1975 3347 2032; x_wconf 90' lang='lat' dir='ltr'><strong>in</strong></span> <span class='ocrx_word' id='word_1_196' title='bbox 3384 1976 3610 2047; x_wconf 87' lang='lat' dir='ltr'><strong>antiquis</strong></span> <span class='ocrx_word' id='word_1_197' title='bbox 3634 1986 3724 2033; x_wconf 86' lang='lat' dir='ltr'><strong>sta-</strong></span> 
     </span>
    </p>
   </div>
   <div class='ocr_carea' id='block_1_20' title="bbox 554 2055 3727 2141">
    <p class='ocr_par' dir='ltr' id='par_1_20' title="bbox 554 2055 3727 2141">
     <span class='ocr_line' id='line_1_20' title="bbox 554 2055 3727 2141; baseline 0.005 -30"><span class='ocrx_word' id='word_1_198' title='bbox 554 2055 718 2111; x_wconf 87' lang='lat' dir='ltr'><strong>Num.</strong></span> <span class='ocrx_word' id='word_1_199' title='bbox 739 2055 796 2110; x_wconf 73' lang='grc'><strong>4.</strong></span> <span class='ocrx_word' id='word_1_200' title='bbox 838 2055 1048 2111; x_wconf 81' lang='lat' dir='ltr'><strong>Nomen</strong></span> <span class='ocrx_word' id='word_1_201' title='bbox 1075 2071 1196 2112; x_wconf 73' lang='lat' dir='ltr'><strong>vero</strong></span> <span class='ocrx_word' id='word_1_202' title='bbox 1220 2055 1561 2128; x_wconf 74' lang='lat' dir='ltr'><strong>cujusquam,</strong></span> <span class='ocrx_word' id='word_1_203' title='bbox 1598 2065 1732 2125; x_wconf 89' lang='lat' dir='ltr'><strong>etc.,</strong></span> <span class='ocrx_word' id='word_1_204' title='bbox 1771 2073 1866 2115; x_wconf 77' lang='lat' dir='ltr'><strong>nec</strong></span> <span class='ocrx_word' id='word_1_205' title='bbox 1895 2058 2081 2129; x_wconf 60' lang='grc' dir='ltr'><strong>ευμε-</strong></span> <span class='ocrx_word' id='word_1_206' title='bbox 2184 2061 2318 2120; x_wconf 87' lang='lat' dir='ltr'><strong>tutis</strong></span> <span class='ocrx_word' id='word_1_207' title='bbox 2344 2062 2585 2121; x_wconf 88' lang='lat' dir='ltr'><strong>secunda</strong></span> <span class='ocrx_word' id='word_1_208' title='bbox 2611 2073 2785 2136; x_wconf 86' lang='lat' dir='ltr'><strong>parte,</strong></span> <span class='ocrx_word' id='word_1_209' title='bbox 2813 2079 2934 2136; x_wconf 88' lang='lat' dir='ltr'><strong>cap.</strong></span> <span class='ocrx_word' id='word_1_210' title='bbox 2958 2065 3048 2133; x_wconf 82' lang='grc'><strong>19,</strong></span> <span class='ocrx_word' id='word_1_211' title='bbox 3075 2082 3228 2124; x_wconf 90' lang='lat' dir='ltr'><strong>num.</strong></span> <span class='ocrx_word' id='word_1_212' title='bbox 3256 2069 3320 2136; x_wconf 79' lang='lat' dir='ltr'><strong>t;</strong></span> <span class='ocrx_word' id='word_1_213' title='bbox 3353 2084 3472 2140; x_wconf 91' lang='lat' dir='ltr'><strong>cap.</strong></span> <span class='ocrx_word' id='word_1_214' title='bbox 3493 2069 3560 2126; x_wconf 82' lang='grc'><strong>49</strong></span> <span class='ocrx_word' id='word_1_215' title='bbox 3581 2071 3727 2141; x_wconf 72' lang='lat' dir='ltr'><strong>prima</strong></span> 
     </span>
    </p>
   </div>
   <div class='ocr_carea' id='block_1_21' title="bbox 481 2147 3725 2235">
    <p class='ocr_par' dir='ltr' id='par_1_21' title="bbox 481 2147 3725 2235">
     <span class='ocr_line' id='line_1_21' title="bbox 481 2147 3725 2235; baseline 0.006 -34"><span class='ocrx_word' id='word_1_216' title='bbox 481 2162 645 2219; x_wconf 71' lang='lat' dir='ltr'><strong>quam</strong></span> <span class='ocrx_word' id='word_1_217' title='bbox 685 2147 1106 2203; x_wconf 77' lang='lat' dir='ltr'><strong>anniuersarium</strong></span> <span class='ocrx_word' id='word_1_218' title='bbox 1130 2163 1197 2203; x_wconf 72' lang='lat' dir='ltr'><strong>ex</strong></span> <span class='ocrx_word' id='word_1_219' title='bbox 1220 2163 1365 2203; x_wconf 85' lang='lat' dir='ltr'><strong>more</strong></span> <span class='ocrx_word' id='word_1_220' title='bbox 1390 2147 1612 2219; x_wconf 80' lang='lat' dir='ltr'><strong>facient,</strong></span> <span class='ocrx_word' id='word_1_221' title='bbox 1636 2157 1747 2212; x_wconf 73' lang='lat' dir='ltr'><strong>etc.</strong></span> <span class='ocrx_word' id='word_1_222' title='bbox 1772 2149 2083 2206; x_wconf 77' lang='lat' dir='ltr'><strong>Audiuimus</strong></span> <span class='ocrx_word' id='word_1_223' title='bbox 2181 2155 2379 2226; x_wconf 86' lang='lat' dir='ltr'><strong>partis,</strong></span> <span class='ocrx_word' id='word_1_224' title='bbox 2405 2171 2558 2213; x_wconf 89' lang='lat' dir='ltr'><strong>num.</strong></span> <span class='ocrx_word' id='word_1_225' title='bbox 2579 2157 2673 2226; x_wconf 72' lang='grc' dir='ltr'><strong>ΞΟ,</strong></span> <span class='ocrx_word' id='word_1_226' title='bbox 2695 2157 2761 2218; x_wconf 69' lang='lat'><strong>21</strong></span> <span class='ocrx_word' id='word_1_227' title='bbox 2785 2166 2844 2217; x_wconf 90' lang='lat' dir='ltr'><strong>et</strong></span> <span class='ocrx_word' id='word_1_228' title='bbox 2863 2160 2952 2230; x_wconf 85' lang='grc'><strong>17,</strong></span> <span class='ocrx_word' id='word_1_229' title='bbox 2976 2169 3034 2218; x_wconf 93' lang='lat' dir='ltr'><strong>et</strong></span> <span class='ocrx_word' id='word_1_230' title='bbox 3057 2174 3179 2234; x_wconf 85' lang='lat' dir='ltr'><strong>cap.</strong></span> <span class='ocrx_word' id='word_1_231' title='bbox 3210 2161 3280 2219; x_wconf 76' lang='lat' dir='ltr'><strong>M</strong></span> <span class='ocrx_word' id='word_1_232' title='bbox 3303 2165 3550 2220; x_wconf 70' lang='lat' dir='ltr'><strong>secunda:</strong></span> <span class='ocrx_word' id='word_1_233' title='bbox 3573 2166 3725 2235; x_wconf 85' lang='lat' dir='ltr'><strong>partis,</strong></span> 
     </span>
    </p>
   </div>
   <div class='ocr_carea' id='block_1_22' title="bbox 483 2239 2454 2315">
    <p class='ocr_par' dir='ltr' id='par_1_22' title="bbox 483 2239 2454 2315">
     <span class='ocr_line' id='line_1_22' title="bbox 483 2239 2454 2315; baseline 0.004 -18"><span class='ocrx_word' id='word_1_234' title='bbox 483 2241 627 2297; x_wconf 78' lang='lat' dir='ltr'><strong>enim</strong></span> <span class='ocrx_word' id='word_1_235' title='bbox 644 2241 923 2312; x_wconf 81' lang='lat' dir='ltr'><strong>quosdam,</strong></span> <span class='ocrx_word' id='word_1_236' title='bbox 946 2249 1056 2298; x_wconf 93' lang='lat' dir='ltr'><strong>etc.</strong></span> <span class='ocrx_word' id='word_1_237' title='bbox 1089 2239 1193 2300; x_wconf 83' lang='lat' dir='ltr'><strong>Hic</strong></span> <span class='ocrx_word' id='word_1_238' title='bbox 1216 2241 1488 2298; x_wconf 88' lang='lat' dir='ltr'><strong>rationem</strong></span> <span class='ocrx_word' id='word_1_239' title='bbox 1509 2239 1669 2299; x_wconf 79' lang='lat' dir='ltr'><strong>affert</strong></span> <span class='ocrx_word' id='word_1_240' title='bbox 1702 2241 1771 2299; x_wconf 74' lang='lat' dir='ltr'><strong>Il.</strong></span> <span class='ocrx_word' id='word_1_241' title='bbox 1795 2243 1859 2299; x_wconf 83' lang='grc' dir='ltr'><strong>Ρ.</strong></span> <span class='ocrx_word' id='word_1_242' title='bbox 1907 2242 2086 2315; x_wconf 83' lang='lat' dir='ltr'><strong>Guigo</strong></span> <span class='ocrx_word' id='word_1_243' title='bbox 2184 2261 2336 2304; x_wconf 86' lang='lat' dir='ltr'><strong>num.</strong></span> <span class='ocrx_word' id='word_1_244' title='bbox 2363 2246 2454 2303; x_wconf 78' lang='lat'><strong>20.</strong></span> 
     </span>
    </p>
   </div>
   <div class='ocr_carea' id='block_1_23' title="bbox 486 2332 3726 2417">
    <p class='ocr_par' dir='ltr' id='par_1_23' title="bbox 486 2332 3726 2417">
     <span class='ocr_line' id='line_1_23' title="bbox 486 2332 3726 2417; baseline 0.003 -28"><span class='ocrx_word' id='word_1_245' title='bbox 486 2347 590 2390; x_wconf 89' lang='lat' dir='ltr'><strong>cur</strong></span> <span class='ocrx_word' id='word_1_246' title='bbox 625 2333 731 2388; x_wconf 83' lang='lat' dir='ltr'><strong>ista</strong></span> <span class='ocrx_word' id='word_1_247' title='bbox 768 2332 1143 2390; x_wconf 87' lang='lat' dir='ltr'><strong>anniversaria</strong></span> <span class='ocrx_word' id='word_1_248' title='bbox 1181 2333 1515 2405; x_wconf 85' lang='lat' dir='ltr'><strong>repudiaret.</strong></span> <span class='ocrx_word' id='word_1_249' title='bbox 1555 2333 1907 2394; x_wconf 82' lang='lat' dir='ltr'><strong>Consuetudo</strong></span> <span class='ocrx_word' id='word_1_250' title='bbox 1939 2334 2084 2392; x_wconf 86' lang='lat' dir='ltr'><strong>enim</strong></span> <span class='ocrx_word' id='word_1_251' title='bbox 2253 2336 2384 2396; x_wconf 70' lang='lat' dir='ltr'><strong>Cn.</strong></span> <span class='ocrx_word' id='word_1_252' title='bbox 2419 2336 2579 2396; x_wconf 84' lang='lat' dir='ltr'><strong>XLII.</strong></span> <span class='ocrx_word' id='word_1_253' title='bbox 2605 2369 2679 2386; x_wconf 85' lang='lat'><strong>-—-</strong></span> <span class='ocrx_word' id='word_1_254' title='bbox 2707 2337 2869 2396; x_wconf 84' lang='lat' dir='ltr'><strong>Num.</strong></span> <span class='ocrx_word' id='word_1_255' title='bbox 2899 2341 2954 2397; x_wconf 90' lang='grc'><strong>1.</strong></span> <span class='ocrx_word' id='word_1_256' title='bbox 2985 2339 3058 2398; x_wconf 85' lang='lat' dir='ltr'><strong>Et</strong></span> <span class='ocrx_word' id='word_1_257' title='bbox 3079 2345 3128 2398; x_wconf 88' lang='lat' dir='ltr'><strong>si</strong></span> <span class='ocrx_word' id='word_1_258' title='bbox 3145 2343 3362 2413; x_wconf 78' lang='lat' dir='ltr'><strong>quidem</strong></span> <span class='ocrx_word' id='word_1_259' title='bbox 3384 2345 3648 2401; x_wconf 75' lang='lat' dir='ltr'><strong>monachus</strong></span> <span class='ocrx_word' id='word_1_260' title='bbox 3662 2347 3726 2417; x_wconf 73' lang='lat' dir='ltr'><strong>qui</strong></span> 
     </span>
    </p>
   </div>
   <div class='ocr_carea' id='block_1_24' title="bbox 486 2423 3726 2506">
    <p class='ocr_par' dir='ltr' id='par_1_24' title="bbox 486 2423 3726 2506">
     <span class='ocr_line' id='line_1_24' title="bbox 486 2423 3726 2506; baseline 0.003 -24"><span class='ocrx_word' id='word_1_261' title='bbox 486 2424 612 2482; x_wconf 83' lang='lat' dir='ltr'><strong>istis</strong></span> <span class='ocrx_word' id='word_1_262' title='bbox 648 2425 984 2495; x_wconf 79' lang='lat' dir='ltr'><strong>temporibus</strong></span> <span class='ocrx_word' id='word_1_263' title='bbox 1018 2423 1258 2496; x_wconf 80' lang='lat' dir='ltr'><strong>vigebat,</strong></span> <span class='ocrx_word' id='word_1_264' title='bbox 1288 2424 1357 2482; x_wconf 92' lang='lat' dir='ltr'><strong>de</strong></span> <span class='ocrx_word' id='word_1_265' title='bbox 1386 2439 1494 2495; x_wconf 89' lang='lat' dir='ltr'><strong>qua</strong></span> <span class='ocrx_word' id='word_1_266' title='bbox 1519 2423 1632 2496; x_wconf 86' lang='lat' dir='ltr'><strong>jam</strong></span> <span class='ocrx_word' id='word_1_267' title='bbox 1668 2441 1794 2497; x_wconf 91' lang='lat' dir='ltr'><strong>cap.</strong></span> <span class='ocrx_word' id='word_1_268' title='bbox 1824 2426 1894 2482; x_wconf 77' lang='lat' dir='ltr'><strong>M</strong></span> <span class='ocrx_word' id='word_1_269' title='bbox 1935 2427 2080 2487; x_wconf 80' lang='lat' dir='ltr'><strong>dixi-</strong></span> <span class='ocrx_word' id='word_1_270' title='bbox 2185 2428 2260 2484; x_wconf 85' lang='lat' dir='ltr'><strong>eis</strong></span> <span class='ocrx_word' id='word_1_271' title='bbox 2287 2431 2622 2500; x_wconf 76' lang='lat' dir='ltr'><strong>prteposittts,</strong></span> <span class='ocrx_word' id='word_1_272' title='bbox 2646 2439 2754 2488; x_wconf 88' lang='lat' dir='ltr'><strong>etc.</strong></span> <span class='ocrx_word' id='word_1_273' title='bbox 2789 2431 3042 2488; x_wconf 79' lang='lat' dir='ltr'><strong>Divinum</strong></span> <span class='ocrx_word' id='word_1_274' title='bbox 3071 2435 3146 2490; x_wconf 87' lang='lat' dir='ltr'><strong>eis</strong></span> <span class='ocrx_word' id='word_1_275' title='bbox 3176 2437 3426 2506; x_wconf 60' lang='lat' dir='ltr'><strong>alliciam,</strong></span> <span class='ocrx_word' id='word_1_276' title='bbox 3448 2453 3570 2506; x_wconf 76' lang='lat' dir='ltr'><strong>pm</strong></span> <span class='ocrx_word' id='word_1_277' title='bbox 3590 2447 3636 2493; x_wconf 82' lang='lat' dir='ltr'><strong>ut</strong></span> <span class='ocrx_word' id='word_1_278' title='bbox 3658 2454 3726 2492; x_wconf 77' lang='lat' dir='ltr'><strong>ss-</strong></span> 
     </span>
    </p>
   </div>
   <div class='ocr_carea' id='block_1_25' title="bbox 487 2517 3728 2598">
    <p class='ocr_par' dir='ltr' id='par_1_25' title="bbox 487 2517 3728 2598">
     <span class='ocr_line' id='line_1_25' title="bbox 487 2517 3728 2598; baseline 0.003 -24"><span class='ocrx_word' id='word_1_279' title='bbox 487 2534 637 2584; x_wconf 86' lang='lat' dir='ltr'><strong>mus,</strong></span> <span class='ocrx_word' id='word_1_280' title='bbox 667 2527 724 2574; x_wconf 90' lang='lat' dir='ltr'><strong>et</strong></span> <span class='ocrx_word' id='word_1_281' title='bbox 767 2518 846 2576; x_wconf 85' lang='lat' dir='ltr'><strong>ibi</strong></span> <span class='ocrx_word' id='word_1_282' title='bbox 888 2517 1250 2590; x_wconf 77' lang='lat' dir='ltr'><strong>explicuimus</strong></span> <span class='ocrx_word' id='word_1_283' title='bbox 1294 2517 1529 2588; x_wconf 89' lang='lat' dir='ltr'><strong>qualiter</strong></span> <span class='ocrx_word' id='word_1_284' title='bbox 1578 2517 1960 2588; x_wconf 85' lang='lat' dir='ltr'><strong>intelligendus</strong></span> <span class='ocrx_word' id='word_1_285' title='bbox 2001 2526 2090 2574; x_wconf 89' lang='lat' dir='ltr'><strong>est</strong></span> <span class='ocrx_word' id='word_1_286' title='bbox 2175 2520 2563 2592; x_wconf 72' lang='lat' dir='ltr'><strong>pra-scriptum</strong></span> <span class='ocrx_word' id='word_1_287' title='bbox 2600 2531 2700 2590; x_wconf 82' lang='lat' dir='ltr'><strong>est,</strong></span> <span class='ocrx_word' id='word_1_288' title='bbox 2743 2522 3080 2593; x_wconf 74' lang='lat' dir='ltr'><strong>festinantius</strong></span> <span class='ocrx_word' id='word_1_289' title='bbox 3123 2535 3321 2596; x_wconf 80' lang='lat' dir='ltr'><strong>tamen,</strong></span> <span class='ocrx_word' id='word_1_290' title='bbox 3364 2527 3618 2598; x_wconf 76' lang='lat' dir='ltr'><strong>persolvit.</strong></span> <span class='ocrx_word' id='word_1_291' title='bbox 3653 2529 3728 2585; x_wconf 85' lang='lat' dir='ltr'><strong>Per</strong></span> 
     </span>
    </p>
   </div>
   <div class='ocr_carea' id='block_1_26' title="bbox 487 2605 3728 2687">
    <p class='ocr_par' dir='ltr' id='par_1_26' title="bbox 487 2605 3728 2687">
     <span class='ocr_line' id='line_1_26' title="bbox 487 2605 3728 2687; baseline 0.003 -21"><span class='ocrx_word' id='word_1_292' title='bbox 487 2608 647 2666; x_wconf 89' lang='lat' dir='ltr'><strong>locus</strong></span> <span class='ocrx_word' id='word_1_293' title='bbox 673 2608 786 2677; x_wconf 86' lang='lat' dir='ltr'><strong>ille,</strong></span> <span class='ocrx_word' id='word_1_294' title='bbox 810 2625 933 2663; x_wconf 87' lang='lat' dir='ltr'><strong>raro</strong></span> <span class='ocrx_word' id='word_1_295' title='bbox 957 2608 1043 2666; x_wconf 82' lang='lat' dir='ltr'><strong>hic</strong></span> <span class='ocrx_word' id='word_1_296' title='bbox 1075 2608 1238 2666; x_wconf 87' lang='lat' dir='ltr'><strong>missa</strong></span> <span class='ocrx_word' id='word_1_297' title='bbox 1266 2609 1502 2676; x_wconf 86' lang='lat' dir='ltr'><strong>canitur,</strong></span> <span class='ocrx_word' id='word_1_298' title='bbox 1527 2607 1675 2679; x_wconf 91' lang='lat' dir='ltr'><strong>quod</strong></span> <span class='ocrx_word' id='word_1_299' title='bbox 1702 2605 1795 2668; x_wconf 81' lang='lat' dir='ltr'><strong>hic</strong></span> <span class='ocrx_word' id='word_1_300' title='bbox 1837 2615 2088 2679; x_wconf 80' lang='lat' dir='ltr'><strong>repetere</strong></span> <span class='ocrx_word' id='word_1_301' title='bbox 2185 2611 2516 2672; x_wconf 86' lang='lat' dir='ltr'><strong>monachum</strong></span> <span class='ocrx_word' id='word_1_302' title='bbox 2556 2623 2971 2684; x_wconf 86' lang='lat' dir='ltr'><strong>procuratorem</strong></span> <span class='ocrx_word' id='word_1_303' title='bbox 3010 2610 3283 2687; x_wconf 77' lang='lat' dir='ltr'><strong>intelligit.</strong></span> <span class='ocrx_word' id='word_1_304' title='bbox 3328 2627 3386 2673; x_wconf 92' lang='lat' dir='ltr'><strong>et</strong></span> <span class='ocrx_word' id='word_1_305' title='bbox 3412 2632 3479 2672; x_wconf 78' lang='lat' dir='ltr'><strong>ex</strong></span> <span class='ocrx_word' id='word_1_306' title='bbox 3518 2618 3728 2676; x_wconf 81' lang='lat' dir='ltr'><strong>hoc-loco</strong></span> 
     </span>
    </p>
   </div>
   <div class='ocr_carea' id='block_1_27' title="bbox 486 2701 3730 2797">
    <p class='ocr_par' dir='ltr' id='par_1_27' title="bbox 486 2701 3730 2797">
     <span class='ocr_line' id='line_1_27' title="bbox 486 2701 3730 2797; baseline 0.002 -37"><span class='ocrx_word' id='word_1_307' title='bbox 486 2701 828 2774; x_wconf 76' lang='lat' dir='ltr'><strong>superﬂuum</strong></span> <span class='ocrx_word' id='word_1_308' title='bbox 853 2710 1020 2759; x_wconf 88' lang='lat' dir='ltr'><strong>esset.</strong></span> <span class='ocrx_word' id='word_1_309' title='bbox 2186 2701 2589 2797; x_wconf 68' lang='lat' dir='ltr'><strong>colligi__potest</strong></span> <span class='ocrx_word' id='word_1_310' title='bbox 2627 2707 2774 2777; x_wconf 90' lang='lat' dir='ltr'><strong>quod</strong></span> <span class='ocrx_word' id='word_1_311' title='bbox 2816 2707 2976 2777; x_wconf 82' lang='lat' dir='ltr'><strong>primi</strong></span> <span class='ocrx_word' id='word_1_312' title='bbox 3012 2707 3203 2766; x_wconf 85' lang='lat' dir='ltr'><strong>Patres</strong></span> <span class='ocrx_word' id='word_1_313' title='bbox 3228 2719 3380 2766; x_wconf 89' lang='lat' dir='ltr'><strong>recto</strong></span> <span class='ocrx_word' id='word_1_314' title='bbox 3419 2719 3543 2766; x_wconf 91' lang='lat' dir='ltr'><strong>tono</strong></span> <span class='ocrx_word' id='word_1_315' title='bbox 3578 2711 3730 2781; x_wconf 79' lang='lat' dir='ltr'><strong>psalle-</strong></span> 
     </span>
    </p>
   </div>
   <div class='ocr_carea' id='block_1_28' title="bbox 559 2793 3729 2869">
    <p class='ocr_par' dir='ltr' id='par_1_28' title="bbox 559 2793 3729 2869">
     <span class='ocr_line' id='line_1_28' title="bbox 559 2793 3729 2869; baseline 0.002 -17"><span class='ocrx_word' id='word_1_316' title='bbox 559 2794 698 2852; x_wconf 84' lang='lat' dir='ltr'><strong>lhid.</strong></span> <span class='ocrx_word' id='word_1_317' title='bbox 737 2794 870 2861; x_wconf 76' lang='lat' dir='ltr'><strong>Qua:</strong></span> <span class='ocrx_word' id='word_1_318' title='bbox 910 2793 1238 2853; x_wconf 70' lang='lat' dir='ltr'><strong>consuetudo</strong></span> <span class='ocrx_word' id='word_1_319' title='bbox 1265 2793 1640 2850; x_wconf 70' lang='lat' dir='ltr'><strong>abstinentiam</strong></span> <span class='ocrx_word' id='word_1_320' title='bbox 1669 2793 1806 2850; x_wconf 84' lang='lat' dir='ltr'><strong>tollit</strong></span> <span class='ocrx_word' id='word_1_321' title='bbox 1845 2801 1897 2849; x_wconf 84' lang='lat' dir='ltr'><strong>et</strong></span> <span class='ocrx_word' id='word_1_322' title='bbox 1934 2808 2089 2850; x_wconf 58' lang='lat' dir='ltr'><strong>cena»</strong></span> <span class='ocrx_word' id='word_1_323' title='bbox 2187 2801 2332 2848; x_wconf 90' lang='lat' dir='ltr'><strong>rent.</strong></span> <span class='ocrx_word' id='word_1_324' title='bbox 2361 2793 2501 2852; x_wconf 83' lang='lat' dir='ltr'><strong>Nam</strong></span> <span class='ocrx_word' id='word_1_325' title='bbox 2526 2811 2652 2854; x_wconf 88' lang='lat' dir='ltr'><strong>cum</strong></span> <span class='ocrx_word' id='word_1_326' title='bbox 2690 2806 2902 2854; x_wconf 89' lang='lat' dir='ltr'><strong>certum</strong></span> <span class='ocrx_word' id='word_1_327' title='bbox 2938 2799 3011 2854; x_wconf 89' lang='lat' dir='ltr'><strong>sit</strong></span> <span class='ocrx_word' id='word_1_328' title='bbox 3037 2809 3449 2869; x_wconf 89' lang='lat' dir='ltr'><strong>procuratorem</strong></span> <span class='ocrx_word' id='word_1_329' title='bbox 3473 2801 3628 2859; x_wconf 87' lang='lat' dir='ltr'><strong>solum</strong></span> <span class='ocrx_word' id='word_1_330' title='bbox 3649 2817 3729 2858; x_wconf 83' lang='lat' dir='ltr'><strong>nos</strong></span> 
     </span>
    </p>
   </div>
   <div class='ocr_carea' id='block_1_29' title="bbox 489 2883 3730 2960">
    <p class='ocr_par' dir='ltr' id='par_1_29' title="bbox 489 2883 3730 2960">
     <span class='ocr_line' id='line_1_29' title="bbox 489 2883 3730 2960; baseline 0.002 -19"><span class='ocrx_word' id='word_1_331' title='bbox 489 2888 590 2954; x_wconf 78' lang='lat' dir='ltr'><strong>les,</strong></span> <span class='ocrx_word' id='word_1_332' title='bbox 629 2895 736 2943; x_wconf 87' lang='lat' dir='ltr'><strong>etc.</strong></span> <span class='ocrx_word' id='word_1_333' title='bbox 785 2885 925 2942; x_wconf 83' lang='lat' dir='ltr'><strong>Hinc</strong></span> <span class='ocrx_word' id='word_1_334' title='bbox 971 2895 1122 2957; x_wconf 84' lang='lat' dir='ltr'><strong>patet</strong></span> <span class='ocrx_word' id='word_1_335' title='bbox 1166 2899 1275 2956; x_wconf 92' lang='lat' dir='ltr'><strong>quo</strong></span> <span class='ocrx_word' id='word_1_336' title='bbox 1320 2899 1538 2956; x_wconf 88' lang='lat' dir='ltr'><strong>semper</strong></span> <span class='ocrx_word' id='word_1_337' title='bbox 1582 2884 1700 2942; x_wconf 88' lang='lat' dir='ltr'><strong>zelo</strong></span> <span class='ocrx_word' id='word_1_338' title='bbox 1741 2883 2090 2957; x_wconf 82' lang='lat' dir='ltr'><strong>ﬂagraverint</strong></span> <span class='ocrx_word' id='word_1_339' title='bbox 2187 2885 2430 2955; x_wconf 88' lang='lat' dir='ltr'><strong>potuisse</strong></span> <span class='ocrx_word' id='word_1_340' title='bbox 2458 2902 2582 2942; x_wconf 91' lang='lat' dir='ltr'><strong>cum</strong></span> <span class='ocrx_word' id='word_1_341' title='bbox 2607 2887 2750 2943; x_wconf 91' lang='lat' dir='ltr'><strong>notis</strong></span> <span class='ocrx_word' id='word_1_342' title='bbox 2777 2897 2947 2948; x_wconf 87' lang='lat' dir='ltr'><strong>totum</strong></span> <span class='ocrx_word' id='word_1_343' title='bbox 2968 2887 3203 2945; x_wconf 80' lang='lat' dir='ltr'><strong>ollicium</strong></span> <span class='ocrx_word' id='word_1_344' title='bbox 3233 2891 3568 2960; x_wconf 84' lang='lat' dir='ltr'><strong>persolvere;</strong></span> <span class='ocrx_word' id='word_1_345' title='bbox 3595 2901 3642 2946; x_wconf 91' lang='lat' dir='ltr'><strong>et</strong></span> <span class='ocrx_word' id='word_1_346' title='bbox 3664 2891 3730 2947; x_wconf 86' lang='lat' dir='ltr'><strong>hic</strong></span> 
     </span>
    </p>
   </div>
   <div class='ocr_carea' id='block_1_30' title="bbox 488 2972 3733 3052">
    <p class='ocr_par' dir='ltr' id='par_1_30' title="bbox 488 2972 3733 3052">
     <span class='ocr_line' id='line_1_30' title="bbox 488 2972 3733 3052; baseline 0.001 -18"><span class='ocrx_word' id='word_1_347' title='bbox 488 2975 682 3034; x_wconf 85' lang='lat' dir='ltr'><strong>Patres</strong></span> <span class='ocrx_word' id='word_1_348' title='bbox 720 2976 923 3044; x_wconf 68' lang='lat' dir='ltr'><strong>nostri,</strong></span> <span class='ocrx_word' id='word_1_349' title='bbox 944 2990 1108 3046; x_wconf 86' lang='lat' dir='ltr'><strong>quem</strong></span> <span class='ocrx_word' id='word_1_350' title='bbox 1135 2976 1302 3032; x_wconf 86' lang='lat' dir='ltr'><strong>etiam</strong></span> <span class='ocrx_word' id='word_1_351' title='bbox 1346 2975 1402 3030; x_wconf 84' lang='lat' dir='ltr'><strong>in</strong></span> <span class='ocrx_word' id='word_1_352' title='bbox 1435 2977 1678 3042; x_wconf 85' lang='lat' dir='ltr'><strong>statutis,</strong></span> <span class='ocrx_word' id='word_1_353' title='bbox 1708 2985 1816 3031; x_wconf 88' lang='lat' dir='ltr'><strong>tam</strong></span> <span class='ocrx_word' id='word_1_354' title='bbox 1848 2972 2089 3045; x_wconf 85' lang='lat' dir='ltr'><strong>antiquis</strong></span> <span class='ocrx_word' id='word_1_355' title='bbox 2189 2975 2402 3034; x_wconf 78' lang='lat' dir='ltr'><strong>dicatur</strong></span> <span class='ocrx_word' id='word_1_356' title='bbox 2421 2977 2566 3047; x_wconf 89' lang='lat' dir='ltr'><strong>quod</strong></span> <span class='ocrx_word' id='word_1_357' title='bbox 2594 2977 2836 3034; x_wconf 85' lang='lat' dir='ltr'><strong>divinum</strong></span> <span class='ocrx_word' id='word_1_358' title='bbox 2863 2977 3098 3036; x_wconf 75' lang='lat' dir='ltr'><strong>ofﬁcium</strong></span> <span class='ocrx_word' id='word_1_359' title='bbox 3133 2979 3217 3035; x_wconf 85' lang='lat' dir='ltr'><strong>eis</strong></span> <span class='ocrx_word' id='word_1_360' title='bbox 3244 2981 3507 3050; x_wconf 88' lang='lat' dir='ltr'><strong>persolvit</strong></span> <span class='ocrx_word' id='word_1_361' title='bbox 3542 2996 3661 3052; x_wconf 88' lang='lat' dir='ltr'><strong>pene</strong></span> <span class='ocrx_word' id='word_1_362' title='bbox 3681 2992 3733 3036; x_wconf 85' lang='lat' dir='ltr'><strong>ut</strong></span> 
     </span>
    </p>
   </div>
   <div class='ocr_carea' id='block_1_31' title="bbox 491 3065 3734 3140">
    <p class='ocr_par' dir='ltr' id='par_1_31' title="bbox 491 3065 3734 3140">
     <span class='ocr_line' id='line_1_31' title="bbox 491 3065 3734 3140; baseline 0.002 -18"><span class='ocrx_word' id='word_1_363' title='bbox 491 3082 657 3138; x_wconf 88' lang='lat' dir='ltr'><strong>quam</strong></span> <span class='ocrx_word' id='word_1_364' title='bbox 683 3065 959 3124; x_wconf 90' lang='lat' dir='ltr'><strong>modernis</strong></span> <span class='ocrx_word' id='word_1_365' title='bbox 981 3081 1302 3138; x_wconf 71' lang='lat' dir='ltr'><strong>expressum</strong></span> <span class='ocrx_word' id='word_1_366' title='bbox 1323 3067 1590 3134; x_wconf 86' lang='lat' dir='ltr'><strong>videmus,</strong></span> <span class='ocrx_word' id='word_1_367' title='bbox 1613 3066 1680 3122; x_wconf 89' lang='lat' dir='ltr'><strong>ad</strong></span> <span class='ocrx_word' id='word_1_368' title='bbox 1701 3066 2088 3124; x_wconf 84' lang='lat' dir='ltr'><strong>eliminandum</strong></span> <span class='ocrx_word' id='word_1_369' title='bbox 2189 3082 2352 3137; x_wconf 86' lang='lat' dir='ltr'><strong>supra</strong></span> <span class='ocrx_word' id='word_1_370' title='bbox 2391 3067 2656 3140; x_wconf 86' lang='lat' dir='ltr'><strong>scriptum</strong></span> <span class='ocrx_word' id='word_1_371' title='bbox 2683 3077 2769 3124; x_wconf 90' lang='lat' dir='ltr'><strong>est</strong></span> <span class='ocrx_word' id='word_1_372' title='bbox 2796 3070 2869 3125; x_wconf 84' lang='lat' dir='ltr'><strong>de</strong></span> <span class='ocrx_word' id='word_1_373' title='bbox 2892 3070 3195 3135; x_wconf 84' lang='lat' dir='ltr'><strong>monachis,</strong></span> <span class='ocrx_word' id='word_1_374' title='bbox 3225 3086 3289 3128; x_wconf 89' lang='lat' dir='ltr'><strong>ea</strong></span> <span class='ocrx_word' id='word_1_375' title='bbox 3319 3081 3526 3133; x_wconf 87' lang='lat' dir='ltr'><strong>tantum</strong></span> <span class='ocrx_word' id='word_1_376' title='bbox 3561 3081 3734 3129; x_wconf 81' lang='lat' dir='ltr'><strong>servata</strong></span> 
     </span>
    </p>
   </div>
   <div class='ocr_carea' id='block_1_32' title="bbox 492 3154 3737 3232">
    <p class='ocr_par' dir='ltr' id='par_1_32' title="bbox 492 3154 3737 3232">
     <span class='ocr_line' id='line_1_32' title="bbox 492 3154 3737 3232; baseline 0 -16"><span class='ocrx_word' id='word_1_377' title='bbox 492 3175 526 3216; x_wconf 86' lang='lat' dir='ltr'><strong>a</strong></span> <span class='ocrx_word' id='word_1_378' title='bbox 555 3160 709 3216; x_wconf 91' lang='lat' dir='ltr'><strong>nobis</strong></span> <span class='ocrx_word' id='word_1_379' title='bbox 739 3158 998 3230; x_wconf 86' lang='lat' dir='ltr'><strong>quidquid</strong></span> <span class='ocrx_word' id='word_1_380' title='bbox 1023 3167 1244 3228; x_wconf 87' lang='lat' dir='ltr'><strong>pactum</strong></span> <span class='ocrx_word' id='word_1_381' title='bbox 1272 3157 1480 3214; x_wconf 88' lang='lat' dir='ltr'><strong>redolet</strong></span> <span class='ocrx_word' id='word_1_382' title='bbox 1520 3172 1620 3229; x_wconf 91' lang='lat' dir='ltr'><strong>pro</strong></span> <span class='ocrx_word' id='word_1_383' title='bbox 1659 3156 1946 3214; x_wconf 79' lang='lat' dir='ltr'><strong>beneﬂciis</strong></span> <span class='ocrx_word' id='word_1_384' title='bbox 1987 3155 2086 3211; x_wconf 84' lang='lat' dir='ltr'><strong>de-</strong></span> <span class='ocrx_word' id='word_1_385' title='bbox 2189 3154 2518 3223; x_wconf 70' lang='lat' dir='ltr'><strong>differentia,</strong></span> <span class='ocrx_word' id='word_1_386' title='bbox 2552 3165 2612 3212; x_wconf 93' lang='lat' dir='ltr'><strong>ut</strong></span> <span class='ocrx_word' id='word_1_387' title='bbox 2656 3156 3013 3215; x_wconf 74' lang='lat' dir='ltr'><strong>festinantius.</strong></span> <span class='ocrx_word' id='word_1_388' title='bbox 3041 3158 3278 3216; x_wconf 78' lang='lat' dir='ltr'><strong>cilicium</strong></span> <span class='ocrx_word' id='word_1_389' title='bbox 3306 3162 3600 3232; x_wconf 86' lang='lat' dir='ltr'><strong>persolvat;</strong></span> <span class='ocrx_word' id='word_1_390' title='bbox 3642 3163 3737 3217; x_wconf 78' lang='lat' dir='ltr'><strong>inde</strong></span> 
     </span>
    </p>
   </div>
   <div class='ocr_carea' id='block_1_33' title="bbox 491 3246 3735 3320">
    <p class='ocr_par' dir='ltr' id='par_1_33' title="bbox 491 3246 3735 3320">
     <span class='ocr_line' id='line_1_33' title="bbox 491 3246 3735 3320; baseline 0.001 -16"><span class='ocrx_word' id='word_1_391' title='bbox 491 3246 832 3310; x_wconf 62' lang='lat' dir='ltr'><strong>iunctorum.</strong></span> <span class='ocrx_word' id='word_1_392' title='bbox 871 3248 975 3305; x_wconf 84' lang='lat' dir='ltr'><strong>Hic</strong></span> <span class='ocrx_word' id='word_1_393' title='bbox 999 3259 1181 3304; x_wconf 87' lang='lat' dir='ltr'><strong>autem</strong></span> <span class='ocrx_word' id='word_1_394' title='bbox 1223 3249 1438 3305; x_wconf 89' lang='lat' dir='ltr'><strong>videtur</strong></span> <span class='ocrx_word' id='word_1_395' title='bbox 1478 3264 1600 3319; x_wconf 68' lang='lat' dir='ltr'><strong>quae</strong></span> <span class='ocrx_word' id='word_1_396' title='bbox 1645 3257 1700 3305; x_wconf 91' lang='lat' dir='ltr'><strong>et</strong></span> <span class='ocrx_word' id='word_1_397' title='bbox 1747 3248 1930 3318; x_wconf 86' lang='lat' dir='ltr'><strong>qualis</strong></span> <span class='ocrx_word' id='word_1_398' title='bbox 1969 3254 2090 3302; x_wconf 86' lang='lat' dir='ltr'><strong>erat</strong></span> <span class='ocrx_word' id='word_1_399' title='bbox 2189 3246 2471 3304; x_wconf 89' lang='lat' dir='ltr'><strong>evidenter</strong></span> <span class='ocrx_word' id='word_1_400' title='bbox 2497 3257 2723 3318; x_wconf 89' lang='lat' dir='ltr'><strong>apparet</strong></span> <span class='ocrx_word' id='word_1_401' title='bbox 2751 3249 2896 3318; x_wconf 92' lang='lat' dir='ltr'><strong>quod</strong></span> <span class='ocrx_word' id='word_1_402' title='bbox 2939 3259 3266 3320; x_wconf 89' lang='lat' dir='ltr'><strong>procurator</strong></span> <span class='ocrx_word' id='word_1_403' title='bbox 3302 3262 3457 3309; x_wconf 90' lang='lat' dir='ltr'><strong>recto</strong></span> <span class='ocrx_word' id='word_1_404' title='bbox 3489 3262 3605 3310; x_wconf 91' lang='lat' dir='ltr'><strong>tono</strong></span> <span class='ocrx_word' id='word_1_405' title='bbox 3636 3267 3735 3308; x_wconf 79' lang='lat' dir='ltr'><strong>can-</strong></span> 
     </span>
    </p>
   </div>
   <div class='ocr_carea' id='block_1_34' title="bbox 493 3321 3853 3426">
    <p class='ocr_par' dir='ltr' id='par_1_34' title="bbox 493 3321 3853 3426">
     <span class='ocr_line' id='line_1_34' title="bbox 493 3321 3853 3426; baseline 0.001 -30"><span class='ocrx_word' id='word_1_406' title='bbox 493 3340 854 3406; x_wconf 81' lang='lat' dir='ltr'><strong>consuetudo,</strong></span> <span class='ocrx_word' id='word_1_407' title='bbox 911 3349 1107 3396; x_wconf 87' lang='lat' dir='ltr'><strong>contra</strong></span> <span class='ocrx_word' id='word_1_408' title='bbox 1158 3355 1322 3410; x_wconf 90' lang='lat' dir='ltr'><strong>quam</strong></span> <span class='ocrx_word' id='word_1_409' title='bbox 1381 3340 1661 3395; x_wconf 86' lang='lat' dir='ltr'><strong>invehitur</strong></span> <span class='ocrx_word' id='word_1_410' title='bbox 1713 3340 1798 3394; x_wconf 91' lang='lat' dir='ltr'><strong>vir</strong></span> <span class='ocrx_word' id='word_1_411' title='bbox 1847 3347 2088 3404; x_wconf 83' lang='lat' dir='ltr'><strong>sanctus,</strong></span> <span class='ocrx_word' id='word_1_412' title='bbox 2121 3321 2168 3382; x_wconf 76' lang='grc' dir='ltr'><strong><em>Β</em></strong></span> <span class='ocrx_word' id='word_1_413' title='bbox 2200 3347 2357 3407; x_wconf 88' lang='lat' dir='ltr'><strong>taret,</strong></span> <span class='ocrx_word' id='word_1_414' title='bbox 2401 3339 2545 3396; x_wconf 90' lang='lat' dir='ltr'><strong>sicut</strong></span> <span class='ocrx_word' id='word_1_415' title='bbox 2587 3341 2640 3396; x_wconf 92' lang='lat' dir='ltr'><strong>in</strong></span> <span class='ocrx_word' id='word_1_416' title='bbox 2680 3341 2924 3412; x_wconf 88' lang='lat' dir='ltr'><strong>antiquis</strong></span> <span class='ocrx_word' id='word_1_417' title='bbox 2951 3343 3176 3410; x_wconf 79' lang='lat' dir='ltr'><strong>statutis</strong></span> <span class='ocrx_word' id='word_1_418' title='bbox 3213 3353 3405 3414; x_wconf 87' lang='lat' dir='ltr'><strong>aperte</strong></span> <span class='ocrx_word' id='word_1_419' title='bbox 3442 3345 3736 3416; x_wconf 81' lang='lat' dir='ltr'><strong>exprimitur.</strong></span> 
     </span>
    </p>
   </div>
   <div class='ocr_carea' id='block_1_35' title="bbox 492 3429 3853 3516">
    <p class='ocr_par' dir='ltr' id='par_1_35' title="bbox 492 3429 3853 3516">
     <span class='ocr_line' id='line_1_35' title="bbox 492 3429 3853 3516; baseline 0.001 -28"><span class='ocrx_word' id='word_1_420' title='bbox 492 3433 741 3489; x_wconf 86' lang='lat' dir='ltr'><strong>modeste</strong></span> <span class='ocrx_word' id='word_1_421' title='bbox 770 3439 975 3499; x_wconf 86' lang='lat' dir='ltr'><strong>tamen,</strong></span> <span class='ocrx_word' id='word_1_422' title='bbox 1003 3447 1128 3490; x_wconf 88' lang='lat' dir='ltr'><strong>nam</strong></span> <span class='ocrx_word' id='word_1_423' title='bbox 1153 3431 1336 3488; x_wconf 83' lang='lat' dir='ltr'><strong>statim</strong></span> <span class='ocrx_word' id='word_1_424' title='bbox 1364 3432 1586 3488; x_wconf 89' lang='lat' dir='ltr'><strong>subdit:</strong></span> <span class='ocrx_word' id='word_1_425' title='bbox 1615 3431 1769 3498; x_wconf 79' lang='lat' dir='ltr'><strong>Quod</strong></span> <span class='ocrx_word' id='word_1_426' title='bbox 1795 3433 1844 3487; x_wconf 84' lang='lat' dir='ltr'><strong>si</strong></span> <span class='ocrx_word' id='word_1_427' title='bbox 1865 3432 1981 3504; x_wconf 85' lang='lat' dir='ltr'><strong>quis</strong></span> <span class='ocrx_word' id='word_1_428' title='bbox 2008 3442 2093 3485; x_wconf 87' lang='lat' dir='ltr'><strong>ta-</strong></span> <span class='ocrx_word' id='word_1_429' title='bbox 2194 3429 2388 3486; x_wconf 77' lang='lat' dir='ltr'><strong>Exstat</strong></span> <span class='ocrx_word' id='word_1_430' title='bbox 2411 3440 2590 3487; x_wconf 87' lang='lat' dir='ltr'><strong>tamen</strong></span> <span class='ocrx_word' id='word_1_431' title='bbox 2617 3431 2837 3502; x_wconf 89' lang='lat' dir='ltr'><strong>quidam</strong></span> <span class='ocrx_word' id='word_1_432' title='bbox 2858 3431 3118 3503; x_wconf 89' lang='lat' dir='ltr'><strong>prologus</strong></span> <span class='ocrx_word' id='word_1_433' title='bbox 3143 3434 3198 3489; x_wconf 90' lang='lat' dir='ltr'><strong>in</strong></span> <span class='ocrx_word' id='word_1_434' title='bbox 3227 3437 3408 3506; x_wconf 91' lang='lat' dir='ltr'><strong>capite</strong></span> <span class='ocrx_word' id='word_1_435' title='bbox 3429 3436 3739 3506; x_wconf 86' lang='lat' dir='ltr'><strong>quorumdam</strong></span> 
     </span>
    </p>
   </div>
   <div class='ocr_carea' id='block_1_36' title="bbox 493 3521 3742 3600">
    <p class='ocr_par' dir='ltr' id='par_1_36' title="bbox 493 3521 3742 3600">
     <span class='ocr_line' id='line_1_36' title="bbox 493 3521 3742 3600; baseline 0.002 -22"><span class='ocrx_word' id='word_1_436' title='bbox 493 3522 599 3578; x_wconf 76' lang='lat' dir='ltr'><strong>lem</strong></span> <span class='ocrx_word' id='word_1_437' title='bbox 629 3524 1057 3578; x_wconf 77' lang='lat' dir='ltr'><strong>consuetudinem</strong></span> <span class='ocrx_word' id='word_1_438' title='bbox 1094 3525 1411 3578; x_wconf 75' lang='lat' dir='ltr'><strong>contentiose</strong></span> <span class='ocrx_word' id='word_1_439' title='bbox 1431 3523 1584 3593; x_wconf 79' lang='lat' dir='ltr'><strong>jurat</strong></span> <span class='ocrx_word' id='word_1_440' title='bbox 1611 3522 1958 3590; x_wconf 80' lang='lat' dir='ltr'><strong>laudabilem,</strong></span> <span class='ocrx_word' id='word_1_441' title='bbox 1991 3538 2095 3577; x_wconf 83' lang='lat' dir='ltr'><strong>non</strong></span> <span class='ocrx_word' id='word_1_442' title='bbox 2193 3521 2717 3594; x_wconf 81' lang='lat' dir='ltr'><strong>Atttipbouariorum</strong></span> <span class='ocrx_word' id='word_1_443' title='bbox 2752 3524 2986 3595; x_wconf 88' lang='lat' dir='ltr'><strong>positus,</strong></span> <span class='ocrx_word' id='word_1_444' title='bbox 3017 3527 3108 3596; x_wconf 90' lang='lat' dir='ltr'><strong>qui</strong></span> <span class='ocrx_word' id='word_1_445' title='bbox 3135 3525 3204 3586; x_wconf 72' lang='grc' dir='ltr'><strong>Κ.</strong></span> <span class='ocrx_word' id='word_1_446' title='bbox 3237 3527 3299 3582; x_wconf 86' lang='grc' dir='ltr'><strong>Ρ.</strong></span> <span class='ocrx_word' id='word_1_447' title='bbox 3323 3530 3554 3600; x_wconf 80' lang='lat' dir='ltr'><strong>Guigoni</strong></span> <span class='ocrx_word' id='word_1_448' title='bbox 3589 3528 3742 3584; x_wconf 86' lang='lat' dir='ltr'><strong>tribui-</strong></span> 
     </span>
    </p>
   </div>
   <div class='ocr_carea' id='block_1_37' title="bbox 493 3611 3743 3688">
    <p class='ocr_par' dir='ltr' id='par_1_37' title="bbox 493 3611 3743 3688">
     <span class='ocr_line' id='line_1_37' title="bbox 493 3611 3743 3688; baseline 0.001 -19"><span class='ocrx_word' id='word_1_449' title='bbox 493 3615 809 3681; x_wconf 74' lang='lat' dir='ltr'><strong>resistimus,</strong></span> <span class='ocrx_word' id='word_1_450' title='bbox 835 3623 943 3673; x_wconf 82' lang='lat' dir='ltr'><strong>etc.</strong></span> <span class='ocrx_word' id='word_1_451' title='bbox 983 3614 1103 3676; x_wconf 70' lang='lat' dir='ltr'><strong>Sed,</strong></span> <span class='ocrx_word' id='word_1_452' title='bbox 1120 3615 1478 3673; x_wconf 85' lang='lat' dir='ltr'><strong>nihilominus</strong></span> <span class='ocrx_word' id='word_1_453' title='bbox 1512 3616 1655 3671; x_wconf 88' lang='lat' dir='ltr'><strong>intra</strong></span> <span class='ocrx_word' id='word_1_454' title='bbox 1696 3616 1897 3671; x_wconf 87' lang='lat' dir='ltr'><strong>limites</strong></span> <span class='ocrx_word' id='word_1_455' title='bbox 1933 3630 2098 3683; x_wconf 74' lang='lat' dir='ltr'><strong>gene-</strong></span> <span class='ocrx_word' id='word_1_456' title='bbox 2197 3622 2305 3672; x_wconf 79' lang='lat' dir='ltr'><strong>tur.</strong></span> <span class='ocrx_word' id='word_1_457' title='bbox 2351 3611 2459 3670; x_wconf 88' lang='lat' dir='ltr'><strong>Sed</strong></span> <span class='ocrx_word' id='word_1_458' title='bbox 2482 3628 2606 3670; x_wconf 85' lang='lat' dir='ltr'><strong>cum</strong></span> <span class='ocrx_word' id='word_1_459' title='bbox 2647 3614 2723 3670; x_wconf 86' lang='lat' dir='ltr'><strong>ibi</strong></span> <span class='ocrx_word' id='word_1_460' title='bbox 2752 3621 2965 3670; x_wconf 88' lang='lat' dir='ltr'><strong>tantum</strong></span> <span class='ocrx_word' id='word_1_461' title='bbox 3005 3615 3072 3670; x_wconf 91' lang='lat' dir='ltr'><strong>de</strong></span> <span class='ocrx_word' id='word_1_462' title='bbox 3100 3615 3484 3685; x_wconf 82' lang='lat' dir='ltr'><strong>Antiphonarii</strong></span> <span class='ocrx_word' id='word_1_463' title='bbox 3523 3617 3743 3688; x_wconf 83' lang='lat' dir='ltr'><strong>composi-</strong></span> 
     </span>
    </p>
   </div>
   <div class='ocr_carea' id='block_1_38' title="bbox 491 3701 3742 3789">
    <p class='ocr_par' dir='ltr' id='par_1_38' title="bbox 491 3701 3742 3789">
     <span class='ocr_line' id='line_1_38' title="bbox 491 3701 3742 3789; baseline -0.001 -25"><span class='ocrx_word' id='word_1_464' title='bbox 491 3707 605 3764; x_wconf 85' lang='lat' dir='ltr'><strong>rosi</strong></span> <span class='ocrx_word' id='word_1_465' title='bbox 648 3707 750 3764; x_wconf 86' lang='lat' dir='ltr'><strong>zeli</strong></span> <span class='ocrx_word' id='word_1_466' title='bbox 776 3717 939 3765; x_wconf 70' lang='lat' dir='ltr'><strong>&#39;stare</strong></span> <span class='ocrx_word' id='word_1_467' title='bbox 976 3723 1084 3763; x_wconf 92' lang='lat' dir='ltr'><strong>non</strong></span> <span class='ocrx_word' id='word_1_468' title='bbox 1127 3707 1362 3789; x_wconf 72' lang='lat' dir='ltr'><strong>desistit,</strong></span> <span class='ocrx_word' id='word_1_469' title='bbox 1405 3723 1712 3779; x_wconf 86' lang='lat' dir='ltr'><strong>provocans</strong></span> <span class='ocrx_word' id='word_1_470' title='bbox 1744 3707 1928 3762; x_wconf 88' lang='lat' dir='ltr'><strong>talium</strong></span> <span class='ocrx_word' id='word_1_471' title='bbox 1959 3722 2094 3762; x_wconf 86' lang='lat' dir='ltr'><strong>con-</strong></span> <span class='ocrx_word' id='word_1_472' title='bbox 2186 3701 2346 3760; x_wconf 82' lang='lat' dir='ltr'><strong>.tione</strong></span> <span class='ocrx_word' id='word_1_473' title='bbox 2377 3711 2593 3773; x_wconf 79' lang='lat' dir='ltr'><strong>agatur,</strong></span> <span class='ocrx_word' id='word_1_474' title='bbox 2625 3711 2682 3757; x_wconf 92' lang='lat' dir='ltr'><strong>et</strong></span> <span class='ocrx_word' id='word_1_475' title='bbox 2716 3712 2908 3758; x_wconf 86' lang='lat' dir='ltr'><strong>cantus</strong></span> <span class='ocrx_word' id='word_1_476' title='bbox 2942 3703 3183 3760; x_wconf 91' lang='lat' dir='ltr'><strong>studium</strong></span> <span class='ocrx_word' id='word_1_477' title='bbox 3215 3706 3417 3765; x_wconf 87' lang='lat' dir='ltr'><strong>ibidem</strong></span> <span class='ocrx_word' id='word_1_478' title='bbox 3474 3707 3742 3778; x_wconf 86' lang='lat' dir='ltr'><strong>parvipendi</strong></span> 
     </span>
    </p>
   </div>
   <div class='ocr_carea' id='block_1_39' title="bbox 495 3793 3742 3869">
    <p class='ocr_par' dir='ltr' id='par_1_39' title="bbox 495 3793 3742 3869">
     <span class='ocr_line' id='line_1_39' title="bbox 495 3793 3742 3869; baseline 0.002 -14"><span class='ocrx_word' id='word_1_479' title='bbox 495 3799 843 3856; x_wconf 80' lang='lat' dir='ltr'><strong>suetudinum</strong></span> <span class='ocrx_word' id='word_1_480' title='bbox 883 3807 1140 3856; x_wconf 87' lang='lat' dir='ltr'><strong>auctores</strong></span> <span class='ocrx_word' id='word_1_481' title='bbox 1185 3807 1242 3855; x_wconf 91' lang='lat' dir='ltr'><strong>et</strong></span> <span class='ocrx_word' id='word_1_482' title='bbox 1284 3799 1528 3855; x_wconf 70' lang='lat' dir='ltr'><strong>[autores</strong></span> <span class='ocrx_word' id='word_1_483' title='bbox 1581 3799 1648 3854; x_wconf 86' lang='lat' dir='ltr'><strong>ad</strong></span> <span class='ocrx_word' id='word_1_484' title='bbox 1691 3799 1955 3869; x_wconf 85' lang='lat' dir='ltr'><strong>judicium</strong></span> <span class='ocrx_word' id='word_1_485' title='bbox 2000 3797 2096 3855; x_wconf 89' lang='lat' dir='ltr'><strong>Dei</strong></span> <span class='ocrx_word' id='word_1_486' title='bbox 2195 3793 2467 3860; x_wconf 73' lang='lat' dir='ltr'><strong>videatur,</strong></span> <span class='ocrx_word' id='word_1_487' title='bbox 2503 3793 2698 3850; x_wconf 81' lang='lat' dir='ltr'><strong>fortior</strong></span> <span class='ocrx_word' id='word_1_488' title='bbox 2731 3795 2949 3851; x_wconf 85' lang='lat' dir='ltr'><strong>videtur</strong></span> <span class='ocrx_word' id='word_1_489' title='bbox 2993 3798 3280 3866; x_wconf 66' lang='lat' dir='ltr'><strong>praesentis</strong></span> <span class='ocrx_word' id='word_1_490' title='bbox 3326 3799 3431 3854; x_wconf 90' lang='lat' dir='ltr'><strong>loci</strong></span> <span class='ocrx_word' id='word_1_491' title='bbox 3471 3799 3742 3861; x_wconf 69' lang='lat' dir='ltr'><strong>auctoritas.</strong></span> 
     </span>
    </p>
   </div>
   <div class='ocr_carea' id='block_1_40' title="bbox 497 3885 3746 3959">
    <p class='ocr_par' dir='ltr' id='par_1_40' title="bbox 497 3885 3746 3959">
     <span class='ocr_line' id='line_1_40' title="bbox 497 3885 3746 3959; baseline -0.001 -15"><span class='ocrx_word' id='word_1_492' title='bbox 497 3888 974 3946; x_wconf 86' lang='lat' dir='ltr'><strong>considerandum.</strong></span> <span class='ocrx_word' id='word_1_493' title='bbox 2075 3906 2078 3910; x_wconf 90' lang='grc'><strong>·</strong></span> <span class='ocrx_word' id='word_1_494' title='bbox 2197 3900 2361 3959; x_wconf 88' lang='lat' dir='ltr'><strong>quam</strong></span> <span class='ocrx_word' id='word_1_495' title='bbox 2393 3885 2602 3958; x_wconf 88' lang='lat' dir='ltr'><strong>prologi</strong></span> <span class='ocrx_word' id='word_1_496' title='bbox 2637 3886 2814 3953; x_wconf 88' lang='lat' dir='ltr'><strong>istius,</strong></span> <span class='ocrx_word' id='word_1_497' title='bbox 2837 3887 2929 3957; x_wconf 91' lang='lat' dir='ltr'><strong>qui</strong></span> <span class='ocrx_word' id='word_1_498' title='bbox 2959 3887 3026 3944; x_wconf 91' lang='lat' dir='ltr'><strong>de</strong></span> <span class='ocrx_word' id='word_1_499' title='bbox 3054 3888 3171 3944; x_wconf 90' lang='lat' dir='ltr'><strong>solo</strong></span> <span class='ocrx_word' id='word_1_500' title='bbox 3205 3889 3412 3945; x_wconf 89' lang='lat' dir='ltr'><strong>selectu</strong></span> <span class='ocrx_word' id='word_1_501' title='bbox 3446 3902 3499 3946; x_wconf 91' lang='lat' dir='ltr'><strong>et</strong></span> <span class='ocrx_word' id='word_1_502' title='bbox 3523 3888 3746 3957; x_wconf 82' lang='lat' dir='ltr'><strong>composi-</strong></span> 
     </span>
    </p>
   </div>
   <div class='ocr_carea' id='block_1_41' title="bbox 569 3977 3747 4057">
    <p class='ocr_par' dir='ltr' id='par_1_41' title="bbox 569 3977 3747 4057">
     <span class='ocr_line' id='line_1_41' title="bbox 569 3977 3747 4057; baseline -0.002 -19"><span class='ocrx_word' id='word_1_503' title='bbox 569 3982 731 4038; x_wconf 85' lang='lat' dir='ltr'><strong>Nu.</strong></span> <span class='ocrx_word' id='word_1_504' title='bbox 777 3984 833 4041; x_wconf 86' lang='lat'><strong>5.</strong></span> <span class='ocrx_word' id='word_1_505' title='bbox 890 3983 1150 4040; x_wconf 86' lang='lat' dir='ltr'><strong>Nostrum</strong></span> <span class='ocrx_word' id='word_1_506' title='bbox 1191 3985 1574 4057; x_wconf 70' lang='lat' dir='ltr'><strong>qualecunque,</strong></span> <span class='ocrx_word' id='word_1_507' title='bbox 1622 3995 1754 4052; x_wconf 90' lang='lat' dir='ltr'><strong>etc.,</strong></span> <span class='ocrx_word' id='word_1_508' title='bbox 1800 3982 2096 4054; x_wconf 80' lang='lat' dir='ltr'><strong>penuriam,</strong></span> <span class='ocrx_word' id='word_1_509' title='bbox 2200 3977 2348 4034; x_wconf 88' lang='lat' dir='ltr'><strong>tione</strong></span> <span class='ocrx_word' id='word_1_510' title='bbox 2376 3978 2572 4037; x_wconf 70' lang='lat' dir='ltr'><strong>litterae</strong></span> <span class='ocrx_word' id='word_1_511' title='bbox 2600 3978 2982 4048; x_wconf 86' lang='lat' dir='ltr'><strong>Antiphonarii</strong></span> <span class='ocrx_word' id='word_1_512' title='bbox 3018 3981 3244 4054; x_wconf 78' lang='lat' dir='ltr'><strong>intelligi</strong></span> <span class='ocrx_word' id='word_1_513' title='bbox 3277 3991 3476 4052; x_wconf 89' lang='lat' dir='ltr'><strong>potest,</strong></span> <span class='ocrx_word' id='word_1_514' title='bbox 3505 3982 3584 4036; x_wconf 87' lang='lat' dir='ltr'><strong>vel</strong></span> <span class='ocrx_word' id='word_1_515' title='bbox 3611 3980 3648 4036; x_wconf 92' lang='lat' dir='ltr'><strong>si</strong></span> <span class='ocrx_word' id='word_1_516' title='bbox 3673 3978 3747 4033; x_wconf 84' lang='lat' dir='ltr'><strong>ali-</strong></span> 
     </span>
    </p>
   </div>
   <div class='ocr_carea' id='block_1_42' title="bbox 497 4069 3853 4160">
    <p class='ocr_par' dir='ltr' id='par_1_42' title="bbox 497 4069 3853 4160">
     <span class='ocr_line' id='line_1_42' title="bbox 497 4069 3853 4160; baseline 0.002 -30"><span class='ocrx_word' id='word_1_517' title='bbox 497 4075 613 4130; x_wconf 86' lang='lat' dir='ltr'><strong>Deo</strong></span> <span class='ocrx_word' id='word_1_518' title='bbox 635 4076 857 4146; x_wconf 80' lang='lat' dir='ltr'><strong>gratias,</strong></span> <span class='ocrx_word' id='word_1_519' title='bbox 885 4093 1008 4131; x_wconf 89' lang='lat' dir='ltr'><strong>raro</strong></span> <span class='ocrx_word' id='word_1_520' title='bbox 1034 4077 1192 4132; x_wconf 79' lang='lat' dir='ltr'><strong>sentit</strong></span> <span class='ocrx_word' id='word_1_521' title='bbox 1216 4087 1308 4131; x_wconf 84' lang='lat' dir='ltr'><strong>aut</strong></span> <span class='ocrx_word' id='word_1_522' title='bbox 1333 4078 1741 4132; x_wconf 80' lang='lat' dir='ltr'><strong>abundantiam.</strong></span> <span class='ocrx_word' id='word_1_523' title='bbox 1762 4075 1863 4131; x_wconf 84' lang='lat' dir='ltr'><strong>Hic</strong></span> <span class='ocrx_word' id='word_1_524' title='bbox 1884 4075 2101 4132; x_wconf 79' lang='lat' dir='ltr'><strong>videtur</strong></span> <span class='ocrx_word' id='word_1_525' title='bbox 2199 4082 2361 4139; x_wconf 67' lang='lat' dir='ltr'><strong>Quem</strong></span> <span class='ocrx_word' id='word_1_526' title='bbox 2388 4078 2612 4127; x_wconf 83' lang='lat' dir='ltr'><strong>cantum</strong></span> <span class='ocrx_word' id='word_1_527' title='bbox 2635 4069 2907 4133; x_wconf 85' lang='lat' dir='ltr'><strong>admittat,</strong></span> <span class='ocrx_word' id='word_1_528' title='bbox 2934 4069 3215 4128; x_wconf 85' lang='lat' dir='ltr'><strong>diversum</strong></span> <span class='ocrx_word' id='word_1_529' title='bbox 3240 4088 3270 4126; x_wconf 87' lang='lat' dir='ltr'><strong>a</strong></span> <span class='ocrx_word' id='word_1_530' title='bbox 3298 4072 3643 4144; x_wconf 68' lang='lat' dir='ltr'><strong>Gregorium.</strong></span> <span class='ocrx_word' id='word_1_531' title='bbox 3665 4085 3747 4138; x_wconf 76' lang='grc' dir='ltr'><strong>⁶1¹¹ο</strong></span> 
     </span>
    </p>
   </div>
   <div class='ocr_carea' id='block_1_43' title="bbox 499 4161 3748 4238">
    <p class='ocr_par' dir='ltr' id='par_1_43' title="bbox 499 4161 3748 4238">
     <span class='ocr_line' id='line_1_43' title="bbox 499 4161 3748 4238; baseline -0.002 -17"><span class='ocrx_word' id='word_1_532' title='bbox 499 4180 670 4236; x_wconf 84' lang='lat' dir='ltr'><strong>quam</strong></span> <span class='ocrx_word' id='word_1_533' title='bbox 698 4168 944 4224; x_wconf 85' lang='lat' dir='ltr'><strong>modeste</strong></span> <span class='ocrx_word' id='word_1_534' title='bbox 987 4177 1044 4224; x_wconf 85' lang='lat' dir='ltr'><strong>et</strong></span> <span class='ocrx_word' id='word_1_535' title='bbox 1084 4167 1368 4224; x_wconf 78' lang='lat' dir='ltr'><strong>humiliter</strong></span> <span class='ocrx_word' id='word_1_536' title='bbox 1409 4168 1478 4223; x_wconf 90' lang='lat' dir='ltr'><strong>de</strong></span> <span class='ocrx_word' id='word_1_537' title='bbox 1523 4183 1583 4224; x_wconf 91' lang='lat' dir='ltr'><strong>se</strong></span> <span class='ocrx_word' id='word_1_538' title='bbox 1631 4167 1899 4224; x_wconf 89' lang='lat' dir='ltr'><strong>sentirent</strong></span> <span class='ocrx_word' id='word_1_539' title='bbox 1939 4166 2099 4238; x_wconf 89' lang='lat' dir='ltr'><strong>primi</strong></span> <span class='ocrx_word' id='word_1_540' title='bbox 2200 4177 2344 4218; x_wconf 89' lang='lat' dir='ltr'><strong>nunc</strong></span> <span class='ocrx_word' id='word_1_541' title='bbox 2379 4162 2604 4227; x_wconf 88' lang='lat' dir='ltr'><strong>utimur,</strong></span> <span class='ocrx_word' id='word_1_542' title='bbox 2643 4168 2700 4219; x_wconf 89' lang='lat' dir='ltr'><strong>et</strong></span> <span class='ocrx_word' id='word_1_543' title='bbox 2740 4175 2812 4217; x_wconf 90' lang='lat' dir='ltr'><strong>eo.</strong></span> <span class='ocrx_word' id='word_1_544' title='bbox 2843 4162 3263 4220; x_wconf 87' lang='lat' dir='ltr'><strong>succinctiorem</strong></span> <span class='ocrx_word' id='word_1_545' title='bbox 3293 4163 3467 4220; x_wconf 72' lang='lat' dir='ltr'><strong>tuisse</strong></span> <span class='ocrx_word' id='word_1_546' title='bbox 3494 4179 3593 4219; x_wconf 90' lang='lat' dir='ltr'><strong>nou</strong></span> <span class='ocrx_word' id='word_1_547' title='bbox 3627 4161 3748 4216; x_wconf 84' lang='lat' dir='ltr'><strong>dubi-</strong></span> 
     </span>
    </p>
   </div>
   <div class='ocr_carea' id='block_1_44' title="bbox 499 4257 2400 4330">
    <p class='ocr_par' dir='ltr' id='par_1_44' title="bbox 499 4257 2400 4330">
     <span class='ocr_line' id='line_1_44' title="bbox 499 4257 2400 4330; baseline -0.004 -15"><span class='ocrx_word' id='word_1_548' title='bbox 499 4257 700 4316; x_wconf 74' lang='lat' dir='ltr'><strong>Pstres</strong></span> <span class='ocrx_word' id='word_1_549' title='bbox 735 4259 929 4326; x_wconf 86' lang='lat' dir='ltr'><strong>nostri,</strong></span> <span class='ocrx_word' id='word_1_550' title='bbox 969 4259 1063 4328; x_wconf 91' lang='lat' dir='ltr'><strong>qui</strong></span> <span class='ocrx_word' id='word_1_551' title='bbox 1093 4259 1320 4315; x_wconf 86' lang='lat' dir='ltr'><strong>vilitatis</strong></span> <span class='ocrx_word' id='word_1_552' title='bbox 1354 4259 1657 4330; x_wconf 87' lang='lat' dir='ltr'><strong>epithetum</strong></span> <span class='ocrx_word' id='word_1_553' title='bbox 1695 4274 1794 4315; x_wconf 90' lang='lat' dir='ltr'><strong>suo</strong></span> <span class='ocrx_word' id='word_1_554' title='bbox 1822 4258 2102 4328; x_wconf 86' lang='lat' dir='ltr'><strong>proposito</strong></span> <span class='ocrx_word' id='word_1_555' title='bbox 2202 4262 2400 4310; x_wconf 83' lang='lat' dir='ltr'><strong>tamus.</strong></span> 
     </span>
    </p>
   </div>
   <div class='ocr_carea' id='block_1_45' title="bbox 502 4321 3853 4420">
    <p class='ocr_par' dir='ltr' id='par_1_45' title="bbox 502 4321 3853 4420">
     <span class='ocr_line' id='line_1_45' title="bbox 502 4321 3853 4420; baseline -0.002 -16"><span class='ocrx_word' id='word_1_556' title='bbox 502 4357 778 4418; x_wconf 73' lang='lat' dir='ltr'><strong>attexunt,</strong></span> <span class='ocrx_word' id='word_1_557' title='bbox 822 4359 882 4406; x_wconf 93' lang='lat' dir='ltr'><strong>ut</strong></span> <span class='ocrx_word' id='word_1_558' title='bbox 915 4321 1276 4406; x_wconf 75' lang='lat' dir='ltr'><strong>ostenderent</strong></span> <span class='ocrx_word' id='word_1_559' title='bbox 1303 4321 1569 4420; x_wconf 76' lang='lat' dir='ltr'><strong>quantum</strong></span> <span class='ocrx_word' id='word_1_560' title='bbox 1598 4321 1866 4405; x_wconf 74' lang='lat' dir='ltr'><strong>distarent</strong></span> <span class='ocrx_word' id='word_1_561' title='bbox 1904 4321 1974 4403; x_wconf 78' lang='lat' dir='ltr'><strong>ah</strong></span> <span class='ocrx_word' id='word_1_562' title='bbox 2015 4351 2100 4402; x_wconf 89' lang='lat' dir='ltr'><strong>in-</strong></span> <span class='ocrx_word' id='word_1_563' title='bbox 2271 4343 2411 4404; x_wconf 80' lang='lat' dir='ltr'><strong>Ibid.</strong></span> <span class='ocrx_word' id='word_1_564' title='bbox 2441 4342 2607 4410; x_wconf 82' lang='lat' dir='ltr'><strong>Quem</strong></span> <span class='ocrx_word' id='word_1_565' title='bbox 2634 4345 2738 4414; x_wconf 83' lang='lat' dir='ltr'><strong>ipsi</strong></span> <span class='ocrx_word' id='word_1_566' title='bbox 2769 4360 2980 4400; x_wconf 84' lang='lat' dir='ltr'><strong>summo</strong></span> <span class='ocrx_word' id='word_1_567' title='bbox 3004 4345 3201 4400; x_wconf 81' lang='lat' dir='ltr'><strong>studio.</strong></span> <span class='ocrx_word' id='word_1_568' title='bbox 3240 4345 3319 4400; x_wconf 77' lang='lat' dir='ltr'><strong>Es</strong></span> <span class='ocrx_word' id='word_1_569' title='bbox 3351 4346 3455 4402; x_wconf 90' lang='lat' dir='ltr'><strong>hoc</strong></span> <span class='ocrx_word' id='word_1_570' title='bbox 3483 4345 3595 4401; x_wconf 92' lang='lat' dir='ltr'><strong>loco</strong></span> <span class='ocrx_word' id='word_1_571' title='bbox 3629 4352 3675 4399; x_wconf 87' lang='lat' dir='ltr'><strong>et</strong></span> <span class='ocrx_word' id='word_1_572' title='bbox 3697 4357 3747 4397; x_wconf 78' lang='lat' dir='ltr'><strong>es</strong></span> <span class='ocrx_word' id='word_1_573' title='bbox 3852 4321 3853 4376; x_wconf 46' lang='grc' dir='ltr'><em>θ</em></span> 
     </span>
    </p>
   </div>
   <div class='ocr_carea' id='block_1_46' title="bbox 501 4436 3853 4514">
    <p class='ocr_par' dir='ltr' id='par_1_46' title="bbox 501 4436 3853 4514">
     <span class='ocr_line' id='line_1_46' title="bbox 501 4436 3853 4514; baseline -0.003 -15"><span class='ocrx_word' id='word_1_574' title='bbox 501 4442 749 4500; x_wconf 80' lang='lat' dir='ltr'><strong>tentione</strong></span> <span class='ocrx_word' id='word_1_575' title='bbox 787 4442 1102 4514; x_wconf 76' lang='lat' dir='ltr'><strong>opinionem</strong></span> <span class='ocrx_word' id='word_1_576' title='bbox 1131 4443 1413 4498; x_wconf 85' lang='lat' dir='ltr'><strong>hominum</strong></span> <span class='ocrx_word' id='word_1_577' title='bbox 1441 4441 1547 4496; x_wconf 86' lang='lat' dir='ltr'><strong>sibi</strong></span> <span class='ocrx_word' id='word_1_578' title='bbox 1587 4440 1715 4496; x_wconf 87' lang='lat' dir='ltr'><strong>inde</strong></span> <span class='ocrx_word' id='word_1_579' title='bbox 1751 4439 2098 4504; x_wconf 85' lang='lat' dir='ltr'><strong>conciliandi,</strong></span> <span class='ocrx_word' id='word_1_580' title='bbox 2200 4436 2454 4505; x_wconf 86' lang='lat' dir='ltr'><strong>sequenti</strong></span> <span class='ocrx_word' id='word_1_581' title='bbox 2497 4436 2736 4507; x_wconf 89' lang='lat' dir='ltr'><strong>capitulo</strong></span> <span class='ocrx_word' id='word_1_582' title='bbox 2781 4446 3010 4507; x_wconf 89' lang='lat' dir='ltr'><strong>apparet</strong></span> <span class='ocrx_word' id='word_1_583' title='bbox 3050 4441 3216 4506; x_wconf 86' lang='lat' dir='ltr'><strong>quod,</strong></span> <span class='ocrx_word' id='word_1_584' title='bbox 3263 4449 3531 4508; x_wconf 63' lang='lat' dir='ltr'><strong>praesente</strong></span> <span class='ocrx_word' id='word_1_585' title='bbox 3569 4437 3747 4499; x_wconf 85' lang='lat' dir='ltr'><strong>clerico,</strong></span> <span class='ocrx_word' id='word_1_586' title='bbox 3852 4437 3853 4512; x_wconf 57' lang='grc' dir='ltr'><strong>ξ</strong></span> 
     </span>
    </p>
   </div>
   <div class='ocr_carea' id='block_1_47' title="bbox 500 4525 3750 4606">
    <p class='ocr_par' dir='ltr' id='par_1_47' title="bbox 500 4525 3750 4606">
     <span class='ocr_line' id='line_1_47' title="bbox 500 4525 3750 4606; baseline -0.004 -15"><span class='ocrx_word' id='word_1_587' title='bbox 500 4541 561 4591; x_wconf 82' lang='lat' dir='ltr'><strong>et</strong></span> <span class='ocrx_word' id='word_1_588' title='bbox 604 4542 868 4606; x_wconf 87' lang='lat' dir='ltr'><strong>quantum</strong></span> <span class='ocrx_word' id='word_1_589' title='bbox 917 4535 1230 4601; x_wconf 76' lang='lat' dir='ltr'><strong>humilitas,</strong></span> <span class='ocrx_word' id='word_1_590' title='bbox 1277 4532 1512 4603; x_wconf 85' lang='lat' dir='ltr'><strong>abjectio</strong></span> <span class='ocrx_word' id='word_1_591' title='bbox 1555 4542 1612 4588; x_wconf 91' lang='lat' dir='ltr'><strong>et</strong></span> <span class='ocrx_word' id='word_1_592' title='bbox 1652 4530 1835 4587; x_wconf 86' lang='lat' dir='ltr'><strong>vilitas</strong></span> <span class='ocrx_word' id='word_1_593' title='bbox 1884 4546 1918 4586; x_wconf 87' lang='lat' dir='ltr'><strong>a</strong></span> <span class='ocrx_word' id='word_1_594' title='bbox 1958 4531 2104 4587; x_wconf 89' lang='lat' dir='ltr'><strong>veris</strong></span> <span class='ocrx_word' id='word_1_595' title='bbox 2201 4527 2295 4595; x_wconf 90' lang='lat' dir='ltr'><strong>qui</strong></span> <span class='ocrx_word' id='word_1_596' title='bbox 2339 4526 2582 4581; x_wconf 90' lang='lat' dir='ltr'><strong>divinum</strong></span> <span class='ocrx_word' id='word_1_597' title='bbox 2627 4525 2862 4586; x_wconf 79' lang='lat' dir='ltr'><strong>otiicium</strong></span> <span class='ocrx_word' id='word_1_598' title='bbox 2905 4528 2992 4582; x_wconf 33' lang='lat' dir='ltr'><strong>eis.</strong></span> <span class='ocrx_word' id='word_1_599' title='bbox 3023 4528 3107 4584; x_wconf 88' lang='lat' dir='ltr'><strong>sic</strong></span> <span class='ocrx_word' id='word_1_600' title='bbox 3148 4529 3510 4599; x_wconf 85' lang='lat' dir='ltr'><strong>persolveret,</strong></span> <span class='ocrx_word' id='word_1_601' title='bbox 3553 4527 3750 4584; x_wconf 79' lang='lat' dir='ltr'><strong>nihilex</strong></span> 
     </span>
    </p>
   </div>
   <div class='ocr_carea' id='block_1_48' title="bbox 501 4611 3751 4696">
    <p class='ocr_par' dir='ltr' id='par_1_48' title="bbox 501 4611 3751 4696">
     <span class='ocr_line' id='line_1_48' title="bbox 501 4611 3751 4696; baseline -0.003 -16"><span class='ocrx_word' id='word_1_602' title='bbox 501 4624 880 4682; x_wconf 85' lang='lat' dir='ltr'><strong>Cartbusianis</strong></span> <span class='ocrx_word' id='word_1_603' title='bbox 914 4615 1100 4682; x_wconf 77' lang='lat' dir='ltr'><strong>essent</strong></span> <span class='ocrx_word' id='word_1_604' title='bbox 1125 4611 1342 4696; x_wconf 81' lang='lat' dir='ltr'><strong>semper</strong></span> <span class='ocrx_word' id='word_1_605' title='bbox 1377 4625 1431 4680; x_wconf 92' lang='lat' dir='ltr'><strong>in</strong></span> <span class='ocrx_word' id='word_1_606' title='bbox 1475 4624 1652 4696; x_wconf 80' lang='lat' dir='ltr'><strong>pretio</strong></span> <span class='ocrx_word' id='word_1_607' title='bbox 1675 4622 1957 4679; x_wconf 79' lang='lat' dir='ltr'><strong>habendae.</strong></span> <span class='ocrx_word' id='word_1_608' title='bbox 1989 4622 2100 4693; x_wconf 82' lang='lat' dir='ltr'><strong>Ap-</strong></span> <span class='ocrx_word' id='word_1_609' title='bbox 2131 4676 2173 4696; x_wconf 56' lang='grc' dir='ltr'>η</span> <span class='ocrx_word' id='word_1_610' title='bbox 2202 4632 2301 4673; x_wconf 82' lang='lat' dir='ltr'><strong>sua</strong></span> <span class='ocrx_word' id='word_1_611' title='bbox 2331 4627 2486 4686; x_wconf 88' lang='lat' dir='ltr'><strong>parte</strong></span> <span class='ocrx_word' id='word_1_612' title='bbox 2530 4617 2794 4683; x_wconf 88' lang='lat' dir='ltr'><strong>dicerent,</strong></span> <span class='ocrx_word' id='word_1_613' title='bbox 2824 4618 2920 4672; x_wconf 89' lang='lat' dir='ltr'><strong>sed</strong></span> <span class='ocrx_word' id='word_1_614' title='bbox 2952 4617 3068 4672; x_wconf 87' lang='lat' dir='ltr'><strong>sola</strong></span> <span class='ocrx_word' id='word_1_615' title='bbox 3114 4619 3458 4683; x_wconf 87' lang='lat' dir='ltr'><strong>assistentia,</strong></span> <span class='ocrx_word' id='word_1_616' title='bbox 3499 4617 3751 4674; x_wconf 85' lang='lat' dir='ltr'><strong>attentione</strong></span> 
     </span>
    </p>
   </div>
   <div class='ocr_carea' id='block_1_49' title="bbox 501 4676 3752 4790">
    <p class='ocr_par' dir='ltr' id='par_1_49' title="bbox 501 4676 3752 4790">
     <span class='ocr_line' id='line_1_49' title="bbox 501 4676 3752 4790; baseline -0.002 -16"><span class='ocrx_word' id='word_1_617' title='bbox 501 4727 658 4789; x_wconf 88' lang='lat' dir='ltr'><strong>paret</strong></span> <span class='ocrx_word' id='word_1_618' title='bbox 701 4718 1056 4790; x_wconf 85' lang='lat' dir='ltr'><strong>etiamquod</strong></span> <span class='ocrx_word' id='word_1_619' title='bbox 1106 4732 1196 4774; x_wconf 87' lang='lat' dir='ltr'><strong>res</strong></span> <span class='ocrx_word' id='word_1_620' title='bbox 1244 4727 1462 4773; x_wconf 87' lang='lat' dir='ltr'><strong>nostras</strong></span> <span class='ocrx_word' id='word_1_621' title='bbox 1510 4718 1565 4772; x_wconf 86' lang='lat' dir='ltr'><strong>in</strong></span> <span class='ocrx_word' id='word_1_622' title='bbox 1611 4731 1676 4772; x_wconf 87' lang='lat' dir='ltr'><strong>ea</strong></span> <span class='ocrx_word' id='word_1_623' title='bbox 1722 4717 2100 4774; x_wconf 78' lang='lat' dir='ltr'><strong>mediocritate</strong></span> <span class='ocrx_word' id='word_1_624' title='bbox 2128 4676 2176 4740; x_wconf 68' lang='grc' dir='ltr'><strong>θ</strong></span> <span class='ocrx_word' id='word_1_625' title='bbox 2207 4718 2262 4764; x_wconf 84' lang='lat' dir='ltr'><strong>et</strong></span> <span class='ocrx_word' id='word_1_626' title='bbox 2307 4708 2754 4768; x_wconf 76' lang='lat' dir='ltr'><strong>caeremoniarum</strong></span> <span class='ocrx_word' id='word_1_627' title='bbox 2802 4707 3145 4775; x_wconf 75' lang='lat' dir='ltr'><strong>imitatione.</strong></span> <span class='ocrx_word' id='word_1_628' title='bbox 3193 4726 3334 4780; x_wconf 84' lang='lat' dir='ltr'><strong>quas</strong></span> <span class='ocrx_word' id='word_1_629' title='bbox 3384 4727 3481 4780; x_wconf 86' lang='lat' dir='ltr'><strong>per</strong></span> <span class='ocrx_word' id='word_1_630' title='bbox 3529 4709 3752 4780; x_wconf 69' lang='lat' dir='ltr'><strong>religiosas</strong></span> 
     </span>
    </p>
   </div>
   <div class='ocr_carea' id='block_1_50' title="bbox 503 4795 3753 4881">
    <p class='ocr_par' dir='ltr' id='par_1_50' title="bbox 503 4795 3753 4881">
     <span class='ocr_line' id='line_1_50' title="bbox 503 4795 3753 4881; baseline 0.002 -15"><span class='ocrx_word' id='word_1_631' title='bbox 503 4810 760 4867; x_wconf 82' lang='lat' dir='ltr'><strong>constitui</strong></span> <span class='ocrx_word' id='word_1_632' title='bbox 788 4811 1008 4876; x_wconf 88' lang='lat' dir='ltr'><strong>vellent,</strong></span> <span class='ocrx_word' id='word_1_633' title='bbox 1038 4825 1203 4881; x_wconf 82' lang='lat' dir='ltr'><strong>quam</strong></span> <span class='ocrx_word' id='word_1_634' title='bbox 1235 4826 1264 4864; x_wconf 88' lang='lat' dir='ltr'><strong>a</strong></span> <span class='ocrx_word' id='word_1_635' title='bbox 1305 4809 1418 4865; x_wconf 77' lang='lat' dir='ltr'><strong>Deo</strong></span> <span class='ocrx_word' id='word_1_636' title='bbox 1467 4809 1980 4880; x_wconf 65' lang='lat' dir='ltr'><strong>petebatﬁalomon</strong></span> <span class='ocrx_word' id='word_1_637' title='bbox 2015 4810 2100 4864; x_wconf 82' lang='lat' dir='ltr'><strong>di—</strong></span> <span class='ocrx_word' id='word_1_638' title='bbox 2208 4807 2380 4854; x_wconf 68' lang='grc' dir='ltr'><strong>τηοτιιδ</strong></span> <span class='ocrx_word' id='word_1_639' title='bbox 2409 4799 2666 4870; x_wconf 69' lang='grc' dir='ltr'><strong>ειιπίωίι</strong></span> <span class='ocrx_word' id='word_1_640' title='bbox 2693 4797 3027 4856; x_wconf 44' lang='lat' dir='ltr'><strong>facundus</strong></span> <span class='ocrx_word' id='word_1_641' title='bbox 3067 4800 3325 4870; x_wconf 63' lang='grc' dir='ltr'><strong>ωτίνιοτν</strong></span> <span class='ocrx_word' id='word_1_642' title='bbox 3370 4799 3544 4857; x_wconf 71' lang='grc' dir='ltr'><strong>οίῙίεῖο</strong></span> <span class='ocrx_word' id='word_1_643' title='bbox 3575 4795 3753 4854; x_wconf 69' lang='grc' dir='ltr'><strong>δ²¹Ῐ⁵Ῐ³“</strong></span> 
     </span>
    </p>
   </div>
   <div class='ocr_carea' id='block_1_51' title="bbox 506 4898 2416 4968">
    <p class='ocr_par' dir='ltr' id='par_1_51' title="bbox 506 4898 2416 4968">
     <span class='ocr_line' id='line_1_51' title="bbox 506 4898 2416 4968; baseline -0.005 -8"><span class='ocrx_word' id='word_1_644' title='bbox 506 4917 678 4960; x_wconf 85' lang='lat' dir='ltr'><strong>cens:</strong></span> <span class='ocrx_word' id='word_1_645' title='bbox 720 4903 1112 4961; x_wconf 76' lang='lat' dir='ltr'><strong>Mendicitatem</strong></span> <span class='ocrx_word' id='word_1_646' title='bbox 1136 4913 1186 4959; x_wconf 84' lang='lat' dir='ltr'><strong>et</strong></span> <span class='ocrx_word' id='word_1_647' title='bbox 1232 4902 1444 4959; x_wconf 83' lang='lat' dir='ltr'><strong>divitias</strong></span> <span class='ocrx_word' id='word_1_648' title='bbox 1483 4919 1545 4956; x_wconf 88' lang='lat' dir='ltr'><strong>ne</strong></span> <span class='ocrx_word' id='word_1_649' title='bbox 1573 4902 1782 4957; x_wconf 84' lang='lat' dir='ltr'><strong>dederis</strong></span> <span class='ocrx_word' id='word_1_650' title='bbox 1815 4901 1966 4968; x_wconf 79' lang='lat' dir='ltr'><strong>mihi,</strong></span> <span class='ocrx_word' id='word_1_651' title='bbox 1993 4910 2101 4956; x_wconf 83' lang='lat' dir='ltr'><strong>etc.</strong></span> <span class='ocrx_word' id='word_1_652' title='bbox 2209 4898 2416 4947; x_wconf 66' lang='lat' dir='ltr'><strong>cere!“-</strong></span> 
     </span>
    </p>
   </div>
   <div class='ocr_carea' id='block_1_52' title="bbox 509 4981 2047 5068">
    <p class='ocr_par' dir='ltr' id='par_1_52' title="bbox 509 4991 1059 5068">
     <span class='ocr_line' id='line_1_52' title="bbox 509 4991 1059 5068; baseline 0.002 -20"><span class='ocrx_word' id='word_1_653' title='bbox 509 4991 697 5065; x_wconf 76' lang='lat' dir='ltr'><strong>(Prov.</strong></span> <span class='ocrx_word' id='word_1_654' title='bbox 725 5012 857 5063; x_wconf 78' lang='lat' dir='ltr'><strong>xxx,</strong></span> <span class='ocrx_word' id='word_1_655' title='bbox 886 4998 964 5068; x_wconf 88' lang='lat'><strong>8-).</strong></span> <span class='ocrx_word' id='word_1_656' title='bbox 1057 5047 1059 5049; x_wconf 81' lang='grc'><strong><em>,</em></strong></span> 
     </span>
    </p>
   </div>
   <div class='ocr_carea' id='block_1_53' title="bbox 2214 4981 3752 5068">
    <p class='ocr_par' dir='ltr' id='par_1_53' title="bbox 2284 4981 3752 5054">
     <span class='ocr_line' id='line_1_53' title="bbox 2284 4981 3752 5054; baseline -0.001 -16"><span class='ocrx_word' id='word_1_657' title='bbox 2284 4982 2442 5040; x_wconf 83' lang='lat' dir='ltr'><strong>Num.</strong></span> <span class='ocrx_word' id='word_1_658' title='bbox 2473 4982 2528 5046; x_wconf 76' lang='lat'><strong>2.</strong></span> <span class='ocrx_word' id='word_1_659' title='bbox 2567 4982 2654 5038; x_wconf 76' lang='lat' dir='ltr'><strong>Ea:</strong></span> <span class='ocrx_word' id='word_1_660' title='bbox 2674 4981 2864 5054; x_wconf 82' lang='lat' dir='ltr'><strong>quibus</strong></span> <span class='ocrx_word' id='word_1_661' title='bbox 2892 4981 2951 5036; x_wconf 84' lang='lat' dir='ltr'><strong>in</strong></span> <span class='ocrx_word' id='word_1_662' title='bbox 2973 4981 3166 5054; x_wconf 81' lang='lat' dir='ltr'><strong>uigiliis</strong></span> <span class='ocrx_word' id='word_1_663' title='bbox 3193 4983 3578 5040; x_wconf 76' lang='lat' dir='ltr'><strong>solemnitatrtm</strong></span> <span class='ocrx_word' id='word_1_664' title='bbox 3601 4982 3752 5054; x_wconf 75' lang='lat' dir='ltr'><strong>inqui-</strong></span> 
     </span>
    </p>
   </div>
   <div class='ocr_carea' id='block_1_54' title="bbox 579 5072 3752 5155">
    <p class='ocr_par' dir='ltr' id='par_1_54' title="bbox 579 5072 3752 5155">
     <span class='ocr_line' id='line_1_54' title="bbox 579 5072 3752 5155; baseline -0.001 -17"><span class='ocrx_word' id='word_1_665' title='bbox 579 5081 718 5139; x_wconf 87' lang='lat' dir='ltr'><strong>Ibid.</strong></span> <span class='ocrx_word' id='word_1_666' title='bbox 755 5081 899 5140; x_wconf 83' lang='lat' dir='ltr'><strong>Nam</strong></span> <span class='ocrx_word' id='word_1_667' title='bbox 917 5085 964 5139; x_wconf 85' lang='lat' dir='ltr'><strong>si</strong></span> <span class='ocrx_word' id='word_1_668' title='bbox 986 5085 1103 5155; x_wconf 84' lang='lat' dir='ltr'><strong>quis</strong></span> <span class='ocrx_word' id='word_1_669' title='bbox 1134 5085 1280 5139; x_wconf 86' lang='lat' dir='ltr'><strong>nobis</strong></span> <span class='ocrx_word' id='word_1_670' title='bbox 1305 5084 1474 5154; x_wconf 82' lang='lat' dir='ltr'><strong>pisces</strong></span> <span class='ocrx_word' id='word_1_671' title='bbox 1498 5093 1588 5141; x_wconf 77' lang='lat' dir='ltr'><strong>aut</strong></span> <span class='ocrx_word' id='word_1_672' title='bbox 1616 5083 1920 5150; x_wconf 71' lang='lat' dir='ltr'><strong>huiusmodi</strong></span> <span class='ocrx_word' id='word_1_673' title='bbox 1951 5085 2108 5138; x_wconf 84' lang='lat' dir='ltr'><strong>mise-</strong></span> <span class='ocrx_word' id='word_1_674' title='bbox 2205 5075 2307 5128; x_wconf 80' lang='grc' dir='ltr'><strong>Ῑηη</strong></span> <span class='ocrx_word' id='word_1_675' title='bbox 2335 5072 2626 5144; x_wconf 84' lang='lat' dir='ltr'><strong>capitulum</strong></span> <span class='ocrx_word' id='word_1_676' title='bbox 2653 5083 2882 5137; x_wconf 75' lang='lat' dir='ltr'><strong>tenetur.</strong></span> <span class='ocrx_word' id='word_1_677' title='bbox 2913 5078 3020 5127; x_wconf 73' lang='lat'><strong>81¢.</strong></span> <span class='ocrx_word' id='word_1_678' title='bbox 3065 5072 3146 5132; x_wconf 74' lang='lat' dir='ltr'><strong>Ex</strong></span> <span class='ocrx_word' id='word_1_679' title='bbox 3183 5073 3288 5134; x_wconf 81' lang='lat' dir='ltr'><strong>hoc</strong></span> <span class='ocrx_word' id='word_1_680' title='bbox 3319 5074 3439 5130; x_wconf 81' lang='lat' dir='ltr'><strong>loco</strong></span> <span class='ocrx_word' id='word_1_681' title='bbox 3472 5075 3671 5130; x_wconf 68' lang='lat' dir='ltr'><strong>evidens</strong></span> <span class='ocrx_word' id='word_1_682' title='bbox 3691 5077 3752 5124; x_wconf 64' lang='grc' dir='ltr'><strong>εει</strong></span> 
     </span>
    </p>
   </div>
   <div class='ocr_carea' id='block_1_55' title="bbox 509 5161 3750 5248">
    <p class='ocr_par' dir='ltr' id='par_1_55' title="bbox 509 5161 3750 5248">
     <span class='ocr_line' id='line_1_55' title="bbox 509 5161 3750 5248; baseline -0.004 -19"><span class='ocrx_word' id='word_1_683' title='bbox 509 5173 582 5229; x_wconf 72' lang='lat' dir='ltr'><strong>sit</strong></span> <span class='ocrx_word' id='word_1_684' title='bbox 606 5172 830 5243; x_wconf 87' lang='lat' dir='ltr'><strong>aliquid,</strong></span> <span class='ocrx_word' id='word_1_685' title='bbox 861 5183 969 5230; x_wconf 92' lang='lat' dir='ltr'><strong>etc.</strong></span> <span class='ocrx_word' id='word_1_686' title='bbox 1007 5174 1106 5231; x_wconf 80' lang='lat' dir='ltr'><strong>Hic</strong></span> <span class='ocrx_word' id='word_1_687' title='bbox 1147 5176 1387 5246; x_wconf 89' lang='lat' dir='ltr'><strong>loquitur</strong></span> <span class='ocrx_word' id='word_1_688' title='bbox 1423 5192 1519 5248; x_wconf 86' lang='lat' dir='ltr'><strong>per</strong></span> <span class='ocrx_word' id='word_1_689' title='bbox 1547 5178 1944 5248; x_wconf 88' lang='lat' dir='ltr'><strong>oppositionent</strong></span> <span class='ocrx_word' id='word_1_690' title='bbox 1975 5191 2106 5232; x_wconf 57' lang='lat' dir='ltr'><strong>conv</strong></span> <span class='ocrx_word' id='word_1_691' title='bbox 2211 5167 2355 5236; x_wconf 77' lang='grc' dir='ltr'><strong>(111οά</strong></span> <span class='ocrx_word' id='word_1_692' title='bbox 2380 5167 2444 5229; x_wconf 68' lang='grc' dir='ltr'><strong>Β.</strong></span> <span class='ocrx_word' id='word_1_693' title='bbox 2472 5167 2531 5222; x_wconf 82' lang='grc' dir='ltr'><strong>Ρ.</strong></span> <span class='ocrx_word' id='word_1_694' title='bbox 2553 5167 2728 5239; x_wconf 72' lang='lat' dir='ltr'><strong>Guigo</strong></span> <span class='ocrx_word' id='word_1_695' title='bbox 2749 5169 3120 5240; x_wconf 79' lang='lat' dir='ltr'><strong>quodcunque</strong></span> <span class='ocrx_word' id='word_1_696' title='bbox 3141 5165 3347 5227; x_wconf 81' lang='lat' dir='ltr'><strong>festum</strong></span> <span class='ocrx_word' id='word_1_697' title='bbox 3367 5165 3582 5238; x_wconf 78' lang='lat' dir='ltr'><strong>capituli</strong></span> <span class='ocrx_word' id='word_1_698' title='bbox 3600 5161 3750 5221; x_wconf 79' lang='lat' dir='ltr'><strong>solem-</strong></span> 
     </span>
    </p>
   </div>
   <div class='ocr_carea' id='block_1_56' title="bbox 515 5261 3727 5348">
    <p class='ocr_par' dir='ltr' id='par_1_56' title="bbox 515 5261 3727 5348">
     <span class='ocr_line' id='line_1_56' title="bbox 515 5261 3727 5348; baseline -0.001 -26"><span class='ocrx_word' id='word_1_699' title='bbox 515 5263 796 5322; x_wconf 86' lang='lat' dir='ltr'><strong>suetudini</strong></span> <span class='ocrx_word' id='word_1_700' title='bbox 850 5265 925 5320; x_wconf 86' lang='lat' dir='ltr'><strong>illi</strong></span> <span class='ocrx_word' id='word_1_701' title='bbox 956 5282 1310 5338; x_wconf 83' lang='lat' dir='ltr'><strong>quamsupra</strong></span> <span class='ocrx_word' id='word_1_702' title='bbox 1342 5269 1688 5340; x_wconf 88' lang='lat' dir='ltr'><strong>reprehendit</strong></span> <span class='ocrx_word' id='word_1_703' title='bbox 1717 5271 1768 5325; x_wconf 90' lang='lat' dir='ltr'><strong>in</strong></span> <span class='ocrx_word' id='word_1_704' title='bbox 1804 5271 1999 5326; x_wconf 89' lang='lat' dir='ltr'><strong>missas</strong></span> <span class='ocrx_word' id='word_1_705' title='bbox 2022 5269 2106 5324; x_wconf 79' lang='lat' dir='ltr'><strong>fa-</strong></span> <span class='ocrx_word' id='word_1_706' title='bbox 2211 5261 2440 5316; x_wconf 54' lang='lat' dir='ltr'><strong>nitatem</strong></span> <span class='ocrx_word' id='word_1_707' title='bbox 2472 5270 2646 5316; x_wconf 74' lang='lat' dir='ltr'><strong>Vocat”.</strong></span> <span class='ocrx_word' id='word_1_708' title='bbox 3510 5347 3516 5348; x_wconf 12' lang='grc' dir='ltr'><em>γ</em></span> <span class='ocrx_word' id='word_1_709' title='bbox 3702 5339 3727 5348; x_wconf 34' lang='grc' dir='ltr'>η</span> 
     </span>
    </p>
   </div>
   <div class='ocr_carea' id='block_1_57' title="bbox 513 5343 2051 5435">
    <p class='ocr_par' dir='ltr' id='par_1_57' title="bbox 513 5358 2051 5435">
     <span class='ocr_line' id='line_1_57' title="bbox 513 5358 2051 5435; baseline 0.002 -19"><span class='ocrx_word' id='word_1_710' title='bbox 513 5373 641 5416; x_wconf 86' lang='lat' dir='ltr'><strong>cere</strong></span> <span class='ocrx_word' id='word_1_711' title='bbox 659 5358 888 5428; x_wconf 87' lang='lat' dir='ltr'><strong>paratis,</strong></span> <span class='ocrx_word' id='word_1_712' title='bbox 925 5358 1086 5419; x_wconf 81' lang='lat' dir='ltr'><strong>toties</strong></span> <span class='ocrx_word' id='word_1_713' title='bbox 1109 5375 1304 5430; x_wconf 85' lang='lat' dir='ltr'><strong>nempe</strong></span> <span class='ocrx_word' id='word_1_714' title='bbox 1323 5362 1604 5432; x_wconf 89' lang='lat' dir='ltr'><strong>splendide</strong></span> <span class='ocrx_word' id='word_1_715' title='bbox 1623 5363 1871 5434; x_wconf 89' lang='lat' dir='ltr'><strong>epulandi</strong></span> <span class='ocrx_word' id='word_1_716' title='bbox 1894 5365 2051 5435; x_wconf 81' lang='lat' dir='ltr'><strong>qnoti</strong></span> 
     </span>
    </p>
   </div>
   <div class='ocr_carea' id='block_1_58' title="bbox 2209 5343 3747 5435">
    <p class='ocr_par' dir='ltr' id='par_1_58' title="bbox 2285 5343 3747 5435">
     <span class='ocr_line' id='line_1_58' title="bbox 2285 5343 3747 5435; baseline -0.005 -30"><span class='ocrx_word' id='word_1_717' title='bbox 2285 5351 2417 5407; x_wconf 86' lang='lat' dir='ltr'><strong>Ibid.</strong></span> <span class='ocrx_word' id='word_1_718' title='bbox 2457 5351 2746 5411; x_wconf 78' lang='lat' dir='ltr'><strong>Matutinus</strong></span> <span class='ocrx_word' id='word_1_719' title='bbox 2777 5361 2824 5407; x_wconf 84' lang='lat' dir='ltr'><strong>et</strong></span> <span class='ocrx_word' id='word_1_720' title='bbox 2861 5363 3109 5407; x_wconf 65' lang='lat' dir='ltr'><strong>ceterum</strong></span> <span class='ocrx_word' id='word_1_721' title='bbox 3137 5366 3353 5405; x_wconf 79' lang='lat' dir='ltr'><strong>sacrum</strong></span> <span class='ocrx_word' id='word_1_722' title='bbox 3389 5347 3600 5418; x_wconf 75' lang='lat' dir='ltr'><strong>o/ﬁcium</strong></span> <span class='ocrx_word' id='word_1_723' title='bbox 3625 5343 3747 5435; x_wconf 50' lang='lat' dir='ltr'><strong>audi-</strong></span> 
     </span>
    </p>
   </div>
   <div class='ocr_carea' id='block_1_59' title="bbox 513 5427 3853 5522">
    <p class='ocr_par' dir='ltr' id='par_1_59' title="bbox 513 5427 3853 5522">
     <span class='ocr_line' id='line_1_59' title="bbox 513 5427 3853 5522; baseline -0.002 -14"><span class='ocrx_word' id='word_1_724' title='bbox 513 5427 682 5521; x_wconf 83' lang='lat' dir='ltr'><strong>aliqui</strong></span> <span class='ocrx_word' id='word_1_725' title='bbox 727 5465 826 5522; x_wconf 90' lang='lat' dir='ltr'><strong>pro</strong></span> <span class='ocrx_word' id='word_1_726' title='bbox 856 5451 972 5508; x_wconf 87' lang='lat' dir='ltr'><strong>suis</strong></span> <span class='ocrx_word' id='word_1_727' title='bbox 1005 5452 1086 5508; x_wconf 91' lang='lat' dir='ltr'><strong>eis</strong></span> <span class='ocrx_word' id='word_1_728' title='bbox 1124 5427 1396 5508; x_wconf 79' lang='lat' dir='ltr'><strong>voluerint</strong></span> <span class='ocrx_word' id='word_1_729' title='bbox 1425 5427 1685 5511; x_wconf 78' lang='lat' dir='ltr'><strong>exhibere</strong></span> <span class='ocrx_word' id='word_1_730' title='bbox 1713 5427 2016 5520; x_wconf 75' lang='lat' dir='ltr'><strong>defunctis;</strong></span> <span class='ocrx_word' id='word_1_731' title='bbox 2054 5461 2113 5509; x_wconf 90' lang='lat' dir='ltr'><strong>et</strong></span> <span class='ocrx_word' id='word_1_732' title='bbox 2212 5443 2342 5509; x_wconf 64' lang='lat' dir='ltr'><strong>luti.</strong></span> <span class='ocrx_word' id='word_1_733' title='bbox 2365 5451 2472 5499; x_wconf 79' lang='lat' dir='ltr'><strong>elc-</strong></span> <span class='ocrx_word' id='word_1_734' title='bbox 2491 5443 2568 5499; x_wconf 85' lang='lat' dir='ltr'><strong>De</strong></span> <span class='ocrx_word' id='word_1_735' title='bbox 2592 5443 2781 5500; x_wconf 72' lang='lat' dir='ltr'><strong>andilu</strong></span> <span class='ocrx_word' id='word_1_736' title='bbox 2809 5443 2924 5502; x_wconf 70' lang='lat'><strong>8010</strong></span> <span class='ocrx_word' id='word_1_737' title='bbox 2952 5440 3114 5498; x_wconf 60' lang='grc' dir='ltr'><strong>θῆκίὶ</strong></span> <span class='ocrx_word' id='word_1_738' title='bbox 3142 5441 3232 5496; x_wconf 84' lang='lat' dir='ltr'><strong>hic</strong></span> <span class='ocrx_word' id='word_1_739' title='bbox 3263 5435 3323 5495; x_wconf 78' lang='grc' dir='ltr'><strong>ηι</strong></span> <span class='ocrx_word' id='word_1_740' title='bbox 3345 5439 3564 5503; x_wconf 72' lang='lat' dir='ltr'><strong>menliO.</strong></span> <span class='ocrx_word' id='word_1_741' title='bbox 3587 5449 3675 5489; x_wconf 71' lang='grc' dir='ltr'><strong>που</strong></span> <span class='ocrx_word' id='word_1_742' title='bbox 3697 5429 3748 5485; x_wconf 66' lang='grc' dir='ltr'><strong>δε</strong></span> <span class='ocrx_word' id='word_1_743' title='bbox 3852 5427 3853 5434; x_wconf 28' lang='grc'><em>“</em></span> 
     </span>
    </p>
   </div>
   <div class='ocr_carea' id='block_1_60' title="bbox 513 5524 3746 5619">
    <p class='ocr_par' dir='ltr' id='par_1_60' title="bbox 513 5524 3746 5619">
     <span class='ocr_line' id='line_1_60' title="bbox 513 5524 3746 5619; baseline -0.005 -19"><span class='ocrx_word' id='word_1_744' title='bbox 513 5546 772 5615; x_wconf 79' lang='lat' dir='ltr'><strong>exprimit</strong></span> <span class='ocrx_word' id='word_1_745' title='bbox 801 5545 1036 5619; x_wconf 82' lang='lat' dir='ltr'><strong>qualiter</strong></span> <span class='ocrx_word' id='word_1_746' title='bbox 1079 5544 1340 5601; x_wconf 90' lang='lat' dir='ltr'><strong>utendum</strong></span> <span class='ocrx_word' id='word_1_747' title='bbox 1378 5545 1537 5602; x_wconf 89' lang='lat' dir='ltr'><strong>nobis</strong></span> <span class='ocrx_word' id='word_1_748' title='bbox 1575 5546 1648 5602; x_wconf 88' lang='lat' dir='ltr'><strong>sit</strong></span> <span class='ocrx_word' id='word_1_749' title='bbox 1693 5546 2013 5603; x_wconf 85' lang='lat' dir='ltr'><strong>muneribus</strong></span> <span class='ocrx_word' id='word_1_750' title='bbox 2040 5547 2107 5600; x_wconf 90' lang='lat' dir='ltr'><strong>ad</strong></span> <span class='ocrx_word' id='word_1_751' title='bbox 2216 5535 2536 5594; x_wconf 77' lang='lat' dir='ltr'><strong>recitatione</strong></span> <span class='ocrx_word' id='word_1_752' title='bbox 2559 5535 2761 5606; x_wconf 83' lang='lat' dir='ltr'><strong>aliqua.</strong></span> <span class='ocrx_word' id='word_1_753' title='bbox 2790 5534 2902 5591; x_wconf 88' lang='lat' dir='ltr'><strong>Cur</strong></span> <span class='ocrx_word' id='word_1_754' title='bbox 2925 5543 3108 5589; x_wconf 81' lang='lat' dir='ltr'><strong>autem</strong></span> <span class='ocrx_word' id='word_1_755' title='bbox 3149 5532 3205 5587; x_wconf 92' lang='lat' dir='ltr'><strong>id</strong></span> <span class='ocrx_word' id='word_1_756' title='bbox 3234 5539 3501 5586; x_wconf 83' lang='lat' dir='ltr'><strong>mutatum</strong></span> <span class='ocrx_word' id='word_1_757' title='bbox 3528 5524 3683 5619; x_wconf 68' lang='lat' dir='ltr'><strong>fuerit.</strong></span> <span class='ocrx_word' id='word_1_758' title='bbox 3704 5527 3746 5574; x_wconf 78' lang='grc' dir='ltr'><strong>οι</strong></span> 
     </span>
    </p>
   </div>
   <div class='ocr_carea' id='block_1_61' title="bbox 516 5614 3742 5708">
    <p class='ocr_par' dir='ltr' id='par_1_61' title="bbox 516 5614 3742 5708">
     <span class='ocr_line' id='line_1_61' title="bbox 516 5614 3742 5708; baseline 0 -14"><span class='ocrx_word' id='word_1_759' title='bbox 516 5614 621 5694; x_wconf 82' lang='lat' dir='ltr'><strong>nos</strong></span> <span class='ocrx_word' id='word_1_760' title='bbox 659 5614 844 5694; x_wconf 77' lang='lat' dir='ltr'><strong>missis</strong></span> <span class='ocrx_word' id='word_1_761' title='bbox 885 5614 987 5707; x_wconf 81' lang='lat' dir='ltr'><strong>pro</strong></span> <span class='ocrx_word' id='word_1_762' title='bbox 1030 5646 1186 5708; x_wconf 89' lang='lat' dir='ltr'><strong>pastu</strong></span> <span class='ocrx_word' id='word_1_763' title='bbox 1234 5647 1557 5702; x_wconf 88' lang='lat' dir='ltr'><strong>conventus,</strong></span> <span class='ocrx_word' id='word_1_764' title='bbox 1599 5651 1720 5708; x_wconf 71' lang='lat' dir='ltr'><strong>qua:</strong></span> <span class='ocrx_word' id='word_1_765' title='bbox 1765 5637 1853 5692; x_wconf 89' lang='lat' dir='ltr'><strong>his</strong></span> <span class='ocrx_word' id='word_1_766' title='bbox 1900 5644 2106 5691; x_wconf 88' lang='lat' dir='ltr'><strong>tantum</strong></span> <span class='ocrx_word' id='word_1_767' title='bbox 2216 5645 2378 5685; x_wconf 36' lang='lat' dir='ltr'><strong>nunc.</strong></span> <span class='ocrx_word' id='word_1_768' title='bbox 2405 5628 2576 5684; x_wconf 70' lang='lat' dir='ltr'><strong>nostri</strong></span> <span class='ocrx_word' id='word_1_769' title='bbox 2622 5627 2907 5693; x_wconf 58' lang='lat' dir='ltr'><strong>conveni.</strong></span> <span class='ocrx_word' id='word_1_770' title='bbox 2949 5635 3182 5683; x_wconf 69' lang='grc' dir='ltr'><strong>ωυεηιθ</strong></span> <span class='ocrx_word' id='word_1_771' title='bbox 3219 5631 3520 5685; x_wconf 52' lang='lat' dir='ltr'><strong>“mentm</strong></span> <span class='ocrx_word' id='word_1_772' title='bbox 3555 5615 3742 5673; x_wconf 56' lang='lat' dir='ltr'><strong>0mm&quot;</strong></span> 
     </span>
    </p>
   </div>
   <div class='ocr_carea' id='block_1_62' title="bbox 519 5709 3740 5801">
    <p class='ocr_par' dir='ltr' id='par_1_62' title="bbox 519 5709 3740 5801">
     <span class='ocr_line' id='line_1_62' title="bbox 519 5709 3740 5801; baseline -0.009 -8"><span class='ocrx_word' id='word_1_773' title='bbox 519 5727 713 5794; x_wconf 56' lang='lat' dir='ltr'><strong>diebus</strong></span> <span class='ocrx_word' id='word_1_774' title='bbox 743 5721 1147 5798; x_wconf 68' lang='lat' dir='ltr'><strong>ministrarum,</strong></span> <span class='ocrx_word' id='word_1_775' title='bbox 1177 5729 1372 5800; x_wconf 88' lang='lat' dir='ltr'><strong>quibus</strong></span> <span class='ocrx_word' id='word_1_776' title='bbox 1400 5744 1497 5801; x_wconf 87' lang='lat' dir='ltr'><strong>per</strong></span> <span class='ocrx_word' id='word_1_777' title='bbox 1525 5737 1722 5789; x_wconf 87' lang='lat' dir='ltr'><strong>statuta</strong></span> <span class='ocrx_word' id='word_1_778' title='bbox 1750 5727 1894 5788; x_wconf 72' lang='lat' dir='ltr'><strong>licet.</strong></span> <span class='ocrx_word' id='word_1_779' title='bbox 2099 5750 2103 5754; x_wconf 91' lang='lat'><strong><em>-</em></strong></span> <span class='ocrx_word' id='word_1_780' title='bbox 2219 5736 2378 5782; x_wconf 81' lang='lat' dir='ltr'><strong>suum</strong></span> <span class='ocrx_word' id='word_1_781' title='bbox 2425 5719 2764 5796; x_wconf 85' lang='lat' dir='ltr'><strong>persolvant,</strong></span> <span class='ocrx_word' id='word_1_782' title='bbox 2809 5727 2967 5793; x_wconf 90' lang='lat' dir='ltr'><strong>prout</strong></span> <span class='ocrx_word' id='word_1_783' title='bbox 3013 5717 3238 5776; x_wconf 87' lang='lat' dir='ltr'><strong>absente</strong></span> <span class='ocrx_word' id='word_1_784' title='bbox 3273 5714 3474 5774; x_wconf 87' lang='lat' dir='ltr'><strong>clerico</strong></span> <span class='ocrx_word' id='word_1_785' title='bbox 3511 5709 3616 5770; x_wconf 84' lang='lat' dir='ltr'><strong>illos</strong></span> <span class='ocrx_word' id='word_1_786' title='bbox 3647 5715 3740 5762; x_wconf 71' lang='lat' dir='ltr'><strong>tunc</strong></span> 
     </span>
    </p>
   </div>
  </div>
