3992 6410
207 412 320 470 7‘25

1528 413 2122 476 CONSUETUDINES.
2223 401 2226 404 i

2047 328 2055 334 '
2115 324 2190 362 οἳ

3374 419 3508 477 Ἱῖϐῑῑ

268 527 330 583 3.
371 527 662 584 Ascettsuri
689 537 896 596 autem,
932 527 1006 586 ad
1025 528 1400 600 coquinarium
1427 531 1672 598 veniunt,
1694 539 1752 587 et
1777 543 1901 588 cum
1927 529 2044 601 ejus
2071 529 2308 594 liuentia,
2341 535 2559 585 servato
2585 516 3076 599 pergentIsilcntio,
3107 531 3250 600 quod
3276 548 3478 603 praece-

198 630 343 689 perit
384 623 678 687 portaturi;
724 623 792 674 ibi
822 637 1059 690 quoque,
1086 623 1138 676 id
1163 633 1246 676 est
1273 623 1542 690 superius,
1568 625 1709 679 sicut
1736 623 1960 694 ubique,
1985 637 2017 677 a
2055 620 2413 691 completorio
2441 634 2614 692 usque
2643 627 2766 692 post
2800 620 3054 691 primam,
3083 631 3140 678 et
3180 637 3210 677 a
3245 619 3494 693 capitqu-

199 727 377 784 usque
409 721 528 782 post
555 727 777 776 nouam,
807 714 858 766 in
889 713 1103 770 silentio
1125 723 1527 786 permanentes.

267 805 327 863 4.
370 805 701 876 Coquinario
738 815 918 864 tamen
949 814 1005 862 et
1034 805 1290 877 adjutori,
1327 807 1444 864 sive
1481 807 1818 878 adiutoribus
1858 806 1997 878 eius,
2028 806 2097 863 de
2140 803 2464 862 necessariis
2506 802 2651 873 loqui
2699 801 2845 858 licet.
2879 802 3015 860 Cum
3057 803 3273 862 silentio
3315 805 3480 862 etiam

199 895 558 963 descendunt,
585 896 728 968 quod
743 894 890 967 jussi'
916 883 1119 953 fuerint
1143 906 1515 969 reportantes,
1537 913 1796 970 vesperas
1825 899 1879 954 in
1908 896 2117 968 capella
2145 911 2175 951 a
2203 895 2463 967 deputato
2493 893 2594 950 sibi
2625 893 2889 950 monacho
2915 895 3173 952 audituri.

1528 996 1929 1054 CAPITULUM
1967 996 2149 1052 XLIII.

1066 1083 1296 1141 hem-de
1325 1085 1505 1141 eadem
1534 1071 1609 1152 re,
1642 1097 1690 1142 et
1718 1104 1821 1158 quo
1851 1099 2079 1158 tempore
2107 1085 2366 1140 ad‘leclos
2395 1085 2626 1140 redeant.

274 1173 326 1228 l.
370 1173 596 1242 Quoties
623 1183 805 1232 autem
827 1183 956 1232 sunt
984 1175 1102 1232 sine
1130 1177 1356 1243 clerico,
1385 1176 1700 1235 Orationem
1727 1179 2061 1237 Dominicam
2089 1193 2188 1250 pro
2214 1177 2438 1250 psalmis
2476 1178 2699 1246 habent,
2726 1187 2782 1236 et
2809 1177 2876 1236 de
2903 1192 2969 1235 ea
3003 1177 3168 1235 horas
3195 1191 3404 1246 omnes,
3427 1187 3486 1237 et

201 1274 402 1336 totum,
434 1267 742 1339 ubicunque
773 1269 906 1334 siut,
937 1268 1210 1340 complent
1243 1268 1500 1325 cilicium.

273 1352 332 1408 2.
373 1354 434 1410 ln
464 1357 747 1412 matutinis
775 1356 964 1425 igitur,
992 1357 1036 1412 si
1066 1357 1352 1414 duodecim
1390 1356 1682 1412 lectionum
1719 1356 1916 1414 festum
1949 1365 2052 1423 est,
2090 1355 2338 1413 inclinati
2372 1354 2622 1423 tantum,-
2639 1356 2773 1413 alias
2796 1356 2942 1413 enim
2969 1373 3132 1428 super
3162 1358 3366 1415 formas
3385 1353 3483 1417 se-

199 1445 327 1510 mel,
374 1444 542 1503 Pater
584 1456 760 1514 noster
801 1463 925 1502 cum
969 1464 1164 1520 magna
1222 1450 1409 1504 dicunt
1447 1450 1775 1515 attentione;
1809 1451 2002 1508 deinde
2042 1451 2210 1507 erecti
2240 1451 2491 1506 eamdem
2525 1451 2705 1506 sexies
2741 1461 2984 1516 repetunt
3027 1454 3350 1520 orationem,
3383 1470 3480 1523 per

199 1535 445 1606 singulas
479 1536 868 1607 supplicantes,
911 1548 969 1594 et
1004 1535 1188 1594 Gloria
1219 1539 1375 1594 Patri
1406 1539 1670 1594 dicentes.
1697 1539 1903 1597 Deinde
1929 1541 2222 1596 considunt
2247 1549 2304 1596 et
2327 1541 2574 1597 eamdem
2599 1543 2899 1598 orationem
2931 1543 3016 1599 bis
3039 1553 3094 1599 et
3127 1545 3299 1616 vigies
3329 1561 3483 1616 repe-

199 1633 354 1682 tunt-
375 1625 447 1681 Et
471 1635 660 1694 postea
694 1636 977 1698 surgentes
997 1629 1244 1684 eamdem
1265 1643 1390 1684 cum
1417 1629 1828 1699 supplicatione,
1855 1638 1930 1698 et,
1959 1629 2145 1685 Gloria
2187 1628 2344 1685 Patri
2368 1630 2547 1686 sexies
2585 1631 2808 1696 iterant,
2853 1645 2918 1688 ac
2937 1633 3195 1704 deinceps
3214 1636 3268 1691 in
3293 1639 3486 1692 stando

198 1725 618 1788 perseverantes
648 1719 822 1788 ipsam
849 1718 1097 1774 eamdem
1126 1719 1245 1776 sine
1274 1718 1458 1775 Gloria
1479 1731 1534 1775 et
1557 1719 1953 1791 supplicatione
1985 1720 2168 1792 viginti
2194 1728 2250 1777 et
2271 1711 2720 1776 duabus-vicibus
2750 1721 2960 1778 dicunt.
2990 1722 3163 1796 Quam
3189 1725 3354 1781 etiam
3388 1742 3488 1797 pro

198 1809 428 1865 collecta
454 1807 1013 1880 semel'subjungunt.

269 1903 326 1958 ὅ.
373 1901 509 1960 Post
549 1902 849 1957 matutinas
885 1901 954 1956 ad
985 1900 1286 1957 orationem
1319 1899 1670 1956 constitutam
1699 1897 1979 1956 festinant;
2007 1899 2179 1968 Quam
2220 1896 2341 1955 ideo
2387 1899 2628 1957 scribere
2672 1899 2944 1968 nolumus,
2980 1902 3132 1972 quia,
3177 1901 3486 1975 vulgaribus

198 1995 409 2062 verbis,
438 1994 658 2052 aliisab
685 1994 814 2050 aliis
839 1993 1170 2050 insinuatur.

267 2091 324 2146 ι.
364 2089 437 2144 Et
457 2089 584 2160 quia
615 2103 646 2143 a
680 2086 940 2143 Kalendis
964 2084 1215 2143 Octobris
1244 2099 1416 2156 usque
1442 2085 1507 2139 ad
1545 2082 1748 2139 Pascha
1789 2098 1896 2140 non
1934 2083 2143 2142 reditur
2174 2080 2242 2138 ad
2282 2082 2470 2147 lectos,
2501 2081 2554 2136 in
2581 2081 2758 2151 spatio
2779 2080 2924 2150 quod
2950 2095 3122 2151 usque
3147 2081 3214 2136 ad
3252 2082 3488 2153 primam

200 2188 473 2241 remanet,
505 2191 603 2246 pro
629 2175 938 2246 quantitate
967 2175 1211 2234 noctium
1236 2173 1454 2244 longum
1480 2172 1563 2226 vel
1591 2173 1776 2238 breve,
1806 2181 1985 2230 vestes
2025 2189 2153 2229 suas
2179 2180 2391 2239 'suunt,
2423 2170 2506 2226 vel
2544 2170 2812 2228 sotulares
2836 2180 3065 2242 ungunt,
3096 2171 3182 2226 vel
3213 2188 3378 2244 rapas
3398 2189 3488 2229 ra.

199 2268 355 2333 dunt,
391 2266 477 2322 vel
503 2266 548 2321 si
583 2266 713 2335 quid
739 2263 885 2319 aliud
913 2263 993 2320 eis
1022 2263 1322 2335 injunctum
1359 2271 1467 2328 est,
1498 2263 1617 2320 siue
1655 2263 1883 2334 strepitu
1923 2263 2208 2329 duntaxat,
2245 2270 2563 2334 operantur.
2601 2260 2660 2317 Si
2690 2259 2826 2316 nihil
2862 2260 2968 2317 tale
2991 2261 3493 2333 urget,_intettdunt

200 2363 441 2422 orationi
474 2367 736 2432 quantum
761 2367 1011 2429 possunt.

268 2457 324 2512 5.
367 2457 427 2510 A.
445 2453 658 2510 Pascha
683 2466 857 2522 usque
883 2451 950 2506 ad
980 2449 1253 2507 Kalendas
1273 2447 1526 2506 Octobris
1562 2449 1628 2504 ad
1653 2448 1824 2505 lectos
1852 2447 2102 2514 redeunt,
2123 2445 2188 2509 in
2221 2461 2328 2518 quo
2353 2454 2473 2502 .toto
2498 2445 2760 2516 temporis
2792 2445 3138 2516 spatioaorto
3159 2447 3278 2504 sole
3295 2446 3476 2519 prima

201 2554 478 2626 pulsatur.
511 2551 570 2606 In
593 2562 770 2604 messe
803 2556 1007 2614 tamen,
1031 2554 1192 2618 prout
1217 2546 1520 2602 necessitas
1546 2544 1804 2616 postulat,
1835 2544 2020 2602 citius.
2045 2543 2255 2600 Abinde
2291 2556 2463 2614 usque
2501 2542 2569 2598 ad
2595 2541 2804 2596 Pascha
2829 2555 3040 2596 summo
3067 2556 3227 2597 mane
3251 2543 3490 2612 primaut

203 2649 277 2704 ita
303 2645 578 2718 incipiunt
604 2661 619 2699 :
647 2641 994 2714 Adjutorium
1021 2650 1266 2696 nostrum
1292 2640 1350 2695 in
1397 2643 1606 2694 nomine
1634 2638 1843 2695 Domini

1926 2641 1989 2694 ιιιὶ
2011 2638 2132 2710 fecit
2179 2636 2366 2693 mlunt
2385 2645 2444 2692 ,ει
2470 2645 2666 2692 terram
2681 2634 2948 2702 ;‘,deinde,
2977 2634 3142 2692 Pater
3163 2648 3340 2694 noster
3363 2654 3488 2696 cum

203 2742 392 2804 Gloria
447 2741 626 2807 Patri,
673 2747 730 2802 et
753 2737 935 2804 venia,
958 2735 1044 2794 vel
1067 2733 1465 2808 supplicatione
1500 2735 1801 2791 secundum
1829 2742 2064 2804 tempus,
2115 2732 2309 2798 tertio;
2339 2739 2536 2801 quarto
2564 2731 2729 2786 etiam
2757 2745 2859 2802 pro
2886 2728 3130 2787 collecta.
3161 2731 3218 2787 In
3263 2734 3491 2792 caeteris.

203 2839 356 2896 horis
383 2837 660 2902 similiter,
685 2844 916 2906 excepto
944 2833 1088 2904 quod
1117 2833 1175 2890 in
1200 2833 1444 2904 vesperis
1470 2848 1639 2888 unum
1661 2832 1878 2889 additur
1905 2829 2071 2886 Pater
2120 2839 2315 2885 noster.
2344 2827 2474 2883 Post
2498 2826 2913 2900 completorium
2955 2825 3126 2887 lectos
3152 2830 3375 2897 adeunt,
3404 2839 3485 2906 et,-

203 2943 262 2992 ιιι
287 2933 897 3004 dormiant,.satagunt,
929 2947 999 2989 ne
1021 2929 1186 2999 forte,
1219 2945 1344 2989 cum
1365 2929 1600 3004 vigilare
1623 2929 1935 2994 debuerint,
1959 2927 2200 2984 dormire
2225 2922 2644 2995 compellantur.
2731 2956 2733 2958 -

1563 3076 2138 3137 COMMENTARIUS.

207 3214 391 3273 facere
417 3211 668 3271 debuisse
697 3211 752 3269 in
785 3211 1033 3285 sequenti
1069 3211 1310 3284 capitqu
1349 3210 1697 3268 describitur.
1736 3209 1792 3267 Id
1822 3214 1875 3276 Α
1968 3210 2129 3266 Num.
2159 3210 2216 3266 4.
2256 3207 2584 3278 Vesperasin
2606 3207 2826 3279 capella,
2851 3217 2986 3274 etc.,
3009 3207 3268 3263 audituri.
3288 3207 3490 3265 Adhuc

203 3295 524 3379 provenisse
571 3305 904 3361 arbitramur
951 3321 1019 3362 ex
1072 3303 1446 3361 dissuetudine
1490 3302 1800 3358 introducta

204 3395 513 3453 aediﬁcandi
561 3396 614 3452 in
664 3396 868 3454 nostris
933 3397 1185 3453 domibus
1254 3395 1443 3452 domos
1491 3394 1799 3451 inferiores.

207 3485 360 3545 Unde
393 3485 595 3541 factum
635 3494 720 3542 est
756 3495 816 3540 ut
847 3501 1040 3542 omnes
1068 3485 1318 3542 conversi
1357 3484 1412 3540 in
1444 3483 1606 3541 domo
1642 3499 1804 3556 supe-

205 3575 333 3630 riori
369 3574 667 3631 existentes
695 3575 767 3632 ibi
798 3576 1080 3636 nocturnis
1110 3574 1314 3644 olliciis,
1341 3574 1608 3631 interesse
1635 3575 1804 3632 debe-

205 3673 347 3729 rent,
405 3665 601 3734 quibus
645 3680 714 3721 ex
759 3676 924 3722 cantu
972 3665 1360 3736 prolixioribus
1405 3666 1646 3733 elfectis,
1700 3667 1805 3723 ista

205 3771 432 3826 precum
456 3756 719 3813 vocalium
744 3758 1034 3828 occupatio
1068 3758 1148 3814 eis
1179 3759 1452 3828 assignata
1492 3757 1613 3824 fttit,
1643 3772 1710 3813 ne
1749 3757 1802 3822 in

205 3850 406 3914 otium,
432 3857 525 3904 aut
550 3849 790 3917 tzedium,
814 3859 909 3906 aut
935 3866 1211 3917 somnum,
1234 3850 1558 3909 durantibus
1585 3852 1806 3908 matuti-

207 3941 308 4004 nis,
343 3940 686 3997 deciderent.

273 4030 418 4086 ltiti.
448 4030 579 4087 Etsi
600 4049 732 4103 quas
753 4031 943 4089 habent
966 4033 1150 4105 culpas
1188 4035 1529 4107 conﬁtentur.
1549 4034 1604 4090 id
1628 4043 1806 4106 potest

209 4117 439 4190 itttelligi
487 4129 598 4175 tum
642 4121 708 4177 de
748 4121 1090 4180 confessione
1137 4124 1540 4197 sacrantentali,
1584 4134 1697 4180 tum
1738 4126 1810 4184 de

209 4208 429 4278 publica
472 4197 842 4282 recognitione
881 4213 1183 4283 culparum,
1231 4230 1354 4269 nam
1391 4224 1624 4286 utraque
1667 4216 1806 4272 solet

209 4297 324 4355 fieri
365 4300 506 4371 apud
537 4316 635 4356 nos
662 4311 781 4377 post
812 4303 1130 4374 capitulum.
1170 4304 1413 4364 Sabbato
1438 4286 1654 4378 quidem
1687 4316 1807 4379 post

211 4390 621 4447 recordationes
659 4392 725 4448 ad
764 4393 1156 4451 confessionem
1188 4399 1634 4457 sacramentalem
1666 4408 1806 4455 tem-

1903 3302 1972 3359 de
1993 3299 2226 3370 simplici
2258 3297 2444 3353 auditu
2476 3297 2565 3353 Itic
2594 3298 2654 3352 lit
2680 3298 2902 3354 mentio.

1974 3391 2171 3447 Totum
2217 3389 2323 3445 hoc
2351 3386 2646 3458 capitulum
2693 3387 2920 3442 relatum
2961 3387 3129 3444 habes
3159 3387 3213 3444 in
3259 3387 3523 3459 antiquis.

1903 3482 2123 3540 statutis
2150 3489 2306 3551 parte
2335 3495 2423 3546 ttt,
2447 3494 2568 3550 cap.
2602 3479 2655 3544 l,
2691 3495 2848 3534 nutu.
2878 3479 2900 3534 l
2934 3487 2989 3534 et
3014 3492 3172 3550 seqq.

1973 3575 2102 3631 CAP.
2143 3572 2326 3630 XLIII.
2354 3602 2425 3614 —
2450 3571 2610 3628 Num.
2644 3571 2704 3627 1..
2731 3571 2948 3639 Quoties
2987 3584 3188 3633 autem.
3219 3573 3346 3630 Inde
3371 3574 3493 3628 evi-

1905 3664 2042 3722 dens
2066 3674 2151 3720 est
2178 3663 2322 3734 quod
2345 3663 2571 3719 absente
2593 3671 2802 3718 tantum
2827 3675 3183 3735 procuratore
3215 3673 3340 3718 tunc
3359 3664 3498 3734 ipsi-3

1905 3763 2013 3809 met
2052 3752 2769 3822 matutinaspersolverent,
2811 3763 2866 3810 et
2901 3770 2999 3824 pro
3041 3755 3261 3825 psalmis
3289 3754 3499 3811 Oratio—

1907 3859 2030 3899 nem
2060 3843 2398 3899 Dominicatn
2434 3843 2718 3908 haberent,
2759 3844 2904 3899 illam
2933 3847 3226 3901 recitantes
3259 3846 3418 3901 modo
3439 3855 3499 3903 ct

1906 3949 2132 3990 numero
2168 3934 2258 4004 qui
2306 3935 2395 3989 hic
2433 3935 2773 4004 exprimitur.
2812 3935 2964 3992 Unde
3007 3945 3222 3992 constat
3260 3936 3498 3995 ofﬁciunt

1906 4035 2214 4080 nostrorum
2261 4039 2650 4081 couversorum
2710 4037 2839 4082 tunc
2887 4027 3053 4083 fuisse
3108 4029 3266 4100 longe
3320 4029 3503 4085 minus

1905 4117 2176 4190 prolixum
2203 4132 2365 4188 quam
2399 4132 2542 4174 nunc
2567 4126 2670 4174 est.
2703 4117 2836 4174 Nam
2869 4129 2995 4176 tunc
3030 4121 3099 4176 58
3125 4121 3332 4177 vicibus
3357 4119 3497 4177 Ora-

1909 4213 2109 4267 tionem
2145 4211 2476 4268 Dominicam
2523 4214 2847 4284 repetebant
2888 4222 2944 4269 et
2973 4213 3042 4268 12
3080 4215 3290 4271 vicibus
3319 4213 3507 4272 Gloria

1911 4301 2066 4363 Patri
2089 4319 2187 4374 pro
2209 4313 2320 4360 toto
2339 4303 2518 4360 oﬂicio
2543 4314 2812 4362 nocturno
2830 4322 2846 4372 ;
2863 4321 2970 4378 pro
3004 4305 3200 4362 diurno
3222 4316 3406 4364 autem
3427 4307 3502 4362 25

1909 4395 2115 4451 vicibus
2165 4396 2478 4453 Orationem
2513 4397 2871 4466 Dominicam,
2901 4408 2956 4456 et
2985 4399 3046 4454 ΞΑ
3091 4399 3274 4456 Gloria
3300 4399 3451 4456 Ραηὶ
3477 4419 3510 4464 ε,

210 4497 308 4551 ptts
332 4484 618 4540 monachis
654 4485 964 4556 assignatur
989 4503 1150 4559 supra
1187 4505 1306 4558 cap.
1339 4492 1392 4557 7,
1427 4510 1578 4547 num.
1603 4493 1660 4552 2..
1698 4494 1805 4550 Sed

1930 4486 2043 4541 tihil
2072 4501 2200 4541 vero
2230 4489 2527 4544 reddebant
2553 4505 2652 4560 pro
2679 4491 2857 4546 ofﬁcio
2885 4490 2952 4546 de
2975 4490 3040 4546 Β.
3066 4491 3253 4548 Maria.

212 4575 339 4642 quia
369 4575 614 4637 conversi
641 4585 766 4632 tunc
792 4593 898 4634 non
930 4556 1162 4635 aderant
1184 4592 1240 4637 et
1266 4581 1411 4638 circa
1438 4583 1552 4640 alia
1572 4599 1806 4655 occupa-
1842 4560 1843 4564 η

1935 4643 1938 4645 Α
1983 4576 2142 4632 Νυιη.
2203 4578 2260 4633 ὅ.
2309 4577 2437 4633 Post
2482 4556 2768 4634 matutinas
2803 4579 2872 4633 ad
2914 4582 3204 4635 orationem
3249 4583 3506 4636 constitua

211 4665 435 4735 bantur,
483 4667 631 4724 aliud
678 4677 911 4741 tempus,
957 4687 1152 4729 nemne
1199 4681 1321 4744 post
1360 4675 1678 4746 capitulum,
1723 4677 1816 4734 cis.

212 4758 543 4829 assignatur.

284 4847 452 4904 Num.
482 4851 536 4906 3.
583 4850 865 4907 Ascensuri
909 4863 1085 4908 autem
1134 4855 1210 4914 ad.
1250 4856 1646 4928 coquinarinm,
1693 4871 1800 4917 etc.

212 4936 334 4996 1am
364 4939 604 4998 diximus
625 4944 766 5012 quod
793 4946 1142 5017 coquinarius
1172 4957 1284 5003 erat
1312 4949 1473 5004 veluti
1501 4952 1804 5022 praecipuus

215 5043 552 5096 teconomus,
579 5035 669 5102 qui
701 5034 866 5090 etiam
909 5035 1056 5092 vices
1094 5041 1463 5108 procuratoris
1494 5043 1709 5110 agebat,
1751 5053 1807 5100 et

217 5118 270 5174 in
310 5122 497 5180 multis
525 5123 768 5181 licentias
793 5125 971 5182 dabat.

288 5209 426 5274 Ibid.
455 5210 542 5266 Ibi
571 5229 796 5285 quoque,
839 5215 894 5269 id
941 5226 1017 5270 est
1061 5217 1322 5288 superius,
1369 5219 1502 5277 sicut
1543 5219 1729 5290 ubique
1771 5239 1804 5274 a

219 5304 580 5374 contpletoria,
611 5315 719 5364 etc.
746 5317 794 5363 et
818 5326 850 5363 a
878 5308 1125 5379 capitulo,
1158 5319 1263 5367 etc.
1293 5310 1501 5368 Sensus
1527 5311 1670 5368 illius
1697 5313 1800 5369 loci

218 5408 306 5451 est
326 5397 470 5467 quod
499 5398 694 5458 fratres
713 5401 768 5456 in
799 5403 962 5459 domo
999 5405 1263 5474 superiori
1294 5406 1616 5468 existentes,
1649 5421 1679 5462 a
1719 5421 1826 5462 ca-V

223 5486 394 5555 pitqu
427 5504 596 5560 usque
634 5501 759 5562 post
782 5507 1006 5559 nonam,
1049 5493 1252 5550 debent
1276 5495 1469 5552 eodem
1500 5496 1662 5553 modo
1692 5511 1831 5561 sera

223 5593 354 5638 vare
377 5580 669 5649 silentium,
693 5599 800 5656 quo
822 5585 1024 5656 ubique
1046 5594 1202 5641 extra
1225 5587 1444 5644 domum
1475 5589 1810 5660 superiorem

223 5669 536 5738 existentes,
568 5673 699 5732 illud
727 5692 946 5733 servare
973 5676 1170 5735 debent
1205 5694 1233 5732 a
1257 5679 1610 5753 completorio
1641 5693 1812 5753 usque

224 5769 350 5831 post
379 5762 627 5834 primam.

1912 4677 2046 4733 tam,
2099 4677 2206 4723 etc.
2258 4667 2358 4724 llic
2384 4670 2564 4736 agitur
2613 4670 2680 4725 de
2729 4671 2961 4739 quadam
3013 4670 3243 4726 formula
3292 4673 3509 4730 (levem

1913 4758 2176 4812 orationis
2213 4774 2376 4828 quam
2424 4759 2601 4814 adhuc
2635 4769 2928 4814 maternam
2953 4769 3173 4826 vocant,
3202 4762 3329 4832 quia
3378 4778 3499 4816 ma-

1916 4860 2065 4906 terna
2083 4850 2261 4921 lingua
2292 4851 2372 4917 lit,
2395 4861 2449 4908 et
2471 4852 2542 4907 ab
2577 4853 2806 4907 invicem
2841 4852 2984 4906 illam
3012 4853 3318 4908 addiscunt.

1988 4941 2144 5001 Num.
2184 4943 2238 4998 4.
2279 4943 2344 4997 Et
2381 4945 2505 5013 quia
2562 4961 2594 4997 a
2633 4942 2888 4998 Kalendis
2927 4941 3190 5009 Octobris,
3247 4954 3351 5001 etc.
3379 4943 3501 5001 Non

1913 5051 2048 5107 epus
2075 5047 2195 5090 erat
2221 5045 2346 5091 tunc
2377 5046 2436 5090 ut
2465 5036 2704 5092 redirent
2737 5036 2804 5089 ad
2828 5035 3025 5102 lectos,
3041 5035 3167 5107 quia
3196 5038 3358 5091 ritum
3384 5053 3509 5091 ηιος

1912 5129 2210 5186 nachorum
2243 5128 2540 5194 imitantes,
2569 5127 2775 5198 absque
2822 5127 3214 5199 interruptione
3257 5129 3500 5185 dormies

1912 5223 2042 5278 bant
2070 5231 2332 5291 quantum
2357 5220 2511 5278 satis.

1982 5313 2114 5370 lbid.
2160 5313 2446 5370 lntandunt
2487 5313 2714 5370 orationi
2766 5324 3022 5386 quantum
3067 5329 3302 5388 possunt.
3354 5314 3514 5372 Nihil.

1913 5404 1992 5461 eis
2021 5405 2075 5460 in
2101 5407 2206 5462 hac
2234 5416 2386 5477 parte
2421 5407 2584 5464 lixum
2609 5407 2940 5479 assignatur,
2959 5409 3084 5478 quia
3104 5408 3256 5477 juxta
3283 5409 3512 5478 quanti-

1913 5507 2079 5553 tatem
2110 5511 2334 5566 operum
2367 5497 2697 5554 manualium
2725 5508 2783 5555 et
2815 5500 3169 5566 necessitates
3194 5511 3496 5554 occurren-

1915 5597 1998 5644 tes
2017 5587 2136 5658 plus
2164 5587 2249 5642 vel
2277 5588 2456 5645 minus
2483 5589 2581 5645 otii
2615 5591 2906 5646 habebant.

1987 5679 2142 5740 Num.
2170 5680 2221 5734 5.
2252 5682 2290 5734 Α
2338 5679 2542 5735 Pascha
2571 5699 2728 5750 usque
2755 5683 2826 5735 arl
2863 5680 3134 5734 Kalendas
3163 5679 3402 5734 Octobris
3425 5679 3494 5733 ad

1913 5773 2069 5829 lectos
2105 5774 2342 5840 redeunt,
2373 5781 2476 5830 etc.
2514 5773 2620 5830 Cur
2665 5773 2768 5828 iliis
2800 5771 2851 5828 id
2900 5773 3304 5842 pet'uuttcrctur
3346 5773 3508 5844 quod.
