3992 6400
457 371 463 378 ⁷
568 388 675 446 721

1420 375 1744 436 GUIGONIS
1777 375 1798 432 Ι
1835 373 2093 434 εΑΒΤΗι

2204 371 2252 430 Β
2281 370 2570 444 ΜΑιοιιιε
2597 370 2872 431 ιιιιιοιιιε
2901 369 2942 429 v
3711 387 3803 446 ω

635 499 687 554 6.
726 496 853 554 Sive
884 505 1064 552 autem
1087 493 1358 551 dormiam
1383 490 1498 548 sive
1524 491 1769 564 vigilem,
1795 489 1983 562 quictc
2039 503 2104 544 ac
2156 487 2276 544 sine
2311 486 2452 556 ullo,
2481 491 2747 560 quantum
2781 493 2963 562 potest
3001 484 3145 556 ﬁeri,
3197 489 3430 562 strepitu
3475 511 3694 559 manere
3727 502 3801 577 iu~

558 595 780 652 mm
1867 654 2093 716 carm

2204 653 2270 712 [Μ
2309 653 2496 712 XLIV.

917 796 919 799 -
1625 751 1732 819 Qui
1775 752 2058 822 praesidere
2099 751 2180 807 vel
2202 751 2513 821 respondere
2546 748 2753 806 debeat.

628 856 682 909 1.
723 852 963 923 Cumque
993 851 1218 906 absente
1239 847 1330 920 qui
1357 845 1464 909 sibi
1496 844 1750 918 praelatus
1775 854 1860 902 est
1886 846 2178 914 monacho,
2211 846 2279 901 ad
2301 845 2590 903 ecclesiam
2618 844 2972 914 conveniunt,
3000 844 3049 903 is
3075 855 3275 919 praeest
3301 847 3482 906 oﬂicio
3504 851 3600 922 qui
3624 869 3799 925 praes:

556 953 768 1009 ordine.
794 950 1053 1008 Similiter
1078 955 1133 1002 et
1152 947 1206 1000 in
1235 945 1447 1002 caeteris
1467 944 1603 1000 locis
1628 942 1715 1000 vel
1739 943 2017 1016 operibus,
2049 942 2156 1000 nisi
2200 942 2344 999 forte
2367 935 2704 1011 obedientia,
2749 942 2806 999 in
2833 957 2939 1013 qua
2963 941 3190 1012 fuerint,
3220 941 3380 999 alicui
3407 947 3716 1015 specialiter
3739 955 3798 1008 sit

554 1047 815 1117 iniuncta.
840 1045 991 1100 Tunc
1014 1042 1158 1100 enim
1191 1041 1276 1097 cui
1303 1040 1523 1112 proprie
1550 1037 1793 1110 injuncta
1818 1048 1902 1096 est
1922 1042 2134 1096 eaateris
2154 1039 2428 1110 praesidet,
2461 1039 2880 1110 tacentibusque
2906 1038 3032 1096 aliis
3051 1039 3471 1098 adventantibus
3490 1044 3576 1100 vel
3597 1046 3800 1102 obviae-

553 1142 696 1198 tibus
729 1139 1034 1211 respondet.
1616 1167 1618 1169 >
2949 1190 2956 1198 .

623 1239 679 1293 2.
719 1237 836 1294 Non
858 1238 1001 1293 enim
1033 1237 1238 1307 passim
1267 1235 1352 1291 vel
1380 1235 1499 1290 sine
1521 1235 1764 1302 licentia,
1794 1233 1919 1291 licet
1944 1235 2045 1300 eis,
2074 1233 2238 1305 quod,
2263 1232 2348 1289 vel
2375 1247 2499 1290 cum
2535 1233 2753 1304 quibus,
2781 1232 2864 1288 vel
2897 1232 3140 1303 quandiu
3167 1231 3463 1303 voluerint,
3489 1235 3662 1308 loqui.

534 1380 536 1382 .
617 1334 674 1388 3.
719 1333 1180 1391 Unde-obviantes
1209 1334 1296 1389 vel
1327 1333 1768 1404 supervenientes
1800 1332 2062 1388 inclinato
2092 1340 2304 1388 tantum
2333 1331 2458 1388 licet
2487 1330 2662 1400 capite
2685 1330 3006 1396 resalutare,
3031 1330 3177 1386 viam
3205 1334 3514 1398 ostendere,
3549 1336 3618 1389 ad
3646 1337 3795 1394 inter-

537 1437 760 1500 rogata,
786 1438 866 1489 est
904 1431 988 1486 vel
1015 1445 1146 1496 non,
1175 1430 1530 1500 respondere,
1561 1439 1614 1484 et
1644 1430 1786 1510 quod
1833 1429 2066 1498 amplius
2108 1428 2527 1499 loquendieum
2553 1428 2635 1487 eis
2681 1425 2957 1486 licentiam
3005 1442 3113 1482 non
3143 1427 3347 1485 habent
3389 1427 3504 1502 [aL
3541 1431 3796 1505 habeant]

547 1539 830 1582 excusare.
1875 1592 2276 1650 CAPITULUM
2315 1592 2477 1650 XLV.

1502 1688 1662 1754 Quod
1685 1704 1802 1743 cum
1831 1689 2052 1756 praelato
2085 1705 2182 1746 suo
2223 1687 2476 1757 fratribus
2504 1687 2648 1758 loqui
2683 1687 2858 1760 liceat.

619 1782 674 1833 1.
714 1780 770 1834 1η
795 1782 1034 1852 qualibet
1063 1795 1244 1842 autem
1276 1785 1562 1841 constituti
1590 1785 1916 1848 obedientia,
1951 1800 2072 1840 cum
2105 1785 2328 1856 praelato
2352 1785 2452 1840 sibi
2483 1787 2800 1856 possuntde
2823 1785 3145 1842 necessariis
3167 1785 3316 1856 loqui
3337 1787 3542 1848 fratres
3567 1793 3669 1865 lat.
3695 1795 3795 1851 trs--

547 1886 634 1932 tre
651 1876 693 1950 ],
726 1879 892 1948 petita
935 1895 1032 1948 per
1059 1882 1270 1951 signum
1315 1881 1560 1938 licentia.
1608 1881 1823 1938 Habent
1850 1882 1996 1937 enim
2041 1881 2191 1952 signa
2221 1882 2480 1952 pleraque
2535 1881 2830 1945 rusticana,
2879 1889 2933 1936 et
2955 1881 3024 1936 ab
3065 1883 3215 1938 omni
3239 1883 3432 1939 facetia
3462 1884 3552 1938 vel
3598 1885 3792 1942 lascivia

543 1973 740 2040 aliena,
765 1989 863 2044 per
891 1990 1011 2045 qua:
1035 1976 1101 2031 de
1132 1975 1218 2030 bis
1243 1990 1363 2046 quae
1405 1975 1471 2030 ad
1497 1990 1594 2030 sua
1638 1975 1914 2046 pertinent
1933 1974 2132 2041 oﬂicia,
2171 1975 2332 2030 rebus
2353 1975 2436 2030 vel
2461 1975 2834 2031 instrumentis
2866 1983 3095 2046 possunt
3141 1979 3210 2033 ad
3241 1978 3472 2036 invicem
3522 1981 3645 2036 sine
3680 1997 3794 2043 vocs

535 2071 979 2126 commemorari.
1507 2070 1509 2076 ’

521 2231 527 2238 _
611 2157 665 2213 2.
695 2159 884 2217 Aliena
915 2171 1093 2230 autem
1120 2166 1332 2223 discere
1359 2166 1535 2240 signa,
1567 2165 1657 2231 vel
1678 2180 1775 2221 sua
1805 2167 2002 2223 docere
2027 2165 2234 2221 alienos
2265 2165 2471 2220 licitum
2497 2179 2606 2220 non
2633 2173 2721 2238 est
2744 2165 2845 2222 eis.

1854 2261 2267 2333 caetruwu,
2302 2261 2487 2316 xm.

1949 2358 2028 2414 De
2075 2358 2400 2415 coauinario.

611 2444 665 2497 1.
705 2444 858 2501 Nunc
878 2461 976 2517 per
995 2450 1238 2521 singulas
1265 2468 1551 2512 curramus
1572 2453 1934 2513 obedientias.
1970 2454 2228 2525 Coquina:
2269 2453 2526 2532 praesidet
2557 2469 2696 2510 unus
2721 2469 2754 2510 e
2781 2452 3061 2523 fratribus,
3099 2455 3193 2526 qui
3225 2452 3417 2513 solitos
3451 2456 3634 2524 cibos,
3660 2456 3787 2528 legu-

535 2540 688 2621 mina
733 2543 943 2600 scilicet
968 2556 1022 2602 et
1049 2545 1380 2626 huiusmodi,
1409 2551 1672 2608 fratribus
1698 2559 1969 2622 praeparat
2011 2560 2067 2605 et
2097 2551 2392 2620 dispensat.
2431 2549 2594 2606 Horis
2633 2548 3070 2621 competentibus
3101 2552 3312 2623 signum
3356 2551 3564 2622 pulsat;
3607 2552 3652 2606 A
3697 2567 3791 2623 quo

534 2635 699 2688 etiam
729 2651 943 2706 partem,
976 2641 1159 2697 vinum
1207 2645 1426 2702 statutis
1455 2646 1663 2710 diebus,
1693 2646 1796 2710 sal,
1821 2645 2090 2711 eochlear,
2124 2645 2400 2710 scutellas,
2437 2645 2719 2708 lumbaria,
2753 2660 2932 2713 acum,
2963 2645 3132 2711 filum,
3180 2661 3362 2703 ceram
3403 2645 3472 2701 ad
3510 2646 3789 2703 eeranduut

537 2729 832 2798 accipiunt.
880 2733 1038 2789 Aliud
1085 2745 1264 2798 autem
1316 2742 1610 2811 quidquam
1642 2748 1840 2812 praeter
1866 2741 2237 2811 procuratoris
2265 2739 2540 2796 licentiam
2574 2739 2655 2795 eis
2695 2739 2828 2794 dare
2857 2754 2962 2794 non
2990 2747 3189 2810 potest.
3222 2739 3412 2808 Qualia
3455 2750 3642 2799 autem
3683 2741 3789 2797 aliis

530 2827 857 2892 generaliter
879 2830 1178 2896 ministrat,
1208 2835 1337 2890 talia
1356 2837 1522 2891 sumit
1551 2844 1608 2892 et
1636 2836 1771 2891 sibi.

600 2924 654 2980 2.
699 2923 836 2981 Dare
865 2927 948 2982 vel
975 2931 1221 3002 accipere
1246 2934 1317 2988 ab
1339 2935 1423 2989 his
1448 2935 1540 3005 qui
1572 2934 1765 2991 domus
1796 2933 1955 3003 hujus
1986 2951 2093 2990 non
2131 2944 2279 2999 sunt,
2311 2934 2432 2989 sine
2462 2932 2834 3004 procuratoris
2874 2942 3148 3004 praecepto
3201 2933 3340 2990 nihil
3374 2933 3564 2990 audet.
3621 2934 3721 3002 Qui
3747 2935 3788 2988 si

527 3014 668 3070 forte
693 3017 923 3078 abfuerit
945 3033 999 3080 et
1021 3025 1200 3096 aliqua
1232 3028 1451 3084 interim
1483 3029 1784 3085 necessitas
1811 3030 2097 3096 acciderit,
2127 3029 2204 3085 ita
2244 3028 2409 3084 faciet
2431 3027 2887 3098 quemadmodum
2912 3027 3109 3098 ipsum,
3161 3027 3208 3083 si
3243 3028 3482 3093 adesset,
3530 3025 3784 3081 facturum

525 3111 695 3170 fuisse
749 3119 1160 3188 existimaverit,
1207 3124 1561 3195 redeuntique
1591 3125 1722 3195 quid
1775 3133 1830 3180 et
1863 3105 2134 3198 quomodo
2162 3124 2639 3199 egeritindicabit.
2664 3125 2917 3204 Fratrum
2963 3124 3196 3194 aliquem
3239 3124 3294 3180 in
3331 3123 3651 3194 coquinam,
3693 3120 3782 3176 nisi

520 3211 681 3277 lustre
723 3230 885 3270 causa
913 3220 1258 3276 necessitatis
1281 3221 1534 3278 inducere
1567 3236 1672 3278 non
1700 3233 1901 3294 potest,
1923 3223 2306 3293 induetumqne
2339 3229 2613 3278 transacta
2630 3220 2974 3278 .necessitate
3010 3219 3194 3278 statim
3237 3215 3461 3289 emittit,
3517 3217 3784 3284 inviolato,

525 3314 789 3372 quantum
817 3323 909 3380 res
936 3313 1088 3376 sinit,
1115 3311 1350 3369 silentio.

1872 3380 2442 3441 COMMENTARIUS.

523 3499 656 3547 tunc
685 3494 969 3550 monachis
989 3510 1095 3550 non
1121 3505 1240 3552 erat
1265 3500 1624 3553 concessum?
1645 3499 1778 3567 Quia
1807 3499 2103 3565 conversis,
2130 3500 2184 3561 Α
2280 3496 2411 3553 Car.
2445 3495 2610 3553 XLV.
2631 3527 2702 3540 —-
2726 3495 2888 3552 Num.
2919 3497 2975 3567 I._
3009 3495 3220 3552 Habent
3265 3496 3406 3552 enim
3424 3497 3582 3568 signa
3621 3495 3777 3566 ριινσ·

525 3580 803 3638 laboribus
855 3599 1112 3639 manuum
1169 3587 1436 3656 deput‘atis
1473 3587 1729 3643 dormitio
1764 3591 1954 3644 diurna
1998 3605 2106 3657 non

522 3682 640 3729 erat
663 3677 948 3746 permissa,
991 3686 1103 3732 tota
1131 3679 1272 3733 enim
1300 3679 1387 3733 die
1413 3679 1581 3734 labori
1628 3681 2032 3739 incumbebant.

592 3767 731 3835 Ibid.
779 3767 908 3824 Post
950 3770 1342 3840 completorium
1388 3773 1568 3837 lectos,
1621 3783 1725 3827 etc.
1788 3773 1898 3830 Illis
1942 3775 2106 3834 etiam

517 3863 896 3934 praescribitur
921 3873 980 3919 ut
1011 3853 1220 3936 tempus
1244 3866 1555 3924 dormitioni
1577 3867 1888 3937 deputatum
1915 3867 2104 3924 sedulo

519 3952 854 4023 impendant,
911 3962 966 4010 et
1017 3955 1095 4010 sic
1145 3957 1323 4010 omnia
1372 3967 1426 4010 et
1471 3957 1683 4029 singula
1728 3973 1826 4012 suo
1878 3973 2105 4030 quaeque

515 4049 762 4112 tempore
787 4045 1035 4099 ordinate
1059 4046 1428 4115 perﬁciantur.

590 4132 734 4186 Idem
770 4133 1057 4202 capitulum
1098 4135 1322 4189 relatum
1371 4136 1539 4191 habes
1582 4137 1632 4192 in
1666 4138 1905 4209 antiquis
1932 4147 2104 4195 statu-

517 4221 590 4277 tis
614 4230 756 4288 part.
785 4237 870 4285 ιιι,
902 4237 1024 4293 cap.
1054 4224 1110 4287 2,
1147 4241 1199 4278 ιι.
1237 4225 1290 4277 1.

586 4313 715 4367 Cap.
743 4312 924 4368 XLIV.
954 4345 1026 4356 —
1054 4315 1212 4370 Num.
1265 4317 1316 4370 l.
1371 4317 1604 4388 Cumque
1632 4320 1842 4374 absente
1881 4322 1972 4391 qui
2004 4320 2106 4376 sibi

513 4405 788 4474 pra'latus,
833 4414 940 4460 etc.
995 4405 1223 4464 Nomine
1271 4421 1399 4477 ergo
1449 4407 1655 4476 prrclati
1705 4409 1769 4464 R.
1822 4407 1882 4462 P.
1928 4408 2100 4480 Guigo

514 4493 764 4565 intelligit
796 4509 920 4550 cum
943 4495 1034 4566 qui
1072 4496 1192 4551 aliis
1215 4499 1535 4566 prmpositus
1575 4507 1678 4564 est,
1717 4499 1832 4553 sive
1874 4515 2100 4555 conver-

514 4586 591 4639 sis
620 4585 670 4638 in
703 4600 902 4656 genere
930 4594 988 4639 ut
1018 4595 1098 4642 est
1124 4597 1462 4657 procurator,
1491 4588 1604 4643 sive
1630 4590 1950 4658 quibusdam
1981 4599 2100 4648 lane

513 4685 627 4729 tum
657 4685 714 4730 ut
745 4686 829 4732 est
859 4693 1174 4745 conversus,
1207 4679 1291 4736 cui
1347 4693 1443 4749 per
1470 4681 1829 4735 obedientiam
1869 4682 2095 4736 deman-

513 4765 696 4820 datum
729 4776 810 4822 cst
846 4767 1062 4840 aliquod
1089 4784 1246 4838 opus,
1285 4770 1347 4823 ad
1371 4770 1511 4848 quod
1544 4770 1930 4839 perliciendum
1961 4771 2096 4827 dan-

2209 3591 2311 3658 q‘ue
2332 3587 2624 3655 rusticana,
2647 3596 2753 3644 etc.
2784 3587 2912 3644 Inde
2958 3587 3255 3643 notandum
3284 3596 3369 3642 est
3419 3587 3629 3657 primos
3667 3600 3782 3641 con-

2208 3673 2399 3733 versos
2448 3677 2641 3733 domus
2684 3675 2986 3733 Carthusiae
3040 3675 3209 3732 fuisse
3238 3685 3298 3730 ut
3339 3675 3634 3746 plurimum
3676 3675 3781 3745 pios

2206 3766 2440 3824 rusticos
2462 3783 2528 3824 ex
2559 3768 2747 3834 eadem
2771 3769 3028 3840 regione;
3054 3767 3199 3838 quod
3256 3767 3347 3822 hic
3376 3775 3695 3824 annotamus
3719 3762 3778 3820 ad

2207 3858 2508 3916 faciliorem
2564 3859 2973 3931 intelligentiam
3019 3873 3142 3933 cap.
3195 3859 3266 3915 55
3295 3859 3526 3915 istarum
3568 3871 3780 3916 consue-

2208 3952 2479 4012 tudinum.
2667 3997 2672 4002 .

2276 4042 2438 4099 Num.
2467 4043 2524 4098 2.
2557 4044 2742 4099 Aliena
2767 4054 2940 4101 autem
2970 4045 3169 4101 discere
3201 4043 3374 4114 signa,
3401 4051 3510 4105 etc.
3532 4041 3593 4101 1d
3622 4039 3777 4101 κίεις

2205 4134 2296 4193 tur
2315 4135 2380 4188 ad
2411 4149 2471 4190 ea
2501 4151 2641 4206 quae,
2670 4151 2789 4206 cap.
2818 4137 2910 4203 5|,
2933 4135 3044 4205 jam
3087 4151 3346 4207 expressa
3379 4144 3504 4191 sunt
3539 4150 3640 4207 pro
3667 4149 3773 4188 mo-

2204 4228 2413 4284 nachis.
2452 4225 2508 4283 Si
2540 4228 2681 4291 enim
2707 4229 2857 4300 signa
2885 4231 3126 4300 quaedam
3153 4245 3184 4282 a
3233 4244 3291 4283 se
3328 4227 3568 4283 invicem
3619 4227 3776 4283 disce-

2203 4329 2348 4389 rent,
2376 4321 2696 4392 posscnlsie
2733 4321 2832 4377 sibi
2865 4331 3052 4376 mutuo
3079 4321 3223 4392 loqui
3284 4336 3352 4377 ex
3404 4320 3578 4391 signis
3603 4319 3769 4376 condi-

2203 4413 2328 4478 ctis,
2360 4412 2502 4468 sicut
2524 4428 2643 4468 cum
2672 4413 2837 4467 mutis
2866 4412 2983 4468 fieri
3015 4412 3174 4478 solet,
3215 4411 3358 4481 quod
3389 4421 3536 4466 esset
3560 4427 3591 4465 a
3616 4409 3768 4464 silen-

2202 4506 2262 4560 tii
2295 4506 2402 4561 line
2436 4513 2490 4560 et
2510 4506 2788 4574 proposito
2819 4505 3079 4559 alienum.

2272 4597 2401 4654 CAP.
2428 4595 2610 4651 XLVI.
2631 4627 2702 4644 -—
2726 4595 2882 4649 Num.
2910 4596 2931 4648 1
2947 4635 2960 4649 .
2992 4594 3097 4660 Qui
3117 4594 3297 4649 solitos
3320 4593 3482 4660 cibos,
3503 4601 3633 4660 etc.,
3668 4592 3764 4653 [ra-

2200 4691 2368 4745 tribus
2413 4698 2676 4759 prtrparat
2713 4697 2761 4741 et
2804 4689 3088 4759 dispensat,
3121 4696 3240 4742 'etc.
3273 4685 3566 4741 Monacltos
3600 4681 3767 4750 coqui-

2199 4799 2326 4838 nam
2367 4781 2468 4836 sibi
2497 4779 2675 4835 facere
2701 4780 2753 4834 in
2785 4779 2916 4834 cella
2951 4779 3200 4848 superius
3229 4777 3494 4840 vidimus,
3538 4776 3631 4832 sed
3667 4787 3762 4827 non

510 4865 603 4910 tur
625 4855 700 4912 illi
729 4858 1019 4927 adjutores,
1051 4871 1176 4914 tunc
1221 4862 1265 4916 is
1293 4862 1377 4916 cui
1421 4862 1556 4932 talis:
1579 4847 1904 4918 obedientize
1937 4865 2085 4919 dire-
2118 4863 2166 4923 B
2192 4878 2271 4934 sic
2294 4891 2418 4932 cum
2449 4874 2728 4929 conversis
2775 4872 2976 4943 agitur,
3009 4847 3134 4942 quia
3169 4870 3234 4925 ad
3264 4871 3509 4925 laborem
3558 4882 3743 4923 manlia

521 4949 634 5000 otio
662 4958 746 5002 est
796 4951 1055 5019 iniuncta,
1088 4953 1424 5024 adjutoribus
1462 4955 1563 5011 sibi
1597 4956 1874 5012 concessis
1899 4957 2098 5020 dicitur

509 5037 765 5108 prmlatus
795 5041 847 5093 in
873 5042 962 5094 illo
983 5057 1162 5112 opere.

581 5133 718 5188 Ibid.
737 5133 1142 5207 Tacentibusque
1158 5139 1277 5198 aliis
1288 5141 1683 5196 adventantibus
1705 5141 2089 5196 etobvirmtibus

508 5226 814 5295 respondet.
849 5226 1132 5282 Silentium
1163 5231 1288 5286 illud
1333 5242 1457 5288 tunc
1483 5232 1807 5290 servandum
1839 5232 1904 5286 ad
1927 5232 2088 5287 adve-

506 5307 722 5373 nientes
746 5317 829 5370 vel
872 5329 1223 5373 occurrentes
1250 5307 1478 5391 spectat,
1525 5339 1631 5377 non
1667 5331 1848 5380 autem
1869 5321 1934 5376 ad
1971 5320 2084 5383 fra-

509 5415 621 5462 tres
643 5407 802 5462 simul
838 5407 1167 5472 laborantes,
1197 5425 1319 5467 nam
1357 5421 1483 5466 tunc
1507 5411 1653 5480 loqui
1691 5413 1833 5467 inter
1852 5426 1912 5466 se
1957 5426 2085 5482 pos-

505 5507 650 5565 sunt,
687 5510 902 5556 servato
925 5500 1310 5564 moderamine,
1343 5502 1410 5557 de
1438 5503 1620 5572 quoin
1651 5505 1896 5573 sequenti
1938 5503 2088 5574 capi-

505 5592 639 5646 tulo.
669 5594 725 5648 In
749 5595 852 5651 hoc
875 5604 1053 5648 autem
1083 5594 1320 5664 capitulo
1347 5603 1400 5650 et
1429 5597 1480 5649 in
1512 5597 1758 5666 sequenti
1782 5591 2090 5669 asSignatur

506 5687 782 5742 conversis
811 5686 1002 5740 modus
1022 5686 1270 5757 loquendi
1306 5694 1361 5741 et
1389 5686 1623 5753 tacendi,
1651 5695 1704 5742 et
1732 5687 1959 5742 relatum
1987 5688 2085 5744 ha-

504 5773 664 5839 betur
692 5775 753 5830 in'
771 5778 1009 5848 antiquis
1038 5778 1252 5835 statutis
1280 5789 1433 5850 parte
1463 5795 1545 5846 ιιι,
1575 5793 1692 5854 enp.
1729 5779 1783 5852 5,
1814 5795 1867 5834 ιι.
1904 5779 1953 5834 1.

2195 4967 2435 5026 Iemltuc
2485 4966 2714 5034 illucque
2745 4965 2972 5034 dispersi
3029 4979 3134 5018 non
3187 4971 3438 5033 poterant
3491 4959 3758 5030 coquinum

2195 5061 2297 5118 sibi
2327 5058 2525 5125 facere,
2584 5059 2635 5113 id
2658 5073 2789 5129 ergo
2823 5057 2950 5113 facit
2977 5073 3076 5129 pro
3105 5055 3355 5112 omnibus
3379 5054 3547 5110 frater
3585 5051 3759 5122 coqui-

2194 5155 2402 5212 uarius.
3061 5153 3064 5156 ’

2266 5245 2422 5301 Num.
2462 5245 2517 5300 2.
2552 5244 2690 5298 Dare
2719 5244 2796 5300 vel
2817 5243 3068 5314 accipere,
3101 5250 3207 5297 etc.
3237 5239 3470 5310 Semper
3491 5250 3545 5294 et
3571 5237 3619 5292 in
3647 5249 3754 5289 omo

2191 5335 2352 5392 nibus
2417 5333 2792 5406 praescribitur
2839 5333 3040 5389 nostris
3085 5329 3256 5386 forma
3304 5326 3607 5389 obediendi,
3652 5336 3750 5378 non

2191 5434 2404 5481 tantum
2453 5425 2632 5482 dando
2683 5423 2775 5482 sed
2807 5432 2859 5479 et
2912 5420 3245 5493 accipiendo,
3287 5419 3411 5491 quia
3460 5412 3748 5474 obedientia

2188 5517 2352 5572 veluti
2391 5517 2618 5573 instituti
2647 5515 3050 5572 Carthusicnsis
3099 5509 3444 5584 principium,
3475 5516 3558 5588 est
3584 5512 3748 5560 atten-

2189 5608 2358 5663 denda
2389 5617 2443 5662 et
2479 5606 2891 5670 consideranda,
2922 5616 2981 5663 ut
3021 5605 3222 5664 discrtc
3259 5599 3512 5675 exprimit
3538 5597 3643 5667 ipse
3676 5591 3738 5646 Β.

2189 5697 2252 5757 Ρ.
2281 5697 2452 5772 Guigo
2484 5713 2645 5767 supra
2668 5712 2782 5770 cap.
2813 5697 2903 5753 35.
