3992 6396
2222 309 2242 336 θ

195 407 310 464 729
1539 407 2137 470 CONSUETUDINES.
3366 438 3472 498 πο

276 523 333 577 5.
372 518 675 575 Ecelesiam
703 517 956 588 custodit,
979 526 1154 590 portae
1178 527 1401 592 praeest,
1430 522 1848 581 advenientibus
1876 529 2190 598 respondet,
2233 529 2563 589 ferramenta
2593 539 2898 595 communia
2943 555 3155 613 servat;
3183 549 3374 607 domus
3416 563 3471 612 et

191 617 473 672 universae
513 614 818 671 communis
859 614 1212 685 supellectilis
1237 630 1428 673 curam
1455 619 1615 690 gerit.
1647 620 1728 676 Ex
1757 620 1956 691 quibus
1987 623 2261 690 omnibus,
2310 625 2354 681 si
2379 627 2581 698 aliquid
2609 628 2922 702 deperierit,
2966 647 3271 706 prostratus
3321 644 3471 700 humi

192 728 355 768 reum
379 726 440 766 se
466 708 902 779 eulpabilemque
930 709 1207 765 clamabit.
1240 710 1366 768 Haec
1396 715 1584 771 eadem
1617 724 1800 770 servat
1824 717 2138 797 quicunque
2173 720 2318 775 vices
2349 720 2466 790 ejus
2489 728 2822 796 exsequitur.
2972 778 2975 781 .

270 806 327 861 4.
370 807 427 862 In
456 808 643 863 diebus
662 804 998 859 solemnibus
1025 806 1107 859 vel
1134 806 1269 876 ipse,
1296 806 1382 861 vel
1408 810 1500 879 qui
1532 811 1747 881 supplet
1780 803 1960 867 locum
1992 814 2131 884 ejus,
2188 817 2603 875 advenientibus
2633 822 2700 877 de
2724 824 2844 877 villa
2877 818 3120 895 proxima
3144 830 3278 884 nihil
3311 831 3469 888 habet

192 899 334 956 dare
360 901 440 955 vel
464 903 831 1047 commodarre,
857 905 950 959 sed
989 914 1198 961 tantum
1232 916 1293 962 ut
1315 910 1836 979 recedant,jubetur
1856 914 2214 983 respondere,
2240 930 2309 969 ne
2331 931 2429 987 per
2453 916 2584 973 tales
2624 920 2739 976 dies
2785 934 3103 979 assuescant
3148 926 3469 996 inquietudi-

192 1008 329 1046 nem
360 1001 414 1047 et
434 995 739 1047 molestiam
794 1010 972 1047 acere.
2537 1002 2540 1006 ’
3018 999 3023 1004 ’

192 1008 329 1046 nem
360 1001 414 1047 et
434 995 739 1049 molestiam
769 995 972 1051 facere.
2537 1002 2540 1006 ’
3018 999 3023 1004 ’

1514 1062 1915 1155 CAPITULUM
1953 1098 2159 1156 XLVII.

1674 1191 1754 1247 De
1796 1194 2009 1262 pistore.

269 1274 453 1383 Pistor
478 1292 750 1383 annonam
780 1279 997 1383 recipit,
1035 1282 1230 1351 siccat,
1256 1286 1516 1353 custodit,
1540 1287 1789 1355 ventilat,
1816 1290 1994 1357 molit,
2023 1307 2193 1361 panes
2216 1295 2437 1351 conficit
2465 1306 2519 1350 et
2543 1297 2669 1352 dato
2702 1299 2969 1370 adjutorio
2992 1305 3192 1373 coquit,
3213 1314 3266 1362 et
3288 1310 3471 1378 coqui-

188 1374 357 1425 nario
388 1374 442 1425 in
464 1374 695 1442 pistrino
727 1375 905 1431 reddit

1507 1478 1909 1538 CAPITULUM
1947 1482 2175 1539 XLVIII.

1676 1575 1756 1631 De
1789 1588 1985 1632 sutore.

266 1662 439 1719 Sutor
462 1663 611 1720 coria
636 1671 808 1732 tenet,
844 1664 1056 1733 incidit,
1089 1667 1359 1726 sotulares
1376 1669 1505 1727 facit
1532 1684 1596 1728 ac
1626 1673 1822 1743 reﬁcit.

1538 1767 1940 1827 CAPITULUM
1978 1772 2163 1828 XLIX.

1449 1865 1530 1921 De
1562 1869 1843 1938 prteposito
1880 1869 2239 1940 agriculturae.

189 1951 373 2101 (“Qui
436 1962 634 2023 praeest
672 1955 1052 2026 agriculturte,
1113 1960 1355 2033 grangite
1406 1972 1461 2018 et
1510 1964 1698 2032 boum,
1751 1974 1807 2021 et
1854 1976 2216 2034 cunctorum,
2274 1983 2393 2038 quae
2447 1969 2513 2024 ad
2566 1969 2711 2026 illam
2760 1971 3035 2044 pertinent
3088 1971 3475 2040 obedientiam.

232 2047 534 2106 iigeutiam
578 2050 761 2106 habet.

232 2062 534 2119 Ingenuam
578 2062 761 2112 habet.

1592 2156 1993 2229 CAPITULUM
2028 2159 2094 2216 L.

1486 2249 1564 2307 De
1603 2253 1854 2325 magistro
1893 2266 2186 2326 pastorum.

267 2337 326 2391 1.
366 2335 655 2397 Pastorum
686 2344 950 2415 magister
982 2355 1219 2402 cunctas
1251 2346 1394 2403 illius
1435 2350 1758 2417 obedientiae
1794 2365 1882 2406 res
1915 2362 1971 2406 et
2012 2352 2367 2407 instrumenta
2398 2353 2661 2421 custodit.
2700 2353 2767 2407 Et
2799 2353 3058 2420 emendo,
3100 2362 3154 2409 et
3196 2351 3475 2409 vendendo

185 2436 260 2492 ad
306 2451 467 2491 suum
504 2439 832 2508 pertinentia
884 2443 1282 2509 ministerium,
1324 2460 1446 2500 cum
1481 2447 1759 2502 extraneis
1800 2450 2188 2504 commercium
2246 2448 2395 2505 facit.
2431 2451 2508 2505 De
2555 2452 2717 2505 rebus
2755 2450 2875 2505 aliis
2926 2426 3197 2505 fabulandi
3244 2463 3367 2503 eum
3392 2449 3474 2504 eis

184 2530 476 2589 licentiam
504 2549 610 2590 non
636 2535 823 2593 habet.
852 2537 950 2595 Cui
978 2541 1196 2612 negotio
1224 2541 1309 2597 vel
1343 2542 1556 2610 verbis,
1587 2543 1894 2609 sociorum,
1926 2544 2030 2599 nisi
2059 2552 2226 2614 quem”
2247 2544 2626 2610 advocaverit,
2664 2543 2841 2599 utullus
2876 2557 2936 2599 se
2973 2543 3345 2600 intermisceat
3372 2541 3471 2615 [αι.

184 2631 586 2707 intermiscet].
1754 2684 1757 2687 -

261 2727 323 2783 2.
364 2728 485 2797 Ipse
542 2743 672 2789 vero
710 2730 1058 2799 iuramenta,
1098 2734 1413 2802 mendacia,
1449 2734 1667 2791 fraudes
1724 2744 1781 2791 et
1815 2744 2011 2791 caetera
2055 2752 2173 2806 qua:
2224 2736 2422 2792 talibus
2463 2736 2730 2792 interesse
2775 2734 2951 2791 solent
2993 2735 3253 2807 negotiis,
3299 2736 3477 2791 vitare

185 2822 511 2893 praecipitur
549 2825 728 2895 mala,
772 2830 1273 2901 sempiternamque
1316 2832 1515 2887 animm
1550 2846 1664 2886 suae
1702 2832 1933 2888 salutem
1970 2833 2355 2903 temporalibus
2392 2833 2554 2886 rebus
2582 2840 2639 2885 et
2672 2831 2973 2887 commodis
3018 2830 3315 2886 anteferre.
3354 2828 3477 2900 Ipse

184 2919 364 2974 etiam
393 2928 459 2975 et
481 2921 615 2977 socii
645 2923 763 2995 ejus
785 2927 1065 2997 grangiam
1093 2942 1285 2999 magna
1310 2943 1377 2983 ex
1404 2928 1912 3000 partecustodiunt.
1930 2928 2132 2982 Domus
2156 2927 2209 2981 in
2230 2942 2337 2997 qua
2371 2926 2505 2980 fiunt
2536 2926 2708 2992 casei,
2729 2940 2893 2995 quam
2918 2938 3177 2981 vocamus
3196 2922 3472 2991 arcellam,

186 3016 265 3072 ad
298 3031 490 3073 eorum
523 3021 743 3091 proprie
768 3034 959 3077 curam
988 3021 1291 3092 pertinens,
1319 3024 1461 3079 sicut
1482 3024 1660 3094 aliqua
1684 3024 1761 3079 de
1776 3022 1927 3078 cellis
1954 3025 2220 3077 servanda
2246 3023 2578 3092 prtecipitur.
2602 3022 2943 3078 Generaliter
2964 3028 3146 3076 autem
3175 3020 3229 3075 in
3252 3020 3476 3076 alterius

186 3112 401 3169 cellam
448 3114 625 3170 nullus
678 3116 783 3172 nisi
828 3116 1019 3187 jussus
1059 3117 1379 3189 ingreditur.
1409 3118 1543 3175 Cum
1592 3120 1660 3174 ad
1713 3116 2059 3174 hiemandum
2112 3117 2258 3171 foras
2303 3126 2542 3180 exeunt,
2593 3115 2728 3170 nihil
2775 3116 2862 3170 vel
2907 3117 3157 3188 accipere
3206 3117 3293 3172 vel
3342 3116 3473 3171 dare

183 3222 531 3283 praeceptum
559 3214 785 3271 habent.
807 3215 849 3271 Α
882 3230 1052 3285 puero
1076 3216 1419 3272 mercenario
1449 3217 1539 3287 qui
1568 3225 1653 3271 est
1678 3231 1799 3271 cum
1823 3216 1903 3270 eis
1924 3214 1990 3268 ad
2016 3211 2386 3268 molendinum
2419 3213 2549 3279 itur,
2574 3212 2730 3283 panis
2749 3212 3222 3283 eoquitur,vinum
3252 3211 3476 3277 emitur,

186 3320 267 3362 ne
312 3305 445 3376 ipsi,
474 3308 617 3377 quod
653 3309 1021 3379 periculosum
1058 3318 1173 3377 est,
1203 3313 1270 3367 ad
1300 3311 1491 3377 villas,
1523 3311 1576 3367 in
1607 3323 1870 3382 quantum
1900 3309 2061 3364 vitari
2095 3318 2302 3379 potest,
2332 3308 2411 3364 ire
2438 3318 2721 3381 cogantur.
2751 3308 2935 3363 Tertia
2981 3306 3115 3363 feria
3147 3315 3205 3362 et
3240 3305 3480 3362 Sabbato

190 3403 344 3459 ultra
386 3416 732 3461 communem
782 3406 1011 3461 fratrum
1052 3421 1261 3463 morem
1312 3408 1501 3463 vinum
1554 3394 1781 3464 habent.
1826 3406 1902 3461 Ea
1944 3420 2161 3476 quoque
2215 3405 2303 3460 die
2342 3420 2471 3475 qua.
2497 3404 2672 3459 locum
2710 3406 2968 3467 'mutant,
3014 3403 3142 3473 quia
3177 3401 3329 3457 cibos
3371 3399 3477 3456 sibi

190 3512 518 3571 praeparare
544 3515 651 3557 non
674 3511 935 3571 possunt,
966 3502 1151 3559 vinum
1179 3503 1473 3574 accipiunt.
1502 3501 1628 3559 Haec
1659 3510 1839 3558 autem
1869 3482 2245 3557 misericordia
2279 3509 2501 3570 propter
2524 3500 2814 3557 continuos
2845 3498 3063 3555 labores
3082 3505 3138 3554 et
3162 3496 3331 3552 multa
3357 3509 3480 3567 qua

192 3596 277 3653 ibi
308 3599 589 3669 patiuntur
617 3598 959 3658 incommoda
977 3643 991 3670 ,
1022 3600 1101 3657 eis
1130 3599 1483 3671 impenditur.
1760 3598 1763 3601 ’

1566 3684 2134 3754 COMMENTARIUS.

269 3788 435 3847 Num.
470 3791 525 3846 1.
576 3790 980 3848 Advenientibus
1012 3792 1076 3847 de
1116 3786 1242 3848 uilla
1280 3790 1542 3863 proxima,
1573 3801 1680 3846 etc.
1730 3790 1784 3875 Id
1813 3794 1857 3850 A
1878 3787 2001 3859 agri
2033 3788 2112 3843 illi
2141 3801 2367 3843 avenam
2408 3793 2620 3841 tantum
2652 3784 2860 3850 ferunt,
2890 3791 2947 3840 et
2993 3781 3291 3854 aliquando
3318 3778 3476 3837 I'avas

195 3893 291 3942 est
318 3882 387 3941 de
412 3899 551 3956 pago
576 3882 901 3949 Carthusiae,
930 3884 1071 3937 inter
1127 3896 1292 3952 rupes
1330 3881 1655 3937 Carthusiae-
1687 3880 1795 3937 site
1896 3888 1951 3934 et
1975 3878 2199 3943 similia,
2231 3877 2471 3932 triticum
2502 3890 2635 3931 vero
2662 3888 2965 3945 nunquam.

192 3990 408 4031 versus
452 3974 903 4045 Gratianopolim,
935 3972 1028 4042 qui
1068 3971 1228 4027 hodie
1267 3970 1484 4026 nomine
1524 3970 1797 4040 parochias
1882 3970 1885 3971 ⁷

197 4067 515 4126 Cartbusia:
540 4078 790 4132 vocatur,
817 4067 884 4123 ad
908 4065 1314 4122 distinctionem
1336 4064 1529 4121 domus
1567 4062 1798 4119 Carthu—

198 4161 325 4218 size.
382 4159 500 4226 Hoc
551 4159 850 4233 capitulum
910 4159 1145 4216 refertur
1194 4158 1251 4214 in
1302 4157 1541 4229 antiquis
1578 4156 1797 4212 statutis

199 4258 352 4322 part.
384 4265 467 4313 tu,
498 4264 618 4321 cap.
660 4246 746 4316 II,
782 4250 946 4315 nn.‘I,
976 4248 1032 4315 2,
1064 4248 1096 4303 4
1119 4256 1173 4303 et
1206 4247 1260 4302 5.

279 4338 413 4395 CAP.
441 4338 742 4396 XLVII.—
768 4339 879 4394 Iloc
915 4337 1207 4409 capitulum
1244 4335 1474 4393 relatum
1524 4335 1693 4392 habes
1744 4336 1798 4391 in

202 4431 450 4500 antiquis
478 4432 693 4487 statutis
723 4440 863 4502 part.
898 4447 981 4497 tu,
1009 4445 1131 4500 cap.
1168 4428 1255 4497 12,
1284 4445 1339 4485 n.
1376 4431 1426 4485 I.
1462 4429 1584 4486 Istis
1618 4437 1800 4486 autem

204 4523 578 4593 singularibus
604 4524 799 4580 ofﬁciis
829 4537 1123 4579 conversus
1168 4522 1551 4592 deputabatur,
1574 4522 1664 4592 qui
1704 4506 1803 4592 per

205 4627 271 4667 se
296 4628 437 4681 opus
475 4614 799 4686 complebat,
826 4615 952 4670 dato
990 4622 1168 4668 tamen
1198 4613 1301 4669 sibi
1350 4611 1642 4681 adiutorio,
1676 4629 1802 4669 cum

207 4701 364 4756 solus
389 4717 550 4771 opera
576 4704 842 4773 perficere
867 4718 972 4759 non
1002 4710 1233 4773 poterat.

285 4795 417 4853 Car.
452 4795 680 4857 XLVIII.
702 4828 773 4837 —
801 4796 902 4851 Per
923 4796 1187 4851 sotulares
1210 4794 1446 4866 intellige
1466 4794 1695 4852 calceos.
1709 4794 1805 4852 llis

207 4886 399 4942 verbis
422 4886 675 4941 utebatur
688 4885 771 4941 vir
783 4887 916 4941 alias
940 4885 1357 4951 eruditissimus,
1380 4885 1503 4955 quia
1515 4902 1581 4941 ex
1599 4885 1806 4958 vulgari

210 4992 318 5029 usu
357 4976 658 5030 introducta
712 4984 890 5034 erant.
914 4982 968 5031 et
1009 4975 1213 5032 Gallico
1240 4976 1480 5031 idiomati
1517 4975 1805 5043 similiora,

214 5068 325 5122 illis
365 5069 697 5138 temporibus
741 5067 953 5124 facilius
996 5068 1453 5141 inteiligebantur.
1499 5066 1610 5125 Nec
1653 5081 1808 5124 vere-

1965 3972 2093 4028 Cn.
2129 3970 2192 4026 L.
2222 4000 2294 4011 —
2329 3969 2387 4024 In
2418 3968 2538 4025 istis
2560 3974 2787 4039 apparet
2811 3965 3181 4022 meonomicus
3210 3961 3401 4036 agendi
3424 3970 3482 4018 et

1893 4077 1986 4119 nes
2033 4058 2356 4132 disponendi
2402 4058 2615 4119 modus,
2657 4073 2818 4129 quem
2867 4057 2931 4111 It.
2970 4055 3031 4110 Ρ.
3076 4054 3252 4124 Guigo
3301 4061 3353 4108 et
3399 4054 3482 4109 sui

1895 4154 2324 4226 pratdecessores
2350 4150 2760 4213 ordinaverunt,
2779 4158 2838 4203 ut
2870 4163 2982 4201 rem
3012 4144 3333 4200 familiarem
3360 4157 3485 4213 pro-

1896 4256 2182 4302 moverent
2209 4254 2264 4301 et
2296 4262 2324 4300 a
2357 4243 2747 4316 disperditioue
2780 4248 3084 4306 servarent,
3113 4247 3329 4295 servato
3360 4237 3485 4293 reli-

1898 4338 2052 4411 gioso
2092 4347 2148 4393 et
2187 4336 2411 4393 innoxio
2443 4335 2635 4406 agendi
2665 4334 2847 4399 modo,
2880 4331 2970 4403 qui
3014 4333 3101 4387 hic
3134 4330 3484 4394 describitur,

1880 4420 1956 4486 ret
1979 4447 2045 4486 ex
2069 4430 2436 4501 simplicitatis
2471 4426 2733 4499 fragranti
2765 4424 2931 4480 odore
2968 4423 3181 4495 piorum
3222 4420 3487 4476 lectorum

1888 4519 2115 4581 animos
2140 4540 2245 4580 non
2283 4522 2495 4579 modice
2520 4519 2811 4577 recreabit.

1972 4615 2132 4671 Num.
2152 4616 2205 4671 1.
2231 4614 2363 4670 Cum
2390 4614 2654 4668 extraneis
2677 4610 3041 4666 commercium
3066 4606 3213 4677 facit.
3236 4604 3316 4658 De
3338 4602 3487 4656 rebus

1884 4706 2029 4773 aliis
2079 4705 2381 4777 fabulandi,
2426 4712 2555 4759 etc-
2585 4702 2756 4769 Quam
2808 4699 3092 4770 pulchrum
3147 4703 3291 4750 esset
3343 4707 3490 4747 nunc

1902 4798 2090 4855 videre
2120 4797 2255 4853 tales
2286 4804 2638 4862 mercatores,
2664 4791 2939 4864 quietiam
2962 4790 3015 4845 in
3038 4803 3137 4842 suo
3160 4782 3493 4842 commercio

1909 4906 1941 4944 a
1972 4888 2155 4944 verbis
2181 4887 2248 4943 ad
2275 4902 2388 4941 rem
2413 4900 2519 4940 non
2548 4880 2945 4955 pertinentibus
2973 4876 3336 4934 abstinebant.

1989 4978 2153 5035 Num.
2183 4976 2240 5033 2.
2274 4975 2395 5047 Ipse
2434 4992 2550 5030 vero
2592 4976 2897 5045 juramenta
2924 4980 2971 5026 et
3008 4968 3305 5030 mendacia,
3356 4973 3489 5030 etc.,

1878 5056 1881 5057 ν
1924 5090 2042 5146 qua:
2074 5072 2264 5127 talibus
2294 5070 2538 5124 interesse
2567 5065 2731 5122 solent
2755 5063 2990 5134 negotiis,
3022 5070 3127 5117 etc.
3161 5059 3297 5115 Ecce
3325 5072 3490 5129 quam

216 5161 382 5215 batur
407 5159 475 5215 de
503 5168 754 5233 corrupta
782 5160 1046 5219 latinitate
1073 5162 1246 5234 argui,
1285 5161 1445 5218 sicut.
1469 5176 1572 5218 nec
1600 5162 1666 5218 de
1694 5174 1808 5217 ser-
1838 5169 1882 5230 Β
1912 5165 2131 5221 sincere
2164 5164 2216 5219 in
2250 5162 2363 5219 suis
2391 5158 2627 5216 innoxiis
2671 5154 3016 5213 commerciis
3052 5161 3267 5208 nostros
3294 5149 3492 5205 vellent

219 5252 399 5307 monis
424 5252 690 5324 elegantia
718 5254 968 5324 cupiebat
1001 5254 1225 5310 laudari.
1764 5326 1765 5329 η

290 5346 439 5401 Idem
491 5348 724 5403 refertur
774 5350 828 5403 in
917 5348 1154 5419 antiquis
1231 5349 1448 5406 statutis
1497 5357 1639 5420 part.
1710 5363 1803 5415 tu,

222 5452 343 5509 cap.
392 5439 480 5492 15.

296 5531 428 5587 Cn.
467 5531 651 5587 XLIX.
690 5564 760 5575 --
796 5532 1141 5604 Agricultura
1200 5533 1291 5588 illa
1332 5533 1689 5589 exercebatur
1751 5530 1806 5586 in

224 5623 348 5680 loco
396 5626 488 5696 qui
545 5637 774 5682 vocatur
826 5627 1266 5694 Chartroussette,
1321 5626 1411 5681 tibi
1469 5626 1649 5682 adhuc
1701 5632 1811 5681 stat

229 5715 452 5784 grangia
477 5713 836 5787 boum,atque
859 5716 1020 5771 etiam
1049 5716 1103 5771 in
1122 5717 1322 5773 montis
1349 5716 1809 5787 declivitatc,qua3

230 5818 264 5859 a
292 5803 543 5862 Corrcria
576 5825 744 5879 usque
780 5809 847 5865 ad
889 5809 1252 5866 molendinum
1298 5808 1658 5879 protenditur.
1699 5807 1804 5864 Sed

1876 5270 2093 5326 lugere,
2148 5264 2253 5310 eta
2296 5250 2645 5307 ssecularibus
2682 5246 2875 5319 agendi
2916 5254 2971 5300 et
3012 5241 3265 5315 loquendi
3317 5237 3494 5295 modis

1908 5346 2132 5401 omnino
2160 5343 2451 5399 abstinere.

1982 5437 2116 5493 Ibid.
2155 5434 2288 5491 Cum
2319 5435 2387 5488 ad
2420 5432 2758 5487 hiemandum
2803 5430 2946 5501 [oras
2995 5436 3218 5491 exeunt,
3245 5422 3381 5477 nihil
3414 5418 3503 5476 vet

1910 5532 2163 5601 accipere,
2199 5536 2307 5585 etc.
2335 5525 2746 5582 Hic'evideuter
2774 5530 2995 5594 apparet
3022 5521 3165 5592 quod
3182 5516 3296 5588 jam
3327 5527 3492 5583 supra

1878 5610 1885 5619 ’
1912 5622 2191 5693 attigimus
2222 5635 2342 5691 cap.
2375 5618 2466 5673 11.
2491 5616 2662 5672 Foras
2693 5615 2935 5682 exibant,
2965 5612 3017 5667 id
3055 5620 3159 5673 εει,
3189 5613 3341 5661 extra
3378 5614 3492 5659 ter-

1918 5713 2096 5770 minos
2133 5712 2299 5767 eremi
2326 5719 2379 5768 et
2414 5724 2611 5782 pecora
2641 5707 2708 5763 ad
2736 5706 2969 5762 hiemem
2999 5697 3395 5770 transigendam
3424 5694 3493 5749 ad

1919 5803 2095 5862 vicina
2132 5801 2248 5860 loca
2280 5800 2640 5858 deducebant.
2671 5798 2749 5855 Ex
2792 5793 3154 5869 prohibitione
3178 5799 3365 5847 autem
3395 5787 3495 5865 ali-
