3894 6298
569 376 672 435 πί

1424 376 1746 435 ῦυΙῧΟΜδ
1783 377 1803 432 I
1837 374 2256 433 CARTIIUSIIE
2298 365 2584 439 LIAJORIS
2619 383 2892 443 PRIORIS
2924 385 2974 442 ν·

3689 393 3761 452 πῃ

1928 491 2329 550 CAPITULUM
2369 494 2433 550 LI

1657 607 1774 673 Quo
1807 618 2036 680 tempore
2065 612 2240 666 vinum
2277 613 2469 680 fratres
2507 613 2750 670 habeant.

646 723 699 778 I.
725 724 918 781 (ἔδειεῖί
953 732 1128 779 autem
1161 713 1357 777 lintres
1386 738 1472 791 qui
1503 722 1644 777 domi
1677 732 1823 790 sunt,
1857 724 2044 794 quinta
2079 735 2284 782 tantum
2313 725 2472 792 feria,
2502 736 2555 780 et
2579 727 2637 783 in
2666 727 3099 784 solemnitatibus
3121 744 3242 800 quae
3268 731 3557 802 capitulum
3575 735 3762 816 habent,

573 817 743 874 semel
798 820 852 873 in
893 819 980 874 die
1029 818 1212 872 viuum
1263 817 1555 886 accipiunt.
1586 816 1641 871 lu
1684 817 1864 872 Natali
1915 829 2095 874 tamen
2145 821 2357 877 Domini
2399 823 2590 878 diebus
2631 834 2896 893 quatuor,
2939 824 3395 895 Circumcisione,
3441 830 3762 912 Apparitiouq,

569 914 990 980 Puriﬁcatione,
1017 914 1468 980 Aununtiatioue,
1501 915 1546 970 sl
1579 916 1856 973 Dominica
1885 917 1975 972 die
2005 918 2320 989 contigerit,
2355 919 2577 976 Pascha:
2608 921 2797 976 diebus
2824 930 3074 991 quatuor,
3107 921 3462 991 Ascensione,
3483 926 3764 998 Pentecoste;

569 995 781 1065 diebus
807 1011 996 1070 tribus,
1051 1007 1398 1064 solemnitate
1424 1008 1483 1064 S.
1511 1007 1753 1072 Joannis,
1785 1011 2154 1081 apostolorum
2185 1013 2329 1090 Petri
2358 1023 2414 1069 et
2442 1014 2615 1080 Pauli,
2643 1017 3062 1087 Assumptionis,
3095 1017 3482 1090 Dedicationis,
3513 995 3772 1093 Nativitatis.

563 1103 628 1160 Β.
661 1104 865 1168 Mariae,
895 1103 1080 1158 Sancti
1110 1104 1412 1172 Michaelis,
1443 1105 1698 1161 Omnium
1729 1107 2076 1170 Sanctorum,
2110 1110 2195 1164 bis
2222 1110 2422 1166 habent
2451 1113 2656 1168 vinum.

637 1201 692 1254 2.
727 1199 1164 1257 Ascendentibus
1200 1201 1368 1257 etiam
1418 1212 1642 1274 propter
1686 1203 1908 1275 aliquod
1956 1205 2157 1262 festum
2209 1208 2261 1262 in
2304 1209 2548 1266 crastino
2583 1209 2989 1276 celebrandum,
3019 1212 3065 1269 si
3113 1213 3414 1272 monachos
3440 1215 3495 1271 in
3533 1219 3765 1283 refectorio

564 1310 786 1352 caenare
810 1297 1123 1368 contigerit,
1153 1297 1338 1354 vinum
1374 1299 1554 1355 datur.
1585 1299 1700 1358 Hoc
1722 1311 1904 1357 autem
1932 1317 2037 1358 non
2063 1303 2243 1359 evenit
2268 1303 2371 1359 nisi
2403 1305 2510 1360 duo
2537 1304 2698 1372 festa,
2727 1306 2924 1377 quibus
2955 1307 3009 1362 in
3037 1307 3329 1368 refectorio
3370 1309 3669 1381 comeditur,
3688 1317 3764 1379 sibi

561 1389 904 1447 cohaeserunt.

1903 1490 2469 1549 COMMENTARIUS.

552 1599 682 1670 quid
706 1600 778 1656 ibi
803 1601 1102 1672 accipiendi
1132 1603 1407 1660 autdandi
1429 1604 1584 1662 nobis
1609 1606 1900 1676 indicatur,
1927 1619 2132 1678 quanta
2159 1613 2212 1672 Α
2235 1616 2400 1662 cretae
2454 1607 2824 1679 intelligentia
2877 1611 3077 1682 regulis
3136 1628 3419 1685 nunquam
3461 1617 3763 1679 recedebant.

551 1703 686 1745 cura
710 1689 870 1760 primi
903 1690 1092 1746 Patres
1120 1690 1318 1747 vellent
1345 1703 1562 1750 nostros
1587 1695 1889 1763 retrahere,
1924 1706 1980 1753 et
2018 1714 2137 1754 ser-
2240 1699 2531 1756 Videamus
2575 1714 2741 1766 nunc,
2776 1699 2822 1755 si
2875 1702 3038 1757 tantis
3066 1703 3196 1760 viris
3248 1720 3348 1761 nos
3397 1707 3632 1766 meliores
3674 1726 3772 1769 esse

555 1794 688 1836 vare
737 1795 770 1835 a
826 1779 1194 1837 familiaritate
1248 1783 1589 1841 saecularium
1655 1788 1979 1844 attrahenda
2038 1805 2136 1859 per
2237 1786 2547 1854 credamus,
2588 1799 2646 1843 ut
2690 1791 2984 1848 timendum
3033 1795 3146 1866 jam
3195 1797 3356 1853 nobis
3399 1813 3504 1853 non
3553 1801 3635 1866 sit,
3656 1805 3764 1872 quod

553 1870 873 1926 munuscula
919 1871 1045 1926 data
1098 1881 1191 1927 aut
1232 1883 1480 1944 accepta.
1515 1876 1772 1934 Sciebant
1819 1881 1964 1935 enim
2006 1881 2136 1951 quid

549 1960 774 2030 periculi
811 1961 924 2016 suis
951 1964 1234 2019 conversis
1261 1981 1328 2020 ex
1369 1966 1474 2022 ista
1524 1967 1900 2026 familiaritate
1928 1973 2131 2028 sensim

547 2051 730 2107 enasci
769 2062 976 2123 posset,
1013 2055 1104 2124 qui
1131 2070 1199 2111 ex
1245 2056 1348 2112 loci
1386 2060 1550 2128 paulo
1582 2063 1866 2118 ammuiori
1911 2065 2041 2128 situ,
2067 2081 2135 2121 ex

547 2139 773 2207 relictis,
799 2143 926 2199 licet
962 2146 1217 2216 exigente
1259 2149 1607 2217 necessitate,
1639 2153 1954 2208 monasterii
1983 2168 2134 2209 com-

547 2233 800 2293 munibus
825 2237 1122 2304 exercitiis,
1166 2239 1212 2294 si
1254 2239 1342 2295 his
1389 2251 1670 2297 contracta
1699 2259 1824 2298 cum
1855 2246 2134 2303 extraneis

547 2320 893 2380 familiaritas
937 2326 1344 2399 adjungeretur,
1387 2331 1544 2389 facile
1589 2343 1811 2402 possent
1854 2337 2032 2407 primo
2077 2339 2130 2393 in

549 2420 758 2468 natura)
815 2416 1036 2486 laqueos
1097 2417 1336 2500 laborem
1404 2421 1659 2492 fugientis
1718 2434 1774 2481 et
1828 2429 2134 2498 appetentis

547 2502 936 2562 relaxationem
974 2509 1239 2578 incidere,
1269 2521 1323 2568 et
1357 2523 1546 2584 postea
1591 2515 1644 2570 in
1677 2515 1878 2573 diaboli
1908 2518 2133 2589 laqueos

546 2594 709 2651 etiam
739 2597 1011 2656 decidere.

621 2685 837 2744 Utinam
863 2706 1077 2762 semper
1103 2709 1214 2766 pra:
1239 2697 1416 2754 oculis
1454 2697 1753 2756 habeamus
1789 2701 1895 2758 hoc
1926 2703 2132 2775 primo-

543 2792 666 2832 rum
695 2779 919 2838 Patrum
961 2787 1270 2856 exemplum
1307 2799 1365 2846 et
1404 2792 1473 2848 ab
1515 2792 1608 2848 illo
1647 2809 1925 2864 nunquam
1961 2795 2128 2852 delle-

545 2877 692 2926 ctere
719 2880 1048 2944 satagamus,
1076 2876 1304 2935 sollicite
1331 2891 1606 2948 curantes,
1636 2892 1697 2938 ut
1727 2885 1794 2940 ad
1821 2885 2128 2957 exemplum

2241 1887 2368 1933 tunc
2398 1877 2473 1934 illi
2523 1878 2809 1946 timebant,
2831 1889 2887 1935 et
2928 1889 3074 1937 tanta
3104 1898 3236 1938 cura
3273 1885 3538 1942 cavebant
3579 1902 3663 1956 pro
3680 1890 3766 1946 suis

2238 1979 2392 2025 extra
2419 1970 2827 2033 monasterium.
2857 1973 3010 2041 quasi
3060 1973 3430 2043 habitualiter,
3459 1976 3625 2047 aliquo
3662 1988 3765 2040 tem-

2237 2075 2370 2129 pore
2393 2061 2732 2131 degentibus.
2774 2060 2917 2116 Alibi
2955 2061 3208 2133 loquetur
3236 2063 3304 2118 Β.
3332 2063 3393 2119 Ρ.
3425 2065 3598 2134 Ουίεο,
3618 2065 3675 2121 de
3704 2067 3765 2123 bis

2237 2151 2330 2221 qui
2359 2154 2412 2206 in
2441 2153 2557 2206 solo
2589 2152 2842 2217 transitu,
2871 2162 3026 2209 extra
3057 2155 3256 2212 limites
3280 2157 3388 2212 iter
3418 2159 3656 2227 agebant.

2307 2243 2442 2298 Ibid.
2472 2242 2646 2298 Tertia
2672 2244 2806 2313 feria
2842 2255 2889 2298 et
2917 2243 3147 2300 Sabbato
3174 2246 3316 2300 ultra
3344 2263 3653 2302 communem
3679 2249 3766 2317 [ra-

2237 2341 2375 2388 trum
2397 2350 2613 2398 morem,
2642 2343 2747 2390 etc.
2784 2335 2860 2390 De
2898 2335 3002 2391 hoc
3034 2351 3186 2392 more
3220 2337 3435 2394 dicetur
3478 2339 3529 2393 in
3565 2343 3774 2409 sequenti-

2236 2425 2492 2496 capitulo.
2551 2425 2933 2482 Misericordiae
2989 2439 3171 2484 autem
3223 2431 3446 2486 nomine
3498 2431 3769 2503 intelligitur

2235 2516 2568 2588 indulgentia
2594 2517 2801 2587 aliqua,
2824 2533 2945 2589 qute
2966 2534 3033 2575 ex
3061 2527 3242 2576 mente
3267 2521 3562 2592 primorum
3584 2522 3768 2578 Patrum

2235 2605 2468 2663 discreta
2519 2609 2859 2674 conceditur,
2895 2617 3058 2678 prout
3107 2609 3199 2667 hic
3243 2611 3477 2680 videtur,
3498 2613 3688 2682 quoties
3717 2614 3769 2690 id

2231 2698 2473 2768 postulat
2501 2699 2842 2756 rationabilis
2873 2715 3064 2767 causa,
3091 2702 3164 2757 ab
3198 2705 3462 2760 extremis
3506 2705 3638 2759 enim
3669 2719 3768 2760 om-

2232 2789 2394 2846 nibus
2414 2791 2699 2856 cavebant,
2731 2800 2784 2847 et
2805 2791 3014 2862 justum
3040 2793 3280 2848 medium
3307 2793 3681 2863 sequebantur.

2302 2879 2435 2937 Car.
2465 2879 2551 2936 LI.
2576 2911 2649 2925 —-
2674 2881 2834 2937 Nunt.
2869 2883 2922 2936 I.
2957 2881 3157 2948 Quinta
3199 2893 3406 2939 tantum
3455 2885 3604 2955 feria,
3648 2894 3690 2940 et
3727 2886 3770 2939 in

543 2958 756 3016 illorum
796 2964 1066 3021 neminem
1093 2982 1127 3023 e
1164 2971 1368 3028 nostris
1404 2982 1558 3029 extra
1596 2976 1988 3032 monasterium
2037 2979 2130 3034 de-

2239 2967 2647 3025 tolemnitatibus
2682 2987 2801 3042 qua:
2845 2971 3130 3052 capitulum
3173 2973 3363 3028 habent
3414 2949 3568 3029 semel
3599 2975 3650 3028 in
3687 2974 3769 3039 die,

540 3067 671 3122 gere
714 3057 1124 3126 permittamus,
1160 3063 1261 3118 nisi
1295 3076 1558 3135 quantum
1585 3076 1638 3123 et
1680 3069 1924 3138 quandiu
1958 3073 2132 3143 exigi;
2231 3066 2342 3115 etc.
2359 3057 2589 3116 Nomine
2613 3061 3037 3128 solemnitatum,
3062 3062 3249 3132 utjam
3273 3064 3599 3131 notavimus,
3627 3065 3768 3120 omnia

543 3145 868 3204 inevitabilis
919 3153 1243 3220 necessitas,
1299 3157 1424 3226 quia
1475 3159 1601 3214 inde
1651 3160 1903 3230 graviora
1949 3165 2128 3221 ordini

2239 3148 2369 3206 festa
2395 3151 2618 3223 capituli
2647 3152 2988 3225 iutelligebat
3013 3153 3080 3209 R.
3099 3153 3366 3226 P.Guigo.
3387 3153 3506 3211 Non
3524 3163 3603 3210 est
3625 3165 3770 3209 autem

544 3235 744 3292 damna
769 3239 824 3294 in
855 3250 1086 3312 utroque
1119 3255 1264 3301 statu
1296 3250 1581 3319 temporali
1612 3260 1666 3308 et
1703 3253 1974 3322 spirituali
1999 3272 2130 3315 eve-

2239 3245 2528 3311 putandum
2571 3244 2714 3314 quod
2749 3244 2936 3300 vinum
2981 3246 3072 3301 hic
3108 3241 3274 3302 Semel
3314 3246 3370 3302 in
3422 3247 3512 3302 die
3553 3245 3769 3302 fratribus

547 3326 668 3382 nire
705 3345 865 3400 posse
888 3333 1248 3393 indubitatum
1275 3349 1377 3397 est.

617 3421 759 3487 Dixi,
803 3425 1170 3485 inevitabilem
1216 3435 1636 3502 necessitatem,
1685 3440 1835 3519 quia,
1886 3443 2126 3511 quandiu

547 3511 710 3567 vitari
741 3525 940 3584 potest,
967 3528 1060 3574 aut
1096 3536 1193 3590 per
1233 3523 1470 3594 aliquam
1512 3511 1835 3585 industriam
1864 3533 2125 3602 suppleri,

543 3695 916 3755 aestimandum
940 3710 1043 3757 est.
1076 3704 1322 3762 Sufficiat
1353 3709 1444 3764 hic
1476 3725 1638 3764 unam
1669 3726 1768 3780 pro
1813 3715 1996 3771 multis
2036 3731 2125 3771 ra-

543 3782 745 3840 tionem
771 3787 881 3858 jam
919 3791 972 3844 in
1003 3795 1371 3864 superioribus
1397 3797 1616 3854 allatam
1645 3801 1840 3858 iterum
1871 3815 2122 3874 tangere.

543 3871 802 3933 Homines
839 3885 1155 3940 monasterii
1200 3888 1474 3944 exercitiis
1527 3892 1752 3956 assueti,
1804 3902 1860 3948 et
1913 3871 1992 3948 ab—
2029 3896 2128 3952 ob-

541 3966 697 4031 |ectis
733 3969 1084 4028 saecularibus
1106 3975 1353 4031 videndis
1388 3992 1456 4033 ex
1484 3979 1740 4035 solitariae
1768 3983 1890 4038 vitae
1915 3984 2124 4054 profes-

541 4055 694 4112 sione
708 4061 900 4116 remoti
918 4070 972 4116 et
995 4062 1238 4131 dissueti,
1265 4068 1332 4122 ab
1357 4068 1486 4139 ipsis
1511 4079 1697 4139 postea
1715 4075 2126 4131 occurrentibus

551 4145 798 4204 vivacius
838 4158 895 4204 et
930 4153 1309 4211 vehementius
1355 4165 1664 4228 tanguntur,
1690 4175 1852 4230 quam
1881 4162 1972 4232 qui
2018 4163 2125 4220 illis

2230 3333 2647 3390 ministrandum
2678 3350 2741 3392 ea
2775 3344 2984 3392 tantum
3013 3351 3266 3393 mensura
3305 3337 3528 3393 daretur
3555 3352 3664 3406 quae
3687 3335 3771 3393 rul-

2230 3425 2421 3482 lieeret
2466 3427 2560 3482 uui
2607 3426 2912 3492 refectioni,
2963 3428 3058 3484 sed
3107 3445 3228 3500 qua:
3276 3429 3506 3500 prandio
3537 3438 3590 3485 et
3635 3443 3770 3489 cuna:

2230 3515 2525 3582 sufficeret,
2549 3525 2608 3572 ut
2638 3532 2705 3572 ex
2730 3517 2872 3573 infra
2900 3518 3141 3575 dicendis
3170 3521 3402 3590 patebit,
3423 3529 3479 3576 et
3509 3536 3572 3576 ex
3587 3521 3768 3590 antiqua

2229 3607 2620 3664 consuetudine
2671 3606 2832 3677 hujus
2876 3608 3070 3667 domus
3119 3610 3426 3667 Carthusize
3473 3613 3642 3668 adhuc
3675 3627 3772 3682 pro-

2226 3699 2405 3766 batur,
2437 3716 2543 3770 qua
2565 3699 2828 3758 fratribus
2874 3701 3294 3759 ministrabatur
3318 3704 3504 3761 vinum
3534 3721 3625 3774 pro
3649 3714 3770 3762 utra-

2227 3806 2333 3863 que
2356 3791 2668 3859 refectione,
2690 3794 2834 3864 quod
2865 3793 2920 3849 in
2941 3795 3075 3851 cella
3101 3796 3245 3868 apud
3270 3811 3328 3852 se
3353 3797 3656 3854 servabant.

2298 3883 2408 3940 Cur
2435 3893 2617 3941 autem
2651 3884 2912 3941 fratribus
2948 3887 3204 3957 gravibus
3251 3903 3514 3944 manuum
3553 3889 3772 3960 operibus

2227 3974 2475 4039 addictis,
2499 3990 2605 4030 non
2638 3985 2744 4030 tam
2774 3975 3085 4047 frequenter
3105 3977 3287 4032 vinum
3315 3979 3617 4050 assignetur
3639 3996 3771 4058 quam

2227 4064 2544 4120 monachis?
2605 4063 2740 4132 Quia
2794 4064 2948 4121 labor
3003 4065 3200 4122 mentis
3245 4067 3406 4140 longe
3457 4071 3661 4140 gravior
3706 4079 3773 4152 est

2227 4169 2396 4224 quam
2415 4158 2685 4228 corporis,
2724 4167 2782 4215 et
2809 4161 2998 4215 viuum
3047 4162 3380 4230 reparationi
3418 4164 3774 4230 exhaustorum

469 4249 483 4304 ξ
511 4318 525 4329 .
549 4233 801 4292 videndis
831 4250 954 4296 sunt
979 4245 1218 4311 assueti;
1253 4247 1321 4300 ab
1355 4251 1587 4304 assuetis
1615 4251 1784 4316 enim,
1837 4260 1895 4319 ut
1934 4253 2123 4310 dicunt
2151 4304 2153 4326 ,

2239 4247 2514 4318 spirituum
2547 4251 2774 4306 multum
2796 4252 3028 4308 confert.

545 4326 872 4399 philosophi,
907 4349 1014 4389 non
1047 4335 1106 4388 fit
1135 4337 1335 4406 passio,
1369 4347 1422 4394 et
1450 4339 1573 4396 ideo
1610 4341 1679 4397 ab
1710 4341 1817 4398 illis
1838 4355 1964 4400 sunt
1992 4360 2123 4401 cau-

544 4414 655 4472 tius
670 4417 905 4486 vitanda,
939 4422 1154 4492 rejectis
1184 4426 1329 4480 mille
1377 4427 1650 4499 figmentis
1671 4431 1873 4488 amoris
1896 4432 2116 4503 privati,

455 4511 468 4524 ’
549 4506 748 4576 quibus
793 4514 1147 4572 necessitates
1177 4516 1380 4589 fingere
1421 4522 1592 4590 novit,
1624 4521 1716 4579 ubi
1755 4538 1945 4581 revera
1979 4511 2126 4584 nulla

466 4629 470 4633 ι
541 4603 801 4660 occurrit.

466 4693 474 4714 ‘
610 4690 749 4747 Ibid.
772 4693 814 4748 A
842 4711 1001 4765 puero
1029 4697 1370 4768 mercenaria,
1402 4711 1511 4760 etc.
1533 4687 1784 4762 Turbam.
1802 4705 2124 4764 famulorum

542 4791 674 4840 tunc
711 4795 834 4856 post
880 4805 940 4845 se
975 4805 1083 4846 non
1133 4795 1425 4851 trahebant
1468 4799 1658 4866 optimi
1702 4799 1966 4870 Opiliones
2011 4801 2122 4868 isti,

545 4879 640 4932 sed
676 4893 773 4947 per
799 4894 858 4936 se
907 4884 1088 4939 omnia
1130 4885 1425 4942 faciebant.
1460 4888 1714 4960 Alioquin
1765 4899 1978 4948 tenuem
2008 4907 2124 4948 rem

545 4967 890 5033 familiarem.
923 4974 1186 5047 integram
1213 4995 1309 5049 per
1342 4982 1710 5039 mereenarios
1732 4983 1842 5039 cito
1871 4986 2126 5040 deveras-

547 5063 782 5116 sent.Ad
808 5065 910 5120 hoc
935 5075 1146 5122 tantum
1175 5083 1338 5138 opera
1350 5071 1504 5139 pueri
1535 5073 1859 5130 mercenarii
1872 5075 2124 5142 dabatur,

549 5166 611 5205 ne
637 5151 758 5223 ipsi,
784 5156 922 5225 quod
953 5158 1308 5227 periculosum
1344 5170 1443 5227 est,
1476 5163 1544 5218 ad
1574 5163 1747 5234 villas,
1785 5166 1839 5221 in
1866 5176 2124 5237 quantum

541 5241 696 5297 vitari
747 5256 933 5314 potest,
973 5251 1050 5306 ire
1093 5260 1368 5320 cogantur.
1417 5253 1788 5313 Periculosum
1837 5259 2127 5316 videbatur

542 5331 663 5390 istis
706 5338 914 5392 sanctis
962 5341 1094 5396 viris
1133 5341 1405 5410 piissimos
1447 5362 1740 5406 conversos
1794 5361 1922 5408 tunc
1968 5363 2122 5408 extra

542 5426 932 5481 monasterium
969 5431 1038 5485 ad
1081 5441 1313 5500 tempus,
1353 5438 1509 5506 quasi
1546 5446 1723 5495 tamen
1773 5443 2127 5500 habitualiter

540 5509 706 5582 (quod
739 5515 1054 5584 notandum)
1078 5518 1356 5588 degentes,
1385 5525 1563 5580 sinere
1585 5527 1652 5580 ad
1675 5529 1947 5598 proximas
1969 5532 2122 5589 villas

561 5614 645 5668 re,
676 5600 732 5657 in
761 5613 1036 5673 quantum,
1071 5616 1127 5661 ut
1157 5607 1324 5678 aiunt,
1360 5615 1511 5669 vitari
1540 5625 1702 5685 potest
1730 5636 1747 5674 :
1778 5634 1910 5674 nam.
1933 5636 1962 5675 a
2004 5624 2115 5678 dis-

2297 4338 2501 4396 IbidJn
2517 4340 2702 4397 Natali
2711 4352 2883 4400 tamen
2899 4345 3130 4414 Domini,
3151 4358 3282 4417 etc.,
3299 4349 3378 4406 bis
3399 4351 3571 4406 uinum
3593 4351 3771 4406 habent.

2227 4426 2328 4486 Hic
2355 4440 2574 4486 enarrat
2601 4433 2668 4486 Β.
2695 4432 2757 4489 Ρ.
2786 4433 2958 4506 Guigo
2994 4439 3260 4510 precipua
3303 4439 3463 4506 festa,
3505 4457 3616 4511 quae
3656 4455 3775 4496 nunc

2226 4524 2597 4580 solemnitates
2619 4542 2894 4591 vocamus.
2918 4529 2985 4583 ad
3017 4529 3380 4588 differentiam
3414 4533 3660 4590 festorum
3679 4547 3778 4603 qua

2226 4624 2353 4670 sunt
2393 4625 2602 4672 tantum
2628 4620 2871 4689 capituli.
2912 4620 3008 4676 His
3047 4639 3176 4696 ergo
3211 4610 3576 4693 diebus,'cum
3617 4629 3694 4683 bis
3731 4629 3771 4680 in

2225 4710 2513 4766 relectorio
2542 4713 2936 4781 comederetur,
2979 4734 3138 4774 tuane
3191 4720 3444 4777 videlicet
3482 4733 3536 4779 et
3559 4734 3771 4791 vespere.

2195 4797 2309 4870 bis
2344 4801 2506 4857 etiam
2541 4801 2801 4859 fratribus
2824 4804 3005 4859 viuum
3045 4807 3477 4864 ministrabatur.

2295 4891 2459 4947 Num.
2488 4892 2545 4948 2.
2575 4891 2983 4950 Ascendentibus
3005 4897 3189 4962 etiam,
3220 4908 3328 4953 etc.
3357 4897 3417 4954 Si
3453 4899 3714 4965 monachos
3733 4897 3775 4947 in

2165 4977 2179 4989 "
2226 4981 2522 5054 refectorio,
2559 4990 2664 5038 etc.
2684 4981 2738 5038 ld
2761 4999 2883 5039 cum
2910 4985 3772 5057 prmcedentibusconcordat,nam

2226 5073 2353 5144 quia
2385 5084 2514 5130 tunc
2551 5075 2799 5134 monachi
2849 5076 2905 5131 in
2945 5075 3235 5133 refectorio
3268 5078 3574 5142 comedunt,
3614 5076 3772 5129 vinum

2226 5167 2390 5221 etiam
2432 5167 2771 5224 ministratur
2800 5168 3057 5224 fratribus
3091 5167 3159 5224 ad
3213 5169 3433 5225 domum
3472 5167 3772 5240 superiorem

2225 5264 2657 5330 ascendentibus,
2705 5274 2764 5320 ut
2796 5265 2875 5322 sic
2919 5264 3015 5320 fiat
3057 5265 3306 5336 quaedam
3343 5261 3693 5322 observantia:
3729 5259 3772 5313 in

2225 5356 2470 5426 utrisque
2498 5355 2876 5414 conformatio.
2940 5373 2944 5375 ’

2299 5447 2410 5504 Hoc
2437 5457 2615 5504 autem
2645 5448 2941 5518 capitulum
2982 5448 3209 5506 relatum
3255 5450 3426 5508 habes
3472 5447 3524 5504 in
3560 5439 3778 5517 antiquis

2227 5541 2467 5610 statutis,
2497 5557 2553 5614 p.
2590 5558 2672 5613 tu,
2703 5557 2824 5614 cap.
2862 5541 2946 5600 l9.
