3894 6298
1804 294 1866 311 *ἠδ
1923 300 1941 314 ,ε
1969 279 2039 323 2“??-

2076 327 2088 341 I

118 401 202 459 133
1390 377 1981 439 CONSUETUDINES.

1411 490 1816 550 CAPITULUM
1854 494 1961 549 LII.

1353 586 1429 642 De
1482 588 1694 658 jejunio
1756 590 2005 657 fratrum.

173 705 217 760 ί.
250 698 398 767 sexta
425 703 629 761 semper
651 685 786 742 feria
812 698 953 758 pane
976 694 1033 741 et
1063 698 1200 755 aqua
1226 689 1283 739 et
1323 681 1437 738 sale
1465 684 1707 739 contenti
1738 694 1886 749 sunt,
1913 686 2167 755 exceptis
2193 686 2654 743 solemnitatibus.
2679 686 2735 743 ln
2761 688 3006 747 Adventu
3032 708 3247 765 quoque
3268 705 3326 753 et

116 789 515 868 Quinquageslma
541 794 597 841 et
625 782 846 855 jejuniis
872 780 1117 848 Quatuor
1156 778 1510 848 Temporum,
1538 788 1733 847 quarta
1760 779 1923 832 etiam
1965 778 2097 833 feria
2136 794 2199 834 ea
2222 780 2397 835 mdem
2445 782 2823 839 abstinentiam
2863 784 3084 842 faciunt.
3114 787 3327 861 Vigiliis

116 891 317 951 Paschte,
353 877 708 940 Ascensionis,
750 874 1118 942 Pentecostes,
1165 872 1341 929 sancti
1399 871 1644 940 Joannis,
1684 871 1831 929 Petri
1872 882 1924 928 et
1973 872 2156 940 Pauli,
2209 876 2628 947 Assumptiouis,
2675 877 2924 937 Omnium
2980 882 3323 953 Sanctorum,

114 970 289 1045 Natalis»
306 975 502 1036 Domini
525 972 770 1030 similiter
792 970 999 1025 vivunt.

169 1085 217 1139 2.
252 1081 303 1134 In
330 1074 516 1147 vigiliis
539 1074 676 1139 lvero
707 1068 1076 1140 apostolorum
1099 1064 1311 1127 Jacobi,
1343 1064 1745 1131 Bartholomaei,
1783 1063 2046 1128 Matthxi,
2089 1064 2327 1123 Simonis
2366 1077 2420 1123 et
2460 1068 2631 1136 Judze,
2662 1072 2911 1140 Andreae,
2952 1074 3009 1131 S.
3048 1076 3328 1135 Laurentii

112 1174 345 1246 martyris,
368 1167 522 1226 semel
543 1165 756 1236 quidem
779 1163 1086 1227 comedunt,
1102 1161 1194 1217 sed
1220 1159 1555 1232 pulmentum
1579 1161 1800 1215 habent.
1820 1159 2047 1217 Caeteris
2067 1170 2247 1217 autem
2271 1164 2477 1231 diebus,
2507 1181 2576 1221 ne
2596 1168 2767 1225 nimio
2788 1170 2972 1230 labore
2988 1174 3326 1248 frangantur,

114 1274 179 1329 bis
199 1267 481 1343 comedunt,
507 1262 600 1317 sed
626 1258 790 1315 semel
825 1266 1029 1313 tantum
1056 1256 1392 1327 pulmentum
1422 1255 1717 1324 accipiunt.

167 1367 212 1422 ὅ.
244 1358 561 1418 Generaliter
585 1366 765 1411 autem
789 1367 1108 1411 communes
1132 1352 1294 1422 hujus
1323 1350 1518 1406 domus
1544 1349 1648 1405 sibi
1680 1348 1792 1404 sale
1813 1357 2020 1405 tantum
2051 1351 2395 1408 condiuntur.
2428 1352 2631 1420 Quinta
2657 1357 2790 1412 feria
2821 1367 2875 1413 et
2899 1359 3329 1418 solemnitatibus

113 1454 312 1527 capituli,
341 1453 473 1511 ultra
498 1461 845 1514 consuetum,
871 1447 1078 1518 aliquid
1108 1446 1349 1502 melioris
1374 1459 1513 1501 esca:
1540 1443 1862 1515 suscipiunt.
1902 1444 2129 1502 Pascha:
2157 1456 2335 1503 tamen
2371 1458 2427 1504 et
2458 1449 2808 1509 Pentecostes
2846 1453 2983 1509 feria
3024 1456 3233 1525 quinta,
3269 1464 3331 1514 et

113 1553 247 1609 altera
271 1558 383 1623 post
420 1547 614 1604 festum
648 1545 998 1602 lnnocentum
1020 1544 1135 1613 die,
1164 1546 1212 1599 si
1240 1544 1367 1612 hac,
1396 1542 1451 1599 id
1480 1550 1564 1599 est
1594 1541 1781 1613 quinta
1824 1540 1985 1613 feria,
2016 1544 2088 1600 ibi
2117 1546 2430 1616 contigerit,
2459 1548 2642 1603 vinum
2680 1549 2799 1605 sine
2835 1550 3015 1622 aliqua
3054 1550 3151 1622 [al.
3198 1551 3329 1629 alia]

112 1647 300 1724 pitantia
329 1651 560 1703 sumunt.

3213 388 3323 446 7'56

1420 1729 1989 1789 COMMENTARIUS.

164 1835 275 1891 Cn.
298 1830 469 1888 Lll.—
492 1828 655 1884 Num.
688 1827 741 1882 1.
769 1826 933 1884 Sexta
957 1842 1159 1895 semper
1184 1825 1339 1896 feria,
1378 1834 1512 1891 etc.,
1550 1840 1642 1879 ea:-
1671 1826 1716 1882 A
1744 1824 1926 1880 herbis
1968 1826 2170 1890 crudis,
2217 1827 2482 1883 fructibus
2524 1838 2616 1884 aut
2644 1829 2920 1885 radicibus
2944 1841 3327 1900 pascerentur,

112 1927 235 1996 captis
276 1921 696 1984 solemnitatibus,
746 1928 855 1975 etc.
920 1917 1102 1975 Semel
1157 1932 1286 1989 ergo
1334 1925 1538 1972 tantum
1583 1916 1636 1970 in
1741 1927 1863 1966 cum
1891 1913 1997 1969 illis
2026 1916 2215 1971 eadem
2274 1918 2553 1974 laborandi
2591 1921 2808 1976 adesset
2854 1920 3157 1977 necessitas
3206 1937 3328 1992 qua:

110 2012 393 2071 hebdomada
414 2009 797 2065 abstinentiam
821 2006 1113 2072 faciebant,
1138 2005 1297 2075 idque
1314 2004 1444 2059 feria
1463 2013 1636 2070 sexta,
1740 2000 1861 2056 aliis
1883 2002 2096 2059 diebus.

111 2104 191 2158 nisi
231 2102 408 2157 festum
458 2098 679 2169 capituli
726 2105 1060 2163 occurreret,
1111 2105 1241 2151 tunc
1269 2094 1415 2150 enim
1446 2096 1515 2149 ab
1548 2094 1639 2149 illa
1728 2079 1732 2084 ’
1812 2090 1975 2148 Num.
2022 2096 2075 2151 3.
2130 2092 2459 2153 Generaliter
2500 2108 2675 2155 autem
2716 2118 3013 2157 communes
3038 2102 3198 2173 hujus
3227 2103 3328 2157 de-

110 2191 385 2250 abstinentia
406 2190 800 2256 eximebantur,
819 2188 962 2258 quod
983 2188 1149 2242 etiam
1172 2187 1318 2241 circa
1345 2187 1640 2241 monachos
1741 2198 1859 2237 mus
1884 2185 1987 2239 cibi
2008 2185 2118 2240 sale
2149 2195 2355 2242 tantum
2384 2190 2723 2244 condiuntur.
2774 2190 2905 2245 Erat
2957 2206 3148 2262 magna
3174 2190 3331 2247 dilic-

110 2287 401 2345 observatum
427 2281 592 2337 fuisse
618 2280 981 2335 indubitatum
1005 2288 1108 2334 est.
1146 2278 1255 2332 Cur
1276 2277 1421 2331 enim
1453 2292 1643 2333 mona—
1744 2271 1920 2326 rentia
1952 2273 2094 2329 inter
2132 2275 2352 2331 modum
2380 2277 2661 2332 esculenta
2708 2279 2996 2333 condiendi
3042 2281 3149 2335 illis
3196 2290 3333 2334 tem-

116 2377 183 2431 cbi
202 2390 292 2430 non
321 2373 541 2429 fuissent
572 2373 765 2427 eadem
800 2370 1009 2425 ratione
1035 2369 1292 2438 exempti,
1322 2369 1412 2438 qui
1442 2378 1553 2423 tres
1582 2370 1634 2421 iu
1744 2362 1983 2431 poribus,
2024 2375 2081 2421 et
2104 2382 2228 2423 eum
2251 2383 2411 2438 quem
2442 2383 2585 2422 nunc
2606 2368 2805 2438 ubique
2830 2369 3037 2424 servari
3052 2371 3329 2436 videmus;

110 2465 397 2525 liebdomada
452 2462 727 2518 faciebant
778 2459 1172 2525 absunentias,
1216 2473 1338 2513 cum
1396 2456 1595 2511 fratres
1626 2497 1641 2521 ,
1744 2476 1851 2515 non
1903 2459 2048 2515 enim
2101 2468 2229 2516 tunc
2282 2460 2624 2516 habebantur
2664 2461 2876 2530 species
2911 2471 3238 2527 aromatum,
3276 2472 3335 2517 et

111 2558 184 2626 qui
205 2571 345 2610 unam
374 2563 577 2609 tantum
603 2553 987 2617 observabant,
1011 2551 1079 2606 ab
1114 2565 1197 2615 ea,
1228 2550 1438 2604 ratione
1455 2562 1645 2617 super-

1766 2562 2004 2624 mtyrum
2037 2553 2127 2606 vix
2153 2560 2272 2606 erat
2310 2552 2363 2605 in
2395 2567 2519 2606 usu.
2564 2550 2717 2608 Tunc
2761 2554 2927 2607 etiam
2970 2563 3117 2623 erat,
3170 2562 3336 2623 prout

110 2646 335 2702 venientis
380 2645 498 2702 festi
552 2643 779 2715 capituli
830 2642 920 2699 hic
974 2640 1328 2697 eximantur?
1377 2638 1531 2693 Nulla
1585 2637 1645 2691 lit
1747 2658 1892 2698 nunc
1928 2642 2193 2709 videmus,
2247 2642 2301 2697 in
2342 2642 2513 2697 variis
2558 2642 2896 2712 regionibus,
2950 2658 3145 2714 magna
3188 2644 3337 2700 circa

110 2740 275 2796 mentio
316 2738 680 2795 translationis
714 2734 1083 2798 abstinentiae,
1131 2732 1273 2788 unde
1300 2731 1643 2801 perspicuum
1748 2749 1863 2789 rem
1910 2735 2069 2789 istam
2110 2736 2415 2797 diversitas,
2464 2735 2760 2790 secundum
2793 2735 3213 2792 consuetudines
3235 2749 3334 2791 vs-

110 2838 175 2885 est
214 2830 341 2900 quod
369 2844 431 2885 eo
468 2844 595 2884 casu
631 2828 975 2883 inobservata
1011 2823 1298 2889 transiret;
1329 2836 1473 2876 nunc
1518 2836 1647 2875 vero
1751 2826 1862 2880 rias
1892 2826 2045 2881 cibos
2072 2824 2381 2892 condiendi,
2415 2842 2481 2880 ex
2516 2841 2745 2896 quarum
2772 2841 2871 2880 usu
2903 2840 3011 2896 quo
3037 2824 3203 2881 semel
3232 2840 3332 2881 na-

109 2934 191 2977 non
222 2921 321 2986 sic,
360 2935 482 2975 nam
520 2919 741 2989 quando
766 2917 963 2973 festum
993 2914 1214 2985 capituli
1237 2914 1481 2969 occurrit
1508 2912 1645 2968 feria
1755 2923 1873 2967 tura
1923 2913 2127 2968 imbuta
2169 2923 2273 2979 est,
2313 2915 2556 2969 nascitur
2600 2930 2801 2972 nausea
2827 2915 2972 2970 circa
3003 2914 3153 2970 cibos
3177 2913 3337 2969 aliter

109 3021 253 3079 sexta,
277 3012 592 3069 abstinentia
621 3010 689 3065 ad
719 3009 883 3065 aliam
913 3008 1057 3064 diem
1086 3005 1432 3062 transfertur.
1750 3012 2107 3074 praeparatos,
2134 3013 2188 3058 et
2215 3004 2340 3058 talis
2388 3020 2589 3061 nausea
2637 3021 2758 3075 quae
2801 3006 2892 3060 vix
2938 3005 3083 3060 vinci
3138 3005 3331 3076 possit.

160 3101 272 3158 Ibid.
295 3102 357 3156 In
388 3102 629 3157 Adventu
661 3116 881 3171 quoque,
909 3108 1043 3164 etc.,
1072 3106 1263 3167 quarta
1300 3097 1454 3150 etiam
1488 3094 1645 3165 feria.
1687 3163 1721 3171 ἢ
1753 3096 1905 3165 Quod
1955 3096 2008 3151 in
2056 3097 2160 3151 hac
2196 3106 2381 3151 nostra
2422 3098 2582 3152 domo
2624 3098 2995 3167 experimento
3025 3113 3132 3154 non
3162 3097 3335 3153 semel

104 3189 148 3245 Μ
172 3192 311 3247 etiam
350 3206 488 3247 nunc
530 3163 881 3254 observatur,
922 3163 1220 3256 iisdemque
1248 3185 1439 3240 diebus
1473 3163 1653 3239 absti-‘
1687 3163 1731 3253 Β,
1752 3163 2103 3257 probavimus
2133 3195 2373 3256 tempore
2414 3188 2631 3256 capituli
2664 3163 2954 3258 generalis,
2989 3203 3111 3244 cum
3141 3186 3336 3243 Patres

102 3283 251 3339 rentia
278 3284 331 3338 llt
351 3299 379 3338 a
408 3282 698 3349 fratribus,
733 3296 801 3347 ep
838 3282 1000 3337 modo
1042 3294 1152 3351 quo
1182 3292 1326 3335 nunc
1350 3277 1452 3333 iste
1483 3276 1648 3332 absti-
1726 3278 2029 3345 Germani,
2064 3278 2200 3345 Itali,
2244 3279 2488 3348 Hispani,
2522 3279 2718 3350 Belgae,
2746 3278 2958 3345 Poloni,
2980 3278 3141 3345 Galli,
3170 3278 3333 3334 simul

102 3376 362 3430 nentiarum
392 3376 527 3431 ritus
567 3383 817 3431 servatur
842 3373 983 3444 apud
1008 3386 1130 3428 nos.
1751 3371 2113 3437 conveniunt;
2146 3372 2235 3441 qui
2264 3383 2442 3426 tamen
2478 3372 2701 3427 Gallicze
2732 3372 3108 3428 consuetudini
3138 3371 3193 3425 in
3222 3370 3327 3426 hoc

156 3465 291 3520 Num.
323 3466 374 3520 2.
411 3465 479 3521 In
516 3466 719 3535 uigiliis
769 3464 1125 3535 apostolorum
1152 3462 1361 3527 Jacobi,
1393 3470 1501 3517 etc.
1547 3459 1650 3516 Sed
1686 3512 1689 3513 ν

102 3557 375 3624 pulmentum
424 3557 649 3623 habent,
700 3565 807 3611 etc.
854 3554 1124 3611 Pulmenti
1164 3554 1383 3609 nomine
1422 3553 1649 3623 pitantia

101 3646 391 3716 intelligitur,
412 3664 541 3703 nam
576 3648 729 3718 quasi
760 3660 1059 3719 synonyma
1087 3645 1191 3699 ista
1216 3658 1337 3699 esse
1356 3658 1426 3699 ex
1460 3643 1650 3697 eodem

100 3740 297 3808 capitqu
338 3741 686 3805 iunotescet;
724 3748 781 3794 et
813 3737 938 3811 inde
976 3735 1150 3807 magis
1170 3736 1459 3806 probatum
1484 3736 1652 3789 hahe-

100 3828 167 3886 bis
209 3832 337 3900 quod
383 3846 557 3902 supra
610 3830 864 3895 diximus,
905 3827 1007 3883 sub
1044 3841 1166 3896 cap.
1198 3826 1290 3891 53,
1321 3834 1378 3880 et
1418 3824 1653 3894 qualiter

1753 3462 1968 3519 facilius
1998 3472 2337 3527 assuescunt,
2384 3479 2545 3531 quam
2591 3464 2819 3517 aliarum
2847 3464 3151 3532 regionum.
3183 3463 3251 3517 Et
3276 3471 3338 3516 ut

1752 3556 1982 3611 vicinius
2008 3569 2121 3609 rem
2147 3563 2455 3623 tangamus.
2479 3553 2603 3607 boni
2631 3553 2820 3607 Patres
2835 3553 3057 3624 Hispani
3080 3554 3335 3624 butyrum

1753 3649 1808 3704 in
1852 3646 2213 3702 condimentis
2259 3646 2350 3699 vix
2396 3645 2539 3700 ferre
2579 3655 2825 3715 possunt,
2875 3646 3161 3716 piscesque
3211 3658 3335 3697 cum

1754 3752 1914 3807 aqua,
1942 3734 2075 3801 sale,
2105 3734 2289 3790 herbis
2321 3743 2377 3788 et
2411 3733 2676 3789 similibus
2703 3735 2842 3789 cocti
2871 3734 2952 3789 eis
2982 3733 3217 3803 sapiunt,
3244 3732 3341 3787 sed

1754 3842 1878 3882 cum
1900 3827 2029 3881 vino
2057 3833 2245 3880 coctos
2268 3824 2555 3878 mirantur.
2576 3824 2706 3890 Quae
2722 3824 2813 3877 hic
2840 3831 3045 3877 tantum
3070 3832 3341 3887 notamus,

1754 3924 1816 3972 ut
1844 3915 2160 3971 advertatur
2198 3912 2604 3969 distinctionem
2643 3912 2698 3966 in
2737 3896 3005 3967 similibus
3036 3909 3339 3964 faciendam

1756 4006 2050 4076 essejuxta
2081 4004 2418 4062 differentias
2452 4013 2780 4073 temporum,
2811 4002 3091 4072 regionum
3123 4009 3177 4055 et
3214 4013 3347 4054 con-

1757 4098 2127 4155 suetudinum.
2181 4096 2355 4153 Porro
2416 4095 2507 4152 hic
2564 4094 2803 4165 loquitur
2844 4093 2911 4148 de
2961 4091 3350 4149 communibus

1758 4190 1917 4256 cibis,
1956 4205 2058 4265 nec
2097 4190 2223 4246 inde
2264 4196 2445 4260 potest
2475 4186 2770 4251 concludi,
2804 4183 3048 4256 quodin
3092 4182 3348 4238 omnibus

1730 4301 1868 4342 -nec
1902 4285 2048 4351 oleo,
2076 4300 2177 4341 nec
2226 4285 2408 4341 herbis
2446 4285 2513 4339 ad
2548 4282 2880 4339 condiendas
2931 4280 3187 4352 pitantias
3229 4287 3351 4333 ute-

101 3920 404 3992 intelligenda
425 3925 542 3977 sint.
571 3921 674 3977 ista
696 3921 858 3977 verba
873 3918 942 3973 Β.
969 3918 1030 3974 P.
1048 3917 1329 3988 Guigonis,
1354 3933 1409 3971 n.
1438 3916 1472 3971 5
1504 3915 1651 3985 ejus-

99 4010 195 4065 dem
218 4012 446 4082 capituli,
475 4010 557 4067 ad
590 4026 808 4077 etenam,
847 4007 925 4063 vel
958 4012 1025 4061 ad
1055 4006 1339 4077 prandium
1358 4021 1475 4059 eum
1496 4003 1654 4060 semel

99 4101 284 4165 edimus,
298 4104 478 4158 herbas
497 4102 697 4158 crudae
718 4099 795 4157 uel
820 4097 1108 4169 fructus,si
1129 4096 1329 4161 adsint,
1346 4096 1652 4165 accipimus.

99 4186 275 4248 Herbas
302 4194 499 4249 crudus
534 4197 696 4247 vocat
719 4190 789 4245 ad
816 4187 1180 4245 diﬂerentiam
1209 4195 1511 4242 coctarum.
1539 4185 1653 4241 Ab-

98 4282 288 4336 surdum
314 4294 495 4339 autem
533 4291 683 4336 esset
726 4279 949 4336 credere
988 4276 1131 4348 quod
1159 4276 1356 4332 herbas
1380 4276 1513 4330 istas
1531 4289 1657 4330 cru-

100 4368 181 4424 das
225 4373 571 4427 comederent
621 4369 828 4439 absque
877 4366 986 4422 ullo
1023 4366 1396 4430 condimento,
1443 4372 1655 4434 prouta

1766 4385 1978 4433 rentur.
2025 4376 2151 4432 Sale
2193 4385 2403 4431 tantum
2434 4375 2733 4430 utebantur
2765 4382 2949 4428 etnon
2981 4371 3104 4426 aliis
3134 4383 3349 4424 aroma-

97 4458 257 4516 bestiis
291 4463 690 4530 comeduntur,
749 4474 876 4515 nam
904 4458 1153 4531 quaedam
1185 4456 1400 4513 illorum
1434 4456 1654 4512 sanitati

1766 4480 1881 4526 tum
1919 4470 2225 4540 speciebus,
2271 4484 2390 4538 quae
2424 4477 2551 4522 tunc
2595 4482 2733 4521 rarae
2759 4475 2937 4526 erant,
2974 4464 3086 4517 imo
3123 4461 3349 4515 forsitan

102 4552 303 4607 multum
331 4554 663 4609 obfuissent.

154 4642 272 4698 Ibid.
291 4643 508 4699 Cteteris
547 4654 720 4698 autem
743 4642 947 4708 diebus,
979 4650 1116 4707 etc.,
1139 4641 1218 4695 bis
1239 4638 1539 4705 comedunt,
1566 4639 1657 4694 sed

96 4735 230 4788 semel
274 4747 475 4792 tantum
508 4737 834 4807 pulmentum
856 4736 1142 4805 accipiunt.
1167 4733 1377 4790 Sensus
1400 4740 1484 4787 est
1512 4732 1659 4802 quod

92 4824 269 4895 jejunis
318 4831 553 4894 ordinis,
604 4845 727 4899 qum
776 4835 1120 4884 servantura
1164 4824 1659 4881 monachisafesto

96 4922 430 4983 Exaltatiouis
458 4927 519 4983 S.
555 4928 755 4992 crucis,
776 4922 1024 4980 conversi
1052 4937 1158 4978 non
1176 4929 1416 4986 servant,
1432 4928 1659 4989 excepto

95 5014 345 5074 Adventus
371 5028 647 5089 tempore,
697 5015 867 5071 semel
920 5021 1104 5070 tamen
1153 5011 1260 5067 illis
1313 5010 1660 5066 ministratur

98 5107 324 5177 pitantia,
355 5119 413 5166 et
434 5111 658 5180 insuper
680 5109 899 5176 herbas,
936 5115 1032 5162 aut
1058 5105 1286 5172 fructus,
1315 5112 1410 5159 aut
1448 5103 1660 5171 radices

96 5200 345 5270 accipiunt
373 5216 478 5272 pro
517 5215 696 5267 cmna,
729 5214 851 5269 qum
892 5198 1057 5254 etiam
1099 5195 1378 5267 pulmento
1406 5195 1460 5250 in
1490 5210 1659 5266 pran-

96 5288 172 5343 dio
197 5294 469 5347 adduntur
492 5290 683 5346 diebus
708 5289 920 5359 jejunii,
963 5288 1181 5360 quando
1230 5295 1437 5341 tantum
1492 5286 1660 5342 semel

94 5384 389 5449 comedunt,
436 5384 585 5453 quod
640 5380 751 5437 illis
798 5382 981 5437 verbis
1021 5379 1427 5451 intelligendum
1467 5386 1572 5441 est,
1605 5378 1661 5432 in

93 5473 297 5537 prandio
331 5474 381 5528 si
421 5473 585 5529 semel
609 5474 908 5528 comedunt.
944 5472 1091 5527 Cum
1114 5471 1257 5526 enim
1288 5484 1317 5523 a
1339 5469 1544 5540 jejunio
1570 5484 1660 5523 or-

93 5561 219 5617 dinis
239 5554 309 5619 ex
336 5563 587 5635 professo
613 5564 1011 5628 eximerentur,
1054 5576 1124 5616 ne
1164 5559 1331 5615 nimio
1355 5558 1541 5614 labore
1566 5558 1661 5613 de-

92 5645 443 5719 bilitarentur,
475 5653 830 5724 incongruum
858 5660 1005 5709 esset
1027 5649 1253 5707 credere
1294 5650 1437 5720 quod
1469 5649 1660 5704 diebus

88 5736 281 5813 iejunii,
316 5746 522 5815 quibus
561 5742 727 5804 semel
780 5743 1062 5802 comedere
1114 5741 1319 5801 licitum
1372 5750 1479 5807 est,
1531 5739 1660 5797 solis

1763 4577 1793 4616 a
1814 4562 2102 4631 splendide
2129 4568 2185 4614 et
2213 4559 2442 4613 delicate
2464 4557 2878 4613 convivantibus
2910 4563 3119 4608 tantum
3140 4552 3351 4620 impen-

1736 4698 1737 4703 η
1761 4651 2047 4707 debantur.

1831 4743 1966 4799 Ibid.
2012 4741 2213 4807 Quinta
2246 4739 2380 4810 feria
2427 4750 2475 4793 et
2522 4736 2934 4793 solemnitatibus
2965 4732 3199 4803 capituli,
3241 4741 3347 4788 etc.

1765 4832 1843 4887 De
1873 4831 2168 4901 pulmentis
2195 4830 2359 4883 etiam
2398 4829 2589 4884 diebus
2617 4826 2806 4896 jejunii
2850 4823 3148 4879 ministrari
3175 4822 3351 4877 solitis

1763 4939 1930 4993 supra
1964 4922 2029 4977 ﬁt
2086 4922 2312 4990 mentio,
2346 4929 2400 4975 et
2444 4920 2535 4975 hic
2576 4919 2741 4974 etiam
2773 4916 2905 4971 feria
2936 4916 3125 4986 quinta
3149 4914 3351 4985 aliquid

1767 5012 1912 5068 ultra
1961 5020 2283 5068 consuetum
2332 5010 2453 5065 dari
2495 5008 2833 5080 perhibetur.
2879 5005 3017 5073 Quid
3063 5006 3167 5061 hoc
3208 5014 3354 5061 esset

1762 5104 2086 5175 ignoramus
2118 5122 2133 5158 :
2164 5104 2259 5160 sed
2303 5111 2510 5158 certum
2545 5109 2631 5157 est
2666 5099 2811 5170 quod
2848 5098 2991 5153 ultra
3033 5100 3351 5154 consuetum

1762 5198 1965 5266 aliquid
1992 5196 2234 5253 melioris
2261 5210 2402 5251 escae
2424 5194 2786 5263 susciperent.
3290 5212 3293 5217 -

1833 5288 1965 5344 Ibid.
1994 5287 2213 5342 Pascha:
2249 5298 2424 5342 tamen
2448 5296 2496 5341 et
2526 5284 2877 5350 Pentecostes,
2902 5291 3036 5349 etc.,
3065 5298 3199 5348 sine,
3239 5290 3348 5335 etc.

1761 5379 1872 5434 Illis
1896 5379 2283 5435 festivitatibus
2308 5380 2360 5434 in
2401 5379 2562 5434 domo
2591 5377 2858 5448 superiori
2895 5383 3053 5430 erant
3078 5383 3133 5429 et
3160 5373 3353 5427 diebus

1763 5472 1853 5528 hic
1877 5472 2081 5526 notatis
2112 5472 2237 5528 inde
2258 5470 2606 5535 recedebant,
2638 5477 2698 5523 ut
2738 5468 2806 5523 ad
2858 5469 3077 5521 domum
3127 5461 3353 5517 inferio-

1763 5577 1879 5617 rem
1907 5560 2167 5626 redirent,
2213 5560 2308 5616 ubi
2357 5560 2439 5616 eis
2486 5564 2747 5614 consueta
2792 5551 3263 5611 ministrabantur,
3297 5558 3354 5603 et

1765 5654 1884 5709 haec
1934 5660 2021 5708 est
2062 5651 2203 5706 ratio
2226 5667 2324 5707 cur
2347 5652 2531 5709 vinum
2556 5654 2765 5704 tantum
2795 5652 2851 5701 et
2871 5638 3174 5703 nihilaliud
3210 5636 3355 5694 reci-

1764 5754 1955 5819 perent
1979 5744 2063 5802 his
2082 5744 2289 5803 diebus.
