3992 6432
591 470 605 475 ..
622 411 732 472 133
1207 416 1220 426 “
1473 397 1794 460 GUIGONIS
1828 397 1852 456 I
1885 394 2304 458 CARTHUSLE
2340 345 2633 460 MAIORIS
2655 397 2929 460 PRIORIS
2966 401 3014 459 Υ
3747 404 3828 460 τε

701 523 757 577 4.
795 517 1004 576 Herbas
1033 515 1250 580 crudos,
1277 512 1482 569 fructus
1506 521 1600 575 aut
1634 512 1862 578 radices,
1888 527 2010 568 cum
2037 511 2257 578 adsunt,
2287 510 2340 572 in
2371 524 2526 570 caena
2551 521 2781 577 tantum,
2811 513 2896 568 vel
2925 513 2978 568 in
3014 511 3262 584 prandio,
3292 510 3342 568 si
3372 509 3546 568 semel
3571 515 3829 584 comedunt,

631 615 925 687 accipiunt.
948 609 1216 667 Pulmenti
1239 607 1321 664 vel
1349 607 1589 677 pitantite
1614 606 1872 677 quidquid
1899 607 1988 667 uni
2011 606 2240 677 prandio
2260 605 2587 676 superfuerit
2611 606 2843 661 reddunt
2864 605 3086 665 :Vinum
3108 605 3288 661 datum
3312 621 3426 662 non
3451 608 3556 664 ῐιίδί
3578 609 3628 664 in
3650 613 3828 679 Ρηιιάῖο

605 757 610 760 .
631 707 721 765 vel
745 722 897 762 creua
923 705 1132 761 bibunt.
1223 731 1226 734 ·

701 795 758 852 5.
799 795 1067 866 Quidquid
1117 811 1186 852 ex
1229 794 1474 864 pitantiis
1528 799 1798 859 remanet,
1837 793 1923 851 vel
1955 793 2271 864 pulmentis,
2300 793 2443 864 quod
2466 792 2586 851 usui
2612 801 2799 861 aptum
2834 793 2930 860 sit,
2963 791 3286 863 coquinarlo
3332 793 3602 861 redditur,
3642 810 3704 851 ne
3739 800 3830 867 quis

635 880 772 939 forte
791 900 898 939 non
923 899 1230 940 concessam
1257 883 1466 940 occulte
1493 882 1656 940 faciat
1676 882 2078 951 abstinentiam.
2221 947 2223 949 ι

1494 975 1497 977 ’
1966 970 2168 1028 CAPIT
2177 970 2369 1028 ULUM
2414 971 2547 1030 LIII.

1681 1060 1800 1128 Quo
1837 1070 2066 1132 tempore
2091 1073 2368 1117 vescantur
2396 1063 2643 1120 auoncrio
2669 1079 2827 1134 pane.

705 1159 753 1213 Δ
796 1157 1053 1212 Kalendis
1094 1155 1415 1214 Novembris
1439 1171 1610 1228 usque
1637 1157 1706 1210 ad
1735 1155 1942 1211 Pascha
1968 1169 2152 1210 avena:
2170 1162 2462 1211 vescuntur
2487 1168 2650 1225 pane.
2679 1153 2739 1210 lu
2766 1154 3015 1211 Adventu
3047 1160 3230 1209 tamen
3253 1161 3309 1209 et
3345 1151 3739 1224 Quadragesima
3758 1169 3830 1226 per

631 1247 872 1316 singulas
893 1247 1279 1314 hebdomadas,
1309 1247 1549 1318 singulas
1575 1246 1813 1304 triticeas
1834 1262 1902 1301 ex
1926 1244 2154 1316 pilantia
2178 1236 2448 1314 recipiunt
2476 1252 2666 1299 tortas.

1966 1337 2538 1396 COMMENTARIUS.

699 1427 860 1482 Num.
893 1429 946 1482 4.
991 1428 1192 1484 Hcrbas
1218 1431 1432 1497 crudus,
1460 1430 1664 1499 fructus
1699 1439 1791 1486 aut
1825 1431 2059 1498 radices,
2082 1445 2203 1486 cum
2231 1433 2275 1492 Α
2375 1427 2678 1500 Capitulum
2715 1429 2857 1485 istud
2887 1429 3120 1485 relatum
3154 1429 3330 1487 habes
3355 1431 3414 1486 in
3441 1432 3675 1502 antiquis
3698 1444 3830 1490 statu-

640 1518 854 1585 adsum,
878 1519 932 1574 in
962 1535 1105 1574 caena
1129 1529 1355 1584 tantum,
1386 1520 1465 1576 vet
1493 1521 1546 1575 in
1571 1521 1793 1590 prandio
1817 1523 1862 1576 si
1885 1522 2041 1577 semel
2065 1538 2206 1578 com-
2310 1517 2397 1584 tis,
2432 1535 2492 1574 tn
2523 1527 2689 1590 part.,
2719 1536 2838 1589 cap.
2864 1521 2957 1586 20,
2993 1537 3049 1576 η.
3083 1522 3133 1576 l.

631 1608 816 1674 edunt,
868 1617 976 1664 etc.
1017 1609 1115 1664 llic
1160 1610 1359 1665 clarius
1402 1611 1625 1680 exponit
1653 1611 1718 1667 Β.
1753 1611 1812 1668 P.
1841 1613 2019 1684 'Gulgo
2061 1614 2205 1683 quod
2379 1606 2508 1663 CAP.
2534 1608 2663 1665 Li".
2690 1639 2758 1650 —
2780 1609 2940 1664 Nunt.
2973 1610 3024 1665 1-
3065 1610 3256 1682 ᾼυεηω
3286 1620 3574 1666 vescuntur
3597 1631 3729 1684 pane,
3750 1627 3826 1671 ett.

635 1699 966 1754 succinctius
1011 1709 1064 1755 et
1110 1700 1228 1756 ideo
1271 1702 1556 1757 obscurius
1580 1702 1824 1768 dixerat,
1857 1718 1977 1773 cap.
2014 1703 2105 1766 55,
2139 1705 2206 1760 de
2309 1697 2410 1754 ﬂic
2447 1696 2599 1753 locus
2625 1697 2740 1754 fere
2765 1697 3158 1754 intolerabilem
3213 1701 3590 1756 austeritatem
3619 1712 3746 1756 sonat
3769 1704 3830 1760 lii:

635 1789 917 1843 monachis
965 1788 1206 1860 loquens.
1245 1790 1345 1846 llic
1381 1793 1526 1846 enim
1557 1793 1703 1850 clare
1722 1795 1931 1849 videtur
1957 1792 2206 1850 dill‘eren-
2308 1789 2400 1858 (ιιιί
2431 1803 2589 1843 usum
2621 1789 2776 1844 istius
2805 1789 2996 1859 Ρθιῐίω
3017 1803 3126 1843 ηοη
3157 1800 3384 1856 "omni.
3420 1806 3546 1846 nam
3579 1792 3627 1846 in
3651 1793 3828 1848 aliine-

633 1879 712 1932 tia
751 1879 892 1935 inter
922 1895 1008 1936 res
1046 1882 1408 1939 comesiibites
1435 1899 1568 1954 quas
1600 1886 1737 1952 apud
1781 1899 1840 1940 se
1863 1899 2082 1942 servare
2108 1900 2205 1956 ρο-
2308 1874 2556 1947 gionibus
2599 1876 2692 1932 ubi
2738 1877 2976 1932 triticum
3020 1876 3369 1933 abundanter
3400 1880 3614 1947 crescit,
3637 1881 3828 1936 vitlem-

635 1977 816 2024 terant
838 1973 1088 2026 monachi
1114 1980 1169 2027 et
1193 1975 1438 2029 conversi
1468 1974 1701 2046 quandiu
1737 1974 2018 2038 durabant,
2045 1989 2208 2046 quas-

2307 1978 2441 2035 pore
2478 1963 2639 2020 famis
2664 1975 2888 2036 possunt
2911 1967 3096 2024 rustici
3127 1982 3194 2024 ex
3225 1968 3539 2039 bujusmodi
3565 1986 3687 2040 pane
3717 1986 3821 2026 com-

631 2070 740 2125 que
779 2059 1024 2114 monachi
1071 2060 1124 2114 in
1169 2061 1318 2117 cellis
1359 2063 1460 2117 sibi
1509 2063 1772 2131 parabant
1799 2072 1852 2119 et
1879 2066 2203 2134 coquebant,
2310 2059 2496 2122 edere,
2533 2059 2660 2126 quia
2709 2073 2814 2113 non
2860 2067 2988 2113 sunt
3025 2061 3245 2124 assueti,
3290 2072 3488 2115 etnon
3519 2061 3827 2116 habentindtt-

631 2155 694 2202 et
735 2147 1068 2217 pulmentum
1114 2151 1229 2206 sive
1272 2153 1554 2221 pitautiam
1582 2169 1700 2224 quae
1731 2169 1796 2209 ex
1842 2155 2070 2225 coquina
2099 2155 2207 2212 lllis
2310 2149 2500 2204 striam
2542 2149 2680 2206 bene
2719 2151 3038 2208 conﬁciendi
3072 2166 3266 2222 panem
3297 2168 3368 2208 ex
3399 2168 3588 2209 avena.
3623 2154 3827 2209 Seddesi-

633 2238 1068 2295 ministrabatnr.
1111 2240 1285 2312 iunge
1307 2243 1454 2298 hunc
1483 2243 1660 2299 locum
1692 2259 1813 2299 cum
1843 2246 1928 2301 his
1970 2261 2089 2316 qua:
2120 2247 2209 2303 hic

2309 2245 2442 2292 nent
2483 2237 2693 2306 mirari,
2746 2242 2963 2312 quando
3000 2242 3173 2297 scient
3209 2243 3264 2297 in
3305 2244 3416 2298 hac
3457 2244 3664 2314 regione
3683 2257 3829 2312 panem

635 2327 911 2395 dicuntur,
945 2346 1000 2383 η.
1026 2330 1082 2394 2,
1122 2339 1178 2385 et
1201 2331 1409 2386 videbis
1445 2333 1586 2403 quod
1612 2335 1775 2388 etiam
1807 2335 1995 2390 diebus
2018 2335 2208 2407 jejunii
2312 2344 2500 2384 avenae
2539 2343 2660 2386 esse
2713 2344 3029 2389 consuetum
3054 2334 3374 2389 alimentum
3409 2324 3727 2400 rusticoruni.
3750 2336 3824 2388 imo

634 2415 988 2471 ecclesiastici
1023 2419 1425 2475 miii'istraretnr
1447 2423 1525 2477 eis
1551 2423 1885 2493 pulmentum
1903 2425 2016 2480 sive
2035 2427 2213 2497 pitan-
2314 2419 2667 2476 honestorum
2706 2422 2905 2478 civium
2950 2424 3196 2478 vicorum
3235 2436 3292 2478 et
3317 2425 3572 2479 villarum
3598 2424 3824 2480 circumvi-

639 2503 716 2557 tia
740 2543 757 2567 ,
783 2519 1106 2576 quacunque
1135 2508 1385 2577 specillca
1425 2510 1509 2566 die
1533 2513 1694 2566 unius
1719 2512 2066 2569 hebdomadas
2087 2529 2215 2570 eve-
2311 2508 2578 2575 cinerum,
2603 2511 2690 2565 cui
2713 2512 3034 2568 comestionl
3062 2523 3189 2570 sunt
3216 2503 3427 2571 assueti
3448 2516 3516 2571 ab
3545 2515 3650 2586 ipso
3669 2529 3695 2570 e
3714 2515 3826 2570 cunis

641 2592 884 2659 nictent.
930 2598 1172 2668 exceptis
1215 2601 1588 2658 tantummodo
1633 2601 1822 2673 diebus
1871 2605 2212 2662 abstinentiae

2313 2611 2556 2670 egressu,
2581 2609 2636 2657 et
2666 2601 2790 2656 inde
2818 2603 2953 2658 fiunt
2981 2602 3185 2659 robusti
3209 2613 3264 2660 et
3287 2606 3497 2676 vegeti,
3523 2604 3646 2660 adeo
3671 2613 3718 2659 ut
3739 2618 3823 2674 pos-

639 2685 934 2756 deputatis,
971 2689 1194 2745 etinde
1233 2692 1495 2748 conclude
1522 2708 1551 2747 a
1587 2693 1798 2750 fortiori
1828 2695 2014 2751 eadem
2048 2696 2212 2753 fuisse
2246 2760 2286 2767 Α
2314 2690 2423 2744 Sint
2459 2689 2548 2744 Vi!
2588 2692 2812 2762 reperiri
2847 2693 2902 2748 in
2927 2694 3196 2764 opulentis
3219 2696 3558 2767 regionibuS.
3585 2696 3664 2766 qui
3687 2695 3822 2751 sanius

642 2775 931 2832 observata
961 2793 1058 2848 pro
1093 2782 1377 2837 monachis
1403 2797 1524 2852 qua:
1554 2798 1652 2852 pro
1683 2785 1976 2840 conversis.
2243 2760 2292 2822 Β
2316 2789 2372 2836 et
2404 2781 2606 2838 diutius
2637 2760 2847 2848 vivant,
2881 2793 2936 2839 et
2962 2760 3195 2855 quorum
3228 2760 3415 2855 proles
3451 2760 3616 2856 magis
3633 2782 3824 2851 multipli-

714 2865 847 2922 lbid.
909 2867 1103 2925 Vinum
1149 2871 1333 2927 datum
1388 2891 1492 2929 non
1520 2875 1622 2930 nisi
1653 2875 1707 2929 in
1733 2876 1980 2946 prandio,
2016 2885 2124 2934 etc.
2154 2877 2215 2936 Si
2315 2879 2486 2926 ceiur-
2532 2871 2688 2930 Unde
2739 2874 2843 2930 iste
2885 2891 3014 2930 usus
3071 2875 3398 2932 comedendi
3443 2891 3627 2946 panem
3659 2873 3820 2930 avena?

637 2957 848 3015 licitum
887 2960 1002 3018 illis
1051 2973 1171 3018 crat
1207 2964 1395 3021 bibere
1429 2965 1614 3021 vinum
1641 2966 1695 3022 in
1732 2980 1886 3022 ctena
1917 2968 2057 3026 sicut
2082 2978 2138 3025 et
2161 2969 2216 3025 in
2312 2959 2450 3026 Quia
2479 2960 2718 3017 triticum
2740 2962 2896 3018 Valde
2926 2979 3106 3018 famul
3137 2974 3222 3018 εει
3246 2964 3299 3017 in
3325 2964 3451 3020 ῖειῖε
3478 2963 3695 3034 τυρίδυῆ
3719 2957 3822 3031 (Im

641 3051 896 3120 prandio,
947 3063 1004 3107 et
1030 3061 1207 3109 tamen
1239 3055 1408 3111 semel
1443 3057 1496 3112 in
1525 3057 1616 3114 die
1649 3059 2011 3116 communiter
2033 3059 2216 3116 vinum
2321 3052 2511 3107 rustici
2555 3062 2779 3107 servant
2823 3055 2890 3109 ad
2945 3053 3081 3108 oﬂ‘as
3131 3051 3431 3122 aliquando
3467 3051 3820 3123 componentinS.

646 3141 983 3210 reciperent;
1027 3143 1154 3202 inde
1196 3155 1373 3217 potest
1400 3147 1595 3218 conjici
1625 3149 1770 3219 quod
1806 3149 1990 3206 vinum
2019 3151 2100 3208 eis
2124 3152 2220 3208 da-
2317 3155 2490 3197 "cui!
2518 3157 2648 3199 νετο
2676 3159 2774 3214 1)το
2796 3143 3134 3200 conﬁdendo
3165 3159 3308 3215 llime
3340 3153 3587 3208 υιυηῑυτν
3609 3155 3709 3212 (In
3729 3139 3822 3194 “iis

639 3241 795 3288 retur
833 3234 890 3290 in
925 3250 994 3292 ea
1033 3252 1306 3305 mensura,
1343 3255 1465 3311 qua
1501 3244 1720 3312 utrique
1746 3241 2026 3300 refectioni
2067 3243 2219 3300 sum-
2319 3232 2530 3289 abunde
2559 3234 2613 3289 in
2641 3233 2758 3290 istis
2794 3235 3068 3290 montibus
3087 3235 3306 3300 crescit,
3337 3243 3398 3290 et
3432 3232 3669 3305 praecellit
3686 3227 3821 3284 arenis

612 3373 614 3375 .
642 3337 771 3378 cere
799 3335 1021 3394 posset:
1046 3336 1102 3385 et
1125 3328 1253 3386 illud
1283 3329 1362 3384 uel
1412 3347 1518 3386 non
1540 3331 1860 3402 disjunctive
1887 3333 1981 3390 sed
2003 3334 2221 3406 copula-
2317 3335 2439 3392 qua:
2460 3319 2588 3377 alibi
2615 3333 2885 3379 crescunt.
2911 3323 3136 3394 Insuper
3157 3323 3485 3389 necessitas,
3509 3322 3718 3379 omnium
3743 3331 3820 3406 nia-

645 3411 757 3468 tive
775 3415 1143 3485 accipiendum
1171 3428 1344 3476 estut
1370 3435 1560 3478 sensus
1586 3423 1675 3489 sit,
1708 3423 1852 3494 quod
1877 3433 2029 3481 extra
2057 3404 2221 3497 pran-

2319 3414 2509 3485 gistra,
2548 3428 2645 3470 eos
2669 3413 2852 3469 docuit
2887 3414 3124 3484 qualiter
3154 3427 3353 3484 panem
3379 3415 3518 3469 satis
3544 3414 3716 3468 bonum
3733 3404 3819 3462 inde

645 3502 798 3559 dium
832 3514 888 3560 et
929 3519 1141 3564 coenam
1177 3510 1360 3565 vinum
1404 3523 1511 3566 non
1550 3511 1812 3570 deberent
1845 3513 2051 3585 bibere,
2078 3515 2220 3587 quod
2318 3504 2686 3571 conﬁcerent;
2732 3520 2860 3560 nam
2902 3504 3221 3576 priusquam
3261 3504 3326 3558 ad
3371 3502 3564 3561 molam
3607 3498 3818 3556 deferant.

645 3591 929 3648 monachis
953 3594 1119 3650 etiam
1146 3598 1521 3670 praescriptum
1544 3607 1682 3656 erat.
2179 3609 2181 3612 ‘
2319 3611 2550 3653 avenam
2597 3597 2809 3653 siccant
2845 3595 2900 3653 in
2940 3597 3158 3653 clibano
3203 3595 3412 3666 tepido,
3441 3595 3577 3650 unde
3600 3592 3652 3646 tit
3671 3602 3720 3645 ut
3739 3602 3822 3658 per-

715 3681 880 3738 Num.
926 3683 982 3740 5.
1015 3682 1283 3757 Quidquid
1307 3703 1374 3742 ea:
1416 3688 1649 3759 pilantiis
1691 3701 1942 3754 remanet,
1983 3701 2114 3760 em,
2158 3709 2223 3749 κο
2321 3685 2462 3742 recte
2488 3685 2722 3743 mola-tur
2738 3693 2793 3741 et
2815 3688 3136 3742 extrahatur
3164 3687 3549 3743 candidissima
3570 3683 3821 3748 iariua,qut

655 3771 905 3842 quianon
934 3790 1230 3831 concessam
1251 3776 1385 3847 forte
1411 3778 1599 3848 faciat,
1624 3788 1731 3836 etc.
1757 3780 1839 3836 Ex
1863 3781 1966 3838 hoc
1990 3782 2109 3838 loco
2128 3797 2224 3855 ap-
2320 3782 2510 3849 postea
2547 3791 2748 3849 panem
2786 3779 3100 3835 conﬁciunt.
3134 3778 3282 3836 Talis
3305 3787 3394 3835 est
3423 3775 3698 3834 communis
3713 3769 3823 3842 panis

644 3871 800 3930 paret
822 3873 1024 3931 quanta
1049 3875 1103 3921 et
1123 3880 1285 3936 quam
1303 3867 1486 3923 subtili
1521 3870 2005 3940 circumspectione
2026 3873 2224 3932 vellent
2323 3865 2534 3936 patritu-
2579 3866 2697 3922 Non
2727 3881 2861 3938 ergo
2911 3876 3194 3938 tantopere
3226 3869 3530 3924 mirandqu
3559 3879 3633 3922 εει
3669 3865 3707 3917 εί
3747 3859 3822 3914 ἠ’

644 3950 807 4021 primi
834 3950 1028 4008 Patres
1069 3955 1138 4011 ab
1187 3955 1495 4014 indiscretis
1519 3959 1863 4017 abstinenﬂis
1887 3972 2106 4019 nostros
2131 3969 2223 4022 π-
2301 3966 2438 4013 tres
2475 3959 2746 4024 conversi,
2775 3959 2867 4030 qui
2891 3975 2990 4028 pro
3022 3961 3255 4015 maxima
3291 3970 3450 4031 parte
3477 3966 3695 4015 erantex
3721 3953 3825 4008 inco-

645 4052 795 4104 cere,
821 4040 1062 4112 nihilque
1087 4042 1140 4097 in
1163 4043 1253 4098 illa
1279 4055 1432 4115 parte
1453 4047 2220 4122 vellentomnino-admittere,
2254 4103 2294 4126 η
2327 4049 2395 4106 lis
2429 4049 2640 4121 patriai,
2686 4060 2746 4106 nt
2786 4050 2918 4121 jam,
2952 4065 3076 4121 cap.
3109 4051 3206 4126 45,
3249 4051 3588 4114 notavimus,
3629 4056 3734 4101 tunc
3757 4053 3823 4110 per

643 4128 788 4217 quod
819 4103 1161 4200 obedientiae,
1190 4103 1554 4217 directioni'et
1583 4103 1894 4196 discretioni
2253 4103 3696 4211 Cannense."t...2....i.:.'..‘.;.....;.a.,
3737 4103 3822 4184 cina

646 4215 989 4287 sulﬁaceret,’
1023 4223 1158 4292 tanti
1188 4225 1448 4280 momenti
1476 4215 1598 4281 erat
1620 4227 1761 4297 apud
1791 4228 1930 4297 illos,
1961 4231 2222 4286 solitaria:
2324 4227 2635 4285 convicanei
2661 4229 2876 4286 illorum
2907 4238 3020 4286 toto
3047 4243 3192 4284 anno
3218 4229 3386 4284 simili
3419 4241 3553 4299 pane
3584 4229 3820 4279 vescantur.

646 4313 706 4362 et
731 4308 1102 4367 Carthasiana:
1131 4313 1256 4369 vitae
1285 4314 1619 4384 prolessores
1640 4333 1671 4374 a
1699 4320 2022 4377 voluntariis
2040 4331 2104 4377 et
2129 4337 2223 4377 ar-
2299 4319 2433 4376 ’Sed
2475 4329 2719 4390 tempore
2763 4321 2826 4375 Β.
2857 4320 3035 4376 Patris
3071 4319 3361 4390 Guigonis,
3401 4316 3658 4373 conversis
3677 4327 3729 4365 ex
3750 4306 3820 4359 alia

647 4397 895 4461 bitrariis
946 4404 1423 4462 exercitationibus
1483 4408 1763 4479 repellere,
1805 4427 1880 4467 ne
1917 4422 2082 4483 caput
2131 4422 2224 4468 aut
2323 4411 2499 4482 patria
2551 4411 2816 4478 oriundis,
2862 4413 2952 4481 qui
3000 4411 3161 4465 simili
3200 4410 3399 4480 speciei
3435 4409 3583 4479 panis
3603 4403 3819 4458 nonemni

647 4503 846 4561 corpus
882 4493 984 4550 sibi
1023 4494 1298 4564 laederent,
1336 4508 1392 4554 et
1424 4515 1524 4570 pro
1546 4501 1875 4568 obedientia,
1917 4503 2020 4558 sub
2060 4503 2223 4558 absti-
2325 4503 2526 4558 assueti
2565 4517 2665 4558 nec
2707 4511 2953 4571 poterant
2978 4515 3312 4565 assuescere,
3351 4499 3576 4555 dabatur
3605 4509 3662 4548 ex
3685 4489 3817 4544 eodem

639 4584 956 4640 nentiarum
983 4597 1266 4658 praetextu,
1299 4590 1752 4662 singularitatem,
1773 4595 2048 4663 privatum
2076 4608 2226 4648 amo—
2327 4607 2465 4664 pane
2495 4608 2602 4662 quo
2631 4591 2880 4646 monachi
2910 4589 3211 4644 alebantur.

573 4686 577 4690 '
647 4680 1053 4742 rem,subtilem
1078 4681 1368 4738 vanitatem
1395 4694 1450 4739 et
1475 4685 1526 4738 in
1542 4699 1642 4740 suo
1662 4701 1822 4741 sensu
1849 4686 2224 4755 pertinaciam,
2400 4681 2466 4735 In
2492 4683 2749 4744 Adventu,
2788 4689 2918 4744 etc-.,
2947 4679 3182 4750 singulas
3215 4681 3443 4734 triticeas
3471 4694 3534 4732 ea:
3559 4671 3741 4744 pitanlid
3767 4679 3820 4716 η’

656 4782 770 4838 qua:
794 4784 987 4826 revera
1023 4781 1151 4826 sunt
1179 4773 1303 4829 vitae
1333 4774 1587 4830 solitariae
1609 4776 1996 4843 carcinomata,
2023 4779 2224 4835 subsn-
2330 4773 2549 4842 cipiunt,
2591 4781 2699 4827 clc.
2742 4770 2966 4825 Multum
2998 4779 3253 4825 errarent
3279 4771 3370 4840 qui
3401 4785 3467 4823 ex
3497 4769 3590 4822 hoc
3625 4763 3720 4816 loco
3738 4767 3818 4809 σε’

649 4869 866 4916 luerent
892 4871 947 4917 et
976 4863 1302 4919 enutrirent.
2331 4866 2522 4920 derent
2551 4865 2635 4919 his
2659 4864 2783 4918 anni
2818 4863 3148 4932 temporibus
3171 4871 3368 4917 tortam
3398 4861 3547 4932 panis
3566 4851 3726 4910 triticei
3752 4858 3817 4914 Ρη)

724 4949 924 5008 Volunt
964 4967 1095 5022 ergo
1123 4955 1366 5022 quotidie
1399 4955 1580 5010 omnia
1609 4955 1759 5012 reddi
1783 4957 2126 5026 coquinario,
2164 4969 2227 5016 ut
2334 4964 2445 5010 tota
2493 4954 2724 5009 materia
2757 4952 3003 5023 pitantia:
3035 4951 3266 5023 singulis
3292 4945 3684 5006 hebdomadibus
3703 4937 3818 4993 luisse

647 5041 899 5099 videlicet
945 5047 1149 5102 scirent
1186 5062 1256 5102 an
1286 5048 1670 5103 convenienter
1696 5063 1763 5103 ex
1803 5049 2100 5118 pulmentis
2134 5061 2230 5107 aut
2333 5057 2542 5102 tantum
2594 5045 2822 5116 singulis
2863 5044 3250 5107 ministratatn,
3288 5057 3354 5105 ex
3391 5034 3692 5110 .mpradicli‘
3716 5026 3815 5080 "in

652 5130 898 5200 pitantiis
915 5134 1141 5204 quisque
1171 5138 1520 5203 comedisset,
1544 5137 1836 5207 statimque
1865 5139 2009 5208 exigi
2048 5148 2232 5209 posset
2341 5148 2565 5211 apparet
2610 5139 2752 5209 quod
2802 5137 3204 5192 ministraretur
3245 5135 3352 5190 illis
3402 5133 3700 5204 pulmentum
3738 5118 3815 5172 Si"

656 5221 800 5275 ratio
826 5237 855 5275 a
889 5225 1144 5281 reddente
1170 5228 1474 5297 pilantiam,
1497 5244 1603 5298 qua
1635 5229 1702 5284 de
1732 5243 1899 5284 causa
1950 5244 2056 5284 non
2085 5246 2230 5285 com-
2307 5263 2311 5268 -
2335 5231 2590 5303 pitantia;
2619 5231 2712 5284 sed
2735 5243 2928 5284 sensus
2949 5237 3038 5282 est
3061 5227 3212 5297 quod
3240 5226 3292 5280 in
3316 5226 3552 5281 Adventu
3576 5212 3814 5282 etQ'Wi’"

651 5313 881 5378 edisset,
912 5332 980 5370 an
1005 5329 1316 5386 atgrotaret,
1345 5329 1508 5390 atque
1535 5321 1603 5376 de
1629 5320 1733 5374 bac
1763 5334 1823 5375 re
1844 5322 2028 5375 statim
2051 5330 2232 5392 posset
2307 5323 2534 5394 .gesima
2564 5321 2724 5390 panis
2747 5319 2987 5376 triticeas
3030 5318 3111 5374 eis
3169 5317 3391 5372 daretur
3433 5311 3574 5384 quasi
3623 5319 3704 5401 Ρτεξ
3735 5311 3810 5401 ,Ψ

652 5411 903 5480 superior
951 5411 1180 5467 moneri.
1224 5412 1322 5469 Hic
1369 5414 1520 5470 locus
1563 5413 1720 5470 valde
1761 5415 2014 5470 notabilis
2043 5423 2147 5478 est,
2175 5423 2230 5470 et
2255 5440 2306 5501 υ
2334 5393 2554 5487 gmento
2583 5411 2847 5482 pitantiae,
2867 5419 2922 5464 et
2947 5409 3130 5501 prima-
3153 5408 3242 5501 die
3267 5403 3594 5501 ltebtifluild‘le

649 5504 994 5562 demonstrat
1039 5503 1320 5560 evidenter
1368 5505 1544 5575 qualis
1566 5520 1780 5574 semper
1807 5505 1969 5559 fuerit
2001 5505 2222 5574 spiritus
2255 5485 2304 5501 υ
2333 5485 2402 5560 do
2420 5503 2704 5574 pitantiatn
2729 5514 2829 5570 pro
2855 5498 3103 5570 prandio,
3125 5495 3287 5552 simul
3303 5493 3649 5579 recipereniei

651 5595 866 5652 ordinis
912 5598 1057 5654 circa
1109 5574 1464 5654 abstinentias
1511 5607 1566 5653 et
1610 5597 1747 5651 alias
1768 5582 2222 5661 exercitationes,
2331 5596 2476 5652 illam
2527 5594 2794 5649 triticeam
2846 5605 2948 5660 pro
2970 5597 3081 5644 tota
3128 5583 3478 5644 hebdomade.
3514 5576 3586 5634 Ad
3618 5574 3805 5670 stituit

650 5701 791 5756 quas
827 5702 890 5743 ex
935 5689 1180 5758 professo
1211 5697 1364 5745 notat
1388 5688 1452 5742 R.
1483 5688 1545 5743 Ρ.
1575 5688 1770 5760 Guigo,
1801 5689 1976 5759 capite
2006 5687 2098 5757 35,
2126 5703 2223 5745 no-
2333 5685 2652 5743 memoriam
2705 5683 2881 5738 adhuc
2917 5679 3057 5752 apud
3099 5693 3206 5735 nos
3239 5685 3480 5734 seruauit
3519 5663 3808 5760 inpleuit?

651 5751 782 5836 sine
812 5751 1168 5854 institutionis
1192 5799 1297 5840 non
1324 5799 1468 5848 esse.
1534 5827 1557 5840 .,
1589 5830 1595 5844 ς
1679 5751 1727 5833 Ῐ.
1867 5751 1882 5831 ί
2002 5835 2007 5840 ,
2058 5751 2093 5834 ,⁷
2337 5777 2584 5835 domibus
2601 5774 2825 5842 ordinis,
2855 5782 2916 5829 ut
2939 5751 3182 5842 tempore
3203 5771 3544 5826 Adventusct
3565 5751 3803 5825 θυιδαμ·
