3992 6396
152 386 260 447 737

1503 362 2100 443 CONSUETUDINES.
2150 466 2151 471 γ
2232 366 2239 371 ’

3313 398 3417 457 758

1510 493 1913 552 CAPITULUM
1948 496 2086 553 LIV.
2147 564 2150 567 λ
2202 478 2206 483 ’

1464 589 1543 646 De
1591 589 1880 661 minutione
1932 605 2136 645 eorum.

222 688 275 743 1.
301 684 507 754 Quater
532 684 586 740 in
605 697 749 740 anno
776 680 1112 746 minuuntur,
1129 678 1278 737 circa
1291 678 1564 739 Kalendas
1577 681 1890 746 Maii.circa
1908 681 2031 736 ldus
2047 679 2197 749 Julii,
2216 681 2361 738 circa
2388 681 2658 740 Kalendas
2682 683 2951 751 Octobris,
2977 687 3118 742 circa
3152 665 3425 755 Kalendas

148 781 458 840 Februarii.
475 778 696 835 Minutis
712 776 882 832 tribus
904 774 1095 831 diebus
1114 774 1342 847 pitantia
1364 790 1545 843 mane,
1562 776 1745 831 vinum
1760 783 1937 830 autem
1956 773 2225 830 bisdatur.
2251 774 2469 833 Duobus
2479 776 2751 849 prioribus
2770 779 2977 845 diebus,
2994 781 3118 850 tria,
3141 782 3186 836 si
3207 783 3425 851 adsunt,

148 897 250 937 ova
281 880 558 934 adduntur
576 891 770 932 coenae.

219 972 277 1027 2.
321 971 381 1027 Si
410 970 647 1026 sitierint
675 974 794 1039 post
821 958 1131 1035 prandium,
1168 963 1356 1015 vinum
1394 959 1612 1023 bibunt,
1645 970 1756 1012 non
1793 965 1974 1012 tamen
2012 953 2068 1011 in
2100 954 2327 1011 alterius
2349 954 2505 1011 cella.
2533 954 2647 1010 iloc
2676 955 2821 1010 enim
2858 928 3197 1028 nequaquam
3224 936 3420 1020 conce-

149 1065 322 1126 ditur,
349 1071 409 1118 ut
451 1061 677 1132 quilibet
706 1061 760 1114 in
787 1050 1068 1125 cujuslibet
1095 1048 1232 1105 cella
1259 1048 1551 1119 quidquam
1572 1047 1658 1105 vel
1687 1047 1840 1104 bibat
1868 1045 1955 1102 vel
1975 1046 2243 1102 comedat.
2270 1045 2311 1100 A
2338 1044 2614 1102 laboribus
2642 1058 2854 1111 vacant,
2882 1050 2949 1102 ad
2973 1049 3140 1106 lectos
3169 1054 3422 1125 redeunt,

148 1167 182 1207 a
207 1162 335 1222 post
378 1152 664 1221 prandium
704 1160 876 1216 usque
925 1140 994 1197 ad
1037 1154 1295 1209 vesperas
1330 1138 1663 1209 colloquium
1696 1137 1762 1195 de
1793 1135 1951 1193 bonis
1978 1134 2205 1193 faciunt.
2240 1136 2345 1203 Qui
2400 1151 2529 1193 vero
2559 1153 2666 1193 non
2697 1140 2961 1210 minuitur
2985 1145 3228 1209 eamdem
3259 1162 3427 1218 quam

144 1242 345 1298 minuti
377 1240 722 1311 compellitur
745 1235 997 1306 accipere
1026 1229 1401 1288 refectionem.

1510 1315 1913 1374 CAPI'I‘ULUM
1952 1316 2067 1383 LV.

1415 1412 1494 1468 De
1522 1414 1732 1468 silentio
1759 1414 1828 1467 att
1848 1414 2157 1483 prandium.

216 1513 272 1567 1.
314 1512 571 1578 Edentes,
597 1508 906 1577 ubicunque
935 1505 1049 1561 sint
1072 1545 1089 1570 ,
1130 1503 1404 1559 silentium
1451 1512 1674 1568 tenent;
1705 1503 1846 1572 quod
1874 1503 2001 1559 licet
2028 1513 2086 1559 et
2112 1502 2282 1572 prius,
2323 1512 2500 1558 tamen
2530 1512 2654 1573 post
2692 1505 3000 1576 exemplum
3031 1514 3418 1571 reverendissi-

138 1619 359 1659 morum
382 1618 447 1658 ac
469 1603 579 1658 Deo
618 1600 941 1656 dilectorum
990 1594 1437 1652 Cisterciensium
1469 1592 1566 1666 [αι.
1609 1593 1721 1648 Deo
1759 1592 2242 1647 dilectissimorum
2278 1591 2699 1665 Cistellensiuml
2754 1598 3164 1663 monachorum,
3192 1617 3328 1672 quos
3353 1613 3413 1661 et

141 1693 415 1764 religione
451 1701 507 1747 et
551 1705 781 1748 numero
814 1688 869 1743 in
902 1686 1054 1743 brevi
1084 1682 1312 1741 multum
1332 1685 1575 1742 crevisse
1617 1683 1948 1755 gaudemus,
1981 1682 2273 1754 perfectius
2302 1684 2661 1739 custodimus.
2700 1684 2940 1755 Ipsorum
2983 1689 3126 1743 enim
3150 1690 3272 1748 laici
3301 1695 3417 1751 sive

140 1786 402 1842 monachi
428 1802 533 1841 non
559 1785 854 1855 loquuntur
877 1779 932 1835 in
966 1777 1218 1849 prandio.

217 1875 271 1929 2.
324 1874 506 1931 Nostri
554 1878 741 1942 etiam,
791 1874 849 1928 in
894 1883 1223 1942 quacunque
1270 1862 1583 1922 obedientia
1615 1860 1943 1926 constituti,
1995 1875 2119 1916 cum
2167 1858 2394 1915 alterius
2436 1857 2759 1919 obedientiae
2812 1867 3076 1928 fratribus
3115 1874 3263 1946 loqui
3313 1890 3429 1943 παι

138 1967 328 2023 haben
338 1976 381 2022 t.

1493 2026 1895 2086 CAPITULUM
1947 2025 2085 2083 LVI.

1329 2120 1470 2189 Quid
1505 2120 1768 2192 agendum
1792 2121 1860 2174 sit
1884 2120 1938 2172 in
1968 2118 2234 2189 periculis.

230 2215 289 2273 Si
341 2215 535 2272 alicubi
584 2215 666 2271 vel
702 2212 876 2271 morbi
932 2211 1227 2279 subitanei,
1284 2210 1369 2266 vel
1414 2208 1576 2281 ignis,
1625 2207 1711 2263 vel
1762 2206 1987 2278 alicujus
2010 2206 2132 2263 talis
2167 2205 2393 2277 periculi
2420 2206 2719 2264 necessitas
2743 2206 3029 2279 ingruerit,
3058 2211 3232 2271 soluto
3261 2213 3423 2272 silen-

135 2308 243 2378 tio,
280 2310 372 2381 qui
400 2309 552 2380 prius
593 2314 774 2378 potest
817 2302 1114 2360 succurrit.

1482 2388 1880 2455 CAPITULUM
1931 2387 2085 2443 LVII.

1164 2524 1167 2527 -
1228 2483 1308 2540 De
1335 2484 1518 2540 uestitu
1544 2483 1838 2553 {rati-umet
1868 2481 2172 2536 utensilibus
2196 2480 2363 2535 cellw.

210 2581 268 2638 1.
304 2580 391 2637 Ad
437 2578 691 2637 vestitum
740 2577 946 2635 habent
989 2578 1203 2634 tunicas
1252 2586 1397 2641 tres,
1442 2574 1739 2645 caligarum
1788 2573 1937 2643 paria
1991 2573 2134 2641 tria,
2192 2571 2464 2643 pedulium
2523 2571 2651 2638 duo,
2704 2570 2971 2631 sotulares
3020 2586 3315 2635 nocturnos
3373 2587 3433 2640 et

1506 2663 2077 2722 COMMENTARIUS.

132 2764 300 2822 simae
331 2761 673 2819 ministretur
708 2759 967 2817 fratribus
996 2759 1131 2815 feria
1180 2759 1416 2815 secunda
1468 2758 1523 2812 in
1572 2772 1735 2828 pran-
1762 2761 1808 2821 Α
1841 2771 1960 2811 nem
1990 2771 2055 2811 ex
2078 2755 2225 2826 justa
2253 2770 2413 2810 causa
2454 2755 2609 2822 abiit,
2650 2765 2700 2812 et
2730 2768 2874 2815 esset
2899 2760 3098 2833 aliquid
3126 2736 3424 2836 singulare,

139 2858 237 2914 dio
268 2854 581 2928 placentula
630 2852 867 2919 triticea,
900 2851 1114 2908 modico
1155 2851 1277 2907 oleo
1320 2860 1375 2905 et
1412 2848 1525 2905 sale
1554 2847 1737 2913 mista,

132 2950 203 3004 de
249 2962 360 3017 qua
411 2944 697 3000 comedere
747 2950 974 3015 possunt
1001 2956 1098 3013 per
1128 2950 1295 2997 totam
1319 2938 1735 2999 hebdomadam,

133 3052 268 3093 nam
308 3035 457 3091 illam
508 3033 647 3103 apud
674 3047 734 3088 se
771 3039 992 3088 servant
1015 3031 1158 3089 sicut
1183 3039 1238 3086 et
1272 3042 1489 3102 panem.
1515 3027 1597 3082 Ex
1620 3025 1741 3082 istis

133 3130 304 3185 tortis
332 3127 535 3198 pluries
562 3124 923 3181 comedimus.
1654 3173 1658 3177 _

205 3221 360 3276 Idem
394 3218 620 3274 relatum
652 3217 823 3272 habes
851 3215 906 3269 in
931 3213 1174 3285 antiquis
1201 3212 1442 3278 statutis,
1473 3218 1618 3282 part.
1650 3224 1737 3275 ut,

130 3328 258 3385 cap.
291 3310 387 3375 20,
413 3326 562 3364 num.
593 3308 681 3363 12.

206 3402 351 3458 Car.
389 3399 524 3455 LIV.
556 3429 628 3440 --
653 3397 811 3453 Num.
848 3399 901 3452 1.
933 3396 1135 3463 Quater
1166 3396 1222 3450 in
1252 3410 1412 3461 anno,
1437 3398 1542 3449 etc.
1568 3391 1740 3460 Quin-

133 3492 302 3564 quies
344 3491 733 3545 minuebantur
779 3488 1055 3553 monachi,
1106 3486 1355 3542 conversi
1390 3494 1583 3556 quater
1610 3494 1745 3545 tan-7

133 3596 281 3647 tum,
321 3598 390 3638 ea
416 3582 643 3638 forsitan
682 3581 912 3645 ratione,
943 3580 1073 3649 quia
1115 3594 1212 3648 per
1246 3578 1486 3633 laborem
1525 3577 1734 3637 violen~

132 3684 254 3730 tum
298 3689 361 3729 se
404 3672 614 3729 facilius
652 3672 721 3727 ab
750 3671 1069 3727 humoribus
1100 3670 1387 3741 superfluis
1408 3671 1732 3726 vacuabant.

132 3765 236 3822 Hic
264 3781 401 3822 vero
432 3764 818 3836 exprimuntur
841 3762 1081 3817 subsidia
1103 3760 1405 3832 corporalia
1429 3770 1482 3816 et
1515 3775 1733 3815 recrea-

134 3860 345 3922 tiones,
400 3872 520 3926 qua:
565 3856 672 3911 illis
706 3855 1159 3920 concedebantur,
1191 3854 1272 3908 eis
1310 3868 1415 3907 non
1458 3852 1734 3907 absimiles

132 3964 278 4019 quas
302 3948 585 4003 monachis
629 3962 920 4004 concessas
951 3946 1117 4002 fuisse
1141 3945 1397 4007 vidimus,
1426 3958 1543 4013 cap.
1568 3944 1657 3998 39.

201 4038 379 4094 Num.
416 4038 472 4092 2.
503 4037 609 4104 Qui
660 4054 782 4093 vero
828 4054 932 4093 non
979 4038 1239 4091 minuitur
1280 4034 1518 4089 eamdem
1572 4050 1731 4105 quant

1842 2846 1985 2917 quod
2025 2860 2125 2900 nec
2162 2846 2230 2899 ab
2261 2844 2381 2900 aliis
2408 2855 2662 2899 servatur
2694 2863 2795 2902 nec
2840 2852 3047 2906 servari
3092 2864 3295 2923 posset,
3345 2857 3427 2913 sic

1839 2938 1982 2992 enim
2001 2936 2154 3007 juxta
2186 2937 2270 2992 hic
2298 2952 2553 3006 expressa
2575 2939 2970 3007 compelluntur
2990 2946 3235 3001 eamdem
3260 2962 3422 3018 quam

1839 3028 1928 3084 alii
1969 3029 2219 3099 accipere
2258 3029 2635 3085 refectionem.
2685 3032 2864 3089 Credo
2906 3035 3071 3093 etiam
3106 3036 3160 3093 S.
3203 3038 3427 3101 Patrem

1840 3120 2174 3186 Brinnonem,
2231 3123 2409 3185 virum
2436 3135 2591 3191 reque
2639 3124 2927 3180 sanctitate
2961 3141 3029 3183 ac
3054 3130 3339 3199 prudentia
3370 3143 3429 3189 et

1839 3212 2086 3267 doctrina
2114 3211 2421 3282 prteditum,
2452 3213 2598 3270 hunc
2633 3215 2882 3285 spiritum
2906 3221 3177 3291 etagendi
3199 3223 3425 3281 modum

1746 3346 1749 3347 γ
1838 3304 2246 3360 successoribus
2266 3305 2381 3360 suis
2412 3305 2719 3371 insinuasse
2750 3309 2853 3366 hac
2883 3313 3120 3385 maxime
3140 3315 3207 3371 de
3237 3331 3429 3385 causa,

1837 3396 1961 3466 quia
2009 3395 2216 3451 sciebat
2248 3397 2512 3466 spiritum
2588 3409 2791 3454 sancta:
2846 3400 3115 3459 libertatis
3160 3404 3424 3464 solitariis

1835 3485 1975 3541 bene
2003 3486 2297 3557 dirigendis
2328 3502 2453 3543 esse
2488 3491 2857 3546 necessarium
2882 3503 2939 3547 ut
2977 3494 3032 3549 in
3059 3498 3344 3568 scrupulos
3369 3509 3429 3556 et

1836 3576 2002 3630 animi
2042 3578 2346 3634 anxietates
2377 3593 2483 3633 non
2513 3579 2790 3645 decidant,
2836 3582 2906 3637 ab
2946 3583 3312 3643 obstinatione
3365 3588 3429 3644 in.

1836 3683 1937 3724 suo
1962 3684 2125 3725 sensu
2156 3681 2467 3737 serventur,
2508 3682 2564 3728 et
2590 3673 2660 3728 ab
2689 3674 2774 3729 his
2804 3676 2988 3742 rebus,
3014 3692 3133 3747 qua:
3155 3679 3431 3737 occultam

1835 3758 2281 3828 complacentiam
2313 3775 2535 3816 movere
2580 3773 2677 3816 aut
2708 3764 2922 3821 nutrire
2958 3776 3213 3836 possunt,
3243 3784 3425 3826 remo-

1834 3859 2030 3903 veantu
2040 3866 2082 3902 Γ.

1858 3939 2034 3994 «Car.
2066 3940 2176 3995 LV.
2209 3968 2279 3982 --
2308 3940 2467 3998 Num.
2506 3944 2559 3998 1.
2597 3942 2896 4001 fidentes...
2929 3948 3196 4003 silentium
3229 3959 3428 4010 tenent.

1837 4029 1973 4085 Ecce
2001 4031 2176 4100 qualis
2200 4043 2286 4088 est
2308 4033 2392 4087 lex
2420 4033 2618 4095 silentii
2648 4035 2716 4089 ab
2737 4036 2817 4090 eis
2847 4039 3094 4094 servandi
3119 4040 3172 4094 in
3204 4056 3424 4109 mensa,

131 4130 334 4184 minuti
356 4127 704 4198 compellitur,
727 4136 834 4183 etc.
859 4128 939 4182 Ex
964 4129 1067 4183 hoc
1096 4127 1218 4185 loco
1246 4127 1527 4181 evidenter
1570 4141 1734 4194 appa-
1766 4114 1809 4169 B
1836 4123 1929 4176 sed
1956 4123 2009 4177 id
2038 4139 2144 4180 non
2174 4126 2468 4193 spectatad
2502 4124 2607 4181 alia
2649 4135 2891 4198 tempora
2943 4138 2997 4183 ct
3045 4132 3328 4199 exercitia,
3368 4133 3426 4189 in

134 4230 226 4275 ret
280 4228 545 4289 quantum
584 4234 739 4275 mens
783 4219 1081 4289 primorum
1123 4217 1345 4272 Patrum
1371 4256 1386 4279 .
1422 4227 1477 4271 et
1508 4216 1735 4287 spiritus

134 4311 390 4369 instituti
438 4312 610 4367 nostri
640 4312 807 4366 distet
838 4327 868 4366 a
901 4310 1217 4380 scrupulosa
1249 4319 1304 4365 et
1335 4309 1605 4369 obstinata
1637 4323 1737 4362 au-

135 4402 460 4460 steritatem
506 4401 875 4472 corporalium
927 4401 1411 4470 interpretatione,
1464 4414 1494 4454 a
1540 4398 1735 4469 spiritu

131 4492 469 4560 coactirmis,
498 4502 557 4549 et
589 4492 1012 4564 singularitatis,
1063 4501 1121 4548 et
1162 4507 1194 4548 e
1226 4503 1414 4549 contra
1436 4491 1565 4548 velit
1586 4507 1615 4546 a
1642 4506 1735 4546 no-

130 4589 219 4643 bis
266 4586 549 4641 obscrvari
585 4586 729 4657 piam
752 4594 810 4641 et
836 4585 1126 4642 discretam
1155 4584 1379 4654 spiritus
1404 4582 1732 4647 libertatem,

131 4678 313 4734 animi
356 4676 775 4741 flexibilitatem,
808 4687 865 4732 et
890 4676 1347 4747 singularitatum,
1372 4674 1532 4730 etiam
1562 4674 1617 4728 in
1651 4688 1735 4727 re-

128 4767 237 4823 bus
290 4766 470 4832 bonis,
516 4764 963 4822 eliminationem.
1010 4766 1147 4822 Ecce
1171 4766 1316 4822 enim
1372 4765 1462 4820 hic
1491 4764 1735 4820 videmus

130 4858 371 4914 fratrem
419 4848 740 4914 eonversum
793 4858 929 4914 bene
972 4858 1240 4914 valentem
1283 4872 1391 4912 non
1440 4856 1733 4923 minutum,

132 4966 241 5008 nec
273 4950 397 5005 ideo
418 4949 539 5006 istis
562 4950 815 5007 subsidiis
842 4959 896 5006 et
920 4950 1348 5007 recreationibus
1377 4948 1731 5019 indigentem.

130 5043 209 5099 At
248 5042 611 5099 nihilominus
637 5042 762 5099 boni
788 5043 982 5100 Patres
1018 5043 1229 5110 volunt,
1281 5042 1391 5097 imo
1418 5041 1465 5097 si
1496 5049 1730 5108 recuset,

134 5132 483 5207 compellunt
513 5133 668 5189 illum
696 5135 767 5190 ad
794 5136 1052 5190 utendum
1096 5135 1292 5190 iisdem
1313 5130 1591 5189 beneﬁciis
1613 5131 1734 5201 qui-

132 5226 244 5282 bus
275 5225 376 5280 alii
406 5234 653 5283 utuntur.
678 5224 857 5295 Quare
895 5227 1032 5284 hoc?
1062 5228 1161 5283 nisi
1194 5235 1253 5282 ut
1277 5226 1509 5282 doceant
1528 5239 1648 5291 nos,
1674 5232 1739 5280 ut

133 5306 426 5383 diximus,
461 5316 701 5388 qualiter
743 5318 954 5391 priores
1007 5317 1402 5375 Carthasianos
1460 5315 1732 5373 solitarius

133 5408 382 5480 dirigere
428 5410 686 5477 debeant,
726 5419 782 5468 et
827 5411 1061 5482 qualiter
1104 5411 1360 5468 monachi
1381 5409 1737 5466 Cartbusiani

1758 5462 1806 5526 C

1836 4217 2034 4285 quibus
2082 4217 2297 4273 silentio
2341 4216 2465 4273 illos
2510 4233 2618 4273 non
2668 4218 2748 4274 sic
2800 4220 3031 4291 astringi
3082 4225 3428 4293 perspicuum

1835 4315 1937 4361 est.

1907 4397 2041 4455 Ibid.
2101 4396 2255 4463 Qitod
2297 4398 2415 4455 licet
2454 4407 2503 4454 et
2536 4401 2708 4470 prius,
2746 4410 3072 4473 ἐρρηθη-νου
3100 4405 3426 4475 exentplum,

1835 4500 1941 4546 etc.
1975 4490 2089 4547 lloc
2128 4493 2379 4561 exemplo
2405 4493 2517 4549 vult
2549 4494 2777 4549 incitare
2813 4496 3012 4551 fratres
3040 4512 3332 4553 conversos
3358 4498 3429 4555 ad

1852 4580 2095 4639 strictius
2133 4582 2458 4639 servandum
2489 4583 2632 4651 quod
2654 4583 2766 4654 jam
2798 4585 2865 4638 ab
2890 4585 3020 4653 ipsis
3035 4585 3319 4641 exordinis
3346 4585 3432 4640 iu-

1835 4673 2024 4726 stituto
2055 4671 2376 4727 servabatur

1906 4762 2066 4820 Num.
2114 4765 2172 4821 2.
2222 4763 2408 4820 Nostri
2451 4764 2611 4819 etiam
2662 4765 2716 4819 in
2771 4783 3082 4838 quacunque
3131 4767 3423 4823 obedientia

1836 4857 2143 4923 constituti,
2186 4873 2306 4910 cum
2350 4857 2568 4912 alterius
2612 4856 2935 4921 obedientite
2975 4859 3268 4928 fratribus,
3307 4868 3420 4915 etc.

1837 4947 1946 5006 Sed
1978 4947 2119 5002 inter
2145 4963 2205 5005 se
2233 4949 2358 5005 dum
2386 4946 2548 5002 simul
2579 4946 2829 5002 laborant
2860 4947 2913 5000 in
2938 4948 3126 5001 eadem
3160 4949 3425 5005 obedien-

1837 5043 1909 5096 tia
1949 5040 2093 5111 loqui
2139 5047 2386 5110 possunt,
2433 5048 2494 5094 ut
2531 5053 2599 5095 es
2630 5039 2879 5111 capitulis
2914 5038 2982 5094 44
3009 5050 3065 5096 et
3093 5039 3184 5108 45,
3214 5051 3269 5096 et
3298 5041 3423 5100 aliis

1834 5133 1968 5190 locis
1992 5134 2216 5190 evidens
2243 5142 2347 5189 est.

1903 5225 2051 5283 Idem
2100 5225 2341 5283 refertur
2379 5227 2435 5282 in
2469 5226 2693 5282 statutis
2728 5225 2989 5300 antiquis,
3018 5238 3160 5299 part.
3187 5245 3268 5297 tn,
3300 5245 3421 5303 cap.

1832 5320 1888 5387 3,
1928 5334 2079 5375 num.
2113 5320 2148 5376 8
2174 5330 2234 5375 et
2262 5319 2319 5377 τι.

1857 5437 1880 5465 ,υ
1903 5412 2035 5469 Car.
2067 5409 2293 5468 LVI..--
2324 5411 2470 5471 Idem
2501 5409 2740 5467 refertur
2793 5411 2851 5468 in
2882 5411 3129 5484 antiquis
3170 5412 3424 5479 statutis,

133 5503 328 5560 sinere
378 5504 615 5563 debeant
650 5522 709 5565 se
756 5523 786 5563 a
824 5506 1197 5580 superioribus
1224 5506 1429 5577 dirigi?
1466 5506 1594 5563 inde
1624 5521 1735 5564 non
1758 5501 1806 5526 “
1840 5516 1901 5558 tu
1925 5510 2089 5573 part.,
2122 5516 2239 5571 cap.
2271 5501 2366 5566 23,
2392 5517 2542 5556 num.
2584 5501 2638 5557 1.

133 5602 226 5649 est
247 5590 558 5654 mirandum
580 5599 625 5656 si
652 5599 945 5670 prudentes
978 5599 1292 5669 superiores
1318 5614 1462 5655 nunc
1483 5598 1735 5669 aliquan-

136 5685 214 5741 do
258 5698 459 5760 negent
504 5691 827 5762 quibusdam
875 5693 1155 5749 monachis
1182 5690 1455 5749 licentiam
1475 5690 1733 5752 servandi

132 5778 530 5838 abstinentiam
562 5782 615 5839 in
643 5798 780 5846 uane
801 5792 853 5841 et
883 5798 1044 5851 aqua,
1070 5784 1198 5852 quia
1227 5783 1280 5840 id
1307 5784 1360 5840 in
1392 5782 1725 5840 dissuetudi-

1908 5593 2037 5650 Car.
2069 5592 2227 5649 LVII.
2267 5623 2340 5634 —
2376 5592 2532 5648 Num.
2576 5593 2632 5649 3.
2680 5592 2747 5671 ιη
2773 5593 3034 5665 superiori
3086 5590 3421 5658 dormitorio,

1834 5699 1942 5745 etc.
1984 5688 2160 5745 Cellas
2183 5686 2427 5759 singulas
2450 5688 2736 5746 distinctas
2774 5687 3032 5772 habuisse
3052 5742 3055 5747 ,
3074 5693 3201 5743 tunc
3223 5683 3424 5741 fratres

1834 5796 2125 5859 conversos
2153 5798 2221 5839 es
2261 5780 2383 5855 ipso
2411 5780 2566 5837 titulo
2596 5780 2784 5852 liquet.
2826 5781 2895 5836 At
2918 5777 3265 5887 nihilominus
3293 5778 3423 5835 dor-
