3992 6404
626 306 729 368 759
1455 301 1832 368 cursores:
1869 307 2232 387 can'rnusr

2322 229 2621 367 auom:
2637 302 2909 367 pmoms
2949 301 2990 365 ν
3727 315 3810 380 tto

639 420 886 527 diurnos,
921 422 1228 527 pelliciam‘,
1292 421 1481 494 pelles,
1519 422 1863 527 mantellum,
1900 414 2200 492 caputium,
2244 413 2480 482 mitanas
2547 413 2647 497 [αι.
2703 421 2992 494 mitaneas]
3032 422 3213 478 laneas
3240 439 3390 492 unas,
3435 424 3678 485 lumharis
3715 434 3796 489 duo

648 477 886 494 "‘"w‘v
939 477 1169 497 ιν--ηννη
1214 477 1227 488 .
1293 477 1315 494 ε
1467 477 1480 488 ,
1848 477 1862 488 υ
1916 477 1925 478 7
1967 477 1984 492 .
2185 477 2199 488 Ι
2388 477 2393 478 7
2453 477 2472 482 Ἰ
2592 477 2599 478 7
2634 477 2644 479 7
2888 477 2899 478 ἰ

630 515 848 586 cingula
902 516 1028 580 duo,
1078 513 1343 570 sotulares
1402 527 1590 567 eorum
1642 513 1710 569 de
1751 514 1948 569 bovina
1990 513 2134 584 pelle
2181 512 2338 568 llunt.
2549 477 2572 497 ι
2973 477 2992 494 ³
3196 477 3204 478 “
3278 477 3390 492 1"
3436 477 3678 485 "mm"
3716 477 3811 505 --νο

695 606 751 662 2.
794 607 1139 709 AHKalendis
1195 605 1510 709 l‘iovembris
1564 622 1724 661 unam
1775 608 2014 663 tunicam
2065 619 2303 663 veterem
2355 606 2608 673 reddunt,
2657 621 2931 683 unamque
2991 621 3185 662 novam
3243 607 3565 677 accipiunt:
3617 610 3812 670 similiter

625 709 729 764 par
788 696 1086 768 caligarum
1137 695 1412 762 reddunt,
1458 704 1514 752 et
1566 712 1664 767 par
1712 699 2008 770 caligarum
2059 714 2268 770 parque
2323 700 2597 770 pedulium
2642 710 2883 756 sumunt.
2934 692 3110 756 Pelles
3173 709 3231 757 et
3295 701 3540 772 pellicias
3595 706 3812 778 accipiunt

628 797 866 854 veteres,
919 803 1013 843 eas
1067 785 1316 841 videlicet
1374 803 1510 858 quas
1568 790 1800 845 reddunt
1848 791 2142 858 monachi,
2190 806 2313 847 eum
2360 805 2534 847 novas
2580 792 2876 862 accipiunt.
2927 790 3142 849 Habent
3183 787 3372 846 adhuc
3417 792 3487 847 ad
3529 792 3704 849 lectum
3742 803 3812 868 pa:

626 876 804 945 leam,
857 877 1078 940 (illrum,
1137 876 1405 946 pulvinar,
1463 885 1669 932 colum.

695 968 750 1021 5.
801 967 848 1020 Α
903 965 1108 1020 Pascha
1153 979 1321 1034 usque
1372 966 1440 1020 ad
1498 964 1694 1020 festum
1741 965 1802 1020 S.
1860 963 2138 1018 Michaelis
2175 977 2208 1018 a
2251 964 2426 1034 prima
2459 957 2631 1035 usque
2665 964 2733 1021 ad
2770 963 3180 1036 completorium
3224 971 3506 1028 nocturnis
3543 955 3811 1032 sotularibus
3855 978 3863 987 ’

627 1073 732 1112 non
783 1065 1027 1111 utuntur.
1087 1056 1144 1110 In
1191 1056 1457 1126 superiori
1502 1055 1666 1111 etiam
1725 1054 2046 1110 dormitorio
2098 1069 2418 1110 communes
2465 1055 2659 1120 lectos,
2707 1056 2977 1126 pellicias,
3031 1060 3413 1132 sotularesque
3459 1074 3725 1122 nocturnos
3745 1068 3813 1122 In.

627 1152 774 1203 bent.
829 1147 886 1201 ln
942 1147 1194 1202 omnibus
1243 1147 1548 1216 huiusmodi
1605 1146 1751 1200 aliud
1802 1146 1936 1199 nihil
1981 1155 2240 1212 curatur,
2299 1147 2402 1201 nisi
2459 1157 2520 1202 ut
2567 1146 2741 1218 frigus
2779 1157 3030 1204 arceatur
3081 1160 3135 1205 et
3179 1152 3396 1208 nuditas
3446 1142 3664 1225 tegatur.
3713 1157 3812 1212 Nam

621 1250 676 1292 et
729 1239 988 1310 ligaturas
1030 1239 1349 1294 sotularium
1395 1252 1451 1298 et
1503 1257 1691 1297 renmn
1749 1243 1965 1313 cingula
2017 1244 2084 1298 de
2138 1244 2306 1299 cruda
2350 1253 2546 1314 gerunt
2587 1247 2796 1301 canabe
2845 1244 3218 1315 lumbariaque
3269 1246 3388 1314 ipsa
3437 1247 3680 1300 canabina
3704 1257 3812 1301 sunt.

624 1332 771 1432 Adeo
818 1344 923 1384 non
978 1331 1109 1400 quid
1169 1333 1379 1386 vanitas
1440 1343 1535 1386 aut
1585 1333 1853 1404 voluptas,
1917 1334 2012 1388 sed
2069 1334 2215 1404 quod
2281 1333 2304 1409 [
2326 1334 2400 1388 al.
2456 1334 2587 1405 quid
2631 1333 2653 1407 ]
2713 1334 2828 1391 sola
2875 1336 3174 1391 necessitas
3239 1342 3336 1388 aut
3395 1331 3594 1388 utilitas
3636 1335 3815 1404 postulet

620 1431 913 1491 cogitatur.

647 1513 747 1568 ‘4.
805 1513 1015 1566 Habent
1055 1519 1113 1565 et
1155 1507 1413 1563 scutellas
1466 1509 1602 1562 duas
1655 1507 1721 1561 ad
1779 1507 1951 1573 cibos,
2005 1507 2073 1561 ad
2124 1521 2318 1577 panem
2372 1522 2534 1562 unam
2588 1506 2828 1563 mantilis
2882 1506 3020 1572 loco,
3067 1508 3135 1562 ad
3180 1510 3478 1566 munditias
3523 1525 3668 1566 unam
3695 1528 3813 1580 gran-

547 1625 552 1634 ·
620 1607 850 1668 diorem,
898 1601 1097 1669 justam
1171 1599 1457 1671 scyphum,
1502 1597 1782 1662 salarium,
1829 1597 2086 1652 coehlear
2135 1605 2193 1652 et
2253 1596 2548 1662 cultellum,
2601 1611 2698 1652 vas
2745 1598 3053 1668 aquarium,
3107 1596 3440 1655 ferramenta
3491 1601 3664 1666 etiam,
3699 1618 3814 1657 seca-

623 1701 760 1763 rim,
811 1696 1129 1756 fossorium,
1177 1693 1480 1754 dolabrum,
1532 1689 1816 1756 subulam,
1851 1691 2187 1754 falciculam,
2239 1705 2372 1745 acus
2411 1689 2579 1754 duas,
2614 1691 2762 1746 filum
2801 1691 3019 1746 forfices
3068 1689 3366 1746 tercbrum.
3411 1689 3537 1747 Haec
3573 1692 3814 1764 quicunque

525 1803 527 1806 ‘
621 1790 812 1858 legerit
877 1787 1056 1840 ridere
1114 1783 1196 1838 vel
1248 1783 1642 1854 reprehendere
1695 1798 1803 1838 non
1846 1782 2087 1850 festinet,
2132 1783 2236 1838 nisi
2284 1784 2437 1854 prius
2486 1784 2654 1839 vitam
2706 1781 3011 1852 huiusmodi
3054 1782 3110 1837 in
3163 1781 3253 1836 tali
3303 1782 3594 1841 solitudine
3633 1796 3681 1840 et
3714 1786 3815 1839 inter

623 1891 774 1934 tanta
817 1877 1034 1934 duxerit
1083 1876 1304 1946 frigora.

1922 1959 2002 2014 CA
2014 1957 2325 2014 PITULUM
2373 1956 2555 2014 LVIII.

1467 2051 1622 2117 Quod
1654 2049 1900 2120 loquendi
1930 2065 2048 2102 cum
2084 2048 2348 2102 extraneis
2375 2046 2640 2101 licentiam
2677 2063 2780 2100 non
2806 2054 3070 2116 quierunt.

693 2151 744 2204 t.
799 2146 1150 2217 Colloquendi
1205 2141 1366 2198 simul
1409 2157 1530 2196 cum
1588 2141 1672 2196 his
1721 2140 1812 2208 qui
1865 2139 2058 2192 donius
2115 2136 2275 2207 hujus
2329 2151 2437 2191 non
2487 2143 2616 2190 sunt
2671 2133 2948 2189 licentiam
2995 2149 3102 2189 non
3130 2144 3426 2216 qua‘runt,
3475 2151 3572 2194 nec
3619 2137 3700 2210 [αι.
3732 2135 3812 2207 ne]

617 2249 738 2294 com
789 2251 1050 2308 germano
1103 2233 1346 2304 quidem.

688 2324 742 2377 2.
795 2324 940 2377 Nihil
985 2323 1228 2384 omnino,
1274 2315 1379 2372 nisi
1433 2329 1556 2368 cum
1608 2312 1824 2366 licentia
1881 2310 2022 2380 apud
2074 2324 2134 2364 sc
2177 2317 2386 2364 tenent.

688 2412 744 2466 5.
798 2412 1078 2477 Accusati,
1134 2410 1253 2465 sine
1309 2423 1461 2462 mora
1511 2405 1767 2476 prostrati
1809 2399 2805 2550 veniaéi;lﬁ<¥ﬁqthuﬂca:hensorem
2855 2401 2908 2456 in
2957 2402 3148 2458 eadem
3201 2405 3289 2463 die
3315 2422 3428 2464 non
3458 2409 3811 2480 reprehendunt.

1697 2583 1838 2650 Quid
1863 2583 1960 2652 ﬁat
1985 2583 2050 2636 de
2075 2598 2128 2636 re
2155 2581 2318 2636 alicui
2347 2589 2582 2636 nostrum
2611 2581 2795 2635 missa.

691 2710 749 2766 Si
800 2707 961 2764 alicui
1011 2717 1259 2761 nostrum
1313 2702 1428 2759 sive
1479 2700 1619 2754 laico
1672 2699 1785 2754 sive
1832 2699 2121 2764 monacho,
2167 2697 2234 2750 ab
2289 2695 2490 2766 aliquo,
2536 2695 2623 2750 vel
2673 2695 2852 2750 amico
2908 2694 2992 2750 vel
3055 2696 3388 2766 propinquo,
3449 2697 3533 2755 vel
3577 2697 3716 2753 vestis
3754 2695 3814 2749 vel

618 2799 824 2872 aliquid
859 2798 1166 2871 huiusmodi
1217 2795 1444 2852 missum
1493 2791 1676 2856 fuerit,
1726 2805 1834 2845 non
1885 2789 1935 2845 ei
1977 2789 2071 2844 sed
2118 2788 2208 2842 alii
2247 2788 2428 2860 potius
2484 2790 2668 2858 datur,
2712 2806 2780 2846 ne
2828 2790 2981 2859 quasi
3026 2792 3304 2861 proprium
3357 2793 3559 2848 habere
3603 2792 3810 2847 videatur.

1953 2904 2528 2962 COMMENTARIUS.

614 3035 889 3096 mitorium
924 3042 1045 3088 erat
1084 3030 1137 3085 in
1177 3025 1444 3098 superiori
1482 3025 1665 3091 domo,
1715 3022 1768 3076 id
1791 3029 1876 3076 est
1900 3018 2078 3089 ampla
2101 3033 2193 3074 ca-
2222 3030 2269 3090 Α
2296 3035 2399 3074 non
2420 3028 2541 3073 sunt
2565 3017 2830 3073 licentiam
2859 3035 2964 3075 non
2983 3030 3249 3092 quaerunt,
3299 3035 3398 3075 nec
3435 3035 3570 3084 cunt,
3595 3025 3686 3073 etc.
3707 3014 3812 3070 Idem

616 3141 765 3184 mera
795 3123 1059 3195 separatis
1088 3120 1155 3175 ab
1181 3119 1410 3174 invicem
1435 3115 1650 3171 lectulis
1684 3112 1911 3183 repleta,
1937 3109 2005 3164 ad
2034 3124 2196 3180 quam

615 3216 961 3274 divertebant
1007 3212 1205 3268 fratres
1233 3225 1264 3265 a
1291 3211 1451 3264 domo
1483 3204 1730 3262 inferiori
1765 3204 1832 3258 ad
1861 3202 2196 3274 superiorem

615 3309 805 3365 diebus
847 3306 1000 3362 festis
1043 3302 1420 3358 ascendentes.
1457 3294 1794 3368 lmpossibile
1819 3295 1966 3351 enim
1989 3300 2110 3347 erat
2139 3299 2198 3347 ut

617 3396 857 3468 duplices
901 3393 1064 3449 cellas
1101 3392 1296 3462 singuli
1325 3390 1607 3455 haberent,
1648 3401 1810 3441 unam
1843 3385 1897 3440 in
1929 3381 2193 3446 inferiori,

616 3500 674 3548 et
717 3490 942 3544 alteram
982 3488 1036 3542 in
1083 3483 1347 3556 superiori
1381 3481 1563 3537 domo.
1587 3478 1691 3534 Per
1714 3491 2014 3532 communes
2038 3472 2196 3528 lectos

616 3578 991 3651 intelligit,qui
1015 3579 1420 3646 occupabantur
1443 3588 1473 3626 a
1497 3569 1724 3641 singulis
1752 3566 2014 3622 fratribus
2036 3571 2199 3635 prout

615 3675 963 3741 occurrebat,
996 3675 1069 3728 ita
1095 3681 1154 3726 ut
1178 3668 1339 3724 alicui
1370 3663 1630 3737 singulari
1654 3662 1908 3732 proprius
1929 3673 2036 3713 non
2059 3656 2196 3712 assi-

613 3779 869 3844 gnaretur
893 3808 910 3837 ,
957 3767 1049 3838 qui
1087 3779 1154 3820 eo
1198 3764 1424 3818 absente
1462 3757 1531 3812 ab
1556 3755 1662 3811 alio
1687 3768 1794 3810 non
1824 3759 2009 3824 posset
2033 3763 2199 3806 oceu-

612 3865 752 3937 pari.

683 3956 844 4012 Num.
879 3953 935 4009 ὅ.
978 3952 1046 4006 1η
1081 3948 1320 4005 omnibus
1369 3940 1674 4008 huiusmodi
1707 3936 1856 3994 aliud
1880 3933 2012 3990 nihil
2040 3948 2198 3988 cura-

612 4054 713 4103 tur
741 4047 842 4101 nisi
867 4054 926 4099 ut
957 4043 1144 4114 frigus,
1170 4051 1276 4096 etc.
1307 4039 1406 4095 llic
1432 4035 1695 4094 haberent
1719 4029 1980 4102 judicium
2003 4033 2195 4082 contra

614 4155 675 4197 se
705 4138 1070 4207 conscriptum
1113 4134 1204 4205 qui
1235 4133 1376 4202 apud
1409 4145 1508 4186 nos
1535 4129 1736 4184 vellent
1781 4124 1898 4180 sive
1925 4122 1982 4177 in
2011 4121 2195 4191 panno

615 4247 725 4304 quo
749 4239 929 4288 vestes
957 4235 1374 4298 componuntur,
1407 4224 1522 4279 sive
1554 4222 1608 4277 in
1637 4221 1751 4291 ipsa
1781 4217 1950 4273 vestis
1977 4227 2198 4285 compo-

615 4323 818 4378 sitione
840 4318 1042 4389 aliquid
1066 4318 1280 4373 curiose
1306 4325 1575 4384 querere,
1605 4307 1748 4379 quod
1773 4306 2006 4362 nitorem
2026 4317 2196 4359 srecu-

2291 3112 2404 3181 jam
2452 3112 2589 3167 dixit
2631 3127 2731 3181 pro
2787 3113 3070 3168 monachis
3114 3112 3182 3166 R.
3228 3112 3291 3168 Ρ.
3341 3111 3539 3181 Guigo,
3561 3124 3670 3179 cap.
3693 3109 3737 3162 5.
3754 3106 3812 3160 Ad

2298 3216 2622 3258 conversum
2651 3216 2759 3256 non
2787 3202 3022 3272 pertinet
3046 3215 3292 3273 quaerere
3316 3200 3585 3257 licentiam
3610 3199 3722 3254 sicut
3742 3209 3811 3249 nec

2298 3294 2367 3350 ad
2389 3295 2735 3364 monachum,
2769 3305 2826 3348 ut
2851 3294 3104 3364 loquatur
3139 3293 3302 3348 etiam
3336 3307 3467 3348 cum
3493 3304 3718 3364 germano
3735 3287 3811 3340 ira-

2299 3394 2416 3452 tre;
2448 3387 2542 3441 sed
2582 3386 2933 3441 nihilominus
2962 3393 3074 3437 tum
3105 3395 3404 3454 germanus
3424 3379 3603 3444 frater,
3636 3389 3725 3432 tum
3747 3371 3812 3428 alii

2297 3485 2526 3546 possunt
2559 3475 2848 3542 licentiam.
2877 3473 3024 3529 illam
3041 3482 3226 3544 petere
3248 3485 3280 3526 a
3314 3472 3630 3542 praesidente
3648 3479 3694 3524 et
3714 3466 3812 3522 obti-

2298 3582 2449 3634 nere,
2476 3575 2639 3638 prout
2667 3583 2733 3623 ex
2761 3581 2881 3637 cap.
2914 3564 2981 3620 10
3002 3572 3059 3620 et
3084 3563 3154 3618 50
3181 3563 3467 3620 evidenter
3498 3567 3704 3616 constat.
3723 3553 3807 3609 Non

2298 3661 2381 3716 sic
2421 3660 2488 3715 de
2534 3660 2622 3716 his
2668 3659 2762 3730 qui
2815 3656 3010 3713 domus
3032 3663 3202 3710 sunt:
3234 3668 3363 3712 nam
3401 3652 3655 3709 licentiam
3679 3656 3812 3719 petere

2297 3765 2423 3806 cum
2475 3751 2560 3806 bis
2606 3747 2974 3820 colloquendi,
3005 3760 3107 3803 nec
3139 3745 3232 3803 hic
3260 3759 3364 3801 nec
3394 3743 3522 3800 alibi
3545 3737 3812 3815 prohibitum

2297 3855 2420 3898 esse
2445 3840 2828 3912 comperimus.

2369 3931 2530 3987 Nam.
2559 3931 2615 3986 ὅ.
2654 3929 2900 3986 Accusati
2923 3929 3039 3986 sine
3075 3944 3250 3996 mora,
3272 3936 3386 3984 etc.
3419 3924 3811 3996 Rspreheasortl.

2297 4029 2405 4078 etc.
2441 4020 2540 4077 llic
2590 4020 2823 4076 formam
2867 4019 3131 4075 habemus
3159 4016 3594 4074 mortificationis
3631 4011 3803 4069 intime.

2297 4130 2460 4188 quam
2483 4113 2880 4186 proﬁtebantur
2909 4111 3070 4184 primi
3097 4110 3289 4168 Patres
3314 4111 3511 4176 nostri,
3539 4109 3592 4162 in
3614 4117 3703 4176 qua
3721 4112 3810 4154 ser-

2296 4206 2472 4262 vanda
2519 4204 2740 4260 modum
2777 4218 2888 4259 non
2931 4203 3276 4276 apponebant
3294 4200 3441 4257 sicut
3466 4199 3521 4255 in
3546 4188 3812 4253 austeritati

2297 4299 2398 4354 bus
2446 4295 2832 4367 corporalibus-
2855 4294 2974 4349 illos
3019 4292 3260 4348 studiose
3288 4291 3598 4364 apposuisse
3617 4289 3810 4344 consul.

616 4414 792 4471 larem
818 4375 1117 4468 ~redoleret.
1177 4375 1413 4473 δαείω
1447 4375 1742 4475 prudenter
1787 4397 1970 4455 statim
2015 4395 2198 4452 subdit
2225 4375 2274 4438 Β
2300 4388 2408 4446 sed
2423 4386 2674 4444 volebant
2708 4385 2880 4440 amori
2925 4383 3139 4454 privato
3168 4382 3224 4438 in
3253 4377 3677 4440 excusationibus
3707 4386 3811 4429 nan-

615 4508 684 4565 Β.
714 4505 779 4561 Ρ.
810 4502 1008 4575 Guigo,
1040 4501 1084 4557 si
1121 4497 1462 4555 eliminandae
1509 4501 1634 4549 sunt
1662 4507 1694 4546 a
1728 4488 1933 4546 nostris
1953 4488 2198 4544 vestibus

612 4598 830 4655 vanitas
869 4604 925 4652 et
955 4593 1225 4664 voluptas,
1258 4585 1556 4645 necessitas
1579 4592 1672 4641 aut
1697 4583 1905 4642 utilitas
1934 4596 2042 4637 non
2073 4587 2200 4636 sunt

613 4688 985 4765 repudiandae.

686 4783 844 4841 Num.
872 4783 925 4838 4.
958 4779 1090 4836 Hac
1127 4779 1422 4850 quicunque
1470 4773 1672 4844 legerit,
1720 4779 1826 4829 etc.
1865 4768 1966 4825 Hic
2004 4766 2201 4838 repetit

615 4878 758 4933 circa
788 4877 985 4929 fratres
1015 4870 1158 4942 quod
1178 4868 1290 4939 jam
1313 4867 1529 4922 dixerat
1553 4863 1698 4919 circa
1726 4860 2044 4923 monachos,
2073 4871 2196 4927 cap.

613 4970 706 5026 28.
753 4966 972 5022 Sciebat
1009 4963 1155 5019 enim
1207 4958 1292 5014 vir
1336 4961 1558 5014 sanctus
1607 4954 1868 5010 mundum
1917 4950 2198 5006 abundare

619 5057 936 5118 censoribus
955 5051 1288 5117 indiscretis,
1317 5047 1409 5120 qui
1435 5048 1642 5120 seipsos
1671 5044 2027 5116 negligentes,
2051 5039 2199 5110 judi-

617 5152 720 5209 ciis
757 5149 1126 5214 nihilominus,
1169 5142 1436 5209 censuris,
1479 5149 1642 5212 atque
1679 5138 1840 5194 factis
1863 5135 2090 5192 aliorum
2116 5131 2199 5188 in-

619 5241 1034 5300 diseriminatiin
1083 5236 1402 5310 arguendis,
1455 5233 1572 5290 fere
1621 5239 1790 5286 totum
1827 5227 1952 5282 vitae
1983 5235 2198 5296 tempus

513 5347 520 5354 ‘
617 5334 960 5408 impendunt,
1009 5339 1063 5387 et
1098 5336 1182 5385 ne
1219 5329 1344 5385 inde
1390 5325 1564 5383 nostri
1599 5323 1666 5379 ad
1699 5319 1980 5392 scrupulos
2016 5332 2200 5375 move-

617 5437 810 5486 rentur
835 5423 1095 5497 praevenit
1122 5435 1240 5488 eos,
1271 5428 1328 5478 et
1357 5419 1552 5502 ita‘hic
1579 5430 1644 5471 ex
1668 5411 1910 5486 professo
1939 5410 2194 5482 lnquitur.

689 5517 884 5574 Totum
912 5511 1353 5584 hoc-capitulum
1393 5499 1622 5564 relatum
1660 5503 1827 5560 habes
1871 5499 2199 5575 inantiquis

619 5602 867 5674 Statutis,
895 5613 1034 5678 part.
1075 5619 1158 5658 ιιι.
1189 5616 1306 5672 cap.
1335 5598 1431 5663 23,
1458 5613 1514 5685 ιι.
1545 5596 1598 5664 l,
1623 5594 1658 5649 4
1688 5603 1742 5650 et
1766 5593 1820 5649 5.

687 5700 816 5754 an,
843 5697 1017 5754 LVIII.
1045 5713 1118 5738 ελ
1153 5692 1311 5754 Num.
1343 5683 1542 5748 ucum
1593 5687 1673 5742 his
1703 5687 1792 5748 qui
1815 5685 2004 5740 donius
2035 5683 2199 5753 hujus

2299 4483 2436 4539 tium
2483 4479 2731 4537 absolute
2769 4477 2995 4533 remitti.
3024 4474 3179 4543 Quod
3207 4483 3362 4530 certe
3387 4487 3558 4546 genus
3586 4459 3811 4526 mortiﬁca-

2302 4577 2463 4634 tionis
2490 4589 2680 4632 omnes
2705 4571 3056 4628 austeritates
3085 4568 3401 4640 corporales
3445 4568 3598 4638 longe
3623 4561 3807 4631 superat.

2299 4679 2357 4726 et
2400 4668 2469 4723 ad
2513 4664 2750 4722 studium
2799 4659 3174 4718 conversionis
3205 4673 3444 4726 morum,
3471 4658 3536 4714 de
3557 4667 3652 4727 qua
3672 4656 3808 4704 votum

2299 4759 2618 4825 emittimus,
2643 4764 2876 4828 spectat,
2896 4755 3081 4824 sicque
3106 4753 3176 4808 ad
3200 4749 3490 4807 medullam
3517 4759 3649 4804 verte
3667 4736 3809 4818 mflt'

2300 4854 2572 4912 ﬁcationis
2605 4859 2661 4908 et
2683 4850 2768 4905 sui
2795 4848 2964 4920 ipsius
2991 4843 3363 4915 abnegationis
3385 4843 3440 4899 in
3488 4837 3686 4898 homine
3711 4831 3811 4918 ξιιε-

2299 4949 2453 5014 riori,
2481 4948 2574 5004 ubi
2599 4948 2742 5003 Deus
2762 4942 3057 5006 invenitur,
3087 4954 3189 4994 nos
3211 4937 3452 5007 aspirare
3475 4933 3656 4989 debere
3673 4932 3810 4992 ei.“

2299 5042 2389 5114 plo
2436 5041 2527 5097 illo
2575 5039 2841 5096 docebant
2864 5075 2881 5101 ,
2941 5033 3085 5104 quod
3131 5033 3187 5085 in
3231 5027 3453 5114 prologo
3490 5020 3809 5114 model-nonin

2300 5107 2648 5194 statutoruut,
2699 5125 2814 5181 ubi
2841 5125 2908 5180 de
2960 5123 3070 5177 Deo
3115 5120 3170 5174 in
3202 5113 3450 5174 interiori
3487 5107 3810 5173 hostiqu

2301 5225 2468 5280 rendo
2500 5219 2699 5290 agitur,
2729 5216 2928 5272 diserte
2954 5211 3274 5281 explicatur.
3719 5250 3730 5256 .

2322 5331 2326 5334 ·
2370 5313 2513 5370 Idem
2539 5286 2779 5366 relatum
2811 5305 3052 5362 invenies
3088 5302 3140 5358 in
3183 5298 3425 5371 antiquis
3461 5286 3806 5358 statutisilim

2300 5421 2382 5472 Ill,
2427 5419 2547 5474 cap.
2579 5403 2635 5468 5,
2677 5413 2824 5454 num.
2846 5396 2900 5451 4.
2933 5395 3064 5450 Item
3097 5406 3218 5462 cap.
3247 5390 3321 5446 23
3343 5428 3361 5458 ,
3385 5401 3530 5444 num.
3556 5381 3606 5448 5,
3626 5379 3807 5438 imae

2301 5514 2422 5570 cap.
2454 5497 2522 5552 η
2547 5510 2581 5550 ιι
2615 5491 2806 5564 partis,
2838 5503 2987 5544 num.
3018 5486 3107 5542 I5.
3149 5563 3154 5568 δ
3552 5565 3563 5570 _
3637 5531 3640 5536 .
3721 5525 3730 5534 .

2369 5555 2504 5646 δη.
2533 5555 2670 5643 Lili.
2696 5613 2766 5626 —-
2791 5555 2800 5558 I
2821 5580 2945 5638 Non
2980 5579 3030 5635 ei
3058 5563 3154 5633 sedi
3182 5574 3292 5630 alii
3319 5571 3488 5646 potius
3529 5565 3696 5620 detur.
3724 5555 3802 5646 elc-

2252 5704 2257 5709 ο
2301 5638 2702 5752 Inde—apparet
2737 5689 2903 5746 quam
2937 5671 3133 5730 stricte
3166 5638 3591 5753 vellentomnem
3611 5638 3801 5724 ιποιπίεο
