3992 6394
172 328 288 406 ἰιι

1485 329 2084 399 consumunmt-:3.
3217 297 3219 300 i
3337 337 3450 398 ria

1520 452 1917 512 CAPITULUM
1955 451 2070 508 LX.

1287 550 1429 618 Quid
1467 550 1533 606 de
1569 565 1626 604 re
1661 550 1871 603 inventa
1912 546 2213 618 faciendum
2247 553 2338 600 sit.

237 649 293 708 1.
313 648 376 710 Si
413 650 557 708 intra
589 648 686 724 [aL
711 648 877 722 infra]
912 647 1172 704 terminos
1202 657 1419 702 nostros
1446 646 1648 716 aliquid
1680 645 1956 701 inventum
1973 642 2155 709 fuerit,
2184 643 2233 698 ei
2256 640 2505 714 protinus
2529 639 2686 710 cuius
2710 648 2818 706 est,
2848 638 2892 696 si
2921 641 3097 708 adest,
3127 639 3209 696 sin
3239 652 3443 715 autem,

162 747 508 819 procuratori
537 747 802 816 redditur.
832 746 890 802 Si
921 754 1102 800 autem
1130 753 1285 799 extra
1321 743 1585 798 terminos
1610 740 1816 813 aliquid
1842 756 1873 796 a
1898 739 2101 796 nostris
2129 738 2406 793 inventum
2441 736 2632 801 fuerit,
2659 735 2939 804 fratribus,
2971 747 3066 792 aut
3101 752 3199 792 suo
3223 738 3438 796 domitu:

160 844 368 910 statim,
403 844 448 899 si
489 843 606 899 fieri
651 851 848 913 potest,
880 841 1144 907 redditur,
1168 849 1263 896 aut
1293 840 1366 908 ei,
1393 855 1494 910 per
1523 854 1688 910 quem
1725 838 1923 894 melius
1956 845 2012 892 et
2053 835 2266 892 ﬁdelius
2307 833 2460 890 reddi
2513 848 2672 904 posse
2719 843 2963 907 putatur,
2994 836 3436 902 commendatur;

159 939 298 994 alias
326 939 585 995 intactum
620 941 935 997 dimittitur.

228 1034 286 1088 2.
329 1035 518 1092 Vestiti
548 1036 775 1108 singulis
803 1037 1003 1094 tunicis
1029 1044 1085 1093 et
1113 1035 1274 1092 cincti
1294 1033 1487 1105 jacent
1511 1033 1565 1088 in
1596 1030 1748 1087 cellis
1777 1038 1832 1085 et
1856 1027 2199 1086 dormitorio.

1521 1126 1925 1184 CAPITULUM
1963 1125 2100 1180 LXI.

1217 1225 1296 1281 De
1330 1211 1542 1281 brachia
1577 1234 1627 1279 et
1669 1224 1854 1295 parvis
1889 1222 2110 1294 pelliciis
2148 1222 2398 1291 fratrum.

231 1326 289 1380 1.
329 1323 587 1382 Pastores
638 1336 817 1381 autem
866 1325 1074 1382 habent
1116 1325 1353 1381 brachas
1389 1321 1714 1390 canabinas,
1753 1336 1892 1392 quas
1941 1329 2071 1376 tunc
2122 1321 2354 1375 induunt
2398 1335 2522 1376 cum
2571 1335 2762 1377 caseos
2804 1321 3049 1388 faciunt;
3083 1324 3241 1380 aliter
3283 1325 3445 1384 lineis

157 1423 384 1480 omnino
413 1439 517 1479 non
548 1433 776 1480 utuntur
805 1423 902 1496 [αι.
933 1423 1157 1497 utimur]
1191 1423 1457 1489 vestibus,
1493 1437 1562 1478 ne
1593 1421 1940 1476 feminalibus
1963 1419 2209 1490 quidem.

225 1519 286 1575 2.
325 1520 709 1577 Concessimus
751 1522 929 1576 adhuc
970 1519 1282 1592 pastoribus
1313 1518 1560 1588 pellicias
1589 1515 1868 1588 parvulas,
1901 1531 2022 1586 qua:
2059 1515 2270 1571 duabus
2307 1512 2424 1570 fere
2453 1513 2758 1571 vervecinis
2799 1515 3026 1586 pellibus
3061 1516 3264 1587 possint
3301 1516 3442 1586 ﬁeri,

157 1616 377 1688 quibus,
408 1617 510 1671 nisi
541 1633 664 1671 cum
695 1617 991 1672 hiematum
1026 1616 1172 1671 foras
1198 1624 1418 1679 exeunt,
1447 1629 1553 1668 non
1578 1621 1826 1668 utuntur.

221 1713 278 1768 5.
322 1713 377 1768 lu
409 1712 714 1783 mulgendo,
746 1707 1059 1777 ubicunque
1085 1704 1214 1772 sint,
1243 1717 1462 1776 semper
1485 1702 1758 1758 silentium
1794 1710 1996 1758 tenent.

1507 1797 1908 1856 CAPITULUM
1946 1797 2108 1856 LXII.

1327 1900 1405 1956 De
1442 1902 1610 1970 fratre
1645 1898 1736 1970 qui
1765 1899 2058 1969 sagmarius
2095 1909 2270 1954 curat.

227 2000 284 2054 1.
329 1999 524 2055 Frater
553 1998 645 2068 qui
687 1977 1011 2069 sagmarius.
1034 2005 1211 2062 curat,
1240 1997 1460 2067 quando
1504 1994 1652 2050 foras
1677 1993 1974 2066 egreditur,
2005 1994 2058 2048 in
2097 1995 2326 2052 culeitra
2363 2010 2470 2053 non
2513 1994 2677 2067 jacet,
2710 1994 2952 2066 nihilque
3000 1998 3103 2058 nisi
3149 1999 3440 2070 hospitium

148 2094 372 2166 miserit,
405 2094 509 2150 nisi
535 2095 618 2149 vel
643 2094 791 2165 prior
820 2094 900 2148 vel
929 2103 1255 2164 procurator
1286 2093 1491 2164 aliquid
1521 2093 1570 2147 ei
1602 2090 1917 2178 specialiter
1943 2091 2263 2162 injunxerit.

1507 2179 2074 2242 COMMENTARIUS.

153 2279 287 2335 tatis
325 2277 560 2347 speciem
599 2293 630 2333 a
668 2293 728 2335 se
753 2277 1063 2334 excludere.
1099 2276 1155 2332 Si
1190 2285 1372 2332 autem
1403 2275 1690 2349 quisquam
1719 2290 1750 2330 a
1777 2277 1828 2337 Δ
1855 2277 2272 2346 perseverantiae
2309 2277 2486 2343 totius,
2505 2277 2715 2334 ordinis
2741 2279 2795 2333 in
2831 2291 3052 2350 genere,
3085 2291 3149 2340 ex
3181 2276 3294 2331 suis
3323 2284 3438 2330 sta-

151 2385 235 2426 tue
254 2379 541 2441 quaereret
567 2370 620 2425 in
655 2371 852 2442 quibus
879 2367 1187 2426 consistere
1203 2368 1483 2425 crederem
1510 2367 1745 2424 austeri-

151 2469 321 2516 tatem
349 2462 648 2532 primorum
679 2460 1186 2523 Carthusianorum,
1214 2459 1423 2530 absque
1450 2459 1554 2513 ulla
1585 2457 1746 2514 haesi-

152 2555 365 2610 tatione
398 2554 781 2625 responderem
817 2552 962 2606 illam
994 2553 1345 2607 constitutam
1379 2551 1551 2606 fuisse
1582 2569 1597 2606 :

216 2643 436 2709 Primo,
483 2643 537 2698 in
588 2643 884 2700 voluntatis
927 2642 1161 2714 pr0prize
1189 2642 1568 2714 abnegatione,
1613 2657 1749 2712 qua-

151 2730 255 2789 lem
282 2733 520 2805 requirit
540 2732 606 2788 R.
637 2733 698 2788 Ρ.
730 2732 940 2803 Guigo;
1709 2795 1712 2798 .

220 2825 502 2890 Secundo,
558 2825 612 2881 in
660 2824 860 2880 amoris
893 2823 1110 2894 privati,
1143 2832 1202 2878 ut
1235 2824 1308 2880 ita
1338 2823 1538 2888 dicam,
1578 2822 1746 2879 sulfu-

149 2921 393 2985 catione,
421 2917 636 2990 qualem
666 2917 924 2974 describit
952 2917 1004 2970 in
1030 2916 1359 2988 praecedenti
1389 2916 1627 2986 capitulo
1656 2930 1672 2981 ;

215 3011 434 3078 Tertio,
496 3011 552 3065 in
607 3009 784 3066 omnis
829 3009 1179 3081 proprietatis
1221 3009 1588 3076 abdicatione,
1615 3023 1751 3079 qua-

147 3101 248 3157 lem
281 3104 381 3158 hic
409 3109 560 3158 notat
585 3119 602 3169 ;

218 3193 284 3248 Et
316 3203 540 3263 quarto,
585 3193 640 3248 in
690 3192 998 3249 solitudinis
1038 3194 1230 3249 devota
1259 3192 1626 3256 observantia,
1656 3193 1745 3248 cui

149 3282 330 3337 adsint
378 3282 620 3337 studium
649 3282 914 3339 orationis
956 3282 1163 3338 intima
1191 3291 1246 3338 et
1271 3298 1302 3338 a
1333 3299 1516 3338 rerum
1546 3293 1747 3354 tempo-

150 3371 344 3425 ralium
389 3373 668 3428 inutilibus
695 3373 845 3428 curis
873 3381 928 3427 et
967 3373 1425 3443 concupiscentiis
1448 3373 1742 3445 clongatio,

147 3479 267 3517 nam
301 3464 351 3517 si
395 3463 481 3517 illa
510 3462 782 3531 deficiant,
809 3463 1044 3519 solitudo
1069 3477 1170 3519 nec
1195 3472 1374 3535 potest
1399 3479 1522 3520 esse
1551 3465 1744 3521 devota

147 3568 241 3607 nec
270 3555 484 3621 quieta.

1854 2370 1986 2426 tutis
2055 2378 2112 2426 et
2174 2370 2614 2428 ordinationibus
2674 2371 3035 2440 capitulorum
3104 2369 3437 2440 generalium

1848 2461 2048 2516 debent
2072 2460 2272 2530 colligi,
2315 2461 2441 2531 quia
2472 2461 2599 2518 inde
2649 2476 2715 2518 ea
2749 2471 2958 2518 tantum
2983 2469 3111 2518 sunt
3139 2459 3440 2515 haurienda

1846 2564 1969 2620 qua:
2011 2550 2109 2606 toti
2155 2550 2338 2606 ordini
2392 2559 2620 2622 possunt
2673 2551 2952 2622 imputari,
2995 2567 3100 2606 non
3140 2556 3321 2603 autem
3370 2563 3439 2604 ex

1847 2644 2205 2716 quarumdam
2243 2643 2604 2714 Singularium
2634 2659 2995 2715 personarum
3020 2642 3250 2698 actibus.

1919 2731 2047 2788 Hmc
2083 2740 2321 2802 quatuor
2349 2745 2682 2807 componunt
2719 2751 2964 2806 scopum,
3010 2737 3077 2791 ad
3119 2751 3278 2806 quem
3317 2745 3439 2792 teu-

1849 2824 1978 2880 dere
2007 2824 2291 2891 debemus,
2321 2841 2593 2899 quemque
2622 2828 2801 2893 nobis,
2835 2828 2978 2883 sicut
3011 2838 3070 2884 et
3099 2829 3203 2884 sibi
3235 2830 3464 2889 consti-.

1848 2927 2067 2975 luerunt
2096 2919 2154 2974 S.
2186 2921 2248 2976 P.
2274 2921 2457 2976 Bruno
2479 2931 2532 2976 et
2555 2920 2674 2989 ejus
2701 2936 3066 2988 successores,
3099 2932 3152 2977 et
3179 2923 3244 2976 ad
3277 2939 3438 2993 quem

1848 3011 2153 3066 studiorum
2197 3027 2420 3068 suorum
2457 3021 2512 3068 ct
2548 3012 2838 3068 aﬂ'ectuum
2872 3012 3053 3083 jacula
3094 3015 3437 3081 emittebant,

1849 3117 2153 3172 proponere
2179 3103 2458 3159 debemus.
2492 3103 2565 3158 At
2597 3120 2722 3160 cum
2752 3114 2962 3161 certum
3000 3106 3070 3161 sit
3100 3105 3219 3161 illos
3245 3115 3303 3160 ut
3334 3106 3436 3162 ho-

1849 3191 2023 3247 mines
2072 3191 2424 3248 nihilominus
2475 3194 2767 3264 aliquando
2822 3204 2950 3251 tunc
3000 3212 3278 3267 peccasse,
3326 3213 3435 3253 non

1849 3282 2107 3340 debemus
2134 3287 2299 3340 etiam
2339 3301 2486 3342 nunc
2527 3301 2616 3342 res
2653 3288 2949 3354 teStimare,
2979 3305 3043 3344 ac
3072 3289 3117 3345 si
3155 3305 3438 3362 possemus

1848 3384 1903 3430 et
1930 3377 2251 3433 deberemus
2291 3392 2414 3434 esse
2452 3379 2854 3451 impeccabiles.
2890 3380 2946 3437 Si
2987 3397 3117 3454 ergo
3162 3382 3440 3456 interdum

1845 3479 2093 3521 erramus
2147 3475 2207 3521 ut
2273 3467 2558 3532 homines,
2617 3485 2894 3540 nunquam
2961 3473 3030 3527 ab
3100 3472 3204 3528 hoc
3271 3489 3440 3546 scopo

1849 3554 2189 3621 recedamus,
2213 3556 2307 3613 sed
2332 3573 2550 3630 semper
2571 3558 2625 3614 in
2651 3560 2931 3630 proposito
2959 3570 3013 3616 et
3037 3561 3217 3617 Studio
3244 3561 3440 3619 habea-

213 3648 296 3700 Ad
325 3648 445 3700 haec
474 3646 712 3717 pondera
753 3646 916 3702 debet
946 3647 1178 3719 quisque
1209 3657 1456 3704 nostrum
1489 3649 1743 3707 volunta-
1770 3621 1820 3682 Β
1847 3661 1968 3703 mus
2001 3664 2016 3704 :

149 3739 213 3788 iis
243 3753 363 3792 sua:
404 3739 757 3807 propositum,
781 3748 934 3794 actus
985 3755 1112 3796 suos
1143 3749 1197 3796 et
1244 3741 1576 3798 voluntarios
1617 3740 1745 3798 affe-

148 3843 261 3883 rtus
309 3829 608 3894 adducere,
641 3845 707 3885 ac
740 3830 1043 3885 Secundum
1075 3832 1218 3900 quod
1249 3831 1369 3902 plus
1406 3833 1653 3889 minusve
1675 3834 1744 3890 ab

149 3922 228 3973 his
273 3920 612 3990 ponderibus
657 3921 954 3988 aberrabit,
1012 3937 1204 3978 secure
1243 3924 1597 3993 pronuntiare
1622 3925 1743 3994 plus

147 4014 222 4065 vel
266 4013 458 4066 minus
485 4011 552 4066 ad
589 4013 838 4083 spiritum
868 4013 1307 4070 nostri'instituti
1344 4024 1399 4070 et
1441 4015 1740 4085 primorum

155 4105 382 4158 I‘atrttm
410 4103 640 4160 vicinius
669 4105 928 4160 accedere
957 4115 1053 4160 aut
1080 4105 1293 4176 longius
1321 4106 1389 4161 ab
1421 4121 1486 4162 eo
1513 4106 1738 4163 distare.

159 4201 362 4250 l’urum
404 4195 794 4251 attendendum
845 4205 930 4252 est
983 4195 1325 4253 diminutioni
1357 4196 1430 4252 illi
1473 4197 1742 4254 abstinen-

171 4291 352 4340 iamut
389 4285 442 4339 in
473 4301 609 4356 pane
631 4295 686 4341 et
713 4301 877 4356 aqua,
905 4285 1032 4357 quia
1063 4285 1114 4342 id
1153 4287 1313 4358 primi
1345 4287 1538 4344 Patres
1568 4288 1739 4344 nostri

144 4378 244 4429 sub
285 4374 619 4431 obedientiae
659 4377 922 4447 regimine
966 4377 1401 4444 constituerunt,
1432 4387 1489 4434 et
1515 4380 1615 4434 sub
1639 4379 1742 4436 hac

147 4478 367 4521 tantum
396 4467 706 4524 conditione
728 4469 1086 4536 admiserunt,
1117 4484 1185 4525 ne
1212 4469 1376 4526 veluti
1409 4486 1496 4527 res
1525 4480 1741 4527 nostras

144 4555 196 4610 in
243 4556 372 4612 istis
425 4559 724 4613 consistere
778 4565 1128 4628 putaremus,
1162 4575 1301 4631 quas
1351 4558 1469 4616 fere
1515 4577 1614 4631 pro
1661 4562 1742 4617 ni-

143 4645 254 4702 hilo
311 4645 384 4701 ιι.
441 4643 507 4703 P.
562 4645 860 4720 Guigonem
917 4648 1172 4706 habuisse
1222 4657 1454 4714 constat,
1500 4664 1568 4705 ex
1612 4666 1733 4723 cap.

143 4737 232 4801 35,
263 4739 323 4794 in
357 4739 763 4809 comparatione
789 4739 1129 4796 obedientiae.
1161 4740 1316 4798 Unde
1344 4757 1410 4797 ex
1456 4741 1557 4798 hac
1585 4753 1738 4815 parte

144 4829 292 4885 nulla
329 4829 597 4886 relaxatio
622 4838 800 4902 potest
833 4829 980 4899 juste
1005 4832 1184 4887 ordini
1223 4831 1504 4902 imputari,
1532 4844 1592 4889 ut
1626 4833 1738 4891 suis

144 4918 279 4976 locis
327 4919 667 4991 probabitur.
694 4918 815 4984 ,Nec
851 4920 1015 4976 etiam
1045 4929 1133 4978 est
1172 4923 1563 4978 attendendum
1595 4933 1732 4978 tem-

144 5016 419 5086 poralium
467 5031 647 5071 rerum
695 5022 750 5072 et
796 5031 1053 5072 curarum
1099 5025 1416 5088 augmento,
1446 5017 1738 5075 dummodo

146 5107 288 5162 intra
324 5116 500 5163 metas
522 5122 620 5186 per
648 5108 906 5165 moderna
936 5117 1135 5165 statuta
1156 5109 1409 5180 praefixas
1438 5119 1494 5165 ct
1517 5125 1742 5182 expres-

144 5213 234 5253 sas
265 5198 635 5265 contineatur,
659 5199 789 5271 quia
827 5199 880 5254 id
913 5209 1214 5272 temporum
1243 5199 1438 5255 rationi
1469 5209 1524 5256 et
1554 5199 1748 5258 neces?

145 5289 298 5342 sitati
333 5287 707 5365 imputandum
728 5297 832 5344 est.
859 5285 926 5342 Et
955 5289 1176 5359 insuper
1201 5303 1289 5344 res
1313 5289 1417 5345 ista
1441 5288 1507 5346 ad
1537 5305 1738 5360 paucos

144 5379 410 5437 officiales
459 5390 690 5453 spectat,
735 5397 842 5436 non
886 5382 952 5438 ad
988 5381 1330 5452 claustrales,
1363 5381 1562 5453 quibus
1610 5399 1735 5440 con-

144 5483 350 5530 ventus
404 5473 667 5544 regularis
711 5481 769 5530 et
804 5473 1252 5545 corpusordinis
1295 5471 1582 5530 conflatur.
1632 5473 1741 5531 Sed

147 5578 215 5620 εξ
237 5573 478 5636 quatuor
505 5563 788 5635 principiis
817 5579 982 5637 supra
1013 5565 1216 5622 notatis
1236 5565 1419 5621 omnia
1451 5581 1740 5639 argumen-

147 5663 201 5707 ta
253 5663 456 5709 nostra!
484 5653 820 5725 singulorum
847 5654 1267 5724 perseverantia
1305 5654 1359 5710 in
1394 5655 1570 5728 primo
1598 5656 1724 5712 Car-

148 5745 420 5800 thusieusi
447 5745 695 5802 instituto
722 5744 920 5802 debent
942 5745 1154 5803 deduci.
1192 5747 1529 5816 Argumenta
1553 5755 1734 5808 autem

1917 3737 2126 3806 Primo,
2160 3740 2578 3811 abnegationcm
2611 3741 2842 3812 propria:
2863 3741 3188 3811 voluntatis;

1918 3830 2189 3899 Secundo,
2227 3849 2468 3889 amorem
2501 3834 2861 3906 correptionis
2889 3851 2953 3891 ac
2989 3837 3224 3891 studium
3261 3836 3439 3892 conti-

1844 3939 1964 3978 nua:
2025 3926 2441 3994 emendationis,
2486 3942 2584 3996 per
2628 3927 2945 3983 relationem
2981 3928 3048 3982 ad
3083 3938 3266 3983 votum
3304 3945 3439 3986 con-

1841 4015 2110 4071 versionis
2143 4032 2352 4072 morum
2385 4017 2530 4088 quod
2560 4019 2873 4086 emisimus;

1915 4105 2120 4173 Tertio,
2152 4108 2552 4164 abdicationem
2586 4110 2967 4181 proprietatis;

1916 4219 1982 4276 Et
2009 4229 2224 4291 quarto,
2247 4221 2650 4278 observantiam
2675 4223 2882 4280 devotae
2907 4222 3263 4280 solitudinisa
3293 4236 3435 4282 tem-

1841 4314 2110 4384 poralium
2135 4331 2318 4371 rerum
2344 4330 2476 4371 cura
2504 4325 2560 4372 et
2588 4317 3029 4387 concupiscentia
3063 4317 3288 4381 dissitas.

1914 4403 2058 4460 Idem
2085 4404 2310 4460 relatum
2346 4405 2515 4462 habes
2562 4405 2617 4461 in
2662 4407 2902 4478 antiquis
2938 4406 3159 4481 statutis
3188 4418 3334 4483 part.
3367 4425 3431 4476 ιι,

1840 4507 1959 4564 cap.
1983 4492 2074 4559 22,
2111 4510 2167 4548 n.
2202 4493 2301 4548 ult.
2912 4498 2913 4501 “

1912 4604 2042 4660 CAP.
2071 4602 2254 4658 LX.—
2276 4602 2435 4659 Num.
2471 4605 2523 4658 l.
2549 4605 2698 4662 Alias
2721 4616 2976 4662 intactum
3001 4608 3306 4662 dimittitur.
3332 4609 3432 4663 Hic

1841 4701 2069 4763 apparet
2091 4701 2290 4763 quanta
2308 4693 2560 4763 puritatis
2581 4695 3430 4766 conscientiaecircumspectione

1841 4785 2047 4839 nollent
2077 4786 2249 4842 nostri
2285 4801 2398 4842 rem
2426 4786 2656 4843 alienam
2686 4788 2910 4856 habere,
2939 4804 3062 4845 cum
3095 4804 3196 4846 nec
3233 4789 3290 4845 in
3326 4791 3432 4847 hoc

1840 4891 1968 4932 casu
2005 4891 2037 4932 a
2068 4879 2184 4935 suis
2213 4879 2356 4950 tangi
2381 4877 2528 4934 illam
2552 4879 2770 4936 vellent.
2814 4879 2884 4936 Et
2906 4881 3008 4937 hoc
3053 4883 3301 4953 exemplo
3331 4885 3434 4939 de-

1764 4977 1812 5042 c
1845 4977 2151 5024 monstrant
2197 4979 2460 5040 quantum
2489 4985 2522 5024 a
2561 4984 2744 5026 rerum
2803 4981 3142 5028 terrenarum
3173 4975 3432 5046 concupi-

1838 5063 2042 5118 scentia
2074 5062 2231 5119 liberi
2253 5077 2376 5119 esse
2401 5061 2718 5120 debeamus.

1907 5174 2055 5231 Idem
2090 5175 2322 5232 relatum
2358 5175 2529 5234 habes
2571 5175 2626 5232 in
2665 5176 2904 5248 antiquis
2937 5177 3158 5234 statutis
3191 5189 3332 5251 part.
3366 5196 3429 5248 ιι,

1838 5283 1956 5340 cap.
1983 5268 2079 5335 22,
2114 5285 2171 5324 η.
2209 5269 2263 5326 2.

1908 5379 2040 5437 Car.
2090 5381 2328 5438 LXI.—
2374 5381 2568 5438 Linum
2629 5381 2973 5454 distinguunt
3020 5397 3050 5436 a
3099 5372 3329 5447 canabe,
3375 5387 3432 5440 et

1847 5473 2009 5545 primi
2072 5490 2230 5530 usum
2287 5473 2578 5545 rejiciuut,
2631 5473 2754 5545 quia
2817 5483 2902 5531 est
2967 5473 3267 5530 delicatius.
3335 5472 3430 5528 llic

1847 5575 2027 5623 autem
2053 5565 2366 5638 exprimunt
2404 5566 2666 5639 quidquid
2697 5569 2764 5622 ad
2805 5565 2972 5636 frigus
3021 5564 3338 5629 arcendum,
3373 5557 3430 5620 et

1846 5659 2167 5717 modestiam
2207 5660 2262 5716 in
2293 5675 2456 5730 opere
2487 5662 2689 5733 dequo
2719 5659 2898 5732 agitur
2928 5657 3247 5716 servandam
3289 5670 3428 5711 con-

1845 5749 2013 5807 ducit.
