3992 6400
546 334 651 390 713

1360 315 1682 378 GUICONIS
1719 314 1738 369 ι
1777 306 2192 368 csn'tnusm
2233 280 2526 376 MAIORIS
2554 303 2830 362 Pntoms
2870 301 2908 358 v

3695 298 3795 356 ιιι

619 453 673 508 9.
702 446 908 505 Nullius
926 432 1173 500 nostrum
1191 441 1284 498 vel
1300 440 1462 495 verba
1485 437 1570 491 vel
1589 435 1792 491 salutes
1817 432 1886 488 ad
1912 430 2150 501 aliquem
2175 427 2532 491 exteriorem,
2553 423 2860 494 nulliusque
2882 418 3168 477 exterioris
3182 417 3248 473 ad
3278 415 3516 488 aliquem
3536 427 3794 484 nostrum,

543 547 647 604 nisi
677 544 857 617 priore
883 538 962 595 vel
996 547 1346 612 procuratore
1368 531 1610 602 lubente,
1641 529 1748 583 I'crt
1768 535 1863 582 aut
1883 525 2066 582 refert.
2094 522 2396 587 Saeculares
2424 535 2670 588 rumores
2691 519 2786 577 ubi
2811 517 2981 582 audit,
3015 514 3089 570 ibi
3111 513 3332 584 jubetur
3357 514 3650 571 dimittere.

1868 622 2270 684 CAPITULUM
2306 619 2489 701 LXIII.

1559 769 1562 773 .
1767 753 1770 756 -
1873 733 1877 737 '
2027 721 2108 780 De-
2139 721 2309 780 horto.
2543 738 2550 794 '_
3128 785 3131 790 ι

619 836 822 891 Horttts
848 841 902 887 et
935 845 1060 899 quae
1088 825 1153 879 ad
1187 837 1320 877 eum
1357 821 1630 890 pertinent
1656 819 1746 872 uni
1779 820 2068 887 deputatur
2096 832 2132 871 e
2157 812 2566 896 fratribus,vqui
2600 811 2669 868 de
2708 809 2965 866 omnibus
2995 809 3066 865 ad
3101 818 3512 886 procuratorem
3556 815 3798 876 recurrit,

548 942 707 1012 eique
736 939 800 993 de
827 933 1037 992 cunctis
1067 930 1332 985 rationem
1359 924 1561 978 reddit.

1859 1010 2260 1070 CAPI‘I‘ULUM
2298 1007 2488 1066 LXIV.

1893 1108 1965 1162 De
2002 1107 2214 1165 custode
2249 1106 2442 1175 pontis.
2801 1151 2811 1160 .

620 1225 671 1279 I.
710 1220 895 1276 Pontis
944 1226 1126 1271 custos
1151 1229 1276 1270 eum
1307 1210 1450 1266 nullo
1479 1223 1721 1278 prorsus,
1755 1206 1853 1260 nisi
1881 1203 2192 1274 specialiter
2215 1199 2422 1268 jussus,
2455 1196 2728 1252 fabulandi
2775 1196 3048 1252 licentiam
3094 1191 3288 1258 habet;
3327 1196 3549 1252 nutibus
3581 1206 3803 1265 tantum,

552 1321 653 1382 vel,
697 1320 740 1375 si
791 1331 896 1371 nou
951 1310 1290 1379 intelligitur,
1332 1306 1497 1360 etiam
1541 1303 1722 1358 verbis
1767 1317 1862 1356 eos
1906 1299 1997 1369 qui
2045 1313 2153 1352 non
2195 1295 2399 1352 debent
2444 1293 2700 1359 transire,
2738 1292 2972 1362 repellit.
3020 1291 3260 1362 Idipsum
3309 1306 3530 1350 servare
3569 1295 3800 1365 jubetur,

547 1417 856 1488 quicunque
885 1411 1032 1464 vices
1067 1406 1182 1474 eius
1213 1403 1548 1472 exsequitur.

619 1513 674 1566 2.
812 1506 1034 1566 omnino
1063 1503 1370 1574 quicunque
1419 1499 1472 1554 in
1501 1509 1823 1567 quacunque
1849 1493 2156 1554 oocdientia
2183 1489 2472 1559 cujuslibet
2499 1488 2610 1558 agit
2631 1488 2799 1555 vices,
2825 1486 2960 1542 nihil
3004 1485 3227 1542 omnino
3260 1484 3312 1537 in
3343 1497 3406 1538 ea
3443 1482 3566 1538 sine
3602 1482 3804 1536 licentia

549 1617 760 1663 mutare
791 1602 1144 1674 permittitur.
1175 1599 1229 1652 lu
1263 1597 1413 1654 cellis
1444 1609 1658 1664 quoque
1700 1592 1831 1661 ipsis
1862 1591 1977 1644 sive
2011 1588 2261 1658 superius
2288 1589 2405 1642 sive
2444 1585 2693 1653 inferius,
2726 1584 2862 1638 nihil
2895 1582 2997 1638 nisi
3025 1582 3176 1651 prius
3199 1589 3476 1646 ostensum
3504 1590 3563 1632 et
3596 1576 3801 1645 jussum

551 1702 750 1758 mutari
782 1701 966 1762 fierive
994 1698 1214 1760 sinitur,
1244 1711 1309 1748 ne
1337 1695 1528 1748 domus
1560 1690 1829 1745 laboriose
1860 1688 2016 1742 factm
2042 1687 2360 1741 curiositate
2392 1684 2794 1740 deteriorentur
2821 1679 2917 1754 [αι.
2943 1676 3282 1749 deteruntur]
3309 1676 3389 1730 vel
3416 1674 3781 1729 destruantur.

1887 1780 2284 1839 CAPITULUM
2322 1779 2488 1837 LXV.

1768 1906 1771 1908 ·
1855 1880 1934 1934 De
1962 1879 2253 1948 disciplinis
2281 1874 2532 1944 fratrum.

622 1994 674 2048 I.
713 1991 772 2046 In
799 1988 1044 2043 Adventu
1075 1995 1130 2039 ct
1152 1981 1608 2054 Quiuquagesima
1639 1995 1734 2048 per
1756 1978 1996 2047 singulas
2024 1975 2388 2034 hebdomadas
2410 1973 2604 2044 singuli
2629 1970 2871 2042 singulas
2895 1967 3171 2038 accipiunt
3199 1963 3545 2035 disciplinas.

619 2086 677 2142 2.
717 2083 868 2152 Quod
900 2081 944 2137 si
977 2080 1119 2164 domi
1154 2097 1260 2134 non
1290 2078 1513 2143 fuerint,
1545 2077 1744 2146 septies
1771 2088 1867 2145 pro
1893 2073 2178 2142 disciplina
2210 2070 2373 2125 Pater
2401 2083 2575 2125 noster
2601 2083 2725 2124 cum
2755 2067 2925 2124 veniis
2956 2065 3163 2121 dicunt.

1859 2166 2261 2224 CAPITULUM
2300 2165 2484 2227 var.
2621 2149 2628 2154 '
3071 2147 3074 2152 ’

1789 2271 1791 2273 ’
2037 2263 2113 2319 De
2157 2262 2353 2320 cinere.
2454 2329 2457 2332 Ι

616 2372 874 2428 Οἱιιετθιιι
929 2369 1019 2439 qui
1050 2367 1248 2422 adsunt
1294 2363 1348 2418 in
1393 2363 1638 2438 infcriori
1676 2362 1882 2432 capella
1915 2362 1982 2416 de
2034 2375 2197 2416 manu
2240 2357 2613 2431 procuratoris
2661 2353 2959 2426 accipiunt.
2992 2349 3095 2420 Qui
3130 2365 3240 2421 non
3274 2349 3493 2419 adsunt,
3527 2357 3610 2404 tor
3663 2347 3809 2403 Pales

553 2481 732 2531 noster
767 2483 888 2525 cum
920 2467 1093 2522 veniis
1115 2464 1355 2520 dicunt.-

1741 2501 1744 2504 ’
1844 2545 2250 2606 CAPITULUM
2286 2495 2497 2602 ωιιῖιι.

1795 2643 1936 2711 Quid
1977 2644 2177 2713 faciant
2213 2660 2310 2713 pro
2351 2644 2534 2698 missa.
2665 2698 2670 2702 _

623 2758 753 2814 Item
783 2765 866 2811 ter
895 2751 1060 2814 Pater
1078 2763 1252 2807 noster
1277 2765 1310 2804 a
1344 2747 1535 2816 Capite
1557 2742 1750 2816 ieiunii
1782 2756 1950 2808 usque
1979 2740 2046 2794 ad
2074 2739 2305 2803 Pascha,
2333 2748 2454 2808 post
2480 2755 2679 2796 nonam
2713 2741 2970 2812 prostrati
3000 2755 3097 2811 pro
3127 2739 3289 2794 missa
3319 2737 3555 2793 solvunt.

1831 2834 2233 2893 CAPITULUM
2274 2833 2507 2891 LXVIII.

993 3006 996 3010 ,
1119 3004 1122 3009 ι
1325 2967 1360 2977 -
1857 2933 1968 2987 'Dc
2008 2931 2168 2987 Carna
2207 2931 2447 2988 Domini.

577 3048 579 3050 ’
623 3041 681 3098 In
721 3041 887 3098 Ccena
921 3035 1159 3100 Domini,
1187 3033 1280 3105 qui
1318 3031 1545 3088 inferius
1582 3037 1887 3095 remanent,
1925 3027 2151 3082 veniunt
2183 3035 2307 3096 post
2345 3029 2629 3097 prandium
2675 3029 2740 3082 ad
2766 3028 3076 3098 coquinam,
3103 3032 3159 3082 et
3202 3024 3272 3079 ab
3313 3039 3381 3081 eo
3427 3023 3520 3094 qui
3565 3021 3814 3092 priorest

554 3135 744 3197 ordine
773 3136 1020 3191 lavantur
1051 3130 1262 3188 caeteris
1289 3129 1479 3200 pedes,
1510 3122 1841 3195 olI'erturque
1869 3121 2095 3192 singulis
2120 3122 2328 3186 vinum,
2358 3131 2414 3175 et
2451 3121 2698 3178 bibentes
2722 3124 3004 3179 recedunt.

1893 3216 2461 3274 COMMENTARIUS.

625 3325 771 3381 Idem
785 3324 1014 3379 habetur
1042 3321 1096 3377 in
1118 3317 1353 3389 antiquis
1379 3312 1596 3372 statutis
1619 3319 1760 3384 part.
1791 3327 1872 3376 ιιι,
1895 3325 2013 3381 cap.
2038 3309 2130 3376 I8,
2162 3310 2210 3368 A

556 3431 615 3493 ιι.
648 3416 747 3480 I7;
778 3430 901 3485 cap.
931 3415 988 3478 3.
1019 3430 1072 3468 ιι.
1101 3410 1169 3478 2;
1193 3425 1316 3480 cap.
1343 3408 1428 3472 I8,
1459 3422 1517 3461 ιι.
1554 3405 1636 3461 18.

626 3507 758 3564 Car.
789 3505 945 3562 LXII.
974 3534 1044 3545 -—-
1073 3505 1150 3558 Ex
1183 3503 1286 3558 hoc
1314 3497 1548 3570 capitulo
1577 3496 1856 3552 evidenter
1886 3501 2132 3565 apparet,

556 3599 701 3668 quod
745 3613 906 3667 supra
956 3597 1209 3660 diximus,
1259 3591 1652 3664 sagittariorum
1695 3587 1911 3642 nomine
1962 3584 2136 3662 mulos

558 3689 871 3762 signiﬁcari,
902 3698 958 3744 et
984 3695 1242 3759 quantum
1269 3695 1485 3742 nostros
1512 3695 1705 3739 cavere
1731 3679 1930 3734 vellent
1955 3685 2137 3747 apru-

559 3781 666 3836 ritu
711 3781 925 3836 curiose
966 3778 1207 3835 discendi
1256 3776 1385 3848 quid
1433 3775 1487 3830 in
1538 3772 1735 3829 saeculo
1779 3781 1993 3840 agatur,
2043 3775 2140 3823 aut

559 3861 866 3928 rumoribus
887 3870 1114 3941 publicis
1144 3865 1476 3924 attendendi.
2079 3865 2081 3868 '

627 3964 775 4019 Idem
806 3963 1037 4018 refertur
1059 3961 1115 4018 in
1141 3958 1379 4030 antiquis
1407 3957 1624 4015 statutis
1652 3961 1794 4026 part.
1825 3967 1906 4017 ιιι,
1947 3965 1998 4006 c.
2041 3948 2134 4016 26,

558 4070 615 4110 ιι.
656 4055 707 4109 1.
1135 4061 1137 4065 ‘

572 4145 574 4147 ’
630 4146 741 4201 αλιι
790 4144 971 4201 LXIII.
1005 4175 1073 4188 —
1109 4143 1191 4199 Ex
1236 4143 1341 4199 hoc
1377 4139 1611 4212 capitqu
1653 4147 1709 4193 et
1751 4137 1892 4202 aliis,
1927 4135 2020 4191 ubi
2069 4135 2138 4191 de

563 4235 642 4291 rei
677 4234 957 4290 familiaris
981 4234 1449 4290 administratione
1485 4231 1686 4300 agitur,
1715 4235 1942 4298 apparet
1971 4241 2135 4296 quam

561 4327 810 4383 erdinate
854 4336 1048 4382 cuncta
1091 4325 1305 4397 disponi
1357 4333 1412 4380 et
1461 4325 1564 4380 sub
1592 4321 1912 4379 obedientiaa
1943 4320 2136 4374 merito

563 4416 821 4472 constitui
853 4415 1069 4472 vellent.
1108 4433 1110 4436 '

633 4508 776 4563 Idem
809 4509 1047 4564 refertur
1081 4508 1135 4564 in
1171 4506 1409 4578 antiquis
1445 4503 1663 4562 statutis
1684 4517 1733 4558 c.
1756 4497 1844 4567 15,
1875 4508 2016 4573 part.
2050 4515 2136 4567 ιιι,

562 4617 619 4657 ιι.
645 4600 699 4656 1.

561 4798 749 4858 ruptas
775 4793 831 4840 et
855 4783 1108 4840 excelsas
1132 4795 1297 4854 rupes
1321 4795 1389 4837 ex
1422 4787 1579 4852 parte
1615 4779 1827 4835 itineris
1846 4777 2139 4834 Gratiano-

559 4878 806 4952 politani.
835 4878 976 4932 inter
994 4891 1134 4946 quas
1173 4873 1491 4948 praeter‘Iuit
1521 4881 1738 4928 torrens
1764 4883 2028 4940 aquarum
2065 4882 2138 4922 ex

563 4971 834 5026 montibus
885 4980 942 5025 et
993 4970 1236 5026 fontibus
1267 4963 1689 5024 rclrcumvicinis
1732 4959 2138 5022 conﬂuentium.

564 5062 665 5128 Qui
696 5071 930 5125 torrens,
952 5064 1168 5132 quando
1190 5079 1257 5118 ex
1287 5059 1591 5132 pluviarum
1619 5056 1706 5111 vel
1735 5054 1940 5110 nivium
1967 5051 2160 5122 liquet

563 5149 829 5228 scentium
859 5150 1184 5208 abundantia
1211 5148 1454 5214 inﬂatur,
1488 5148 1640 5202 tanto
1660 5145 1861 5216 impetu
1888 5150 1943 5200 et
1967 5142 2132 5197 boatu

565 5240 705 5296 inter
734 5253 864 5294 saxa
891 5240 1093 5297 decidit
1127 5251 1184 5299 et
1219 5240 1488 5307 excurrit,
1519 5247 1580 5294 ut
1621 5236 1866 5309 fragores
1911 5229 2136 5288 tonitrui

562 5329 869 5392 aemuletur.

634 5421 697 5480 In
731 5423 834 5480 hoc
877 5428 1058 5476 autem
1101 5417 1340 5490 capitulo
1377 5417 1511 5474 nihil
1537 5416 1682 5473 aliud
1713 5415 2009 5472 notandum
2045 5428 2140 5470 oc-

563 5516 756 5584 currit,
786 5524 984 5586 praeter
1008 5511 1256 5570 eamdem
1278 5509 1475 5566 silentii
1497 5519 1552 5566 et
1575 5507 1894 5566 obedientitc
1909 5505 2141 5563 formam

564 5609 905 5676 servandam,
934 5620 1054 5678 qua:
1103 5604 1158 5661 in
1208 5600 1459 5659 omnibus
1484 5610 1580 5673 per
1621 5600 1753 5659 istas
1795 5600 1867 5658 II.
1895 5599 1958 5657 Ρ.
2007 5598 2136 5658 Gui-

564 5703 720 5774 gonis
744 5699 1172 5761 Consuetudines
1200 5698 1526 5777 assignatur.
2143 5693 2146 5697 ’

2304 3308 2451 3365 Idem
2494 3309 2725 3365 habetur
2763 3309 2816 3367 in
2849 3308 3090 3381 antiquis
3125 3307 3347 3363 statutis
3381 3311 3524 3377 part.
3576 3319 3668 3368 ιιι,
3695 3317 3806 3372 cap.

2237 3403 2329 3468 27,
2367 3419 2422 3457 ιι.
2453 3404 2512 3465 1;
2548 3402 2790 3474 cap.-28,
2819 3418 2874 3458 ιι.
2903 3402 2992 3456 50.

2306 3495 2438 3553 Car.
2470 3495 2631 3553 LXV.
2658 3527 2729 3538 —
2755 3496 2903 3552 Idem
2931 3497 2985 3550 in
3014 3493 3254 3575 antiquis
3281 3490 3527 3556 statutis,
3559 3497 3707 3560 part.
3737 3501 3808 3550 ιιι,

2217 3603 2359 3666 ,οθρο
2409 3588 2463 3654 4.
2505 3604 2560 3644 η.
2605 3589 2661 3655 1,
2693 3587 2947 3656 refertur,
3000 3597 3056 3643 et
3092 3587 3284 3644 eodem
3322 3584 3482 3646 modo
3518 3580 3806 3635 etiamnum

2237 3687 2508 3736 servatur.

2333 3696 2360 3731 ν
2492 3719 2508 3736 .

2309 3695 2676 3825 ἱιῘιῘΫΓιχνι.
2707 3767 3072 3837 —Loquitur
3115 3764 3182 3820 Β.
3232 3763 3295 3818 Ρ.
3345 3761 3522 3832 Guigo
3565 3760 3636 3818 de
3689 3758 3809 3814 feria

2239 3871 2432 3932 quarta
2460 3871 2586 3918 ante
2612 3861 3114 3932 Quadragesimam,
3143 3870 3266 3928 quze
3287 3853 3537 3908 Cinerum
3571 3861 3808 3915 vocatur,

2241 3969 2307 4010 eo
2336 3955 2479 4024 quod
2506 3969 2570 4009 ea
2601 3953 2688 4008 die
2716 3953 2855 4009 cinis
2887 3951 3155 4022 capitibus
3182 3949 3515 4018 imponatur.

2310 4044 2456 4101 Idem
2485 4045 2722 4101 refertur
2742 4044 2796 4098 in
2827 4041 3068 4114 antiquis
3089 4038 3308 4095 statutis
3334 4043 3476 4107 part.
3509 4048 3592 4100 ιιι,
3617 4047 3736 4102 cap.
3760 4027 3807 4095 5,

2239 4153 2297 4192 ιι.
2327 4137 2374 4191 1.
3255 4121 3263 4135 “

2310 4226 2442 4283 Car.
2479 4225 2684 4282 LXVII.
2721 4256 2793 4268 -—
2841 4223 2942 4282 llic
2986 4222 3245 4279 statuitur
3293 4218 3514 4292 pictatis
3568 4230 3809 4288 pensum.

2217 4320 2385 4391 quod
2423 4334 2522 4390 pro
2552 4319 2719 4374 missa
2747 4317 3216 4390 Quadragesimali
3260 4315 3499 4380 solvant,
3533 4327 3655 4383 qua
3687 4323 3813 4379 quo-

2249 4413 2379 4469 tidie
2409 4412 2464 4467 in
2495 4411 2763 4483 superiori
2788 4410 3397 4484 domotconventualiter
3416 4407 3806 4465 celebrabatur.

2311 4504 2459 4561 Idem
2489 4504 2728 4562 refertur
2751 4504 2805 4561 in
2833 4504 3074 4575 antiquis
3101 4503 3321 4560 statutis
3345 4516 3465 4571 cap.
3495 4497 3702 4570 6,part.
3734 4508 3807 4556 ιιι,

2241 4614 2296 4654 ιι.
2328 4597 2381 4651 1.

631 4654 761 4749 (Ite.
790 4690 976 4747 ωιιν.
1001 4720 1075 4733 -—
1101 4690 1246 4746 Pons
1270 4697 1374 4744 Iste
1405 4688 1544 4745 situs
1561 4695 1646 4743 est
1672 4686 1816 4742 inter
1837 4685 1972 4742 duas
1993 4699 2137 4755 ιιι-ω-
2165 4654 2215 4715 B
2280 4687 2282 4692 '
2311 4690 2442 4746 cn.
2483 4685 2710 4744 LXVIII.
2740 4715 2813 4728 --
2839 4684 3044 4741 Domus
3081 4681 3311 4740 inferior
3344 4697 3453 4737 non
3503 4690 3710 4753 poterat
3750 4677 3809 4732 ab

2241 4778 2495 4836 omnibus
2522 4776 2734 4846 deseri;
2765 4774 3003 4833 maxima
3028 4789 3160 4846 ergo
3193 4783 3352 4844 parte
3380 4772 3449 4827 ad
3481 4775 3700 4828 domum
3723 4784 3806 4824 suo

2241 4871 2510 4945 periorem
2545 4869 2894 4936 ascendente,
2925 4866 3018 4932 qui
3063 4865 3208 4922 domi
3263 4865 3617 4921 remanebant
3658 4876 3810 4917 errre-

2243 4963 2481 5020 moniam
2498 4960 2717 5018 Iotionis
2733 4958 2930 5033 pedum
2952 4957 3411 5028 exsequebantur,
3431 4971 3591 5026 quam
3617 4960 3808 5008 tantine

2245 5056 2337 5114 hic
2365 5056 2590 5111 innuere
2621 5053 2854 5119 videtur,
2882 5048 3318 5118 adeosuccincte
3349 5045 3418 5102 de
3444 5046 3532 5102 illa
3547 5043 3728 5100 scribit
3747 5037 3805 5094 II.

2243 5135 2306 5202 P.
2337 5144 2530 5216 Guigo,
2552 5143 2697 5215 quod
2723 5149 2780 5198 et
2805 5143 2860 5198 in
2886 5139 3137 5212 pluribus
3166 5137 3288 5192 aliis
3319 5133 3575 5191 similiter
3592 5131 3734 5186 fecit.

2291 5231 2646 5308 'Oﬂ‘erturque
2694 5232 2915 5306 singulis
2954 5231 3154 5297 vinum,
3180 5237 3230 5286 et
3279 5227 3509 5290 bibentes
3555 5220 3804 5277 recedant.

2240 5331 2598 5388 Imitabantur
2647 5329 2703 5386 in
2748 5330 2853 5386 hoc
2890 5327 3058 5384 ritum
3098 5325 3193 5397 qui
3229 5339 3261 5380 a
3292 5321 3572 5379 monachis
3611 5311 3804 5374 servari

2241 5419 2612 5496 praescribitur
2637 5421 2801 5492 supra
2823 5434 2944 5491 cap.
2966 5419 3024 5487 4,
3049 5434 3108 5473 ιι.
3137 5415 3231 5473 25.
3433 5426 3438 5431 ’

2268 5507 2272 5511 ’
2313 5513 2460 5572 Idem
2494 5511 2731 5576 refertur
2768 5512 2827 5571 in
2861 5509 3102 5583 antiquis
3145 5508 3362 5567 statutis
3388 5511 3530 5576 part.
3567 5515 3645 5566 ιιι,
3673 5511 3726 5554 c.
3749 5495 3804 5558 7ο

2243 5610 2393 5668 ωδ.
