3992 6400
164 338 278 395 τηε

1486 340 2082 402 CONSUETUDINES.

3336 357 3443 412 7-58

1488 451 1891 511 CAPITULUM
1929 455 2115 513 LXIX.

1591 546 1671 602 De
1706 546 2025 606 Parasceve.

234 644 291 699 I.
313 642 366 698 In
393 639 651 740 crastino.
672 639 776 695 hoc
804 648 887 740 est
914 639 968 695 in
994 639 1326 710 Parascevc,
1339 644 1432 716 qui
1458 643 1684 716 ibidem,
1709 646 1813 704 hoc
1837 660 1922 703 est
1947 647 2196 715 inferius,
2226 654 2372 715 sunt,
2393 655 2516 718 post
2542 661 2764 717 nonam,
2785 664 2904 723 qum
2927 655 3049 729 plus
3072 676 3137 720 ea
3164 664 3251 724 die
3269 656 3431 740 quam

155 742 381 798 caeteris
422 737 690 804 differtur,
720 738 945 795 veniunt
985 739 1054 794 ad
1101 739 1413 811 ecclesiam,
1446 743 1629 815 ibique
1679 744 1840 800 Pater
1870 755 2045 801 noster
2070 746 2238 802 semel
2286 760 2385 817 pro
2438 746 2702 817 Ecclesia,
2754 752 2923 809 semel
2973 773 3071 827 pro
3126 778 3285 835 papa,

3333 786 3432 840 pio

156 835 436 908 episcopis
482 846 538 891 et
585 835 796 891 cunctis
840 836 1018 893 sacris
1054 837 1363 907 ordinibus,
1409 855 1508 911 pro
1554 842 1907 914 imperatore,
1940 857 2042 913 pro
2082 844 2511 911 catechumenis,
2562 861 2662 917 pro
2708 851 2922 907 eunetis
2959 835 3348 918 afﬂictionibus
3376 876 3433 922 et

153 936 444 1007 periculis,
466 949 565 1006 pro
588 931 877 998 hzereticis,
906 946 1007 1023 pro,
1026 930 1259 1000 Iudaeis,
1290 952 1389 1007 pro
1416 938 1671 1008 paganis,
1702 939 1897 1008 veniis,
1932 941 2177 1012 exceptis
2199 942 2427 1010 ludatis,
2460 944 2529 999 ad
2554 944 2765 1017 singula
2794 947 3119 1023 subiunctis,
3148 958 3357 1020 dicunt.

224 1028 288 1085 2.
307 1026 513 1085 Deinde
532 1025 771 1084 oblatam
799 1039 829 1080 a
856 1022 1183 1094 coquinario
1202 1042 1419 1084 crucem
1451 1030 1839 1103 venerabiliter
1856 1031 2199 1099 osculantur,
2223 1034 2469 1092 dicentes
2490 1035 2634 1092 intra
2662 1053 2723 1094 se
2747 1058 2760 1094 :
2789 1040 3087 1102 Adoramus
3105 1022 3179 1115 te,
3201 1051 3426 1119 Christe.

153 1133 203 1179 et
223 1122 577 1179 benedicimus
596 1120 712 1189 tibi,
736 1123 864 1195 quia
881 1139 975 1193 per
993 1135 1235 1181 sanctam
1265 1142 1474 1180 crucem
1499 1135 1647 1181 luam
1693 1128 1968 1183 redemisti
2018 1131 2295 1186 mundum.
2325 1131 2427 1199 Qui
2458 1132 2565 1189 hoc
2598 1148 2706 1191 non
2729 1137 3021 1207 scit.dicit
3045 1146 3236 1213 semel,
3267 1146 3430 1206 Pater

155 1229 273 1275 κου
277 1235 337 1274 er
341 1258 357 1274 ο

1494 1317 1897 1377 CAPITULUM
1926 1318 2096 1376 LXX.

1226 1413 1505 1482 Quomodo
1528 1433 1583 1472 se
1607 1417 1835 1473 habeant
1868 1417 1925 1474 in
1948 1418 2391 1475 solemnitatibus.

217 1506 386 1564 Omni
416 1507 580 1565 totius
609 1509 740 1567 anni
767 1510 858 1569 die
891 1526 1003 1583 quo
1028 1510 1332 1583 capitulum
1361 1521 1595 1580 tenetur,
1624 1513 1718 1585 qui
1740 1528 1959 1571 sursum
1981 1530 2089 1569 non
2126 1516 2457 1583 ascendunt,
2525 1518 2627 1574 nisi
2670 1520 3045 1592 prohibuerint
3082 1526 3426 1596 ohedientiae,

147 1606 319 1661 cellas
348 1614 555 1672 tenent,
584 1615 641 1663 et
666 1607 903 1677 spatium
928 1607 1074 1678 quod
1103 1608 1245 1664 inter
1272 1606 1513 1665 Tertiam
1541 1618 1601 1665 et
1618 1607 1846 1665 Sextum
1870 1618 1977 1673 est.
2005 1610 2241 1667 orationi
2277 1611 2614 1683 impendunt.

1469 1704 1872 1763 CAPITULUM
1913 1705 2104 1761 LXXI.

710 1850 713 1853 ,
842 1846 843 1853 η
926 1832 927 1835 η
1392 1799 1535 1868 Quid
1558 1800 1758 1871 faciant
1784 1818 1880 1873 pro
1901 1802 2191 1872 defunctis.

214 1894 329 1950 Pro
362 1902 611 1951 recenter
646 1894 904 1952 defuncto
934 1903 1210 1953 trecentas
1239 1892 1531 1952 Orationes
1554 1896 1869 1955 Dominicas
1887 1898 2108 1967 debent,
2135 1914 2368 1971 quarum
2417 1902 2765 1961 medietatem
2791 1920 2914 1962 cum
2966 1907 3140 1966 veniis
3172 1911 3424 1968 reddunt.

147 1990 213 2047 Et
241 1992 297 2048 in
321 1991 555 2065 singulis
574 1992 994 2061 anniversariis,
1020 2008 1217 2052 novent
1242 2002 1372 2053 eum
1404 1996 1633 2052 totidem
1661 1997 1858 2053 veniis.

1454 2092 1864 2151 CAPITULUII
1888 2094 2077 2152 LXXII

1490 2188 1568 2244 De
1590 2206 1781 2245 rasura
1805 2191 2058 2261 fratrum.

218 2282 270 2339 I.
298 2281 535 2351 Quoties
555 2282 831 2349 monachi,
858 2281 1023 2340 toties
1043 2283 1312 2340 raduntur
1330 2292 1389 2339 et
1426 2283 1575 2340 laici.
1602 2283 1714 2341 Sed
1733 2285 1860 2344 laici
1883 2286 2105 2358 insuper
2123 2286 2289 2343 etiam
2312 2286 2490 2360 capita
2518 2289 2719 2346 lavant.
2735 2290 2926 2349 Omnia
2943 2303 3125 2353 autem
3149 2296 3428 2367 obsequia.

145 2379 451 2450 quamlﬂtet
480 2379 711 2449 privata,
739 2393 861 2450 qua:
889 2378 990 2435 sibi
1026 2379 1163 2451 ipsis
1196 2379 1393 2452 singuli
1421 2396 1530 2437 non
1559 2392 1857 2439 occurrunt
1884 2391 1981 2439 aut
2003 2398 2112 2440 non
2145 2394 2374 2454 possunt
2398 2384 2600 2455 facere,
2625 2387 2692 2443 ab
2724 2388 2849 2445 aliis
2875 2390 3157 2449 humiliter
3202 2392 3429 2449 devoto-

148 2492 255 2549 que
284 2476 664 2548 complentur;
686 2474 767 2531 ita
794 2483 855 2531 ut
876 2475 1094 2533 felicem
1118 2490 1179 2533 se
1202 2485 1357 2549 putet
1375 2477 1463 2534 cui
1494 2476 1603 2533 tale
1624 2476 1921 2549 quidquam
1949 2473 2119 2535 fuerit
2147 2478 2495 2551 imperatum.

208 2572 583 2631 2.0bviantes
603 2574 771 2631 etiam
796 2575 899 2632 sibi
941 2576 1199 2645 invicem,
1223 2576 1401 2633 amica
1436 2577 1724 2634 alacritate
1772 2585 1830 2634 et
1879 2576 2073 2634 humili
2097 2579 2496 2650 supplicatione
2538 2592 2730 2641 mutuo
2761 2583 2941 2642 locum
2972 2587 3432 2656 dantes.servats

143 2679 536 2739 pertranseunt
553 2670 791 2729 silentio.
818 2671 876 2729 In
908 2688 1016 2744 quo
1033 2672 1312 2744 iuniores,
1341 2674 1395 2731 id
1428 2682 1511 2731 est
1541 2674 1632 2746 qui
1665 2675 1940 2746 posterius
1964 2680 2258 2745 Venerunt,
2289 2688 2548 2751 satagunt
2558 2683 2867 2752 prtevenire
2890 2684 3143 2756 majores.

1444 2770 1848 2829 CAPITULUM
1886 2770 2124 2829 LXXIII.

1432 2867 1512 2924 De
1560 2868 1751 2924 nouitio
1794 2867 2157 2939 suscipiendo.

212 2963 264 3018 I.
285 2961 481 3020 Laicis
505 2961 573 3019 ad
594 2963 989 3035 professionem
1012 2963 1402 3037 suscipiendis,
1426 2965 1660 3038 idipsum
1690 2980 1829 3039 peuc
1861 2966 1923 3022 Iit
1947 2966 2095 3039 quod
2136 2974 2192 3024 et
2220 2965 2463 3033 clericis,
2494 2981 2620 3021 nam
2652 2966 2910 3028 similiter
2946 2968 3081 3027 dura
3106 2964 3425 3043 proponun-

142 3070 229 3118 tur
252 3062 341 3119 eis
374 3070 433 3117 et
461 3075 676 3134 aspera.

1507 3160 2072 3218 COMMENTARIUS.

206 3251 341 3309 Car.
368 3248 559 3307 LXIX."
582 3280 655 3295 —-
680 3248 1038 3306 Ihi'notantur
1055 3249 1299 3332 quaedam
1331 3250 1542 3321 publica
1573 3253 1742 3323 pieta-
1770 3255 1819 3317 Α
1848 3269 1970 3309 mus
2002 3268 2192 3310 omnes
2238 3253 2289 3310 iu
2316 3240 2514 3310 mutuis
2547 3254 2824 3325 obsequiis
2852 3255 3007 3312 nobis
3037 3256 3266 3313 invicem
3291 3260 3426 3314 red-

144 3345 212 3401 tis
237 3344 506 3399 exercitia
530 3357 561 3396 a
585 3340 993 3397 remanentihus
1022 3341 1074 3395 in
1123 3341 1285 3396 domo
1318 3340 1565 3397 inferiori
1614 3358 1740 3413 per-

145 3435 378 3507 agenda,
398 3442 453 3489 et
476 3434 618 3489 idem
641 3432 877 3488 refertur
892 3431 948 3488 in
967 3431 1206 3504 antiquis
1230 3432 1469 3499 statutis,
1482 3442 1623 3503 part.
1653 3448 1738 3500 tu,

142 3546 257 3601 cap.
288 3531 348 3594 7,
385 3545 444 3585 η.
473 3529 527 3583 ι.

209 3622 342 3677 Cir.
376 3619 540 3675 LXX.
558 3650 632 3663 —
658 3617 758 3675 Hic
785 3617 907 3674 luce
934 3617 1138 3674 clarius
1159 3625 1383 3689 apparet
1406 3616 1626 3673 nomine
1654 3632 1741 3671 so-

142 3712 431 3768 temnitatis
478 3712 625 3782 pilum
685 3710 1011 3782 scriptorem
1065 3708 1402 3764 intellexisse
1459 3708 1739 3779 quodlibet

144 3805 343 3862 festum
372 3804 615 3877 capituli.
648 3802 750 3859 llic
777 3803 944 3859 etiam
973 3803 1238 3859 statuitur
1259 3802 1497 3874 qualiter
1525 3814 1741 3872 tempus

149 3899 466 3968 impendere
495 3898 691 3953 debent
721 3896 813 3967 qui
844 3896 897 3951 in
921 3895 1340 3952 domoinferiori
1366 3894 1559 3950 diebus
1588 3893 1740 3950 festis

144 3997 451 4045 remanent.

208 4080 365 4137 Idem
397 4078 632 4136 refertur
692 4095 744 4136 tn
782 4079 1021 4151 antiquis
1058 4079 1301 4143 statutis,
1330 4086 1474 4151 part.
1499 4093 1587 4143 tu,
1615 4091 1735 4147 cap.

147 4170 372 4235 8,n.l.

210 4262 346 4319 Car.
380 4262 566 4318 LXXI.
595 4264 742 4320 —Id
788 4271 996 4319 tautttm
1030 4264 1328 4321 reddebant
1349 4278 1450 4336 pro
1489 4270 1740 4320 recenter

149 4356 424 4412 defunctis
456 4358 506 4412 in
532 4359 754 4430 propria
782 4361 965 4425 domo,
989 4372 1116 4412 nam
1147 4367 1277 4412 tunc
1303 4356 1565 4427 temporis
1592 4354 1740 4409 nulla
1776 4371 1785 4380 ·

151 4449 309 4506 flebat
368 4452 570 4508 mentio
627 4450 1022 4509 Beneﬁciorum
1055 4465 1158 4524 pro
1184 4450 1306 4506 aliis
1340 4464 1441 4521 per
1477 4448 1736 4521 suffragia

152 4544 569 4600 reddendorum.
1434 4560 1440 4566 '

1844 3347 2053 3404 dendis.

1913 3438 2071 3494 Num.
2106 3437 2159 3491 2.
2206 3434 2492 3493 Obriantes
2536 3448 2711 3493 autem
2761 3440 2862 3494 sibi
2907 3440 3145 3506 invicem,
3172 3451 3278 3497 etc.
3328 3439 3427 3500 llic

1841 3532 2087 3585 videmus
2106 3545 2267 3599 quam
2292 3530 2528 3586 alienum
2555 3539 2703 3587 esset
2726 3547 2753 3586 a
2775 3533 2965 3603 spiritu
2992 3541 3046 3588 et
3070 3534 3427 3605 praxiprinto-

1842 3640 1962 3679 rum
1991 3622 2479 3678 Carthusianorum
2508 3622 2601 3679 illa
2640 3624 2821 3680 vultus
2865 3635 2919 3679 et
2941 3634 3191 3696 gestuum
3221 3627 3426 3696 asperi.

1843 3724 1926 3771 tas
1973 3730 2094 3785 qua:
2147 3713 2401 3783 spiritum
2450 3714 2904 3771 melancholicum
2957 3715 3190 3780 redolet,
3241 3730 3364 3771 cum
3394 3728 3428 3770 e

1840 3816 2029 3861 contra
2067 3805 2273 3859 vultum
2298 3804 2479 3874 potius
2512 3806 2694 3877 gaudii
2736 3814 2791 3861 et
2812 3806 2914 3876 pia:
2942 3805 3232 3860 hilaritatis
3259 3804 3430 3863 velint

1840 3913 1869 3951 a
1902 3897 2016 3952 suis
2054 3896 2107 3950 in
2137 3911 2368 3950 occursu
2419 3894 2653 3950 fratrum
2713 3896 2939 3962 assumi,
2970 3905 3023 3951 et
3052 3894 3211 3966 longe
3243 3895 3309 3951 ab
3340 3894 3428 3949 illa

1838 3990 2039 4044 rustica
2100 3987 2471 4043 inurbanitate
2494 3988 2764 4043 distantes
2786 3987 3009 4059 exigant
3043 3986 3316 4043 comitatis
3349 3996 3423 4050 et,

1839 4089 1899 4136 ut
1925 4080 1998 4135 ita
2029 4080 2235 4143 dicam,
2297 4078 2519 4135 urbanae
2576 4080 2870 4136 charitatis
2934 4093 3131 4151 praxes
3191 4094 3221 4134 a
3270 4079 3428 4135 nobis

1839 4171 2084 4228 πιοιὶθειθ
2112 4170 2343 4225 servari.
2373 4169 2512 4227 Male
2560 4185 2693 4245 ergo
2742 4172 3053 4243 intelligunt
3086 4179 3312 4237 statuta,
3335 4172 3427 4242 qui

1838 4260 2063 4316 verbum
2105 4269 2303 4315 sancta:
2344 4262 2654 4317 rusticitatis
2710 4261 2783 4317 ibi
2831 4263 3186 4333 reperientes,
3239 4270 3430 4333 putant

1834 4355 2022 4412 omnia
2054 4370 2084 4410 a
2115 4355 2274 4412 nobis
2312 4370 2436 4412 cum
2486 4357 2759 4426 incompta
2792 4356 3095 4411 rusticitate
3124 4368 3245 4410 esse
3266 4368 3432 4425 agen-

1840 4447 1927 4502 da.
1958 4444 2075 4501 Non
2097 4449 2195 4511 sic,
2222 4446 2383 4503 amici
2411 4456 2467 4503 et
2495 4448 2693 4504 fratres
2724 4448 2777 4503 in
2807 4446 3028 4503 Christo
3066 4446 3426 4508 dilectissimi.

1840 4552 1948 4593 non
1985 4536 2065 4591 sic
2091 4536 2375 4592 rusticitas
2431 4538 2519 4592 illa
2554 4538 2905 4609 intelligenda
2933 4546 3039 4603 est,
3069 4537 3163 4592 sed
3198 4552 3293 4607 per
3313 4552 3433 4590 san-

225 4633 516 4690 Veniarum
565 4636 782 4692 nomine
810 4635 1158 4708 intelligimus
1180 4635 1323 4706 piam
1358 4634 1739 4689 casremoniam
1770 4626 1816 4686 Β
1846 4638 1991 4685 ctam
2016 4629 2376 4684 rusticitatem
2395 4629 2695 4701 intelligere
2732 4630 2994 4683 debemus
3014 4627 3205 4682 modos
3236 4626 3429 4697 agendi

149 4741 247 4794 qua
279 4744 457 4801 genua
489 4728 777 4793 flectimus,
806 4737 861 4785 et
881 4743 1161 4783 scamnum
1214 4736 1306 4782 aut
1348 4735 1546 4781 terram
1576 4740 1734 4781 oscu-

151 4819 346 4874 lantur.
374 4820 519 4875 Idem
554 4820 791 4876 refertur
816 4820 870 4875 in
921 4820 1160 4889 antiquis
1193 4816 1438 4881 statutis,
1469 4824 1614 4887 part.
1648 4830 1733 4879 nt,

149 4924 264 4979 cap.
300 4908 364 4974 9,
389 4910 530 4967 τί.

217 5000 351 5057 σιν.
378 4999 588 5057 LXXII.
615 5032 684 5043 —
708 4999 866 5058 Nam.
896 5001 946 5056 l.
980 4999 1087 5057 Sed
1124 5017 1337 5072 insuper
1369 4999 1527 5056 etiam
1563 4998 1738 5066 capita

154 5088 351 5147 lavant.
380 5093 635 5151 Omnium
663 5109 807 5151 nunc
838 5092 1015 5164 capita
1068 5093 1321 5149 lavantur
1364 5100 1419 5147 et
1448 5091 1737 5147 raduntur.

152 5176 362 5237 Nullam
388 5192 569 5240 autem
597 5184 928 5241 mentionem
975 5184 1108 5241 facit
1135 5185 1203 5241 de
1232 5182 1419 5240 barbis
1442 5196 1737 5239 converso-

157 5287 272 5328 rutn
298 5274 655 5347 longioribus,
694 5276 822 5347 quia
857 5286 986 5332 tunc
1041 5276 1156 5332 fere
1203 5274 1410 5330 similes
1466 5272 1739 5329 habebant

156 5366 431 5431 monachi,
460 5381 584 5423 cum
617 5368 796 5425 sexies
836 5378 1047 5423 tantum
1097 5367 1151 5423 in
1199 5381 1345 5422 anno
1390 5364 1735 5420 raderentur.

155 5450 488 5527 Praecipuum
520 5460 785 5516 rationem
825 5460 982 5516 istius
1009 5460 1324 5517 mutationis
1343 5456 1737 5529 assignavimus

158 5559 342 5617 supra,
365 5565 484 5622 cap.
515 5550 569 5608 9.

227 5638 364 5696 Ibid.
405 5641 595 5699 Omnia
642 5653 819 5701 autem
857 5645 1121 5718 obsequia,
1163 5652 1271 5702 etc.
1330 5643 1433 5700 llic
1476 5644 1739 5700 habemus

160 5727 389 5790 ianuam
430 5735 751 5794 humilitatis
778 5745 835 5794 et
863 5738 1149 5796 charitatis
1196 5753 1359 5810 quam
1389 5732 1543 5809 sequi
1566 5735 1735 5792 debeé

478 5831 753 5892 PATBOL.
784 5831 995 5894 CLIII.

1843 4721 2140 4793 simplices,
2170 4722 2414 4777 sincerus
2456 4732 2511 4777 et
2546 4723 2829 4793 ingenuos,
2879 4721 2972 4791 qui
3016 4734 3113 4776 nos
3166 4735 3197 4773 a
3244 4718 3430 4773 mundi

1842 4815 2038 4885 spiritu
2066 4824 2121 4869 et
2141 4814 2471 4870 vanitatibus
2516 4814 2676 4887 longe
2704 4813 2912 4869 distare
2949 4818 3237 4876 testentur,
3268 4822 3433 4879 quos-

1843 4921 1949 4977 que
1978 4907 2032 4962 in
2061 4907 2314 4962 omnibus
2353 4921 2575 4963 servare
2604 4906 2886 4962 debemus.

1917 5001 2060 5057 Idem
2084 4999 2320 5055 refertur
2342 5000 2393 5055 in
2410 5000 2647 5070 antiquis
2668 4997 2979 5066 statutis,m
3000 5004 3172 5067 parte,
3197 5009 3315 5065 cap.
3336 4993 3397 5048 2|
3414 5033 3429 5059 ,

1846 5107 1996 5148 num.
2031 5092 2055 5145 I
2091 5100 2147 5145 et
2171 5090 2226 5157 4,
2258 5105 2377 5162 cap.
2401 5091 2458 5157 3,
2490 5106 2638 5145 num.
2673 5090 2728 5145 Ξ.

1917 5184 2045 5240 CAP.
2073 5181 2307 5239 LXXIII.
2339 5213 2411 5225 —
2433 5182 2589 5237 Num.
2619 5183 2670 5240 1.
2695 5179 2871 5237 Laicis
2918 5180 2987 5233 ad
3023 5180 3429 5237 conversionem,

1845 5283 1951 5329 etc.
1982 5273 2110 5329 Inde
2140 5283 2298 5327 natus
2325 5280 2411 5329 est
2437 5286 2566 5327 usus
2597 5271 2650 5327 in
2666 5271 2858 5327 ordine
2885 5268 3117 5326 vocandi
3139 5277 3431 5325 conversos

1840 5367 1964 5423 illos
2011 5366 2209 5423 fratres
2262 5367 2355 5439 qui
2401 5367 2468 5422 ad
2500 5366 2815 5422 clericatum
2862 5380 2969 5422 non
3017 5371 3144 5418 sunt
3194 5361 3302 5432 apti
3341 5366 3432 5413 tut

1842 5459 2111 5529 dispositi.

1915 5550 2048 5606 Ibid.
2079 5549 2319 5622 Idipsum
2353 5567 2479 5621 pene
2492 5546 2551 5623 fit
2577 5550 2716 5624 quod
2739 5558 2787 5604 et
2814 5549 3036 5605 clericis.
3068 5546 3173 5601 Per
3201 5541 3429 5599 clericos

1842 5641 1909 5697 Β.
1936 5640 1997 5696 Ρ.
2027 5640 2200 5714 Guigo
2238 5643 2490 5715 intelligit
2537 5643 2851 5699 monachos.
2899 5637 3054 5695 Unde
3096 5641 3248 5708 patet
3284 5628 3430 5702 quod

1845 5741 1975 5789 tunc
2005 5732 2189 5805 (prout
2214 5735 2516 5792 etiamnum
2560 5731 2837 5803 servatur)
2882 5729 3089 5787 nullum
3123 5726 3428 5798 reciperent

3014 5820 3095 5880 ΞΕ
