3894 6298
540 319 655 370 τῃ
1375 305 1696 366 60:60le
1733 304 1749 358 ι
1789 296 2226 358 csnrnusm.
2249 293 2535 354 MAJORIS
2573 288 2846 352 PRIORIS
2885 294 2926 349 v
3667 299 3743 362 ns

620 436 676 489 2.
709 431 980 488 Jubentur
1005 429 1170 486 etiam
1199 425 1482 482 adversum
1513 434 1572 475 se
1601 416 1928 473 habentibus
1947 411 2150 483 aliQuid
2181 408 2546 478 reconciliari,
2575 417 2630 464 et
2652 409 2706 464 in
2728 416 2929 478 quanta
2957 407 3125 478 priori
3159 407 3444 478 placuerit,
3482 423 3584 465 non
3611 411 3745 475 minus

554 537 734 583 tamen
765 542 936 597 quam
961 537 1161 590 annua,
1203 517 1564 575 admittuntur
1585 509 1908 582 probatione
1929 550 1944 575 ,
1969 518 2024 564 et
2048 507 2116 563 ad
2148 515 2338 562 eorum
2369 505 2514 560 inter
2563 519 2702 575 quos
2736 504 3043 560 eonversati
3074 512 3223 571 sunt,
3275 503 3528 561 Iaieorum
3571 509 3743 580 scilicet,

504 622 512 692 ζ
562 622 946 691 suscipiuntur
967 615 1353 679 msﬁmonium,
1390 610 1527 666 sicut
1554 605 1739 664 clerici
1765 608 1832 660 ad
1865 604 2236 661 testimonium
2264 602 2681 658 monachorum.
2897 667 2904 673 _

504 693 514 704 ’
625 720 681 772 '5.
719 719 797 773 Ea
821 726 998 772 autem
1041 712 1126 768 die
1151 724 1257 780 qua
1280 720 1466 764 eorum
1495 702 1893 775 professionem
1924 699 2167 755 facturus
2193 705 2278 752 est
2299 695 2516 766 aliquis,
2534 695 2602 750 ad
2630 695 2925 766 capitulum
2947 696 3265 766 perducitur
3286 699 3746 766 monachorum,ub|

558 816 625 871 de
651 815 948 871 stabilitate
967 817 1023 865 et
1049 802 1359 863 obedientia
1386 797 1712 868 cmterisque
1759 793 2091 852 necessariis
2120 792 2369 860 audiens,
2403 807 2530 847 cum
2577 791 2874 848 immobilis
2901 792 3413 864 imperterritusque
3433 803 3748 868 permanserit,

558 921 715 985 rogat
751 913 984 982 aliquem
1011 919 1106 962 ore
1130 901 1371 973 proprio,
1395 906 1458 954 ut
1493 912 1650 954 suam
1683 896 1787 952 sibi
1823 895 2026 951 scribat
2053 891 2476 964 professionem,
2508 890 2564 946 in
2599 889 2756 961 cujus
2793 889 2901 946 line
2927 891 3153 961 ipsemet
3168 907 3330 946 manu
3360 893 3566 962 propria
3591 894 3750 965 signum

562 1011 741 1066 erucis
764 1006 1022 1080 depingit.
1059 1005 1231 1072 Quam
1253 1003 1419 1058 etiam
1453 1015 1615 1056 manu
1637 1007 1881 1071 gestans,
1927 1006 2053 1067 post
2095 995 2435 1066 evangelium
2471 1001 2527 1050 et
2577 992 2908 1050 oﬂ‘erendam
2934 992 3002 1048 ad
3035 1005 3205 1047 cornu
3233 991 3482 1046 dextrum
3523 993 3752 1062 appropin-

563 1110 694 1176 quat
721 1102 928 1165 altaris,
958 1112 1206 1170 eamque,
1237 1097 1377 1154 sicut
1403 1105 1488 1152 εει
1515 1094 1569 1150 in
1602 1094 1722 1165 ejus
1757 1094 2006 1157 dextera,
2031 1091 2316 1159 diaconus,
2344 1090 2558 1146 eunetis
2586 1089 2958 1154 audientibus,
2991 1087 3119 1158 legit
3147 1086 3223 1141 ita
3259 1085 3463 1140 dicens.

1844 1185 2244 1244 CAPITULUM
2303 1185 2543 1242 LXXIV.

1977 1281 2246 1353 Professio
2275 1282 2418 1336 laici.

630 1395 684 1448 I.
709 1391 822 1463 Ego
845 1391 1010 1461 frater
1035 1389 1143 1453 ille,
1167 1387 1412 1458 promitto
1430 1383 1777 1440 obedientiam
1804 1390 1852 1436 et
1886 1380 2278 1434 conuersionem
2303 1393 2511 1433 morum
2545 1392 2804 1442 meorum,
2828 1385 2876 1432 et
2908 1373 3350 1452 perseverantiam
3371 1373 3602 1428 omnibus
3620 1375 3754 1430 diebus

560 1491 675 1546 vim:
699 1504 850 1554 mete,
865 1489 920 1540 in
936 1486 1034 1539 hac
1057 1498 1248 1548 eremo,
1276 1497 1454 1536 coram
1491 1479 1600 1534 Deo
1629 1488 1678 1534 et
1699 1476 1900 1532 sanctis
1923 1475 2038 1545 ejus
2060 1484 2110 1528 et
2153 1473 2394 1544 reliquiis
2429 1473 2584 1528 istius
2606 1471 2764 1527 eremi
2791 1487 2910 1543 qua:
2923 1479 3228 1525 constructa
3253 1478 3330 1524 est
3363 1468 3428 1522 ad
3450 1469 3666 1523 honorent
3689 1469 3755 1526 Dei

561 1596 606 1641 et
632 1586 792 1640 beata:
813 1595 1014 1651 semper
1051 1578 1264 1648 virginis
1294 1575 1503 1640 Mariae,
1528 1583 1576 1628 et
1604 1573 1772 1628 sancti
1791 1571 2016 1626 Joannis
2039 1568 2316 1638 Baptista,
2348 1584 2442 1638 pro
2466 1568 2660 1623 timore
2681 1567 2894 1622 Domini
2919 1565 3088 1620 nostri
3119 1564 3249 1620 Jesu
3277 1561 3485 1633 Christi
3508 1573 3554 1618 et
3581 1566 3756 1619 remedio

563 1682 758 1736 anirna:
781 1693 928 1742 metu,
954 1673 1308 1746 inpraesentia
1335 1670 1556 1738 domini,
1595 1669 1762 1734 illius,
1785 1667 1999 1738 prioris.
2025 1666 2180 1732 Quod
2200 1666 2247 1721 si
2274 1665 2450 1737 aliqua
2497 1674 2728 1734 tempore
2760 1679 2991 1732 unquam
3019 1664 3140 1717 hinc
3181 1667 3434 1733 aufugere
3455 1662 3527 1717 uel
3541 1663 3662 1716 abire
3676 1674 3759 1719 teu-

565 1767 764 1843 tauero,
787 1775 938 1829 liceat
967 1771 1125 1827 seruis
1154 1769 1252 1824 Dei
1281 1768 1369 1838 qui
1397 1766 1484 1820 hic
1512 1766 1707 1836 fuerint
1734 1779 1814 1819 me
1827 1764 1982 1834 plena
2010 1763 2093 1818 sui
2106 1761 2251 1833 juris
2272 1760 2588 1816 auctoritate
2618 1759 2908 1831 requirere,
2955 1766 3006 1813 et
3028 1768 3204 1813 coacte
3225 1773 3289 1812 ac
3323 1757 3620 1814 uiolenteris
3641 1777 3758 1816 sua:

562 1871 834 1926 seruitium
855 1883 1112 1923 reuocare.
2413 1902 2421 1905 _

634 1965 698 2018 ’2.
727 1964 856 2020 Post
879 1964 995 2019 haec
1025 1962 1164 2017 hanc
1186 1961 1361 2031 ipsam
1390 1959 1639 2016 chartam
1669 1959 1830 2015 offert
1857 1973 2020 2029 super
2059 1957 2248 2023 altare,
2281 1965 2338 2013 et
2364 1956 2610 2013 osculato
2643 1954 2807 2012 altari
2834 1954 3156 2012 incurvatur
3197 1953 3270 2009 ad
3288 1952 3456 2025 pedes
3501 1953 3760 2022 sacerdtttis,

568 2059 666 2114 tali
696 2059 1067 2115 obsecratione
1090 2057 1534 2114 benedicendus:
1569 2054 1784 2113 Saluum
1808 2055 1916 2126 fac,
1943 2053 2092 2110 Mitte
2118 2053 2189 2120 ei,
2212 2049 2341 2108 Esto
2364 2053 2433 2119 ei,
2489 2050 2746 2107 Dominus
2796 2048 3086 2116 uobiscum,
3137 2045 3402 2117 Oremus,‘
3434 2044 3636 2103 Domine
3666 2045 3762 2103 less

557 2153 786 2222 Christe,
826 2153 991 2226 quies
1018 2155 1126 2209 uia.
1151 2153 1389 2226 Require
1410 2152 1679 2226 superius.
1931 2192 1936 2196 .
2215 2223 2219 2228 η

1851 2245 2249 2304 CAPITULUM
2284 2244 2512 2302 LXXV.

1457 2346 1732 2414 Quomodo
1754 2363 1818 2402 se.
1833 2348 2016 2401 habeat
2037 2346 2202 2416 frater
2218 2355 2490 2416 postquam
2513 2349 2786 2414 susceptus
2829 2349 2932 2397 est.

635 2442 838 2502 'Abhoc
865 2454 1112 2516 tempore
1141 2443 1356 2502 noverit
1379 2443 1476 2518 [αι.
1511 2443 1682 2516 novit]
1708 2460 1766 2500 se
1795 2443 1928 2499 nihil
1949 2443 2192 2508 omnino,
2215 2455 2392 2512 neque
2413 2439 2663 2496 baculum
2687 2439 2912 2510 quidem
2960 2452 3069 2508 quo
3092 2446 3192 2509 per
3219 2435 3370 2491 viam
3405 2432 3640 2507 gradiens
3661 2431 3767 2489 iuui-

561 2540 726 2608 -titur,
750 2541 868 2598 sine
890 2541 1091 2613 prioris
1111 2542 1315 2599 habere
1333 2542 1588 2609 licentia;
1617 2542 1814 2614 quippe
1845 2554 1970 2598 eum
2003 2554 2104 2596 nec
2131 2540 2360 2611 ipsemet
2389 2553 2519 2594 suus
2571 2537 2662 2594 sit.
2696 2537 2841 2608 Erga
2871 2550 3031 2607 quem
3061 2533 3298 2604 idipsum
3321 2532 3466 2602 quod
3491 2530 3769 2601 superiusﬁe

565 2635 840 2692 monacho
871 2635 1130 2704 diximus,
1160 2635 1490 2705 servabitur,
1524 2646 1584 2693 ut
1615 2637 1824 2694 scilicet
1851 2651 1949 2708 pro
1973 2651 2039 2693 eo
2068 2635 2204 2691 nihil
2236 2635 2417 2692 minus
2454 2633 2571 2702 fiat,
2619 2632 2666 2689 si
2711 2633 2855 2688 intra
2887 2627 3314 2688 examinationis
3342 2635 3548 2696 tempus
3569 2625 3770 2694 accepts-

568 2729 750 2788 biliter
777 2745 945 2804 agens
968 2743 1214 2790 mortuus
1240 2731 1425 2803 fuerit,
1454 2749 1614 2807 quam
1637 2735 1682 2791 si
1705 2733 1986 2806 professus
2013 2742 2176 2789 esset.

1833 2873 1838 2878 .
1921 2826 2491 2886 COMMENTARIUS.

563 2919 636 2976 ad
665 2913 862 2976 Statum
887 2919 1274 2976 monachorum
1305 2921 1396 2991 qui
1438 2920 1502 2976 ad
1525 2921 1840 2977 clericatum
1865 2937 1970 2978 non
1998 2930 2144 2992 esset
2173 2929 2220 2987 Α
2246 2920 2606 2977 communiter
2633 2919 2907 2990 assignata
2934 2919 3006 2972 sit
3031 2917 3174 2989 apud
3213 2931 3315 2972 nos
3344 2915 3430 2971 his
3465 2910 3753 2984 temporibus

568 3010 811 3067 idoneus.
837 3010 965 3068 Inde
991 3019 1121 3067 nata
1151 3021 1234 3068 est
1254 3021 1409 3068 vetus
1435 3013 1522 3068 illa
1548 3013 1903 3084 interrogatio
1932 3028 2054 3083 quae
2090 3011 2151 3069 fit
2253 3022 2546 3084 antequam
2602 3012 2772 3068 frater
2832 3010 3005 3068 laicus
3050 3010 3118 3066 ad
3171 3019 3378 3066 statum
3450 3017 3776 3091 conversurum

566 3100 770 3158 novitio
797 3101 852 3157 in
895 3101 1086 3158 ordine
1139 3112 1428 3173 antequam
1482 3105 1843 3160 admittatur:
1879 3104 1960 3160 An
1981 3106 2150 3175 possis

566 3195 637 3256 ad
657 3212 835 3272 sacros
857 3193 1066 3251 ordines
1097 3195 1419 3252 ascendere?
1448 3196 1652 3252 Sensus
1679 3204 1786 3262 est,
1832 3212 1900 3252 an
1931 3195 2152 3268 aliquod

568 3285 1012 3356 impedimentum
1057 3285 1171 3341 sive
1219 3285 1518 3357 corporale,
1577 3287 1690 3343 sive
1720 3284 2024 3357 spirituale,
2053 3286 2152 3340 ha-

563 3376 726 3442 beas,
757 3391 864 3447 quo
893 3391 923 3430 a
954 3376 1126 3432 sacris
1153 3377 1436 3432 ordinibus
1457 3377 1716 3434 arceat-is.
1757 3375 1962 3434 Omnes
1993 3391 2149 3446 ergo,

569 3465 639 3522 Β.
671 3466 848 3523 Patris
875 3465 1138 3539 Guigonis
1193 3475 1457 3539 tempore,
1508 3476 1764 3539 poterant
1809 3468 1878 3525 ad
1899 3469 2153 3526 sacerdo-

558 3559 707 3613 tium
759 3557 1088 3628 promoveri.
1145 3556 1251 3612 Sed
1309 3557 1556 3627 quamvis
1610 3557 1792 3630 plures
1841 3560 2154 3616 sacerdotes

567 3659 758 3707 essent
787 3650 839 3705 in
866 3650 1224 3718 monasterio,
1253 3659 1461 3707 certum
1517 3658 1602 3707 est
1645 3649 1790 3722 quod
1821 3667 1927 3708 non
1965 3667 2156 3709 omnes

558 3748 699 3794 tunc
727 3738 1098 3808 celebrarent,
1138 3754 1205 3795 eo
1256 3739 1417 3797 modo
1472 3747 1528 3796 et
1592 3749 1832 3810 tempore
1878 3740 2156 3798 celebrare

557 3816 836 3897 contenti,
865 3847 985 3903 quae
1012 3832 1065 3888 in
1096 3830 1287 3908 primis
1323 3832 1548 3887 istarum
1579 3830 2028 3887 consuetudinum
2059 3846 2150 3887 ea-

570 3921 756 3992 p'tulis
778 3923 1172 3993 exprimuntur.

646 4013 779 4069 Ibid.
812 4011 952 4067 Nam
971 4012 1212 4068 similiter
1243 4013 1378 4069 dura
1414 4025 1800 4086 proponuntur,
1825 4023 1930 4072 etc.
1956 4013 2158 4071 Proba-

512 4173 513 4176 η
561 4105 654 4161 tio
678 4119 1066 4184 conversorum
1092 4120 1200 4160 non
1232 4107 1411 4161 minus
1439 4121 1630 4162 severa
1672 4107 1830 4163 debet
1854 4122 1974 4164 esse
1995 4121 2156 4177 quam

581 4195 992 4262 monachorum,
1017 4197 1143 4267 quia
1172 4197 1420 4252 conversi
1468 4197 1571 4254 nisi
1598 4198 1741 4254 bona
1765 4199 2070 4264 vocatione,
2100 4197 2156 4254 id

2253 3107 2590 3163 admittatur.

2273 3260 2278 3263 μ
2325 3195 2484 3250 Num.
2507 3196 2559 3252 5.
2585 3193 2748 3266 Rogat
2767 3193 2994 3266 aliquem
3019 3209 3107 3248 ore
3127 3207 3363 3264 proprio,
3411 3199 3516 3246 etc.
3541 3187 3594 3244 Id
3615 3186 3677 3240 ita
3693 3193 3778 3239 st:-

2253 3288 2445 3354 tuitur,
2481 3288 2610 3358 quia
2655 3287 2890 3343 maxima
2921 3301 3050 3357 pars
3105 3298 3497 3340 conversornm
3535 3277 3777 3336 Carthusic

2254 3388 2373 3435 erat
2399 3395 2465 3435 ex
2487 3387 2627 3435 statu
2654 3377 2974 3434 mechanico
2997 3385 3092 3432 aut
3121 3376 3325 3432 rustico
3352 3373 3600 3434 oriunda;
3627 3384 3776 3439 quam-

2252 3473 2338 3530 vis
2359 3482 2546 3544 postea
2571 3471 2672 3526 viri
2704 3471 2863 3528 valde
2892 3470 3102 3526 nobiles
3142 3477 3352 3524 statum
3391 3466 3536 3522 illum
3561 3479 3618 3520 ex
3644 3460 3778 3518 humi-

2221 3623 2234 3632 ,
2251 3563 2407 3621 litate
2432 3575 2490 3620 et
2510 3563 2797 3619 devotione
2827 3559 3063 3633 amplexi
3094 3560 3223 3626 sint,
3246 3559 3339 3632 qui
3367 3559 3604 3615 ordinem
3629 3566 3777 3623 magno

2253 3654 2511 3710 virtutum
2541 3651 2826 3723 splendore
2849 3651 3266 3708 decoraverunt.

2325 3747 2470 3804 Idem
2497 3744 2791 3815 capitulum
2841 3742 3076 3799 refertur
3135 3741 3191 3796 in
3245 3736 3486 3810 antiquis
3511 3733 3716 3801 statutis,
3735 3747 3777 3786 Ill

2253 3848 2429 3912 parte,
2462 3853 2582 3908 cap.
2613 3836 2704 3901 ει,
2743 3851 2798 3890 n.
2835 3835 2886 3889 I.

2325 3929 2456 3986 Car.
2487 3925 2722 3983 LXXIV.
2747 3955 2813 3966 —
2842 3922 3004 3980 Num.
3044 3923 3096 3980 l.
3153 3922 3224 3978 Et
3269 3920 3701 3994 perseverantiam.
3737 3911 3780 3968 Id

2256 4018 2544 4090 aequivalet
2567 4018 2733 4074 verbo
2761 4016 3090 4083 stabilitatis,
3117 4015 3264 4087 quod
3308 4013 3592 4086 proferunt
3636 4019 3779 4066 mona-

2259 4110 2348 4167 chi
2380 4109 2432 4165 in
2469 4124 2565 4165 sua
2597 4107 2960 4180 professione,
2995 4107 3103 4163 imo
3150 4105 3332 4176 aliquo
3387 4103 3547 4161 modo
3594 4103 3780 4170 superat.

2259 4201 2439 4273 quoad
2465 4201 2878 4274 exprimendam
2906 4199 3262 4265 stabilitatem
3285 4194 3540 4253 manendi
3570 4193 3618 4250 in
3639 4190 3781 4248 eodem

577 4296 663 4343 est
683 4286 915 4352 caelesti,
946 4296 1037 4342 aut
1060 4295 1244 4358 putata
1275 4287 1388 4354 tali,
1424 4289 1491 4344 ad
1543 4291 1928 4365 monasterium
1953 4288 2152 4345 fuerint
2183 4290 2229 4350 Β
2256 4291 2396 4351 loco.

574 4379 816 4443 adducti,
855 4386 909 4434 et
939 4377 1041 4432 nisi
1091 4379 1302 4434 intenso
1356 4381 1531 4436 studio
1561 4396 1672 4437 suae
1708 4382 2009 4458 vocationis
2039 4378 2153 4437 olli-

576 4469 677 4526 ciis
705 4468 1062 4539 adimplendis
1085 4478 1304 4526 strenue
1325 4481 1532 4540 vacent,
1558 4487 1656 4542 per
1689 4471 1946 4528 exercitia
1976 4482 2153 4545 exter-

576 4575 643 4615 na
667 4560 863 4630 quibus
888 4559 1139 4616 destinati
1180 4569 1324 4628 sunt,
1355 4561 1566 4618 facilius
1615 4563 1670 4619 in
1724 4563 2150 4635 dissipationem,

575 4654 767 4709 deinde
795 4653 846 4708 in
873 4652 1263 4710 relaxationem
1315 4654 1673 4723 habitualem,
1719 4665 1774 4713 et
1807 4657 2152 4728 postmodum

574 4747 629 4802 in
687 4747 870 4826 varias
919 4746 1176 4818 peccandi
1237 4748 1554 4805 occasiones
1602 4749 1853 4805 decidere
1907 4759 2151 4821 possunt,

574 4839 714 4905 quod
740 4838 1018 4893 monachis
1065 4838 1116 4892 in
1168 4837 1404 4896 claustro
1454 4855 1669 4910 semper
1688 4840 2006 4912 degentibus
2046 4857 2152 4899 non

575 4938 686 4982 tam
715 4927 871 4984 facile
897 4929 1111 4984 evenire
1142 4938 1341 5001 potest.

562 5000 573 5014 ’
643 5017 800 5073 Num.
825 5018 878 5073 2.
909 5016 978 5073 Et
1005 5023 1058 5073 in
1088 5000 1286 5091 quanta
1318 5022 1484 5092 priori
1503 5023 1777 5092 placuerit,
1810 5040 1935 5091 non,
1962 5033 2070 5082 etc.
2096 5025 2154 5081 In

577 5105 774 5176 prioris
801 5121 932 5180 ergo
957 5118 1084 5166 tunc
1109 5119 1229 5166 erat
1262 5099 1510 5169 arbitrio
1554 5121 1764 5186 tempus
1818 5114 2154 5186 probationis

578 5198 716 5252 ultra
766 5213 963 5254 annum
995 5211 1048 5257 et
1075 5193 1540 5271 quantum‘vellet
1591 5220 1924 5277 prorogare;
1983 5216 2038 5263 et
2087 5207 2154 5264 de

576 5291 886 5369 testimonio
907 5307 937 5348 a
975 5293 1128 5350 laicis
1156 5301 1374 5352 tantum
1391 5298 1722 5368 recipiendo,
1744 5314 1848 5356 non
1874 5299 1941 5356 de
1964 5298 2156 5356 suifra-

576 5381 665 5450 gio
687 5383 996 5440 necessario
1027 5384 1354 5452 requirendo
1380 5395 1504 5440 tunc
1537 5388 1799 5456 agebatur
1823 5427 1838 5454 ,
1867 5387 1935 5444 de
1965 5403 2068 5458 qua
2096 5405 2154 5446 re

572 5471 684 5540 jam
710 5471 956 5541 quaedam
983 5473 1224 5530 diximus
1248 5490 1299 5530 c.
1328 5474 1420 5529 37.
1451 5473 1579 5530 Inde
1605 5491 1711 5532 non
1739 5485 1822 5532 est
1848 5477 2152 5534 mirandum

578 5559 622 5613 si
675 5562 835 5617 bonis
867 5564 935 5618 de
973 5562 1162 5619 causis
1190 5573 1244 5619 et
1281 5579 1345 5621 ex
1392 5564 1694 5621 rationibus
1718 5568 2156 5637 cxperimentali-

577 5650 701 5719 bus’,
731 5654 980 5722 probatio
1012 5654 1254 5726 quinque
1285 5670 1552 5714 annorum
1576 5655 1628 5712 in
1659 5665 1802 5714 statu
1828 5659 2150 5719 donatorum

2330 4383 2467 4440 Ibid.
2501 4382 2652 4451 Quod
2683 4383 2728 4439 si
2751 4381 2929 4456 aliqua
2979 4392 3229 4454 tempore,
3267 4389 3375 4436 etc.
3405 4377 3513 4434 Ista
3540 4371 3783 4448 expressio-

2261 4476 2347 4532 nis
2371 4476 2618 4532 extensio
2654 4475 2840 4542 liebat,
2886 4483 2947 4530 ut
2993 4472 3379 4544 obligationem
3425 4465 3706 4526 stabilitatis
3734 4460 3782 4515 ab

2260 4569 2339 4625 eis
2360 4567 2641 4624 servanda:
2689 4565 2902 4638 plenius
2960 4564 3346 4637 intelligerent,
3388 4573 3444 4620 et
3469 4578 3535 4618 ex
3572 4567 3782 4617 consensu

2260 4675 2520 4731 expresso
2546 4659 2601 4714 in
2629 4658 2776 4715 illam
2803 4655 3190 4726 conditionem,
3225 4671 3332 4728 qua
3355 4657 3564 4727 possint
3599 4666 3679 4725 per
3704 4647 3782 4701 vim

2261 4750 2330 4806 ad
2358 4749 2643 4806 servitium
2675 4753 2866 4806 domus
2884 4747 3095 4815 reduci,
3127 4747 3334 4804 scirent
3359 4761 3417 4802 se
3440 4746 3495 4801 in
3522 4742 3782 4800 servitutem

2261 4842 2356 4898 Dei
2379 4851 2433 4898 et
2457 4841 2668 4899 ordinis
2715 4857 2812 4913 per
2854 4849 3040 4896 votum
3094 4853 3411 4911 expressum
3465 4836 3784 4896 devenissecl

2261 4935 2628 5010 conditionem
2682 4948 2963 4991 servorum
3009 4948 3109 5005 pro
3163 4930 3258 4988 Dei
3311 4943 3502 4986 amore
3540 4920 3784 4984 voluntarie

2262 5027 2642 5099 assumpsisse.
2674 5026 2756 5082 Ex
2793 5041 2898 5097 qua
2928 5024 3240 5083 conditione
3296 5023 3514 5079 videtur
3565 5018 3783 5092 quodnon

2261 5113 2373 5171 sint
2429 5115 2804 5188 comprehensi
2847 5115 2950 5171 sub
2996 5115 3305 5171 conditione
3355 5112 3699 5185 fugitivorum,
3736 5101 3784 5156 de

2270 5207 2465 5277 quibus
2489 5205 2737 5272 inferius,
2766 5219 2888 5276 cap.
2927 5204 3015 5260 77.

2331 5297 2476 5354 Idem
2505 5296 2739 5373 refertur
2785 5313 2846 5353 ιιι
2893 5307 3048 5370 parte
3092 5297 3441 5370 antiquorum
3490 5299 3781 5352 statutorum.

2261 5403 2378 5461 cap.
2407 5387 2501 5455 24,
2524 5403 2674 5443 num.
2712 5386 2768 5442 5.
3235 5415 3239 5417 -

2335 5478 2463 5535 CAP.
2503 5477 2716 5536 LXXV.
2744 5508 2816 5521 —
2845 5477 2930 5534 Ne
2973 5477 3218 5534 baculum
3261 5475 3514 5556 quidem,
3545 5481 3638 5529 etc.
3682 5465 3783 5556 Siue

2261 5570 2456 5642 prioris
2481 5569 2669 5626 habere
2690 5570 2924 5640 licentia,
2953 5579 3061 5627 etc.
3089 5569 3333 5626 lnsinuat
3353 5554 3561 5624 noviter
3576 5554 3784 5643 professis

2262 5663 2328 5727 Β.
2359 5662 2522 5724 Pater
2574 5663 2744 5738 Guigo
2786 5665 2963 5739 qualis
3009 5665 3203 5725 debeat
3234 5677 3357 5721 esse
3403 5657 3784 5729 suimetipsorum
