3992 6400
193 321 303 378 74ft

1517 331 2107 391 CONSUETUDINES.

3356 347 3460 402 750

1497 441 1894 504 CAPITULUM
1933 446 2164 503 LXXVI.

1217 531 1294 586 De
1322 532 1632 600 hospitio-1“
1636 546 1838 590 rutrum
1865 538 1955 607 qui
1980 538 2128 606 foras
2157 537 2458 596 mittuntur.

221 671 225 678 ,
267 614 407 671 Cum
436 615 603 686 aliqui
633 615 778 673 foras
827 617 1115 673 mittuntur
1169 620 1222 674 in
1272 621 1466 678 vicinis
1514 625 1810 690 montanis,
1838 626 1891 681 id
1917 637 2026 692 est,
2060 643 2090 681 a
2119 626 2446 684 Cornelione
2499 631 2770 699 superius,
2800 639 2909 686 eta
2935 632 3254 706 Bocoirone,
3310 646 3462 700 etab

189 705 579 773 htterntontes,
611 718 667 763 et
691 724 722 763 a
747 707 941 772 Scalis,
1004 724 1104 766 nec
1152 725 1332 768 escam
1361 730 1391 766 a
1426 729 1699 784 quoquam
1754 729 1860 771 nec
1889 716 2183 788 hospitium
2217 717 2520 789 accipiunt,
2551 718 2654 775 nisi
2682 728 2777 776 aut
2829 725 3134 793 specialiter
3168 729 3328 804 jussi,
3367 746 3465 793 aut

198 799 387 871 aliqua
417 801 718 859 inevitabili
745 810 802 860 et
829 802 1107 875 inopinata
1132 805 1459 862 necessitate
1487 806 1686 861 coacti.

1489 895 1886 952 CAPITULUM
1923 894 2180 952 LXXVII.

1441 986 1519 1041 De
1551 986 1805 1057 fugitivis,
1827 986 1934 1040 sive
1962 987 2214 1058 expulsis.

266 1079 328 1138 Si
351 1081 476 1155 quis
496 1080 867 1139 habitatorum
896 1079 1001 1138 loci
1032 1077 1194 1167 huius
1221 1077 1302 1134 vel
1328 1076 1619 1149 aufugerit,
1659 1075 1748 1132 vel
1773 1076 1960 1161 pulsus
1990 1077 2015 1132 f
2029 1079 2194 1146 ue'rit,
2222 1090 2280 1136 et
2306 1079 2500 1139 ductus
2525 1084 2840 1154 poenitentia
2868 1093 3110 1164 redierit,
3140 1099 3460 1167 promittens

188 1190 417 1231 suarum
445 1173 881 1231 emendationem
908 1158 1350 1244 perversitatum,
1389 1178 1444 1226 et
1468 1167 1587 1239 ejus
1608 1167 1826 1239 proprie
1859 1158 1980 1224 vitii
2011 1180 2231 1241 propter
2253 1173 2395 1242 quod
2420 1173 2607 1243 pulsus
2632 1176 2807 1234 fuerat
2824 1180 2910 1237 vel
2931 1158 3232 1254 aufugerat,
3259 1197 3461 1242 tracta-

188 1266 273 1322 bit
303 1267 459 1336 pri'Or
488 1278 711 1322 causam
748 1267 867 1339 ejus
900 1264 1177 1322 communi
1208 1263 1461 1331 consilio,
1493 1270 1549 1318 et
1589 1263 1735 1319 sicut
1763 1260 1849 1317 vel
1881 1261 2112 1318 fratrum
2145 1281 2408 1323 numerus
2442 1267 2527 1323 vel
2551 1269 2741 1327 domus
2764 1275 2990 1344 utilitas,
3027 1279 3110 1334 vel
3137 1279 3300 1335 etiam
3316 1280 3461 1336 salus

187 1360 363 1432 ipsius
391 1359 670 1436 postulare
693 1343 985 1426 videbitur,
1015 1360 1179 1416 faciet
1217 1359 1304 1426 ei;
1338 1367 1391 1415 et
1419 1358 1463 1413 si
1493 1355 1804 1429 {consilium
1850 1356 2153 1426 recipiendi
2201 1359 2487 1430 placuerit,
2534 1363 2601 1419 ad
2655 1343 3031 1436 probationem
3057 1362 3378 1426 humilitatis
3405 1373 3459 1426 in

184 1450 384 1508 ultimo
409 1451 771 1508 constituetur
798 1451 937 1508 Ioco.
965 1449 1060 1505 Sin
1090 1460 1295 1517 autem,
1326 1448 1548 1505 dabitur
1569 1447 1618 1503 ei
1647 1445 1866 1504 licentia
1891 1443 1958 1500 ad
1988 1446 2223 1518 aliquam
2251 1449 2416 1507 aliam
2448 1451 2756 1524 religiosam
2803 1457 2966 1513 eundi
2995 1457 3250 1531 domum,
3275 1460 3458 1530 inqua

185 1557 350 1600 suam
386 1543 564 1616 possit
591 1544 830 1600 animam
861 1543 1066 1602 salvam
1098 1542 1300 1599 facere.

1547 1624 2115 1689 COMMENTARIUS.

181 1698 501 1800 abnegatio,
523 1729 578 1785 in
608 1719 832 1800 proprio
861 1743 969 1786 non
993 1729 1243 1785 habendo
1265 1736 1320 1784 et
1351 1727 1403 1782 in
1432 1713 1654 1800 prepria
1676 1740 1770 1780 vo-
1798 1725 1846 1784 Α
1877 1723 1974 1777 sed
2022 1739 2190 1795 super
2237 1735 2526 1796 peccatore
2587 1731 2888 1800 gemerent,
2932 1737 3371 1803 compaterentur
3405 1745 3464 1790 et

181 1817 399 1876 luntate
419 1820 738 1877 deserenda.

253 1913 340 1968 De
374 1912 593 1969 licentia
629 1922 810 1968 autem
857 1912 1058 1984 prioris
1096 1914 1188 1970 hic
1213 1921 1422 1968 tantum
1453 1912 1512 1968 fit
1546 1912 1772 1979 mentio,

179 2005 332 2076 quod
387 2005 455 2060 ad
499 2005 863 2061 obedientiam
899 2005 1159 2071 refertur,
1207 2016 1264 2061 et
1308 2006 1660 2062 nihilominus
1707 2005 1777 2061 de

178 2105 510 2167 paupertate
533 2095 774 2168 perfecte
793 2096 1057 2154 servanda
1089 2098 1254 2153 etiam
1276 2099 1473 2170 agitur.
1501 2096 1663 2153 Ratio
1689 2107 1777 2154 est

179 2187 316 2255 quia
347 2186 475 2242 licet.
527 2194 714 2242 votum
763 2187 1100 2257 paupertatis
1153 2204 1261 2245 non
1283 2187 1538 2260 esplicite
1561 2188 1775 2244 emitta-

180 2291 335 2339 ntus,
366 2277 512 2332 sicut
549 2291 648 2333 nec
688 2283 873 2332 vetum
914 2278 1206 2345 castitatis,
1261 2287 1470 2334 certum
1513 2277 1775 2348 estquod

180 2365 399 2424 involo
454 2368 780 2425 obedientite
830 2369 1214 2426 contineantur
1262 2370 1430 2425 veluti
1485 2369 1668 2426 infans
1716 2370 1773 2425 in

176 2470 346 2531 utero
376 2461 592 2528 matris,
625 2469 682 2518 et
730 2463 802 2516 ita
829 2476 1048 2533 semper
1075 2461 1179 2516 fuit
1227 2461 1562 2519 intellectum
1603 2462 1658 2517 in
1682 2476 1774 2520 or-

177 2551 330 2608 dine.
379 2551 534 2608 Unde
585 2569 693 2610 nou
736 2563 820 2608 est
863 2554 1062 2610 mirum
1095 2553 1139 2610 si
1163 2551 1232 2609 R.
1261 2553 1422 2610 Pater
1449 2553 1623 2626 Guigo
1641 2555 1773 2611 obe-

178 2645 450 2704 dientiam
497 2645 662 2701 veluti
699 2646 943 2702 omnium
983 2645 1251 2702 bonorum
1295 2651 1611 2703 nostrorum
1653 2645 1786 2714 fon-,

180 2744 288 2790 tem
336 2734 543 2806 ubique
573 2736 881 2793 consideret
917 2744 974 2791 et
1006 2737 1286 2807 praedicet,
1341 2726 1470 2808 quia
1491 2746 1577 2793 est
1601 2731 1771 2794 veluti

177 2833 361 2882 mater
389 2824 444 2882 in
476 2826 598 2882 sinu
629 2826 834 2883 habens
865 2826 969 2883 alia
1005 2837 1129 2883 vota
1157 2815 1495 2899 paupertatis
1521 2840 1576 2884 et
1606 2828 1774 2885 casti-

179 2919 332 2983 tatis,
383 2927 718 2990 cunctasque
767 2918 1143 2976 observandas
1196 2921 1438 2988 ordinis;
1491 2920 1537 2976 si
1586 2930 1769 2976 autem

177 3017 360 3066 mater
390 2997 621 3066 laedatur
667 3020 764 3067 aut
812 3013 1099 3081 moriatur,
1121 3012 1253 3084 quid
1277 3014 1343 3069 de
1367 3012 1626 3084 progenie
1652 3013 1770 3082 ejus

175 3101 510 3172 sperandum
533 3102 656 3159 est?
687 3102 812 3160 Ilaec
837 3104 1172 3175 comparatio
1205 3105 1250 3161 si
1281 3120 1388 3160 non
1412 3103 1589 3176 plene,
1623 3114 1770 3159 certe

177 3193 338 3249 valde
386 3194 640 3250 convenit
677 3197 860 3253 sensui
906 3196 972 3252 Β.
1019 3196 1084 3252 Ρ.
1158 3196 1440 3270 Guigonis,
1474 3191 1539 3252 et
1585 3205 1771 3253 nostro

179 3283 438 3339 instituto
467 3285 810 3355 exponendo,
834 3295 888 3341 et
917 3295 1064 3343 recte
1093 3287 1376 3357 capiendo.

245 3376 399 3431 Idem
433 3377 668 3435 refertur
699 3379 854 3436 tertia
874 3387 1030 3452 parte
1049 3380 1394 3450 antiquorum
1417 3379 1769 3448 statulorum,

175 3480 293 3537 cap.
324 3467 421 3533 25,
450 3485 600 3524 num.
639 3470 690 3525 l.
1473 3541 1477 3545 ,

243 3557 385 3614 Car.
415 3559 650 3617 LXXVI.
675 3593 746 3604 —-
770 3561 943 3620 Foras
963 3564 1275 3621 mittuntur:
1293 3564 1347 3621 id
1376 3573 1460 3622 est
1483 3573 1640 3620 extra
1663 3571 1771 3619 ter-

178 3653 386 3708 minos.
411 3652 512 3709 Hic
552 3663 734 3712 autem
758 3659 1139 3728 exprimuntur
1163 3656 1281 3713 loca
1307 3657 1362 3713 in
1390 3657 1585 3714 vicinis
1611 3672 1770 3712 mon-

178 3744 321 3799 tanis
351 3754 449 3800 aut
479 3744 653 3816 planis
681 3747 808 3813 sita,
864 3747 930 3804 ad
952 3739 1076 3819 quae
1123 3748 1468 3805 communius
1511 3758 1770 3820 poterant

175 3836 318 3892 mitti
374 3839 653 3908 conversi;
684 3839 773 3895 ubi
804 3841 1097 3911 hospitium
1145 3850 1202 3896 et
1226 3854 1408 3896 escam
1436 3855 1467 3895 a
1492 3857 1767 3912 quoquam

176 3922 427 3993 recipere
450 3925 833 3994 prohibentur,
862 3926 1024 3997 idque
1051 3941 1113 3982 ea
1136 3925 1203 3981 de
1223 3940 1384 3985 causa
1416 3941 1579 3996 quam
1603 3942 1768 3998 supra

180 4013 487 4084 attigimus,
521 4030 591 4070 ne
613 4013 667 4070 in
698 4015 1133 4072 familiaritatum
1162 4024 1218 4072 et
1246 4015 1373 4091 inde
1395 4015 1449 4072 in
1477 4016 1768 4094 relaxatio-

176 4119 305 4161 num
338 4107 657 4163 occasiones
684 4107 1004 4164 inciderent.

243 4194 386 4252 CAP.
418 4191 676 4254 LXXVII.
704 4229 775 4240 —
821 4192 916 4254 Vel
951 4195 1220 4271 aufugerit
1250 4197 1331 4255 uel
1363 4197 1545 4270 pulsus
1585 4200 1764 4271 fuerit.

177 4285 274 4344 llic
299 4303 627 4360 expressum
660 4289 926 4346 habemus
953 4291 1171 4347 modum
1215 4292 1411 4364 agendi
1445 4301 1570 4347 tunc
1601 4291 1769 4347 usita-

176 4386 290 4435 tum
325 4394 453 4435 cum
511 4380 596 4436 his
649 4382 741 4451 qui
791 4390 951 4438 erant
992 4391 1088 4438 aut
1138 4381 1374 4456 fugitivi,
1407 4392 1501 4439 aut
1544 4393 1768 4456 propter

176 4485 379 4540 pravos
404 4487 584 4530 mores
613 4487 644 4529 e
672 4475 1006 4530 monasterio
1030 4475 1263 4546 expulsi.
1323 4474 1443 4533 Non
1474 4485 1558 4532 est
1582 4487 1764 4533 autem

177 4562 489 4618 mirandum
547 4563 593 4620 si
638 4564 692 4619 in
769 4564 1192 4636 quibuscunque
1253 4567 1761 4638 communitatibus‘,

174 4655 344 4710 etiam
374 4653 432 4710 in
460 4656 723 4726 propositi
751 4657 831 4712 sui
859 4657 1042 4714 nativo
1071 4656 1290 4715 fervore
1324 4659 1655 4724 constitutis,
1681 4675 1765 4715 re-

175 4746 460 4815 periantur
510 4738 762 4805 homines
816 4749 909 4819 qui
957 4747 1010 4803 in
1064 4749 1269 4806 similes
1300 4752 1462 4807 casus
1490 4751 1761 4808 decidant.

179 4835 376 4894 Status
405 4837 550 4893 enim
582 4839 943 4906 mouasticus,
969 4840 1372 4910 quantumllbet
1395 4851 1583 4897 sancte
1611 4842 1766 4896 insti-

178 4936 328 4984 tutus
354 4936 411 4983 et
435 4927 794 5000 :acquirendze
835 4931 1114 4988 sanctitati
1163 4941 1328 5003 atque
1376 4932 1765 4989 conservandae

179 5019 522 5088 aptissimus,
572 5035 678 5075 non
701 5029 881 5091 potest
924 5021 1139 5078 efficere
1187 5031 1249 5078 ut
1273 5022 1522 5079 homines
1551 5032 1766 5078 cessent

176 5124 300 5167 esse
339 5113 607 5181 homines,
664 5129 790 5169 cum
835 5129 937 5171 nec
960 5124 1135 5172 status
1163 5114 1493 5186 apostolicus
1519 5114 1766 5172 effecerit

177 5213 234 5256 ut
260 5203 432 5260 ludas
473 5222 581 5261 non
629 5205 793 5261 fuerit
840 5207 1104 5277 proditor,
1154 5222 1220 5263 ac
1257 5207 1453 5263 deinde
1503 5207 1766 5280 suiipsius

177 5295 468 5354 homicida.
495 5299 607 5354 Cur
634 5315 764 5371 ergo
789 5311 896 5356 tam
925 5301 1034 5356 alte
1058 5301 1365 5358 exclamant
1394 5302 1641 5359 homines
1674 5317 1766 5358 su-

178 5403 278 5458 per
299 5406 429 5446 casu
477 5392 708 5464 alicujus
763 5394 1052 5449 monachi?
1082 5393 1220 5462 Quia
1248 5396 1458 5466 seipsos
1488 5397 1761 5464 nesciunt,

179 5489 236 5534 et
259 5484 479 5553 propria
502 5485 760 5555 opinione
784 5486 969 5542 caecati
1001 5487 1212 5557 seipsos
1237 5504 1345 5544 non
1367 5490 1678 5565 attendunt,
1710 5497 1766 5545 et

179 5573 420 5640 quotidie
447 5578 704 5632 cadentes
733 5589 792 5632 ut
813 5578 996 5633 miseri
1022 5579 1292 5646 homines,
1315 5581 1491 5637 adhuc
1515 5581 1766 5653 ignorant

181 5661 312 5743 quid
336 5664 403 5717 sit
427 5680 546 5721 esse
578 5667 875 5723 hominem.
894 5667 953 5723 Si
979 5683 1107 5740 ergo
1136 5679 1392 5739 saperent
1415 5680 1467 5725 ct
1492 5671 1761 5743 intellige-

1876 1817 1978 1873 sibi
2005 1820 2297 1874 caverent:

1945 1904 2044 1962 llic
2077 1907 2290 1963 videtur
2308 1909 2440 1980 quid
2470 1921 2597 1967 tunc
2636 1911 2793 1968 fieret
2827 1921 2888 1968 ut
2936 1914 3105 1970 caulae
3147 1917 3464 1974 monasticae

1877 1999 1946 2053 ab
1975 1999 2190 2057 infectis
2220 2001 2415 2059 ovibus
2471 2013 2858 2075 purgarentur,
2887 2020 2955 2061 ne
2990 2005 3126 2062 alias
3151 2006 3458 2063 inficerent.

1874 2089 1991 2146 Non
2013 2092 2358 2164 specificatur
2387 2109 2549 2151 casus
2577 2111 2675 2166 pro
2719 2112 2829 2167 quo
2867 2091 3163 2155 monachus
3203 2096 3298 2155 aut
3328 2114 3461 2156 con--

1874 2198 2066 2240 versus
2093 2187 2360 2256 potuisset
2382 2187 2602 2258 expelli,
2640 2189 2736 2245 sed
2769 2189 3099 2262 generaliter
3133 2192 3455 2261 perversita-

1874 2285 1985 2331 tum
2007 2289 2065 2332 et
2091 2278 2200 2333 vitii
2240 2280 2459 2335 nomina
2502 2290 2860 2352 usurpantur.
2897 2280 3014 2336 Non
3066 2276 3268 2338 dicitur
3292 2283 3458 2342 etiam

1873 2354 2016 2438 quod
2044 2367 2302 2440 fugitivos
2319 2372 2614 2427 monachos
2646 2372 3010 2442 requirerent.
3033 2371 3090 2428 Id
3115 2382 3297 2428 tamen
3325 2374 3456 2430 sub-

1873 2456 2200 2514 audiendum
2252 2474 2374 2516 esse
2419 2460 2657 2527 videtur,
2705 2477 2830 2518 cum
2867 2461 2920 2517 in
2951 2455 3126 2519 forma
3157 2464 3456 2537 professio-

1875 2545 1962 2602 nis
1989 2562 2381 2605 conversorutn
2414 2545 2696 2620 innuatur,
2749 2553 3000 2622 Quamvis
3026 2549 3155 2611 huic
3187 2553 3457 2627 interpre-

1877 2639 2064 2696 tationi
2088 2629 2308 2696 obstare
2327 2641 2617 2699 videantur
2640 2643 2804 2700 verba
2825 2647 3128 2716 sequentia.
3145 2645 3252 2702 Sed
3273 2647 3456 2702 omnia

1873 2731 2330 2803 conciliabuntur,
2383 2735 2428 2792 Si
2461 2736 2558 2792 fiat
2622 2727 2902 2795 distinctio
2952 2731 3098 2796 inter
3153 2733 3453 2812 fugitivum

1873 2821 2212 2892 simpliciter,
2265 2833 2321 2880 et
2354 2824 2639 2897 fugitivum
2691 2827 2851 2882 simul
2905 2837 2960 2883 et
3019 2843 3358 2899 perversum,
3401 2838 3459 2885 et

1873 2912 2087 2968 dicatur
2145 2916 2380 2986 primum
2428 2917 2495 2971 ad
2545 2931 2604 2972 se
2648 2917 2811 2972 etiam
2857 2921 3045 2974 coacle
3077 2934 3335 2975 revocare
3361 2933 3457 2988 po.

1875 3004 2062 3070 tuisse,
2092 3007 2387 3062 secundum
2435 3017 2616 3064 autem
2666 3009 2927 3077 noluisse,
2984 3011 3112 3082 quia
3135 3025 3297 3067 causa
3325 3027 3452 3082 per-

1876 3097 2144 3176 versitatis
2174 3099 2336 3154 etiam
2372 3099 2566 3171 expelli
2598 3101 2930 3156 merebatur.

1943 3185 2012 3240 Et
2035 3189 2223 3244 ductus
2259 3191 2558 3260 paenitentia
2609 3192 2842 3246 redierit.
2885 3186 2985 3249 Hic
3015 3207 3120 3249 non
3170 3192 3239 3249 de
3263 3204 3474 3274 coacto.

1873 3279 2050 3333 reditu
2099 3279 2295 3348 agitur,
2327 3281 2420 3336 sed
2471 3281 2739 3338 delibero
2788 3281 3122 3354 paenitentia:
3161 3299 3226 3340 ac
3247 3285 3456 3354 intimas

1871 3371 2242 3429 conversionis
2276 3374 2477 3429 motive
2501 3375 2846 3446 procedente.

1943 3458 2261 3517 Promittens
2295 3475 2511 3518 suarum
2562 3464 2978 3521 emendationem
3030 3469 3449 3538 perversilalum.

1868 3551 2297 3611 Perversitatum
2345 3547 2542 3614 nomen
2616 3558 2669 3612 in
2726 3557 2923 3628 plurali
2970 3561 3207 3630 positum
3258 3577 3454 3640 graves

1869 3645 2056 3716 culpas
2083 3646 2302 3712 indicat,
2331 3657 2387 3704 et
2436 3649 2592 3719 quasi
2619 3650 2931 3708 habituales
2961 3651 3202 3718 cﬂ'ectas,
3247 3670 3312 3709 ex
3336 3654 3452 3709 solo

1869 3738 2012 3792 enim
2060 3740 2317 3809 peccandi
2371 3739 2584 3807 habitu,
2635 3741 2802 3798 homo
2850 3759 3139 3814 perversus
3185 3754 3240 3800 et
3291 3745 3452 3815 quasi

1871 3827 2112 3883 moribus
2157 3829 2484 3899 depravatus
2529 3830 2762 3900 dicitur;
2796 3843 3054 3902 peccator
3085 3849 3216 3891 vero
3239 3843 3451 3890 tantum

1870 3912 2092 3984 dicitur,
2121 3919 2214 3988 qui
2245 3935 2312 3975 ex
2343 3921 2584 3976 humana
2617 3921 2935 3981 infirmitate
2961 3925 3015 3982 in
3043 3936 3327 3998 peccatum
3369 3926 3453 3982 in-

1868 4004 2018 4073 cidit,
2056 4024 2154 4065 nec
2179 4026 2404 4081 peccare
2426 4025 2763 4085 perseverat.

1941 4096 2206 4154 Tractabit
2245 4103 2391 4172 prior
2426 4121 2639 4160 causam
2662 4107 2798 4177 ejus,
2825 4117 2934 4164 etc.
2974 4109 3122 4166 Talis
3144 4125 3277 4183 ergo
3307 4111 3449 4184 fugi-

1868 4190 2010 4247 tivos
2035 4194 2428 4266 autexpulsus,
2480 4197 2646 4253 etiam
2690 4209 2885 4271 sponte
2927 4217 3180 4259 reversus
3201 4211 3256 4260 et
3277 4219 3452 4274 posm-

1871 4284 2039 4337 tentia
2064 4283 2275 4349 ductus,
2304 4302 2408 4342 non
2432 4289 2615 4344 statim
2641 4289 3034 4360 recipiebatur;
3067 4292 3208 4349 unde
3229 4305 3454 4365 apparet

1869 4384 2130 4442 quantum
2161 4375 2266 4432 illis
2291 4379 2623 4449 temporibus
2647 4383 3047 4453 circumspecte
3071 4392 3294 4456 agerent
3321 4384 3449 4441 boni

1869 4467 2081 4535 Patres,
2127 4479 2180 4524 et
2221 4486 2343 4526 cum
2400 4473 2655 4544 scrupulo
2684 4489 2881 4530 cavere
2933 4473 3132 4532 vellent
3176 4491 3244 4530 ne
3289 4491 3448 4531 ovem

1870 4560 2108 4630 aliquam
2143 4563 2448 4619 morbidam
2504 4565 2834 4634 reciperent,
2865 4580 2986 4636 quae
3037 4566 3162 4621 aliis
3190 4567 3450 4642 damnum

1871 4653 2072 4708 inferre
2093 4662 2300 4724 posset,
2330 4655 2530 4710 bonum
2555 4657 2959 4712 communitatis
2982 4655 3314 4727 pnefcrendo
3339 4657 3451 4710 uti-

1869 4743 2113 4799 litatibus
2137 4744 2360 4814 privatas
2386 4739 2648 4816 personae.

1944 4835 2014 4890 Et
2049 4837 2183 4891 sicut
2219 4836 2296 4891 vel
2323 4836 2549 4906 fratrum
2596 4853 2863 4903 numerus,
2895 4836 2973 4892 vel
3008 4837 3194 4892 domus
3224 4837 3447 4906 utilitas,

1865 4927 1946 4983 vel
1990 4928 2146 4983 etiam
2167 4927 2332 4996 salus,
2360 4938 2466 4985 etc.
2496 4927 2576 4983 Ex
2607 4927 2833 4983 fratrum
2855 4943 3086 4984 numero
3123 4929 3450 5000 gravitatem

1868 5018 2080 5074 consilii
2110 5035 2177 5074 ex
2203 5018 2436 5090 plurium
2466 5018 2789 5092 conglobate
2819 5034 2982 5076 sensu
3032 5020 3446 5092 provenientem

1867 5111 1981 5165 vult
2034 5113 2341 5182 exprimere
2392 5109 2458 5166 R.
2509 5111 2571 5166 Ρ.
2627 5111 2829 5183 Guigo;
2863 5119 2918 5168 et
2945 5113 3036 5168 hic
3083 5113 3234 5168 varia
3271 5115 3450 5185 capita

1869 5202 2262 5258 consideranda
2312 5219 2408 5260 seu
2459 5203 2809 5276 ponderanda
2860 5205 3125 5277 assignat,
3155 5207 3451 5278 exquibus

1867 5295 2033 5351 veluti
2085 5294 2369 5366 principiis
2419 5291 2829 5352 convenientior
2893 5296 3255 5354 deduceretur
3326 5313 3445 5354 con-

1867 5387 2058 5452 clusio,
2122 5401 2228 5457 qua
2275 5386 2684 5442 communitatis
2737 5387 2962 5454 utilitas,
3006 5387 3232 5460 etquod
3285 5388 3448 5444 saluti

1867 5476 2074 5550 expulsi
2127 5487 2224 5532 aut
2276 5473 2488 5548 fugitivi
2516 5476 2688 5548 magis
2740 5479 3097 5535 conveniebat
3123 5477 3284 5534 simul
3311 5493 3445 5534 con-

1867 5566 2253 5629 cordarentur.

1937 5665 2005 5719 Et
2034 5667 2079 5720 si
2106 5664 2383 5720 consilium
2409 5664 2689 5736 recipiendi
2702 5664 2978 5735 placuerit,
2998 5673 3070 5716 ad
3086 5659 3445 5732 probationem

181 5740 524 5814 rent.zclum
574 5756 794 5823 quidem
855 5769 1041 5814 contra
1089 5771 1369 5827 peccatum
1417 5740 1756 5832 exercerent,
1796 5763 1840 5823 l)
1865 5758 2198 5828 humilitatis,
2242 5767 2348 5816 etc.
2401 5757 2538 5814 lIinc
2582 5765 2808 5826 apparet
2857 5755 3001 5827 quod
3051 5763 3341 5827 antequam
3371 5751 3441 5810 ad
