3894 6298
797 261 874 288 ,φρ
907 260 924 268 -

509 311 602 368 tut
797 265 924 288 *Γ
1353 299 1676 362 curemus
1711 298 1728 356 l
1769 295 2194 356 cauruusne
2237 293 2536 374 MAJOBIS
2577 293 2846 352 PRIORIS
2887 293 2928 350 ν
3633 295 3710 352 ut

1810 411 2061 494 CAPITU
2071 411 2214 467 LUM
2253 411 2534 468 LXXVIII.

1781 499 1858 557 De
1895 517 2112 557 numero
2155 499 2529 556 habitatorum.

577 603 631 654 1.
663 596 940 658 Numerus
965 597 1332 655 habitatorum
1361 589 1522 662 huius
1553 591 1748 658 eremi,
1781 593 2178 650 monachorum
2207 591 2427 662 quidem
2457 589 2714 648 tredecim
2764 599 2868 658 est,
2897 603 3003 646 non
3037 584 3182 658 quod
3217 597 3432 654 semper
3471 589 3543 638 tot
3567 581 3715 652 sintut,

503 705 652 746 nime
678 691 826 747 enim
856 704 964 746 non
995 701 1182 744 sumus
1206 695 1305 752 tot,
1339 686 1434 743 sed
1465 686 1614 757 quod
1633 693 1743 752 tot,
1773 685 1817 740 si
1847 685 1993 740 Deus
2011 695 2108 739 eos
2159 683 2393 748 miserit,
2426 683 2711 754 suscipere
2753 679 3116 738 instituimus.
3141 677 3250 734 Sed
3275 685 3332 732 et
3355 675 3398 732 si
3430 675 3719 750 talisaliqui:

507 794 670 847 unus,
696 779 850 850 cujus
871 777 1076 834 utilitas
1103 785 1157 833 et
1188 778 1445 832 honestas
1465 775 1720 832 videatur
1731 776 1820 831 vix
1841 789 2004 846 posse
2035 775 2364 844 recuperari.
2399 771 2850 832 misericordiam
2877 770 3257 850 postulaverit,
3281 768 3508 825 addetur
3525 777 3575 825 et
3594 785 3720 841 quar-

509 879 596 926 tus
628 871 898 936 decimus,
925 869 972 924 si
1001 877 1182 924 tamen
1214 866 1450 924 facultas
1481 866 1676 924 domus
1707 867 1944 940 tolerare
1968 879 2130 938 posse
2159 863 2460 936 potabitur.
2879 861 2884 866 ’

2081 975 2430 1036 ΕΝΤΛΒΙΙΙΞ.

2081 977 2098 994 .
2152 975 2193 1030 τ
2411 1017 2430 1036 ⁸

507 1071 795 1144 pristinum
844 1075 1043 1125 statum
1095 1075 1355 1140 expulsus
1378 1077 1472 1126 aut
1492 1069 1752 1144 fugitivus
1782 973 2163 1132 aug-31:21:
2195 977 2405 1129 ἑθῗέῗέ
2433 1071 2690 1136 discolos,
2727 1081 2783 1136 et
2832 1071 3008 1130 satius
3055 1077 3140 1134 est
3164 1078 3224 1127 ut
3251 1069 3430 1126 vitiosi
3483 1069 3720 1128 intramo-

511 1165 618 1228 t'ur,
644 1161 797 1217 fleret
824 1157 1076 1231 probatio
1105 1162 1449 1232 humilitatis,
1474 1171 1536 1219 ut
1553 1179 1620 1220 ex
1648 1165 1877 1236 probata
1913 1161 2089 1220 humi-

507 1253 658 1310 litate
681 1253 884 1309 veritas
911 1253 1286 1310 conversionis
1309 1265 1720 1326 agnosceretur.
1753 1255 1810 1312 ln
1835 1271 1940 1327 qua
1967 1257 2102 1326 ιιι-ου’

511 1341 755 1408 batione,
791 1343 1040 1398 adinstar
1063 1343 1181 1416 ejus
1205 1359 1324 1416 quze
1353 1345 1414 1401 fit
1455 1345 1510 1401 in
1543 1345 1774 1418 novitiis
1797 1353 2088 1416 antequam

503 1435 574 1492 ad
601 1437 999 1507 professionem
1027 1439 1384 1495 admittantur
1409 1439 1733 1508 faciendam,
1764 1437 2087 1495 credendum

503 1537 588 1584 est
615 1531 760 1600 quod
813 1531 860 1586 si
913 1530 1265 1598 defecissent,
1299 1532 1494 1588 iterum
1528 1531 1666 1604 pulsi
1693 1531 1946 1597 fuissent,
1985 1546 2089 1588 nec

503 1618 569 1674 ad
597 1618 818 1688 plenam
871 1620 1376 1678 reconciliationem
1412 1623 1466 1676 in
1489 1622 1679 1677 ordine
1700 1621 1942 1678 admissi.

574 1711 676 1768 Sin
714 1722 911 1780 autent,
937 1713 1150 1768 dabitur
1169 1713 1216 1768 ei
1239 1713 1470 1777 licentia,
1499 1721 1606 1768 etc.
1639 1712 1792 1769 Tunc
1818 1727 1950 1784 ergo
1971 1711 2092 1768 lici-

507 1813 619 1860 tum
642 1815 763 1862 erat
801 1806 1020 1878 propria
1065 1805 1392 1862 auctoritate
1441 1805 1572 1861 dare
1605 1785 1878 1861 licEntiam
1916 1813 2090 1860 trans-

505 1899 668 1954 eundi
693 1899 764 1954 ad
791 1897 955 1956 alium
982 1899 1253 1964 ordinem,
1280 1899 1424 1970 quod
1457 1913 1601 1955 nunc
1623 1915 1727 1954 non
1765 1897 1913 1956 licet.

587 1989 644 2046 In
701 1991 808 2047 hoc
857 1991 1099 2062 capitulo
1129 1993 1347 2047 videtur
1372 1991 1550 2063 qualis
1598 2001 1716 2048 erat
1748 2001 1875 2048 tunc
1903 1991 2090 2064 politia
2129 2003 2138 2010 '

499 2081 825 2146 monastica,
850 2079 976 2151 jure
1002 2083 1167 2138 etiam
1198 2084 1425 2154 antiquo
1470 2083 1738 2139 canonico
1765 2083 2086 2156 approbata,

499 2185 608 2242 qua
637 2173 821 2230 caulas
873 2173 1207 2250 monasticas
1235 2175 1400 2246 primi
1459 2175 1650 2232 Patres
1677 2192 1908 2248 purgare
1939 2185 2092 2248 pote-

501 2271 626 2319 rant
647 2279 678 2318 a
707 2265 972 2322 morbidis
998 2267 1212 2333 ovibus,
1241 2267 1617 2338 reliquumque
1648 2283 1863 2340 gregem
1897 2268 2092 2322 immu-

499 2370 625 2410 nem
650 2357 878 2412 reddere
907 2373 936 2412 a
965 2367 1046 2416 tot
1077 2359 1310 2426 datnnis,
1343 2357 1726 2416 vexationibus
1770 2367 1824 2416 et
1852 2358 2088 2415 scanda-

500 2447 592 2512 ιίε,
622 2463 688 2504 ex
732 2449 1060 2506 discolorum
1118 2451 1295 2524 tepida
1352 2461 1447 2508 aut
1505 2453 1647 2508 mala
1671 2451 2088 2508 conversatione

497 2539 961 2609 provenientibus.
987 2541 1064 2598 Ex
1089 2557 1197 2616 qua
1225 2545 1546 2618 purgatione
1569 2553 1778 2602 certum
1813 2553 1896 2600 est
1923 2543 2089 2600 disci-

497 2629 706 2700 plinam
759 2633 1143 2700 monasticam,
1196 2643 1250 2690 et
1298 2635 1596 2704 saniorem,
1625 2643 1680 2691 et
1725 2634 2002 2706 puriorem
2034 2643 2090 2691 et

499 2721 889 2782 durabiliorem
921 2734 1048 2781 tunc
1084 2727 1327 2797 potuisse
1360 2727 1567 2783 servari
1597 2745 1612 2784 :
1641 2725 1912 2784 habebant
1941 2721 2087 2784 enini

501 2815 570 2868 ad
605 2829 823 2870 manum
858 2818 1154 2872 remedium
1177 2817 1388 2886 efficax,
1413 2834 1522 2892 quo
1543 2827 1766 2891 possent
1796 2819 1996 2874 malum
2022 2799 2104 2876 de

499 2907 680 2964 medio
715 2909 796 2964 sui
828 2908 1063 2965 auferre.
1093 2909 1246 2968 Nunc
1273 2927 1406 2968 vero
1434 2911 1691 2984 gravibus
1712 2913 1778 2968 de
1802 2913 1982 2969 causis
2019 2911 2090 2968 ad

499 2999 778 3071 publicum
827 3003 1060 3066 bonum,
1082 3011 1256 3060 status
1311 3013 1422 3059 tum
1452 3003 1834 3072 ecclesiastici,
1865 3013 1978 3060 tum
2010 3003 2090 3059 ci-

502 3091 650 3157 vilis,
677 3092 1103 3162 pertinentibus,
1137 3091 1572 3166 jurisprudcntia
1631 3093 1719 3149 illa
1751 3103 1955 3150 mutata
1981 3103 2087 3159 est,

497 3185 618 3240 etsi
648 3198 768 3254 quae
791 3199 858 3241 ex
895 3185 1090 3242 ovibus
1117 3187 1184 3240 ad
1215 3185 1610 3258 professionem
1641 3186 1810 3243 semel
1835 3187 2091 3242 admissis

499 3275 761 3330 morbida:
789 3283 883 3330 aut
913 3275 1120 3341 vitiosae
1144 3275 1295 3340 fiant,
1321 3293 1448 3333 cum
1477 3277 1634 3334 bonis
1676 3277 1878 3332 mixtas
1911 3276 1964 3330 in
1995 3291 2091 3331 ea-

499 3363 624 3420 dem
652 3366 804 3421 caula
830 3371 975 3423 nunc
1003 3381 1222 3422 servare
1259 3367 1536 3438 cogimur,
1568 3376 1814 3422 resecato
1846 3364 1938 3420 illo
1975 3365 2088 3436 pri—

499 3457 646 3514 stino
677 3459 1014 3531 purgationis
1065 3461 1326 3530 remedio,
1384 3460 1527 3532 quod
1573 3467 1780 3515 tantum
1837 3475 1902 3514 ex
1953 3458 2090 3514 raris

501 3551 680 3606 causis
706 3567 846 3608 nunc
875 3551 1210 3609 conceditur.

573 3639 822 3712 Magnam
851 3644 974 3701 inde
1003 3644 1208 3702 cladem
1233 3643 1398 3702 statui
1422 3644 1720 3702 monastico
1744 3643 1992 3700 evenisse
2011 3643 2092 3698 vi-

501 3735 676 3789 detur.
707 3735 778 3790 At
803 3723 1102 3804 majoribus
1129 3736 1343 3793 damnis
1371 3738 1581 3794 minora
1611 3737 1858 3809 postponi
1890 3735 2088 3790 debere

493 3825 858 3898 justissimum
889 3837 996 3884 est.
1029 3829 1106 3885 Ex
1157 3829 1600 3901 multiplicatione
1631 3830 1776 3886 enim
1817 3837 2088 3884 monaste-

505 3915 710 3973 riorum
736 3925 790 3973 et
821 3919 1222 3992 religiosorum,
1268 3929 1429 3992 atque
1455 3921 1616 3976 etiam
1642 3935 1708 3976 ex
1733 3918 1924 3989 majori
1956 3917 2090 3975 faci-

500 4007 652 4065 li:ate
674 4011 740 4064 ad
760 4009 1065 4077 religiosam
1089 4011 1479 4084 professionem
1502 4012 1820 4070 admittendi
1837 4011 2085 4082 juvenes,

499 4100 602 4184 sub
665 4101 754 4156 illa
805 4099 996 4159 fiducia
1047 4105 1190 4174 quod
1239 4105 1284 4162 si
1335 4121 1442 4160 non
1493 4105 1742 4176 religiose
1783 4106 2084 4170 ,viverent,

497 4201 718 4264 possent
747 4195 959 4280 expelli,
988 4197 1372 4270 multiplicatus
1393 4205 1475 4254 est
1495 4199 1660 4254 etiam
1686 4213 1943 4254 numerus
1966 4200 2091 4256 isto-

497 4299 622 4340 rum
651 4286 1087 4356 expellendorum
1127 4298 1178 4347 et
1226 4289 1594 4360 expulsorum,
1623 4290 1712 4362 qui
1744 4291 1810 4346 ad
1833 4292 2088 4350 sarculum

501 4377 710 4432 reversi
741 4376 1036 4434 Ecclesium
1068 4387 1123 4434 et
1160 4379 1396 4435 familias
1423 4395 1527 4436 non
1558 4395 1681 4438 raro
1701 4396 1858 4454 vago,
1888 4381 2084 4450 otioso,

500 4473 556 4522 et
595 4459 904 4524 incrdinato
945 4469 1160 4524 vivendi
1207 4471 1366 4526 modo
1413 4471 1852 4528 scandalizabant
1879 4483 1933 4528 et
1959 4489 2087 4544 per-

501 4559 814 4616 turbabant.
863 4561 1074 4618 Sensim
1129 4577 1258 4635 ergo
1311 4573 1592 4621 crescente
1623 4567 1728 4624 isto
1755 4581 1786 4623 e
1815 4579 2088 4622 monaste-

497 4651 598 4707 riis
635 4651 985 4723 expulsorum
1033 4669 1282 4722 numero,
1321 4665 1376 4711 et
1415 4655 1672 4713 seandalo
1709 4656 1924 4728 publico
1963 4657 2088 4712 inde

501 4757 784 4817 augmenta
811 4755 1155 4818 capescente,
1208 4749 1408 4804 sensim
1437 4749 1602 4806 etiam
1632 4750 1806 4806 crevit
1832 4747 2088 4806 Ecclesia:

503 4838 730 4894 attentio
756 4838 824 4894 ad
843 4838 1069 4908 ianuam
1098 4838 1428 4909 expulsionis
1451 4839 1860 4898 occludeudam.

576 4925 632 4981 Si
658 4927 724 4982 de
753 4929 856 4984 hac
879 4943 937 4985 re
981 4943 1402 5000 conqueramur,
1427 4931 1840 5002 respondebitur
1869 4931 2034 4987 nobis
2070 4951 2084 4986 :

501 5015 778 5073 Attendite
802 5018 960 5074 vobis
981 5027 1037 5075 et
1061 5029 1217 5077 cauta
1232 5021 1566 5079 discussione
1583 5022 1933 5094 rigorosoquc
1957 5035 2088 5076 exa-

505 5105 650 5198 mine
703 5107 928 5178 probate
975 5125 1068 5167 eos
1095 5127 1231 5182 quos
1255 5113 1320 5168 ad
1345 5113 1736 5186 professionem
1775 5113 2082 5180 admittitis,
2120 5143 2164 5198 ο

503 5197 648 5252 nulla
695 5200 780 5256 vis
805 5201 956 5258 vobis
983 5202 1216 5260 infertur
1265 5203 1334 5260 ad
1375 5205 1720 5276 recipiendos
1767 5207 2085 5262 monachos.

501 5289 892 5366 Portateergo
939 5311 1076 5368 quos
1128 5297 1300 5354 libere
1353 5307 1408 5353 et
1438 5295 1740 5352 voluntarie
1791 5301 2086 5356 monachos

499 5382 737 5454 fecistis;
768 5403 876 5445 non
895 5401 976 5448 est
1001 5391 1148 5448 enim
1165 5389 1370 5462 justum
1393 5397 1452 5444 ut
1473 5405 1574 5460 pro
1593 5399 1778 5447 vestro
1802 5389 2086 5449 commodo

499 5483 802 5558 respublica
863 5485 1249 5542 detrimentum
1281 5493 1335 5541 et
1361 5481 1604 5540 Ecclesia
1653 5482 1964 5540 scandalum
2017 5499 2083 5542 ex

501 5581 584 5626 tot
623 5573 974 5632 decucullatis
1021 5575 1290 5646 religiosis
1333 5575 1628 5644 patiantur.
1681 5575 2084 5648 Circumspecte

499 5663 664 5734 agite,
695 5681 817 5720 cum
849 5666 1092 5736 recipitis
1125 5663 1360 5718 novitios
1386 5665 1451 5718 ad
1491 5665 1884 5735 professionem
1913 5683 1927 5732 ;
1963 5667 2086 5723 illos

499 5741 634 5812 bene
666 5759 718 5810 in
744 5757 1024 5828 disciplina
1059 5751 1298 5826 regulari
1323 5756 1570 5826 educatc;
1601 5755 1880 5828 corripite,
1909 5757 2089 5815 incar—

2194 1164 2415 1222 nasterii
2447 1176 2600 1236 septa
2629 1164 2826 1222 reclusi
2862 1163 3322 1236 comprimantur,
3366 1177 3520 1234 quam
3542 1171 3593 1218 ut
3613 1161 3716 1219 inli-

2191 1255 2402 1312 bertate
2430 1253 2593 1327 positi
2645 1245 2935 1326 pristinum
2975 1254 3103 1309 vita:
3134 1252 3454 1309 austerioris
3493 1267 3628 1308 usum
3653 1269 3722 1325 per

2191 1347 2439 1404 vitiosam
2467 1345 2936 1404 conversationem
2975 1331 3330 1416 compensare
3356 1331 3590 1400 sinantur
3681 1349 3684 1352 '

2259 1435 2340 1494 Ad
2369 1435 2482 1493 huic
2504 1437 2634 1508 quid
2660 1433 3148 1508 respondebimus?
3185 1435 3366 1492 Unum
3399 1443 3593 1490 tantum
3626 1435 3722 1489 mihi

2189 1528 2452 1596 occurrit,
2491 1528 2644 1584 salvo
2671 1526 2882 1583 meliori
2901 1527 3131 1598 judicio,
3163 1519 3540 1597 objiciendum.
3563 1523 3724 1582 Occur-

2193 1629 2320 1676 runt
2351 1619 2488 1678 certi
2513 1635 2698 1686 casus,
2753 1619 2809 1676 in
2865 1620 3064 1690 quibus
3113 1633 3305 1676 revera
3355 1619 3618 1676 ordinibus
3635 1635 3724 1676 mo-

2191 1711 2417 1768 nasticis
2439 1709 2596 1786 valde
2633 1709 3070 1780 compatiendum
3113 1715 3307 1776 est,'et
3335 1710 3390 1788 in
3437 1711 3616 1780 quibus
3633 1725 3728 1780 pro-

2191 1801 2330 1857 visio
2357 1799 2542 1871 aliqua
2569 1800 2636 1856 de
2657 1798 3003 1856 convenienti
3051 1799 3292 1854 remedio
3326 1797 3556 1868 optanda
3583 1809 3722 1858 esset:

2193 1901 2246 1948 et
2271 1891 2328 1948 hi
2353 1906 2512 1948 casus
2531 1905 2598 1946 ex
2627 1889 2951 1960 deceptione
2983 1889 3301 1959 procedunt,
3328 1899 3491 1958 atque
3512 1903 3572 1943 ex
3595 1901 3727 1943 sacu-

2193 1983 2389 2038 larium
2444 1997 2594 2038 mera
2650 1981 2828 2053 culpa,
2881 1981 2972 2052 qui
2997 1989 3057 2036 ut
3085 1982 3248 2036 rebus
3296 1982 3412 2036 suis
3435 1979 3728 2052 provideant,

2193 2075 2764 2134 infelicesmonachos
2795 2071 2975 2131 facere
3011 2075 3251 2130 student.
3285 2071 3428 2128 Sunt
3456 2073 3589 2128 enim
3609 2071 3734 2144 iure:

2193 2185 2290 2226 nes
2323 2169 2414 2238 qui
2455 2167 2540 2224 vel
2563 2183 2592 2222 a
2619 2167 2938 2238 parentibus
2983 2165 3217 2231 incitati,
3245 2165 3332 2221 vel
3375 2179 3524 2220 mera
3545 2167 3726 2220 necessi-

2193 2273 2304 2320 ttte
2333 2263 2530 2336 pressi,
2571 2259 2658 2317 vel
2708 2259 2832 2316 aliis
2871 2261 3090 2318 motivis
3129 2259 3276 2315 mere
3331 2255 3583 2315 humanis
3601 2257 3728 2320 ducti,

2191 2355 2419 2410 veniunt
2451 2355 2518 2410 ad
2547 2353 2934 2409 monasterium
2983 2351 3188 2421 absque
3217 2347 3324 2406 ulla
3353 2347 3622 2406 vocatione
3644 2361 3730 2403 ete-

2117 2430 2336 2512 Blrsﬁ,
2361 2445 2450 2501 ubi
2499 2459 2598 2518 per
2644 2459 2844 2500 annum
2898 2443 3191 2499 novitiatus
3227 2449 3290 2498 se
3333 2439 3648 2502 cohibentes,
3685 2455 3732 2493 ac

2191 2533 2326 2599 satis
2359 2540 2604 2597 modeste
2633 2547 2690 2594 et.
2721 2538 2974 2610 religiose
2999 2537 3268 2601 viventes,
3307 2543 3618 2590 conventum
3642 2531 3733 2602 qui-

2190 2629 2315 2691 dem
2348 2633 2679 2706 regularem,
2710 2631 2804 2688 sed
2837 2631 3046 2702 seipsos
3075 2630 3251 2701 magis
3274 2643 3436 2698 quam
3467 2625 3594 2680 alios
3621 2623 3734 2678 deci-

2191 2727 2365 2799 piunt.
2403 2723 2541 2780 Nam
2605 2723 2944 2796 professione
2993 2723 3193 2777 emissa
3240 2721 3448 2790 seipsos
3479 2715 3586 2786 jam
3625 2714 3734 2770 ferre

2191 2813 2299 2875 non
2329 2818 2594 2884 valentes,
2647 2813 2838 2888 quales
2887 2815 2996 2870 sint
3033 2813 3386 2870 manifestare
3415 2811 3674 2880 incipiunt,
3694 2817 3734 2863 et

2189 2927 2290 2984 pro
2320 2910 2435 2967 zelo
2465 2925 2681 2980 semper
2704 2909 2756 2963 in
2787 2910 2872 2963 via
2907 2907 2999 2963 Dei
3025 2905 3366 2978 proficiendi,
3391 2903 3732 2959 relaxationum

2193 3001 2611 3076 qumrendarum
2641 3000 2968 3056 industriam
3029 2998 3389 3062 substituunt,
3411 2993 3538 3051 etin
3563 2993 3732 3064 praxim

2191 3097 2460 3152 reducunt
2497 3113 2512 3149 :
2544 3093 2692 3150 circa
2723 3094 2826 3150 ista
2863 3094 3061 3148 damna
3093 3091 3324 3163 lugenda
3353 3099 3409 3147 et
3435 3089 3656 3146 remedia
3675 3085 3739 3142 eis

2191 3187 2497 3244 adhibenda
2533 3187 2805 3244 disserere
2832 3185 3166 3256 desinamus,
3215 3185 3310 3240 sed
3357 3183 3500 3256 quod
3533 3181 3736 3238 nostrum

2190 3291 2278 3339 est
2313 3282 2491 3338 facere
2511 3297 2785 3338 curemus.

2265 3373 2364 3431 llis
2393 3389 2525 3468 ergo
2555 3371 2914 3446 temporibus,
2968 3371 3168 3468 quibus
3231 3369 3544 3468 remedium
3565 3377 3738 3468 purga-

2194 3467 2358 3522 tionis
2379 3461 2659 3522 cau'larum
2687 3473 2998 3522 nostrarum
3039 3463 3280 3520 ablatum
3311 3471 3418 3528 est,
3457 3461 3580 3532 quid
3602 3473 3736 3529 agen-

2191 3557 2319 3612 dum
2347 3557 2464 3612 est?
2519 3556 2578 3614 Si
2615 3555 2950 3626 temporibus
2995 3553 3062 3608 Β.
3089 3553 3270 3609 Patris
3315 3551 3592 3623 Guigonis,
3640 3564 3738 3604 cum

2193 3649 2494 3704 remedium
2534 3647 2586 3703 in
2636 3647 2888 3704 manibus
2941 3645 3226 3710 baberent,
3251 3645 3360 3699 tam
3389 3644 3738 3710 circumspecte

2193 3739 2341 3795 circa
2365 3740 2732 3810 receptionem
2767 3753 2956 3795 eorum
2990 3737 3080 3808 qui
3109 3735 3384 3793 volebant
3413 3735 3528 3790 fieri
3549 3731 3736 3789 Cartim-

2192 3833 2352 3900 siani,
2381 3848 2441 3889 se
2485 3833 2771 3904 gerebant,
2801 3831 2960 3904 longe
2999 3829 3452 3901 circumspectius
3480 3837 3530 3885 et
3553 3825 3738 3898 rigidios

2192 3941 2314 3980 cum
2343 3923 2750 3998 postulantibus
2804 3938 2949 3978 nunc
2979 3938 3228 3993 agamus,
3258 3931 3314 3977 et
3339 3921 3486 3978 omni
3517 3916 3734 3974 industria

2191 4017 2422 4088 probare
2465 4024 2796 4086 satagamus,
2847 4023 2902 4070 et
2939 4013 3082 4070 scire
3136 4030 3206 4069 an
3255 4013 3540 4070 vocatione
3566 4009 3736 4068 caelesti

2191 4107 2433 4174 atlraeti,
2480 4106 2648 4161 Deum
2693 4106 2745 4160 in
2773 4103 3116 4174 professione
3143 4103 3510 4160 Carthusiana
3535 4115 3738 4174 quaerere

2191 4200 2436 4267 veniant,
2489 4207 2544 4254 et
2569 4213 2638 4253 an
2675 4197 3061 4269 dispositiones
3096 4195 3164 4252 ad
3199 4211 3370 4252 onera
3419 4196 3617 4252 ordinis
3637 4209 3736 4266 por-

2194 4292 2353 4350 tanda
2385 4291 2639 4347 habeant.

2261 4379 2434 4438 Porro
2468 4381 2762 4436 humanum
2790 4375 3044 4446 dicendo,
3080 4395 3206 4435 cum
3243 4377 3526 4450 Apostolo,
3557 4385 3740 4450 propter

2192 4469 2571 4528 infirmitatem
2603 4470 2918 4538 humanam,
2948 4472 3304 4540 quaestionem
3345 4472 3506 4528 istam
3545 4473 3621 4526 his
3641 4485 3739 4524 ver-

2191 4563 2275 4618 bis
2299 4562 2708 4620 concludamus.
2737 4561 3023 4632 Nunquam
3047 4561 3150 4617 fuit
3168 4577 3270 4618 nec
3297 4563 3408 4618 erit
3427 4559 3738 4634 congregatio

2192 4656 2521 4722 monastiea,
2575 4656 2978 4727 quantumlibet
3021 4655 3482 4720 bene-ordinata,
3511 4669 3620 4724 quae
3641 4667 3736 4708 cum

2195 4750 2350 4807 bonis
2373 4759 2430 4806 et
2457 4749 2825 4806 mediocribus
2851 4750 3063 4821 aliquos
3093 4765 3201 4806 non
3245 4749 3450 4806 habeat
3475 4749 3562 4819 qui
3613 4761 3738 4800 voca-

2195 4843 2357 4898 tionis
2387 4857 2498 4897 suae
2519 4843 2752 4914 gratiam
2777 4857 2846 4899 ex
2871 4841 3030 4914 culpa
3051 4857 3149 4898 sua
3179 4841 3518 4915 neglexerint
3538 4839 3616 4896 vei
3637 4837 3740 4894 ami-

2193 4933 2390 4992 serint.
2429 4932 2508 4988 Ex
2540 4933 2642 4988 hoc
2663 4932 2846 5004 capite
2872 4941 2929 4988 et
2954 4933 3060 4988 alio
3087 4933 3235 5005 quod
3275 4947 3442 5004 supra
3479 4929 3740 4988 notavimus

2193 5025 2262 5080 de
2285 5023 2616 5080 intrantibus
2655 5023 2710 5078 in
2755 5021 3074 5094 religionem
3119 5023 3328 5094 absque
3359 5023 3630 5079 vocatione
3653 5031 3741 5074 ca:-

2195 5115 2341 5184 lesti,
2363 5123 2420 5171 et
2439 5129 2508 5170 ex
2541 5113 2709 5170 nimia
2763 5111 3100 5184 indulgentia
3133 5113 3186 5169 in
3214 5109 3742 5185 puniendis-excessi-

2193 5209 2296 5264 bus
2339 5217 2396 5264 et
2437 5207 2989 5280 transgressionibus,
3036 5217 3339 5264 nascuntur
3373 5205 3490 5263 fere
3529 5203 3740 5278 graviora

2193 5301 2391 5358 damna
2411 5300 2464 5356 in
2497 5299 2867 5358 monasteriis.

2261 5391 2390 5448 Car.
2421 5389 2702 5448 LXXVIII.
2731 5421 2802 5434 -—
2823 5389 2883 5448 In
2917 5391 3023 5448 isto
3049 5387 3286 5462 capitulo
3321 5387 3458 5445 nihil
3499 5383 3740 5459 pretium

2191 5483 2422 5540 habetur
2451 5485 2594 5542 unde
2626 5483 2876 5542 concludi
2923 5485 3097 5556 possit
3121 5483 3266 5554 quod
3297 5497 3454 5538 mens
3479 5481 3740 5552 primorum

2192 5575 2414 5632 Patrum
2475 5587 2640 5644 esset,
2667 5589 2727 5634 ut
2784 5577 3014 5652 singulae
3043 5579 3234 5634 domus
3263 5571 3740 5633 ordinisadmitlcre

2193 5675 2400 5722 tantum
2436 5667 2751 5726 debuissent
2807 5679 3016 5726 certum
3059 5667 3296 5740 aliquem
3339 5679 3616 5722 numerum
3644 5673 3736 5714 mo-

2197 5759 2520 5830 nachorum,
2567 5759 2708 5819 ultra
2753 5777 2920 5835 quem
2971 5778 3078 5820 non
3125 5769 3268 5818 esset
3295 5755 3729 5836 progrediendun-
