3992 6394
234 379 337 436 153
1540 367 2134 441 cons‘ue'rumn‘es.
2204 459 2205 462 γ
2594 374 2600 380 ‘
2645 377 2648 379 λ
3381 379 3494 438 vss

304 494 360 542 2.
403 487 692 547 Laicorum
725 497 907 545 autem
957 501 1241 556 numerus,
1280 503 1417 560 quos
1445 505 1734 550 conversos
1760 508 2040 558 vocamus,
2078 485 2352 546 sexdecim
2401 496 2640 545 statutus
2663 496 2780 555 est;
2813 502 2960 544 nunc
2984 501 3114 543 vero
3133 487 3318 558 plures
3344 504 3495 562 sunt,

231 583 499 655 nmmulli
529 597 766 662 namque
792 596 988 637 eorum.
1005 595 1165 636 senes
1189 597 1254 636 ac
1275 569 1482 656 debiles
1507 565 1663 638 erant
1689 573 1745 637 et
1773 582 2021 639 laborare
2041 577 2156 638 non
2197 589 2471 657 poterant,
2501 591 2553 634 et
2580 580 2650 635 ob
2680 580 2732 636 id
2759 579 2896 635 alios
2921 593 3106 636 sumus
3127 581 3300 638 coacti
3323 585 3498 642 susci-

229 668 383 748 pere.
419 672 570 748 Unde
591 688 694 748 pro
713 673 800 732 his
824 672 915 744 qui
948 685 1094 748 nunc
1117 670 1334 744 fragiles
1356 661 1504 739 Sunt,
1529 686 1653 726 cum
1684 671 1946 739 obierint,
1973 672 2113 728 alios
2144 689 2248 727 non
2273 672 2620 744 accipiemus.

531 759 533 761 ι
587 759 594 762 μ
727 782 741 791 .
1133 761 1137 763 ·
1508 759 1946 818 (ςΑιδιτυιωιί
1986 757 2266 818 LXXIX.

761 909 768 912 _
847 919 850 924 I
1407 850 1586 919 Quare
1608 863 1714 921 tam
1737 869 1929 923 parvus
1961 848 2028 907 sit
2061 845 2327 910 numerus.

256 937 258 940 ’
301 929 353 996 1.
390 937 546 997 lianc
575 949 755 997 autem
795 941 1010 998 numeri
1036 932 1370 1012 paucitatem
1393 941 1583 998 eadem
1626 939 2093 998 consideratione'
2114 944 2410 1016 delegimus
2443 961 2548 1016 qua
2575 959 2675 1002 nec
2720 947 2988 1020 hospitum
3019 949 3354 1020 equitaturas
3371 968 3499 1027 pro-

224 1048 511 1100 curamus,
544 1049 644 1089 nec
665 1033 885 1089 domum
908 1033 1396 1105 eleemosynariam
1429 1031 1737 1100 habemus;"
1772 1030 2030 1088 videlicet
2054 1047 2122 1088 ne
2149 1034 2215 1090 ad
2241 1035 2474 1106 majores
2497 1051 2656 1106 quatn
2691 1037 2840 1093 locus
2866 1038 2967 1095 iste
2989 1039 3195 1110 patitur
3231 1056 3497 1113 expensas

225 1125 406 1180 coacti
432 1138 681 1197 quaerere
704 1128 759 1180 et
778 1126 989 1196 vagari,
1022 1125 1166 1197 quod
1204 1123 1515 1190 horremus,
1540 1125 1889 1193 incipiamus.
2124 1128 2151 1143 ”
2198 1141 2200 1143 ‘
2592 1137 2596 1142 '
2745 1142 2752 1146 ·

260 1221 264 1224 ’
299 1215 355 1270 2.
383 1214 536 1282 Quod
565 1215 609 1270 si
639 1199 842 1286 posteri
873 1215 1042 1270 nostri
1070 1201 1214 1271 hunc
1242 1213 1419 1286 ipsum
1460 1222 1568 1269 tam
1617 1228 1850 1282 parvum
1898 1227 2186 1268 numerum
2243 1213 2513 1285 aliquibus
2561 1214 2954 1280 occasionibus,
3004 1235 3140 1289 quas
3163 1223 3491 1291 ignoramus,

226 1309 337 1362 hoc
362 1307 416 1361 in
448 1306 568 1363 loco
603 1306 723 1362 sine
749 1307 1026 1377 quaerendi
1058 1314 1114 1362 et
1137 1305 1371 1376 vagandi
1395 1303 1690 1360 odibilibus
1713 1301 1911 1359 ciliciis
1937 1315 2237 1373 procurare
2264 1304 2628 1374 nequiverint,
2661 1303 2705 1359 si
2735 1304 2934 1358 nostris
2959 1304 3224 1362 voluerint
3248 1309 3494 1379 acquies—

222 1415 358 1457 cere
391 1398 656 1464 consiliis,
679 1397 746 1454 ad
780 1411 899 1452 eam
931 1386 1186 1454 redibunt
1215 1397 1582 1468 quantitatem
1607 1392 1924 1466 quam'sine
1960 1392 2245 1464 praedictis
2285 1401 2507 1464 possent
2553 1402 2774 1464 portare
2794 1391 3069 1462 periculis.
3102 1394 3212 1452 Nos
3231 1397 3374 1452 enim
3400 1399 3494 1467 qui

221 1489 281 1543 in
315 1475 726 1560 prmsentiarum
758 1489 850 1544 hic
872 1488 1137 1559 degimus,
1161 1487 1409 1558 quamvis
1436 1485 1598 1556 pauci
1650 1485 1843 1553 simus,
1881 1481 2061 1540 multo
2109 1484 2396 1556 pauciores
2443 1498 2566 1540 esse
2613 1483 2896 1542 mallemus
2923 1503 3084 1559 quam
3113 1489 3180 1544 ad
3207 1490 3300 1547 illa
3325 1493 3495 1558 mala,

219 1581 448 1635 seri/ato
478 1576 561 1635 vel
594 1575 955 1650 multiplicato
986 1592 1236 1644 numero,
1264 1578 1571 1650 pervenire.
1833 1571 1836 1574 ’
2229 1604 2233 1606 -
2902 1589 2904 1591 ’
3189 1583 3192 1588 '
3476 1576 3480 1579 ’

297 1665 352 1721 3.
384 1667 739 1722 Attendentes
776 1667 941 1740 igitur
962 1682 1070 1723 non
1100 1680 1324 1721 munera
1351 1679 1472 1736 qua:
1502 1663 1816 1730 mittuntur,
1842 1679 2019 1734 neque
2050 1664 2198 1720 enim
2225 1673 2444 1735 propter
2467 1664 2672 1720 incerta
2702 1665 2985 1734 benelicia,
3009 1683 3176 1725 onera
3201 1679 3354 1727 certa
3375 1688 3498 1743 quae

223 1767 337 1814 nec
365 1743 573 1828 portari
603 1763 722 1814 nec
743 1757 937 1830 deponi
965 1747 1085 1814 sine
1112 1758 1312 1830 grandi
1333 1757 1546 1830 possint
1581 1755 1824 1828 periculo
1855 1754 2136 1811 subeunda
2173 1756 2332 1811 nobis
2359 1755 2641 1829 videntur;
2673 1770 2781 1812 non
2811 1771 2942 1828 ergo
2977 1773 3202 1814 munera
3239 1761 3492 1816 conside-

220 1839 435 1913 rantes,
462 1847 556 1903 sed
602 1848 732 1918 quid
759 1847 873 1904 haec
893 1849 1010 1920 ipsa
1041 1850 1095 1905 in
1127 1864 1236 1921 qua
1262 1863 1454 1905 sumus
1487 1863 1729 1913 eremus,
1755 1846 1870 1904 sive
1892 1861 1958 1902 ex
1991 1844 2346 1916 agricultura,
2373 1846 2488 1901 sive
2520 1859 2586 1900 ex
2613 1861 2869 1918 pecorum
2903 1850 3240 1906 nutrimento
3269 1850 3497 1906 reddere

213 1927 424 2013 possit;
457 1949 715 2011 putamus
757 1939 1040 2012 praelatum
1070 1935 1356 1997 numerum
1390 1941 1674 1996 hominum
1703 1939 1793 1995 hic
1817 1938 2004 1994 vivere
2025 1953 2206 2007 posse,
2239 1937 2283 1994 si
2309 1947 2492 1993 tamen
2524 1937 2871 2005 humilitatis,
2900 1941 3265 2011 paupertatis,
3287 1940 3498 1998 sobrie:-

217 2032 375 2100 tatis,
402 2032 456 2086 in
486 2032 708 2112 victuet
725 2035 924 2090 vestitu
955 2043 1010 2090 et
1029 2032 1242 2090 caeteris
1268 2035 1335 2089 ad
1353 2048 1508 2090 usum
1541 2031 1941 2103 pertinentibus
1969 2031 2155 2098 rebus,
2183 2031 2328 2087 idem
2353 2032 2494 2103 quod
2524 2031 2805 2104 hucusque
2826 2033 2929 2090 fuit
2961 2035 3202 2091 studium
3231 2048 3488 2107 perseve-

219 2137 334 2196 ret,
366 2137 424 2185 et
450 2128 494 2185 si
520 2139 800 2202 postremo
836 2132 1026 2189 mundi
1058 2140 1402 2206 contemptus
1435 2140 1486 2190 et
1523 2131 1617 2188 Dei
1644 2145 1820 2196 amor,
1857 2136 2082 2200 propter
2123 2141 2284 2199 quem
2324 2126 2456 2183 l‘erri
2491 2138 2549 2183 et
2579 2127 2696 2185 ﬁeri
2725 2130 2906 2186 omnia
2934 2128 3150 2197 debent,
3185 2131 3506 2203 profectum.

215 2224 274 2278 in
306 2221 428 2280 dies
454 2223 729 2297 accipiat;
844 2228 846 2230 ’
1433 2237 1436 2239 λ
1550 2237 2152 2351 COMIENTAMUS.

213 2394 483 2476 Explicat
517 2377 726 2461 tantum
754 2386 823 2461 R.
861 2399 1023 2463 Pater
1049 2407 1222 2478 Guigo
1248 2387 1392 2478 quod
1436 2407 1576 2479 apud
1619 2407 1812 2462 se‘sta-
1841 2390 1890 2449 Α
1916 2403 2144 2460 chorum
2165 2401 2458 2472 aliquando
2481 2414 2788 2474 assurgant,
2816 2415 2870 2461 et
2889 2405 2970 2462 sic
2991 2405 3200 2475 possint
3227 2407 3494 2478 integram

211 2503 403 2551 tuerat
424 2511 523 2568 pro
543 2497 704 2552 domo
740 2495 1069 2564 Carthusize,
1115 2498 1498 2554 concordando
1524 2511 1810 2552 numerum

210 2599 579 2659 personarum
611 2592 667 2641 et
692 2591 882 2641 'ouera
949 2585 1142 2642 domus
1196 2585 1503 2642 Carthasim
1543 2601 1666 2642 cum
1694 2583 1812 2656 ejus

211 2677 596 2744 facultatibus,
642 2687 702 2733 ut
729 2677 914 2733 statim
955 2667 1248 2751 videbitur.
1309 2679 1417 2735 Sed
1446 2679 1549 2734 ista
1578 2678 1631 2733 in
1671 2676 1812 2732 anti-

211 2769 345 2842 quis
365 2769 592 2826 'statutis
621 2769 964 2827 enucleatius
985 2785 1245 2842 expressa
1276 2760 1640 2843 reperientur.

237 2854 240 2856 ’
272 2850 418 2916 {ioc
449 2855 747 2932 capitulum
773 2859 1192 2917 'relatumhabes
1218 2861 1271 2915 in
1294 2861 1534 2933 antiquis
1571 2859 1808 2925 statutis,

209 2957 370 3026 part.
399 2965 461 3018 ll,
484 2967 604 3024 cap.
627 2952 871 3019 25mm!
899 2961 954 3008 et
980 2955 1038 3020 5,
1065 2963 1122 3010 et
1149 2969 1269 3026 cap.
1299 2951 1390 3019 34,
1417 2963 1556 3024 part.
1587 2953 1808 3018 1n,n.2.

285 3042 427 3099 Car.
467 3041 718 3099 LXXIX.
747 3043 944 3102 —Hic
991 3057 1178 3116 aperte
1228 3044 1486 3115 exprimit
1529 3043 1596 3099 Β.
1648 3037 1813 3100 Pater

213 3133 404 3206 Guigo
432 3137 700 3192 rationem
745 3153 844 3194 cur
879 3135 1250 3192 habitatorum
1303 3137 1475 3192 eremi
1503 3135 1810 3191 Carthusia

211 3242 489 3284 numerus
519 3228 588 3283 ad
647 3228 906 3284 tredecim
929 3237 1024 3283 aut
1061 3221 1470 3299 quatuordecim
1515 3226 1811 3284 monachos

211 3330 269 3376 et
290 3319 578 3376 sexdecim
635 3335 931 3377 conversos
973 3317 1139 3376 fuerit
1192 3319 1608 3382 determinatus,
1639 3335 1703 3373 ne
1739 3319 1810 3373 ad

213 3412 456 3484 majores
492 3428 652 3482 quam
681 3411 848 3468 locus
883 3413 982 3468 iste
1034 3413 1257 3483 patitur,
1317 3411 1514 3482 inquit,
1557 3426 1811 3481 expensas

211 3507 418 3572 coacti,
447 3516 682 3579 quwrere
706 3515 755 3561 et
794 3507 996 3578 vagari,
1037 3505 1179 3578 quod
1228 3507 1527 3570 horremus,
1582 3506 1808 3576 incipia-

216 3587 620 3670 nmstipsum
655 3609 906 3671 repetunt
930 3609 986 3656 et
1008 3584 1157 3672 smpe
1180 3599 1456 3655 inculcant
1489 3607 1600 3653 tum
1625 3606 1809 3654 vetera

218 3703 341 3751 tum
375 3692 636 3749 moderna
678 3701 906 3760 statuta,
942 3704 997 3749 et
1047 3708 1245 3763 magno
1281 3693 1463 3748 studio
1507 3707 1725 3764 semper
1752 3691 1806 3747 in

216 3787 421 3843 ordine
451 3793 741 3840 servatum
790 3793 894 3850 est,
941 3783 1016 3840 ita
1067 3784 1196 3840 utsi
1227 3785 1470 3841 omnium
1522 3784 1836 3854 domorum.

221 3876 445 3934 ordinis
474 3874 813 3932 habitatores
840 3876 894 3931 in
928 3891 1097 3931 unum
1119 3875 1512 3942 ‘conllarentur,
1552 3874 1638 3931 bis
1664 3873 1813 3950 mille

211 3978 268 4026 et
296 3971 587 4049 quingenti
614 3957 837 4049 circiter
895 3969 1166 4032 monachi,
1197 3967 1343 4024 mille
1365 3977 1424 4024 et
1449 3967 1677 4024 trecenti
1704 3966 1815 4023 cir-

210 4065 365 4120 citer
397 4064 660 4140 conversi
690 4071 747 4119 et
775 4061 986 4128 donati,
1012 4076 1083 4118 ac
1128 4059 1234 4118 170
1284 4059 1552 4118 moniales
1607 4058 1813 4115 inveni-

214 4167 435 4223 rentur,
460 4156 552 4229 qui
579 4170 678 4226 per
733 4154 977 4227 singulas
1028 4153 1222 4210 domos
1275 4153 1576 4220 distributi,
1625 4151 1712 4208 vix
1744 4152 1813 4208 ad

214 4241 511 4303 duodecim
567 4246 870 4304 monachos
921 4253 978 4302 et
1033 4257 1229 4302 novem
1259 4243 1432 4302 laicos
1455 4258 1557 4316 pro
1585 4241 1813 4316 singulis

212 4336 474 4396 domibus
499 4345 966 4410 computarentur.
1117 4353 1122 4358 ‘
1190 4340 1192 4342 ’
1784 4343 1792 4355 ’

286 4432 500 4488 Domus
529 4429 938 4496 Carthusiaemt
956 4428 1071 4500 jam
1100 4427 1240 4498 dixi,
1263 4427 1626 4503 quadraginta
1654 4430 1812 4502 quin-

214 4537 326 4595 que
355 4519 652 4577 monachos
703 4520 906 4575 habere
952 4533 1113 4590 posse
1139 4512 1411 4576 censenda
1445 4527 1550 4587 est,
1579 4520 1674 4577 sed
1702 4515 1804 4590 pro

215 4613 399 4668 tribus
426 4610 677 4667 domibus
727 4624 924 4682 nempe
951 4609 1278 4681 Carthusiae,
1301 4611 1574 4668 Curreria
1606 4606 1665 4667 et
1703 4610 1811 4669 Ca-

215 4703 340 4761 lesii
373 4706 676 4774 reputatur.
707 4702 911 4759 Domus
937 4699 1264 4759 Parisiensis
1295 4701 1659 4774 quadraginta
1693 4710 1812 4757 mo-

217 4795 429 4852 nachos
449 4794 615 4865 capit,
643 4793 885 4866 itemque
915 4791 1112 4850 domus
1145 4792 1565 4860 Avenionensis,
1605 4789 1808 4864 Papia,

214 4887 497 4960 Neapolis,
521 4887 644 4944 aliae
695 4886 863 4944 etiam
907 4895 1144 4958 quatuor
1165 4893 1262 4942 aut
1285 4885 1524 4958 quinque
1565 4883 1632 4940 ad
1663 4900 1812 4941 sum-

219 4999 376 5056 mum
401 4982 551 5039 circa
603 4979 972 5052 amplissimas
1027 4979 1279 5036 civitates
1304 4987 1632 5034 constructae
1659 4979 1811 5034 eum-

1913 2487 2320 2548 observantiam
2350 2492 2652 2563 regularem
2671 2495 2724 2550 in
2746 2500 2910 2552 cantu
2932 2506 2986 2552 et
3011 2497 3220 2553 lectura
3255 2497 3494 2555 relecto-

1895 2573 1982 2636 ‘rii
2014 2580 2330 2653 adimplere,
2381 2583 2524 2653 quod
2557 2594 2710 2642 certe
2737 2600 2766 2640 a
2805 2601 2973 2656 parvo
3001 2603 3227 2644 numero
3251 2595 3376 2645 raro
3403 2601 3499 2660 po:-

1891 2673 2022 2728 ‘test
2043 2671 2279 2728 discrete
2307 2672 2452 2744 exigi
2494 2682 2720 2744 propter
2764 2690 2924 2732 senes
2951 2685 3006 2733 et
3028 2675 3494 2735 valetudinarius:

1914 2763 2058 2820 unde
2101 2763 2164 2820 lit
2212 2772 2274 2820 ut
2301 2765 2514 2836 pondus
2569 2766 2737 2823 totius
2763 2777 2959 2822 cantus
2991 2776 3046 2824 et
3087 2767 3416 2824 lecturarum
3441 2769 3510 2826 ie-

1913 2865 2154 2927 quatuor
2178 2868 2275 2914 aut
2312 2858 2555 2930 quinque
2581 2859 2968 2916 monachorum
2992 2860 3250 2918 humeros
3265 2863 3496 2919 decidat.

1913 2949 2029 3017 Qua
2061 2951 2128 3006 de
2161 2964 2325 3006 causa
2372 2958 2576 3007 ‘statuta
2617 2951 2828 3008 ordinis
2867 2953 3121 3009 ordinant
3171 2957 3497 3012 cantandum

1912 3057 2035 3102 esse
2057 3050 2208 3100 recto
2235 3051 2368 3099 tono
2395 3044 2449 3100 in
2491 3041 2600 3101 illis
2643 3042 2894 3101 domibus
2919 3059 3040 3116 quae
3060 3054 3184 3103 octo
3209 3049 3510 3109 monachos.

1913 3145 2020 3188 nan
2043 3133 2263 3188 habent.
2826 3143 2832 3150 ‘
3013 3157 3016 3160 η
3366 3154 3370 3156 ν

1981 3221 2250 3279 Numerus
2291 3237 2420 3295 ergo
2443 3221 2810 3281 habitatorum
2863 3241 2916 3280 in
2960 3223 3211 3282 domibus
3262 3227 3490 3292 ordinis.

1914 3313 2026 3370 Deo
2051 3314 2125 3370 ita
2160 3314 2498 3385 providente,
2541 3316 2755 3372 nonnisi
2786 3317 3076 3374 mediocris
3139 3327 3258 3385 est;
3303 3319 3516 3388 amplis

1911 3405 2056 3461 enim
2081 3404 2216 3460 locis
2242 3413 2298 3461 et
2328 3405 2632 3476 sumptibus
2677 3421 2814 3477 opus
2849 3416 2933 3464 est
2979 3392 3524 3466 ad'construendain

1910 3504 1968 3552 et
1993 3495 2284 3551 dotandam
2317 3495 2540 3552 “mum
2585 3495 2640 3550 in
2687 3496 2910 3564 ordine,
2966 3497 3095 3568 quia
3136 3514 3205 3554 ex
3233 3499 3499 3554 instituto

1913 3596 2100 3644 nostro
2121 3587 2354 3659 quisque
2384 3588 2775 3646 monachorum
2795 3589 3177 3648 domunculam
3200 3591 3315 3648 sive
3334 3590 3503 3648 cellu-

1915 3682 2018 3737 lam
2051 3679 2121 3737 ab
2155 3681 2279 3738 aliis
2299 3689 2608 3753 separatam
2635 3682 2838 3739 habere
2865 3683 3046 3752 debet,
3075 3693 3238 3755 prout
3266 3683 3321 3738 in
3348 3683 3528 3739 clau-v.

1915 3773 2042 3831 stris
2072 3772 2274 3830 nostris
2301 3772 2522 3840 visitur,
2536 3773 2613 3828 ad
2638 3773 2783 3843 quod
2817 3788 3048 3844 magnus
3067 3773 3290 3829 claustri
3321 3774 3497 3830 ambi-

1915 3876 2002 3924 tus
2051 3865 2392 3924 necessarius
2427 3875 2535 3922 est.
2575 3866 2799 3937 Insuper
2847 3865 3169 3921 sustentatio
3208 3865 3528 3922 monachoo.
3614 3881 3618 3884 ’

1916 3973 2035 4014 rum
2087 3957 2580 4015 Carthusianorum
2612 3956 2785 4028 pluris
2807 3966 3021 4015 constat
3058 3955 3524 4027 quamaliorum-

1913 4051 2144 4122 quisque
2165 4051 2308 4107 enim
2337 4051 2544 4108 habere
2559 4051 2726 4106 debet
2750 4050 2803 4105 in
2828 4049 3020 4106 cellula
3045 4047 3372 4120 singularem
3413 4047 3497 4104 to.

1914 4160 2063 4213 cum,
2092 4132 2480 4217 supellectilem
2509 4153 2566 4202 et
2589 4143 2786 4202 similia
2805 4163 2830 4210 ,‘
2851 4157 2973 4214 quas
2995 4143 3128 4199 alibi
3153 4143 3205 4198 in
3226 4140 3524 4199 communi.

1915 4235 2318 4294 ministrentur.
2345 4235 2477 4294 Ilaec
2495 4244 2678 4292 autem
2698 4234 3028 4307 explicatius
3079 4245 3404 4292 annotamus
3440 4241 3526 4288 ut“

1912 4341 2072 4386 mens
2097 4327 2330 4395 ordinis,
2359 4335 2520 4400 prout
2548 4339 2765 4400 semper
2791 4326 2892 4384 fuit
2915 4335 2972 4384 et
2999 4334 3104 4394 est,
3136 4327 3282 4384 circa
3305 4340 3500 4384 nume-

1913 4433 2037 4474 rum
2067 4417 2459 4477 monachorum
2501 4416 2809 4475 evidentius
2846 4423 3195 4488 agnoscatur,
3217 4420 3382 4486 q'uam
3410 4414 3521 4472 hiet

1911 4512 2076 4569 etiam
2100 4510 2236 4568 satis
2257 4509 2494 4581 explicat
2513 4509 2792 4581 piissimus
2819 4509 3079 4580 scriptor,
3113 4524 3172 4564 n.
3197 4506 3254 4562 2.

1982 4599 2145 4656 Num.
2175 4599 2234 4655 2.
2263 4599 2420 4666 Ωιιοά
2447 4600 2495 4654 si
2539 4600 2735 4670 posteri
2787 4599 2973 4666 nostri,
2999 4605 3121 4653 etc.
3159 4594 3280 4651 Non
3310 4592 3503 4650 satiari

1913 4690 2128 4748 videtur
2154 4689 2240 4746 vir
2266 4697 2488 4745 sanctus
2514 4696 2763 4759 repetere
2806 4687 2979 4745 cilicia
3035 4685 3128 4742 ills
3149 4683 3426 4756 quaerendi
3445 4691 3504 4740 et

1911 4780 2165 4854 vagandi,
2192 4795 2315 4852 quae
2337 4777 2560 4837 odibilia
2581 4779 2826 4836 nominat
2857 4795 2924 4836 ex
2947 4777 3129 4835 cordis
3145 4774 3500 4843 abundantia,

1915 4873 2056 4932 adeo
2107 4886 2429 4946 persuasum
2487 4870 2724 4929 habebat
2758 4871 2812 4928 id
2860 4872 2916 4928 in
2959 4870 3244 4927 horrorem
3271 4865 3503 4939 posteris

1913 4965 2028 5022 suis
2054 4979 2177 5023 esse
2225 4964 2571 5029 vertendum,
2599 4962 2746 5034 quod
2786 4968 2844 5020 et
2879 4959 3083 5018 factum
3109 4966 3214 5015 est.
3237 4956 3374 5018 Nam
3397 4955 3503 5014 Pa-

218 5053 344 5135 δέω
368 5091 657 5134 numerum
681 5051 881 5132 habere
909 5082 1158 5148 possunt,
1182 5073 1438 5142 Quaedam
1464 5086 1597 5128 vero
1619 5070 1810 5143 viginti
1838 5084 1885 5147 ο
1915 5067 2029 5116 tres
2053 5057 2262 5117 ordinis
2287 5057 2343 5114 in
2372 5056 2646 5112 veteribus
2672 5062 2728 5111 et
2753 5054 2923 5112 novis
2947 5051 3166 5110 statutis
3201 5051 3382 5108 adhuc
3413 5063 3504 5108 se-

219 5185 395 5243 usque
432 5172 500 5228 ad
530 5170 752 5240 triginta
800 5169 1097 5245 monachos
1141 5173 1374 5238 possunt
1406 5165 1670 5236 recipere.
1700 5163 1812 5219 Sed

1917 5151 2101 5208 verius
2131 5151 2201 5206 de
2230 5151 2332 5206 hac
2359 5163 2418 5205 re
2447 5148 2758 5219 loquuntur.

219 5240 448 5334 reliquae
474 5261 668 5317 domus
706 5273 806 5332 pro
850 5243 1090 5337 maxima
1127 5265 1285 5330 parte
1337 5255 1574 5312 fundatae
1602 5261 1729 5310 sunt
1758 5261 1814 5309 et
1971 5243 2148 5300 ‘Num.
2171 5240 2762 5337 3._dttendentssigitnr
2783 5256 2887 5297 non
2912 5253 3127 5296 numera
3154 5251 3272 5308 quae
3285 5240 3506 5337 mittam.

221 5327 628 5426 adilicatae‘pro
665 5327 923 5410 tredecim
956 5327 1255 5417 monachis,
1306 5350 1360 5407 id
1388 5358 1493 5418 est,
1529 5347 1810 5406 duodecim
1914 5343 2162 5404 ωνςθιοο
2207 5334 2310 5427 mf
2357 5339 2582 5427 apparet
2631 5331 2912 5388 “idem”
2957 5337 3161 5403 quan“
3216 5327 3506 5427 Ρτξιάθηιξίι

224 5445 512 5502 niomcbis
557 5461 680 5502 cum
730 5446 935 5516 priore,
984 5443 1078 5514 qui
1119 5432 1378 5498 numerus
1401 5439 1659 5498 convenit
1688 5454 1826 5496 cum

1922 5429 2152 5501 polleret
2175 5427 2243 5483 Β.
2271 5426 2336 5483 Ρ.
2361 5425 2558 5499 Guigo,
2581 5433 2638 5482 et
2670 5439 2835 5496 quam
2863 5431 3024 5496 aptus
3048 5419 3504 5516 essetadomnia

226 5553 456 5594 numero
477 5537 567 5594 hic
591 5552 622 5593 a
649 5536 716 5593 Β.
746 5536 907 5592 Patre
932 5533 1176 5607 Guigone
1197 5547 1478 5604 expresso.
1513 5530 1814 5604 Reperiun-

230 5635 322 5683 tur
347 5638 529 5684 tamen
555 5627 901 5700 non'paucaa,
941 5641 1064 5697 qua:
1089 5633 1237 5690 octo,
1268 5636 1465 5680 novem
1499 5633 1593 5678 aut
1623 5623 1813 5680 decem

229 5728 439 5775 tantum
482 5721 778 5778 monachos
819 5720 1054 5797 habent.
1114 5718 1222 5774 Sed
1250 5717 1581 5773 omnimodis
1629 5715 1814 5772 conari

231 5811 490 5870 debemus
529 5805 586 5869 ut
637 5812 722 5886 .ad
775 5796 1264 5869 ntnnerumi'illum
1315 5797 1572 5866 tredecim
1631 5804 1828 5865 mona-V

1921 5523 2158 5582 discrete
2198 5519 2533 5590 disponenda
2583 5527 2639 5574 et
2681 5516 3043 5588 praevidenda.
3085 5508 3506 5582 accipiebantur

1921 5616 2141 5688 quidem
2157 5619 2295 5671 tunc
2325 5625 2572 5679 munera,
2598 5626 2722 5667 nam
2743 5610 2812 5666 de
2830 5605 3082 5682 pmsenti
3117 5602 3376 5673 loquitur,
3404 5599 3517 5656 sed

1919 5709 2280 5766 cessationem
2303 5706 2522 5767 illorum
2565 5703 2889 5776 praevidens,
2929 5698 3115 5757 omnia
3155 5693 3406 5768 disponit.
3437 5706 3503 5749 ac

1917 5805 1962 5861 si
1975 5805 2094 5879 jam
2127 5805 2451 5862 cessassent.
