3894 6298
519 337 626 395 755
1367 335 1689 396 GUIGONIS
1731 337 1751 392 l
1791 332 2215 393 CARTIIUSL‘E
2257 333 2553 392 Μυοιυε
2584 333 2856 391 PRIORIS
3635 343 3710 406 ἰω

1823 448 2224 507 CAPITULUM
2271 449 2486 518 LXXX.

1656 545 1732 605 De
1757 545 2205 605 commendatione
2231 544 2486 607 solitarii:
2512 541 2649 598 vita.

589 640 644 696 1.
676 639 918 707 Habetis,
948 640 1307 706 dilectissimi,
1334 641 1475 696 sicut
1507 642 1742 712 petistis,
1767 641 2192 698 consuetudines
2219 639 2631 710 qualescunque
2661 644 2882 695 nostras
2907 653 3126 710 quoquo
3159 640 3323 698 modo
3366 641 3711 716 descriptam“

515 733 718 804 quibus
737 733 905 789 multa
933 733 1058 789 vilia
1085 741 1214 788 sunt
1238 742 1292 786 et
1320 732 1550 799 minuta,
1579 749 1700 804 quae
1723 735 1888 796 scribi
1911 735 2141 801 forsitan
2180 748 2286 788 non
2312 739 2650 803 oportuerat,
2680 728 2784 787 nisi
2811 731 2937 802 quia
2966 742 3145 790 vestra
3167 733 3382 792 dilectio
3419 741 3713 810 compellebat

516 823 652 880 nihil
675 824 946 895 judicare,
969 825 1066 880 sed
1093 831 1284 882 cuncta
1323 825 1506 894 potius
1529 833 1722 895 parata
1754 824 2064 896 complecti.

583 915 640 972 2.
664 917 782 973 Non
822 925 1001 972 tamen
1026 916 1098 970 ita
1131 916 1312 972 omnia
1346 925 1404 971 ut
1452 917 1585 972 nihil
1631 918 1856 974 omnino
1883 917 2228 984 remanserit,
2257 924 2513 988 putamus
2543 930 2641 972 nos
2671 914 2777 981 hoc
2807 915 3012 988 scripto
3038 919 3280 990 potuisse
3300 920 3617 986 concludere.
3639 921 3717 990 Sed

512 1004 689 1072 facile,
719 1007 765 1062 si
794 1006 922 1077 quid
945 1005 1151 1076 effugit,
1177 1009 1537 1066 collocutione
1561 1012 1816 1083 prazsenti
1841 1013 2042 1084 poterit
2073 1012 2246 1077 indica
2258 1012 2322 1068 ri.
2931 993 2938 1002 l
3052 997 3058 1004 ’

579 1103 633 1157 5.
658 1102 736 1158 De
756 1103 1232 1160 commendatione
1252 1112 1433 1159 autem
1462 1103 1623 1176 huius
1648 1105 1794 1169 vitae,
1823 1104 2081 1161 solitariae
2117 1103 2350 1168 scilicet,
2381 1117 2522 1174 pene
2546 1101 2824 1171 tacuimus
2874 1115 2904 1155 a
2933 1101 3117 1160 multis
3138 1104 3342 1166 sanctis
3367 1113 3421 1160 et
3444 1105 3721 1177 sapientibus

510 1207 561 1252 et
590 1205 752 1256 tanta
777 1201 1151 1268 auctoritatis,
1181 1209 1242 1256 ut
1261 1215 1454 1256 eorum
1487 1201 1720 1272 vestigia
1754 1218 1861 1259 non
1887 1203 2061 1258 simus
2089 1202 2304 1258 calcare
2348 1202 2519 1273 digni,
2558 1185 2782 1274 copiose
2812 1201 3244 1272 commendatam
3269 1201 3520 1268 scientes,
3538 1211 3588 1256 et
3605 1204 3722 1271 vobis

509 1289 654 1356 quod
678 1302 835 1357 mque
862 1297 958 1344 aut
988 1291 1184 1347 melius
1213 1295 1387 1350 nostis
1408 1295 1702 1352 ostendere
1727 1294 2058 1368 superﬂuum
2084 1293 2420 1364 iudicantes.

570 1377 626 1432 4.
659 1377 842 1435 Nostis
862 1380 1032 1445 enim,
1065 1382 1120 1438 in
1152 1383 1336 1445 Veteri
1372 1393 1428 1441 et
1454 1386 1510 1444 in
1533 1385 1683 1448 Novo
1715 1401 1950 1452 maxume
1973 1385 2341 1457 Testamento,
2373 1384 2556 1441 omnia
2599 1399 2740 1455 pene
2772 1381 2979 1452 majora
3008 1393 3064 1438 et
3090 1383 3371 1458 subtiliora
3409 1392 3720 1451 secreta,non

501 1468 558 1524 in
582 1471 758 1527 turbis
795 1471 1164 1542 tumultuosis,
1186 1475 1282 1533 sed
1327 1492 1450 1533 cum
1479 1479 1578 1534 soli
1630 1487 1812 1534 essent
1853 1477 1944 1532 Dei
1979 1477 2193 1532 tumulis
2224 1477 2481 1542 revelata,
2517 1477 2768 1547 ipsusque
2798 1475 2892 1531 Dei
2943 1475 3197 1542 famulos,
3237 1491 3361 1530 cum
3408 1475 3491 1530 vel
3518 1474 3723 1532 subtilius

499 1560 708 1630 aliquid
740 1563 1015 1631 meditari,
1038 1565 1124 1620 vel
1163 1566 1384 1624 liberius
1425 1585 1605 1635 orare,
1637 1569 1721 1624 vel
1762 1584 1794 1623 a
1836 1569 2069 1624 terrenis
2096 1583 2202 1639 per.
2239 1568 2439 1630 utentis
2483 1583 2766 1635 excessum
2812 1566 3037 1636 alienari
3084 1575 3366 1635 cuperent,
3405 1565 3516 1622 fere
3551 1581 3727 1638 semper.

500 1650 868 1708 multitudinis
913 1653 1294 1723 impedimenta
1325 1660 1546 1724 vitasse,
1582 1669 1635 1716 et
1657 1661 1964 1717 solitudinis
1985 1669 2236 1730 captasse
2257 1660 2688 1716 commoditates.

544 1738 626 1800 .5.
655 1739 794 1798 Hine
825 1750 933 1809 est,
955 1752 1016 1798 ut
1041 1744 1247 1816 aliquid
1274 1750 1398 1806 inde
1431 1759 1738 1823 tangamus.
1758 1751 1973 1822 quodin
2005 1766 2193 1822 agrum
2208 1751 2275 1806 ad
2305 1750 2674 1806 meditandum
2692 1749 2843 1807 Isaac
2862 1748 3141 1822 egreditur
3159 1746 3308 1804 solus
3333 1745 3537 1820 (Grues.
3563 1750 3720 1819 nm),

494 1835 649 1904 quod
675 1835 727 1892 ei
755 1852 864 1894 non
892 1838 1133 1905 casuale,
1155 1841 1250 1897 sed
1279 1843 1819 1902 consuetudinarium
1846 1841 2014 1898 fuisse
2034 1841 2367 1897 credendum
2401 1850 2505 1896 est.
2531 1839 2684 1908 Quod
2711 1839 2881 1896 Jaeob
2905 1837 3204 1911 prmmissis
3225 1837 3479 1891 omnibus
3502 1837 3632 1893 solus
3653 1853 3720 1894 re-

495 1932 701 1990 manet,
733 1925 875 1982 facie
904 1930 972 1984 ad
1003 1929 1203 1987 faciem
1236 1933 1406 1990 Deum
1443 1933 1610 1999 videt,
1644 1932 2026 1990 benedictione
2071 1931 2236 1999 simul
2279 1939 2337 1988 et
2390 1930 2631 1987 nominis
2679 1931 2732 1986 in
2781 1930 2980 1988 melius
3025 1934 3331 1990 mutatione
3362 1934 3488 1989 felix
3533 1934 3721 2002 edicitur

495 2015 711 2090 (Cenes.
732 2021 908 2095 xxiv),
930 2022 1054 2094 plus
1081 2030 1368 2083 assecutus
1394 2037 1504 2083 uno
1526 2030 1801 2080 momento
1825 2023 1978 2090 solus
1999 2037 2161 2093 quam
2188 2031 2300 2092 toto
2323 2022 2450 2077 vitae
2473 2030 2719 2093 tempore
2749 2023 3066 2096 comitatus.

566 2112 621 2168 6.
649 2114 832 2189 Moyes
858 2131 1100 2188 quoque,
1126 2119 1277 2175 Elias
1306 2125 1473 2188 atque
1494 2115 1710 2171 Eliseus
1739 2115 2091 2172 solitudinem
2115 2115 2270 2170 testis
2293 2122 2378 2171 est
2407 2112 2691 2186 Scriptura
2721 2123 2985 2187 quantum
3012 2117 3260 2190 diligant,
3295 2128 3626 2189 quamtumve
3648 2135 3720 2191 per

491 2211 612 2255 eam
650 2201 706 2258 in
737 2203 1044 2263 divinorum
1085 2219 1422 2264 secretorum
1451 2205 1880 2264 revelationibus
1904 2213 2175 2274 crescant,
2201 2219 2418 2278 quoque
2441 2208 2604 2265 modo
2627 2215 2683 2264 et
2713 2208 2856 2264 inter
2882 2208 3131 2266 homines
3159 2211 3530 2283 periclitentur
3543 2212 3719 2269 assidue

490 2297 549 2345 et
572 2305 602 2345 a
628 2291 760 2360 Deo,
785 2310 908 2351 cum
936 2296 1034 2353 soli
1067 2307 1218 2364 sunt,
1245 2299 1557 2362 visitentur.
2277 2334 2304 2356 ο

563 2384 617 2441 7.
651 2385 759 2442 Sed
791 2397 848 2444 et
868 2386 1157 2456 Jeremias,
1188 2391 1334 2462 quod
1364 2399 1422 2447 et
1472 2390 1724 2461 superius
1767 2388 2346 2458 commemoravimus,
2397 2389 2548 2455 solus
2591 2391 2745 2448 sedet
2773 2392 2898 2463 quia
2951 2392 3044 2449 Dei
3077 2393 3500 2451 comminatione
3525 2393 3716 2465 repletus

487 2483 576 2531 est
602 2476 738 2549 (lar.
777 2479 891 2550 xv),
920 2495 1153 2552 poscens
1181 2484 1346 2538 etiam
1386 2482 1506 2538 dari
1537 2497 1736 2553 aquam
1761 2483 1930 2554 capiti
1952 2498 2074 2548 suo,
2095 2490 2152 2538 et
2173 2482 2347 2539 oculis
2376 2483 2491 2539 suis
2510 2483 2717 2546 fontem
2742 2484 3136 2560 lacrymarum,
3161 2501 3222 2546 ut
3242 2491 3425 2563 lugeat
3446 2491 3716 2552 inteﬂectot

488 2567 672 2640 populi
693 2570 815 2639 sui;
850 2571 1029 2635 locum
1054 2589 1290 2645 quoque,
1321 2575 1410 2631 ubi
1435 2589 1498 2632 se
1529 2583 1638 2630 tam
1663 2584 1856 2632 sancto
1885 2575 2056 2645 possit
2083 2575 2136 2629 in
2159 2589 2327 2645 opere
2353 2574 2579 2632 liberius
2605 2589 2886 2642 exercere,
2914 2581 3155 2648 postulat
3182 2585 3376 2640 dicens
3407 2599 3421 2638 :
3456 2581 3576 2650 Quis
3593 2583 3708 2648 dabit

1465 2719 1468 2722 .
1836 2670 2410 2731 COMMENTARIUS.

478 2809 485 2813 .
555 2756 1064 2820 Num.5.Putamus
1093 2763 1374 2835 prefatttm
1401 2763 1955 2820 numerum/tamine»:
1985 2761 2069 2815 hic
2099 2769 2146 2827 Α
2173 2761 2262 2826 ubi
2290 2778 2414 2818 cum
2443 2777 2638 2834 magna
2672 2762 2841 2818 animi
2866 2763 3239 2821 consolatione
3269 2763 3375 2835 legi
3404 2773 3628 2834 possunt.

483 2851 652 2908 vivere
681 2869 850 2923 posse,
881 2856 931 2910 si
960 2865 1156 2923 tamen,
1186 2865 1294 2914 etc.
1337 2857 1438 2913 Hic
1471 2856 1734 2915 habemus
1761 2852 2066 2926 pulelterri-
2240 2850 2370 2916 Car.
2407 2851 2618 2906 LXXX.
2640 2882 2713 2895 —
2739 2852 2901 2924 Num.
2935 2856 2985 2909 1.
3017 2853 3190 2910 Multa
3223 2865 3347 2910 sunt
3372 2855 3494 2909 vilia
3515 2856 3713 2928 cimin-

481 2959 631 3002 mam
659 2946 968 3015 lectionem,
1008 2964 1170 3019 quam
1221 2951 1422 3022 ubique
1467 2951 1526 3011 ἰιι,
1572 2950 1822 3007 domibus
1866 2945 2068 3004 nostris
2169 2952 2246 3010 ta,
2276 2953 2383 3000 etc.
2419 2943 2620 3011 Deillis
2645 2946 2760 3001 vult
2800 2945 2946 3018 loqui
3000 2963 3122 3018 qua:
3174 2947 3320 3002 circa
3354 2945 3524 3002 ollicia
3553 2947 3713 3014 sutoris

480 3039 738 3108 scriptam
780 3039 959 3112 legere
983 3051 1037 3096 et
1057 3051 1182 3097 ante
1220 3043 1410 3100 oculos
1437 3044 1643 3100 habere
1679 3042 1967 3107 debemus;
1997 3055 2066 3094 ex
2167 3044 2222 3090 et
2241 3035 2491 3105 pistoris.
2525 3037 2593 3092 dc
2640 3037 2862 3094 brachis
2919 3037 3180 3110 fratrum,
3204 3039 3256 3093 id
3281 3048 3366 3094 est
3390 3037 3714 3104 femoralibus,

482 3144 592 3201 qua
619 3129 850 3188 lectione
895 3133 1166 3189 discemus
1195 3151 1430 3204 quanam
1486 3135 1697 3192 ratione
1745 3134 1860 3189 ﬁeri
1898 3131 2069 3204 possit
2167 3135 2222 3183 et
2251 3127 2517 3183 similibus
2570 3129 2726 3195 dixit,
2753 3139 2859 3186 etc.
2896 3128 3050 3184 Nihil
3081 3131 3352 3201 judicare,
3407 3130 3459 3186 id
3503 3139 3578 3186 est
3609 3128 3714 3184 nihil

477 3232 538 3278 ut
562 3225 838 3294 erpaucis
862 3225 1127 3283 reditibus
1150 3228 1320 3284 multa
1345 3227 1629 3296 faciamus,
1659 3235 1819 3297 prout
1849 3227 1902 3282 in
1927 3224 2065 3286 mul—
2165 3220 2502 3287 discernere,
2536 3222 2629 3276 sed
2677 3222 3154 3279 iudiscriminatim
3211 3232 3414 3280 cuncta
3452 3221 3711 3294 complecti,

477 3309 552 3368 tis
569 3315 819 3372 domibus
843 3317 1050 3373 ordinis
1079 3318 1326 3374 videmus
1351 3328 1409 3374 et
1431 3319 1718 3386 miramur,
1751 3317 1986 3374 maxime
2009 3316 2064 3372 in
2166 3327 2286 3383 quae
2316 3314 2490 3382 optari
2523 3329 2550 3367 a
2571 3314 2722 3370 vobis
2743 3315 3126 3371 credebamus.

477 3403 588 3460 illis
612 3419 734 3473 quae
764 3420 796 3460 a
833 3421 1102 3463 concursu
1134 3408 1416 3464 hominum
1448 3416 1672 3464 remotae
1692 3408 1854 3476 sunt.:
1885 3405 2064 3464 Unum
2235 3403 2394 3459 Num.
2432 3404 2489 3459 ἓ.
2529 3404 2656 3460 Non
2714 3417 2890 3462 tamen
2922 3408 2998 3462 ita
3026 3409 3227 3473 omnia,
3259 3417 3364 3463 etc.
3418 3408 3476 3463 ld
3521 3407 3716 3476 refertur

463 3511 582 3566 pro
613 3497 859 3568 pluribus
883 3498 1200 3570 exemplum
1246 3499 1382 3556 mihi
1429 3501 1519 3556 hic
1563 3499 1773 3557 referre
1810 3498 2061 3563 sufﬁciat.
2165 3497 2232 3551 ad
2257 3512 2320 3554 ea
2347 3512 2467 3569 quae
2511 3497 2767 3564 diximus,
2799 3498 2950 3566 illum
2983 3515 3088 3554 non
3118 3499 3399 3567 enucleate
3427 3499 3596 3563 omnia
3622 3512 3715 3552 sus-

464 3587 684 3646 -Domus
705 3591 950 3661 quaedam
986 3591 1300 3648 monialium
1333 3593 1496 3649 habet
1531 3591 1813 3663 sexaginta
1845 3589 2065 3646 circiter
2163 3587 2373 3656 cepisse
2417 3587 2740 3658 proferenda
2768 3629 2783 3654 ,
2841 3588 2938 3643 sed
3002 3603 3069 3644 eo
3113 3589 3278 3645 modo
3327 3588 3420 3658 qui
3464 3587 3714 3655 sufﬁceret,

471 3694 736 3751 personas
763 3685 990 3749 ordinis,
1013 3686 1208 3757 quibus
1224 3687 1520 3745 siaddatur
1553 3694 1810 3744 numerus
1835 3686 2063 3742 famulo-
2158 3679 2312 3751 iuxta
2335 3680 2465 3735 illud
2501 3679 2780 3737 Proverbii
2814 3697 2828 3735 :
2865 3680 3184 3754 Intelligenti
3209 3699 3402 3752 pauca.

473 3786 600 3828 mm
618 3782 674 3828 et
695 3777 1155 3833 mercenariorum
1187 3776 1253 3830 ad
1281 3777 2058 3834 reildomesticmadministra.
2231 3771 2393 3828 Num.
2421 3772 2476 3828 5.
2514 3771 2592 3828 De
2617 3773 3070 3830 commendatione
3093 3785 3272 3830 autem
3300 3775 3461 3845 hujus
3489 3775 3713 3840 vita,etc.

461 3865 682 3922 .tionem
711 3869 1169 3938 necessariorum,
1193 3884 1456 3926 numerus
1493 3869 1596 3926 iste
1619 3870 1687 3925 ad
1717 3869 2060 3940 septuaginta
2160 3863 2219 3921 Id
2253 3864 2535 3922 relationis
2575 3866 2739 3922 habet
2765 3883 2888 3922 cum
2936 3867 3108 3924 sacris
3160 3867 3462 3940 Scripturis
3490 3869 3582 3923 ista
3617 3867 3716 3929 vim.

471 3966 530 4012 et
560 3958 792 4029 amplius
821 3961 1164 4018 extendetur.
1218 3963 1420 4019 Domus
1456 3971 1635 4018 autem
1661 3961 1763 4019 ista
1795 3978 1892 4019 sex
1917 3962 2062 4024 mille
2161 3958 2420 4014 solitariae
2455 3960 2880 4026 commendatio,
2930 3970 2987 4016 ut
3014 3961 3230 4030 quoties
3272 3960 3503 4032 legatur,
3543 3975 3708 4015 norum

472 4046 644 4104 libras
672 4049 837 4105 annui
875 4051 1086 4107 reditus
1117 4052 1204 4107 vix
1229 4053 1413 4120 habet,
1445 4053 1587 4110 ultra
1611 4067 1676 4108 ea
1700 4067 1821 4123 qua:
1863 4052 1964 4109 sibi
1987 4054 2056 4110 ad
2163 4067 2380 4123 semper
2411 4053 2698 4108 suavitatis
2728 4061 2943 4124 gustum
2974 4053 3026 4108 iu
3059 4053 3239 4108 anima
3271 4053 3504 4122 legentis
3530 4054 3714 4115 excitet,

468 4151 631 4194 usum
656 4140 932 4210 proprium
953 4158 1021 4199 ex
1047 4144 1349 4199 oeconomia
1381 4143 1592 4215 agraria
1621 4144 1872 4200 assumit.
1923 4143 2056 4212 Quis
2088 4129 2130 4189 Β
2157 4146 2407 4214 quamvis
2424 4145 2566 4212 illam
2592 4146 2798 4201 centies
2817 4145 2933 4227 iam
2959 4145 3168 4220 legerit.
3192 4146 3267 4201 lbi
3295 4147 3442 4201 enim
3486 4146 3716 4216 reperitur

469 4229 721 4286 crederet
760 4245 883 4289 esse
909 4234 1167 4304 possibile
1192 4242 1253 4288 ut
1289 4249 1413 4290 cum
1443 4242 1552 4289 tam
1580 4234 1766 4304 parvis
1795 4234 2056 4292 reditibus
2156 4235 2401 4305 quaedam
2425 4236 2549 4308 styli
2575 4236 2838 4303 suavitas,
2881 4229 3003 4308 qua:
3029 4238 3262 4294 sinceris
3303 4247 3359 4293 et
3383 4235 3544 4293 veluti
3589 4245 3715 4291 uatu-

470 4332 584 4375 tam
637 4323 812 4393 ampla
859 4324 1065 4386 familia
1110 4334 1292 4396 posset
1311 4326 1646 4383 subsistere?
1683 4325 1935 4384 Attamen
1968 4343 2055 4385 res
2142 4327 2363 4394 _ralibus
2397 4329 2734 4403 argumentis
2777 4338 2832 4386 et
2867 4330 3043 4395 modis
3074 4331 3344 4399 rationem
3397 4331 3563 4401 ipsam
3604 4343 3716 4399 prte-

467 4413 779 4472 certissime
821 4417 898 4472 ita
942 4433 1002 4474 se
1056 4418 1241 4474 habet.
1279 4419 1508 4475 Centum
1541 4419 1971 4476 domos'ordinis
1998 4422 2052 4478 in
2155 4419 2303 4473 venit
2327 4427 2383 4474 et
2405 4420 2705 4488 convincit,
2736 4435 2802 4476 ac
2845 4423 3062 4490 tandem
3091 4421 3331 4477 suaviter
3380 4416 3591 4493 rapiens
3620 4435 3715 4490 pm-

453 4501 702 4563 'medium
759 4506 955 4565 afferre
997 4523 1236 4581 possem,
1265 4511 1634 4581 quibusidem
1674 4514 2054 4583 experimento
2140 4513 2404 4579 nuntiare
2442 4513 2738 4586 compellit,
2764 4513 2940 4578 virum
2975 4526 3125 4572 certe
3174 4513 3344 4569 fuisse
3377 4513 3585 4584 Spiritu
3617 4527 3714 4568 san-

446 4601 767 4669 probam“
799 4611 857 4659 ει
905 4602 1032 4659 inde
1072 4605 1299 4676 gaudeo,
1344 4606 1440 4662 sed
1460 4613 1514 4663 ει
1540 4607 1811 4678 gaudebo,
1847 4609 2049 4679 Majom
2138 4613 2245 4666 _cto
2272 4604 2512 4660 amatum
2557 4605 2648 4676 qui
2675 4594 2800 4663 ista
2853 4607 3092 4677 scripsit,
3148 4607 3234 4663 cui
3273 4606 3566 4677 Scriptura:
3598 4604 3713 4671 velut

446 4707 632 4749 onera
660 4696 944 4752 domorum
967 4697 1176 4752 ordinis
1208 4707 1269 4754 ut
1294 4699 1585 4770 plurimum
1621 4717 1730 4757 non
1759 4701 1828 4758 ab
1852 4703 2052 4769 intrin-
2154 4709 2254 4764 pro
2277 4693 2460 4764 lingua
2493 4704 2738 4761 materna
2767 4705 2946 4762 erant.
2976 4696 3178 4766 quique
3217 4696 3270 4750 in
3295 4695 3534 4750 caelestis
3561 4691 3712 4749 scrinii

461 4798 593 4841 seco
615 4786 868 4842 oriuntur
913 4787 1062 4858 (nam
1099 4803 1224 4844 eum
1268 4803 1358 4844 res
1394 4791 1642 4848 ordinate
1683 4800 1742 4848 et
1793 4794 2050 4865 religiose
2139 4793 2462 4850 atramento
2507 4784 2775 4853 calamum
2823 4786 3142 4858 intingebat.
3184 4785 3409 4842 Certum
3442 4794 3526 4840 est
3565 4792 3710 4838 autem

459 4876 622 4943 ﬁunt,
677 4880 767 4934 vix
817 4880 1040 4936 credere
1082 4890 1304 4952 possent
1346 4882 1636 4940 saeculares
1670 4899 1832 4955 quam
1878 4886 1997 4940 πωιι

2168 4875 2294 4945 ιιιοά
2323 4875 2388 4931 de
2416 4875 2708 4942 solitudine
2760 4876 2986 4950 physica
3045 4877 3136 4933 hic
3171 4885 3318 4948 agat,
3350 4877 3404 4932 id
3438 4884 3520 4932 est
3554 4875 3612 4930 de
3642 4887 3706 4957 so-

457 4967 595 5024 ﬁant
617 4985 682 5041 ex
705 4970 941 5040 paucis),
969 4971 1064 5026 sed
1085 4973 1154 5027 ab
1175 4971 1483 5029 extrinseeo
1506 4987 1832 5043 nascuntur;
1868 4991 1898 5032 a
1920 4992 2049 5033 eou-
2150 4966 2376 5023 Ῐίιυάῖηθ
2405 4967 2491 5023 illa
2525 4984 2647 5038 (ιιιω
2704 4984 2833 5026 Yel’e
2864 4969 3140 5036 hominem
3171 4971 3371 5034 50mm,
3403 4985 3432 5024 3
3464 4969 3613 5026 εοοίῖε
3642 4979 3710 5021 δί’

387 5087 389 5090 -
459 5074 625 5115 cursu
649 5076 846 5132 nempe
877 5076 1241 5133 expensarum
1281 5065 1394 5123 fere
1450 5067 1860 5133 inevitabilium,
1911 5085 2048 5141 quas
2149 5069 2424 5132 paratum.
2454 5075 2581 5125 Cum.
2609 5077 2726 5118 SOIO
2775 5061 2887 5117 D60
2922 5061 3250 5132 existente"!
3289 5061 3476 5126 Cilicii.
3507 5059 3709 5128 ηἰιιῑιιιηο

437 5157 793 5222 temporum,
816 5153 1082 5220 locorum,
1109 5158 1447 5227 negotiorum
1488 5168 1542 5215 et
1563 5169 1920 5232 personarum
1951 5177 1975 5218 e

2168 5168 2374 5208 )I'OI'SUS
2399 5153 2543 5215 dicat
2591 5154 2734 5225 quod
2761 5154 2849 5209 alii
2882 5154 3194 5226 solitudinis
3231 5155 3432 5226 speciei
3456 5153 3559 5209 ullo
3582 5149 3706 5206 modo

461 5251 743 5300 ternarum
786 5245 996 5302 ratione
1042 5246 1224 5304 facere
1274 5259 1563 5322 coguntur.
1630 5250 1698 5306 Et
1737 5252 1864 5308 inde
1903 5252 1964 5316 fit
1988 5259 2050 5310 ut
2149 5247 2442 5307 convenire
2480 5248 2669 5324 possit.
2707 5245 2814 5304 Res
2855 5247 2928 5317 ita
2959 5262 3056 5317 per
3085 5263 3145 5303 se
3165 5237 3388 5303 evidens
3413 5257 3515 5312 est,
3552 5254 3605 5300 ut
3637 5257 3708 5295 su-

451 5336 794 5405 paucissimae
866 5340 1214 5412 reperiantur
1251 5356 1378 5413 qua:
1435 5343 1578 5399 intra
1628 5345 1816 5401 decem
1872 5361 2048 5403 annos
2149 5339 2415 5409 periltlum
2449 5327 2771 5406 iudicemus
2818 5339 2909 5408 hic
2961 5354 3062 5411 per
3089 5339 3301 5412 aliquas
3341 5340 3544 5410 glossas
3579 5332 3706 5404 huius

457 5433 686 5495 possent
723 5427 1071 5485 accumulare
1103 5428 1249 5484 unde
1287 5445 1394 5484 uno
1423 5445 1567 5486 anno
1591 5431 1892 5490 subsistere
1916 5447 2044 5504 pos-
2073 5479 2116 5536 Ο
2151 5429 2227 5511 rei
2256 5428 2538 5496 veritatem
2572 5429 2826 5503 probare.
3006 5432 3008 5435 '

450 5525 595 5584 sent,
633 5519 678 5575 si
709 5519 918 5577 reditus
941 5535 1156 5588 annuus
1184 5519 1422 5576 totaliter
1455 5521 1732 5578 deﬁceret.
2075 5517 2116 5536 ν
2220 5521 2379 5586 Num.
2408 5522 2458 5577 7.
2489 5520 2684 5581 Omnia
2706 5537 2834 5592 pene
2849 5537 2968 5592 qua:
2992 5523 3048 5575 in
3084 5523 3184 5586 hac
3208 5531 3389 5580 nostra
3423 5517 3706 5575 institutione

521 5609 693 5667 Porro
720 5611 911 5668 eadem
967 5625 1088 5680 quae
1132 5609 1223 5665 hic
1258 5609 1391 5665 dicit
1413 5611 1479 5666 Β.
1511 5610 1674 5668 Pater
1705 5611 1881 5684 Guigo
1928 5629 2034 5670 non
2143 5623 2263 5672 sunt
2287 5613 2692 5685 optima,quiete
2711 5623 2759 5669 et
2782 5614 3090 5680 solitudine.
3115 5615 3322 5670 silentio
3343 5625 3390 5669 et
3415 5613 3704 5685 superiorum

450 5708 660 5760 tantum
688 5701 1001 5758 referuntur
1026 5703 1080 5758 in
1106 5700 1343 5772 antiquis
1368 5702 1612 5771 statutis,
1631 5719 1686 5776 p.
1713 5721 1776 5772 ll,
1796 5720 1918 5777 cap.
1943 5706 2035 5773 25,
2143 5706 2484 5778 appetitione,
2506 5715 2613 5762 etc.
2666 5705 2764 5762 Hie
2792 5705 3112 5771 brevissime
3150 5715 3401 5764 recenset
3456 5702 3706 5777 piissimus

451 5813 601 5850 m-m.
633 5797 688 5857 5,
709 5793 815 5854 sed»
829 5793 994 5860 etiam
1028 5793 1189 5850 latius
1217 5807 1478 5872 expressa
1504 5805 1628 5852 sunt
1657 5797 1709 5852 in
1740 5797 2037 5868 modernis,
2144 5799 2380 5875 scriptor
2401 5800 2523 5856 vita:
2541 5798 2916 5858 Carthusianse
2938 5800 3232 5872 principia,
3261 5815 3382 5871 qua:
3411 5805 3549 5866 sunt,
3580 5793 3706 5866 quia
