3992 6418
210 380 318 438 757
1494 375 2094 442 CONS‘UETUDINES'.
2565 402 2570 406 ‘
3376 398 3482 456 758

207 491 342 546 mihi
379 486 727 546 diversorium
748 485 1017 544 viatorum
1039 487 1102 544 ine
1135 489 1453 548 solitudine?
1479 490 1616 564 (Jer.
1650 492 1752 565 lx.)
1783 493 2070 564 Tanquam
2127 493 2230 550 hoc
2257 507 2384 550 eum
2417 495 2471 552 in
2498 496 2722 556 civitate
2748 499 2928 558 facere
2959 517 3066 575 non
3089 517 3341 574 vacaret;
3373 511 3480 567 hoc

210 578 378 635 modo
403 577 654 634 indicans
672 585 934 646 quantum
963 575 1062 650 [αι.
1094 579 1286 653 quam]
1316 580 1612 653 impediant
1633 584 1766 640 socii
1787 584 2022 656 gratiam
2048 583 2435 657 lacrymarum.
2468 585 2569 653 Qui
2593 587 2762 642 etiam
2788 604 2914 644 cum
2949 591 3184 649 dixisset
3210 613 3222 649 :
3251 594 3464 650 Bonum

202 681 286 726 est
318 669 618 739 prastolart'
654 685 771 724 cum
803 668 1012 727 silentio
1045 673 1280 729 salutare
1310 673 1412 729 Dei
1441 674 1661 747 (Thren.
1692 677 1808 750 1n);
1848 678 1938 735 cui
1965 679 2179 749 negotio
2219 680 2514 735 maximum
2563 689 2789 752 praestat
2834 681 3070 738 solitudo
3101 675 3421 755 suffragium
3465 705 3482 749 ;

205 767 615 835 addidissetque
642 784 656 821 :
687 767 900 822 Bonum
953 774 1031 820 est
1061 766 1178 820 vito
1214 782 1336 821 cum
1372 769 1656 838 portaverit
1683 770 1878 840 jugum
1905 770 1970 825 ab
2011 769 2367 826 adolescentia
2399 787 2516 834 sua,
2551 771 2642 828 ubi
2673 787 2774 829 nos
2802 771 3094 842 plurimum
3139 775 3473 844 consolatur,

201 859 298 929 qui
326 860 662 930 propositum
692 860 836 916 istud
881 873 1022 931 pene
1055 873 1246 916 omnes
1273 875 1304 915 a
1322 860 1610 930 juventute
1659 861 1986 929 subivimus;
2052 861 2255 934 adjecit
2281 869 2338 917 et
2357 863 2435 918 ait
2457 880 2474 920 :
2500 861 2710 919 Sedebit
2736 862 3009 919 solitarius
3031 875 3078 920 et
3101 869 3314 934 tacebit,
3353 870 3481 939 quia

199 949 396 1005 levabit
423 967 481 1006 se
504 967 666 1019 supra
685 967 764 1016 se,
794 952 993 1007 omnia
1021 965 1164 1022 pene
1188 967 1308 1022 qua:
1333 953 1388 1008 in
1421 953 1526 1009 hac
1553 960 1743 1008 nostra
1770 952 2116 1010 institutione
2156 960 2287 1010 sunt
2331 955 2560 1031 optima,
2605 955 2790 1027 quiete
2815 964 2870 1010 et
2901 955 3216 1024 solitudine,
3255 959 3478 1016 silentio

201 1049 262 1093 et
279 1040 625 1111 superiorum
653 1039 991 1111 appetitione
1011 1039 1352 1112 significans.
1650 1040 1654 1045 ’

207 1179 210 1181 λ
278 1105 494 1202 8.'Qua3
523 1105 704 1190 studia
726 1105 868 1190 suos
893 1105 1144 1191 alumnos
1184 1134 1374 1206 quales
1409 1133 1646 1191 alliciant
1679 1142 1868 1206 postea
1925 1133 2236 1192 manifestat
2277 1105 2513 1196 dicens:
2537 1137 2696 1194 Dabit
2735 1139 3040 1209 percutienti
3059 1158 3114 1196 se
3162 1113 3458 1213 maxillam,

199 1225 535 1280 saturabitur
557 1225 870 1295 opprobriis,
919 1239 1153 1296 quorum
1185 1225 1240 1280 in
1262 1224 1435 1282 altero
1463 1224 1730 1294 patientia
1755 1241 1991 1291 summa,
2020 1224 2074 1280 in
2101 1225 2280 1282 altero
2310 1227 2554 1300 perfecta
2578 1227 2809 1298 refulget
2833 1229 3128 1287 humilitas.

273 1319 332 1375 9.
357 1319 594 1374 Joannes
633 1333 849 1389 quoque
873 1317 1139 1390 Baptista,
1160 1334 1269 1391 quo
1293 1320 1430 1375 inter
1453 1327 1617 1374 natos
1672 1319 1982 1386 mulierum,
2033 1318 2190 1390 juxta
2253 1321 2552 1379 Salvatoris
2611 1324 2963 1392 praeconium,
2998 1327 3170 1396 major
3203 1345 3352 1384 nemo
3367 1346 3488 1385 sur-

199 1416 340 1471 rexit
373 1414 597 1487 (Matth.
627 1414 730 1487 ιι),
759 1415 893 1486 quid
923 1416 1158 1472 solitudo
1180 1415 1490 1472 securitatis
1519 1416 1723 1486 quidve
1749 1415 2000 1473 utilitatis
2023 1415 2221 1475 afferat
2247 1417 2538 1474 evidenter
2581 1418 2850 1483 ostendit;
2884 1418 2978 1488 qui
3004 1435 3105 1476 nec
3131 1423 3328 1479 divinis
3357 1439 3485 1480 ora.

193 1511 342 1568 culis
371 1511 569 1582 quibus
589 1511 908 1583 praedictum
958 1511 1139 1568 fuerat
1167 1512 1311 1584 quod
1347 1512 1416 1569 ab
1444 1521 1599 1570 utero
1645 1512 1862 1584 Spiritu
1915 1521 2106 1570 sancto
2129 1515 2369 1586 repletus
2427 1514 2583 1587 (Luc.
2617 1514 2680 1586 ι),
2712 1513 2764 1568 in
2810 1515 3003 1585 spiritu
3040 1517 3316 1587 et;virtute
3347 1520 3482 1576 Elia)

195 1609 487 1666 Christum
524 1605 685 1665 foret'
705 1607 1000 1664 Dominum
1042 1617 1442 1681 prmventurus,
1470 1624 1572 1666 nec
1597 1609 1831 1667 mirabili
1859 1611 2167 1677 nativitate,
2186 1627 2287 1668 nec
2315 1622 2602 1684 parentum
2631 1611 2925 1668 sanctitate
2955 1626 3202 1680 securus,
3228 1614 3484 1686 frequen-

191 1706 334 1761 tiam
373 1706 660 1763 hominum
690 1704 904 1778 fugiens
939 1713 1195 1777 tanquam
1227 1707 1617 1780 periculosam,
1651 1708 1866 1764 deserta
1915 1708 2226 1765 solitudinis
2274 1718 2532 1780 tanquam
2577 1717 2694 1765 tuta
2731 1707 2950 1781 delegit,
2991 1710 3183 1766 tandiu‘
3232 1712 3480 1781 pericula

192 1807 554 1871 mortemque
575 1802 846 1868 nesciens,
874 1803 1113 1872 quandiu
1139 1817 1388 1859 eremum
1410 1804 1558 1861 solus
1589 1804 1832 1872 incoluit,
1880 1805 1972 1860 ubi
1993 1804 2124 1876 quid
2153 1805 2372 1861 virtutis
2406 1804 2649 1862 lucratus
2694 1806 2896 1877 quidve
2941 1805 3021 1863 sit
3059 1805 3240 1861 meriti
3285 1798 3490 1862 Christi

194 1889 509 1961 baptismus
534 1900 590 1948 et
611 1908 711 1964 pro
735 1892 946 1963 iustitia
975 1909 1125 1951 mors
1147 1905 1408 1968 suscepta
1455 1897 1803 1952 monstravit.
1832 1895 1980 1952 Talis
2025 1897 2170 1953 enim
2207 1898 2384 1954 factus
2417 1905 2503 1955 est
2557 1897 2612 1953 in
2661 1896 2986 1964 solitudine,
3027 1905 3090 1954 ut
3112 1896 3483 1970 dignus‘esset

190 1985 475 2044 lavantem
499 1990 681 2045 omnia
705 1989 983 2048 Christum
1009 1990 1157 2048 solus
1179 1991 1368 2048 lavare
1386 2031 1402 2058 ,
1441 2000 1498 2048 et
1525 2007 1622 2063 pro
1645 1992 1882 2048 veritate
1920 2006 2021 2048 nec
2046 2006 2322 2048 carcerem
2343 2007 2443 2049 nec
2478 1986 2710 2048 mortem
2733 1989 3040 2049 declinare.

261 2083 355 2143 t0.
386 2082 549 2142 Iesus
572 2085 687 2157 ipse
718 2086 862 2142 Deus
886 2096 942 2143 et
971 2086 1260 2154 Dominus,
1288 2087 1442 2157 cujus
1473 2088 1646 2144 virtus
1691 2103 1792 2144 nec
1851 2096 2066 2144 secreto
2097 2087 2303 2156 juvari,
2349 2102 2450 2144 nec
2477 2087 2693 2158 publico
2743 2093 2958 2158 poterat
2986 2087 3258 2157 impediri,
3287 2097 3347 2144 ut
3376 2104 3472 2144 suo

198 2189 392 2238 tamen
427 2182 586 2240 nobis
621 2184 929 2241 consuleret
950 2185 1218 2256 exempto,
1246 2185 1562 2257 priusquam
1587 2177 1912 2256 praedicaret
1931 2184 2017 2242 vel
2041 2185 2194 2256 signa
2222 2183 2447 2250 faceret,
2475 2171 2868 2241 tentationib'us
2891 2191 3055 2255 atque
3070 2181 3292 2255 jejuniis
3321 2168 3483 2255 quasi

186 2277 464 2347 probatus
501 2287 586 2334 est
629 2278 684 2334 in
724 2278 1039 2348 solitudine,
1070 2280 1137 2336 de
1171 2295 1279 2351 quo
1314 2279 1599 2352 Scriptura
1630 2279 1802 2337 refert
1841 2280 2006 2352 quod,
2069 2280 2275 2337 relictis
2315 2279 2487 2336 turbis
2512 2279 3008 2351 discipulorumgin
3046 2287 3285 2336 montem
3321 2279 3469 2335 solus

187 2375 521 2439 ascenderet
552 2393 713 2434 orare
741 2376 961 2447 (Malm.
987 2379 1122 2451 xlv).
1152 2379 1256 2447 Qui
1295 2387 1354 2436 et
1378 2379 1718 2435 imminentis
1770 2377 1884 2448 jam
1905 2386 2152 2449 tempore
2204 2375 2474 2449 passionis
2503 2375 2778 2447 apostolos
2808 2374 3032 2445 reliquit
3089 2374 3236 2430 solus
3285 2388 3482 2430 exora-

188 2479 380 2533 turus.
412 2471 517 2528 isto
545 2472 628 2527 vel
659 2472 896 2530 maxime
946 2474 1232 2532 insinuans
1267 2472 1514 2545 exemplo
1531 2481 1798 2545 quantum
1821 2472 2054 2531 solitudo
2095 2472 2269 2545 prosit
2293 2472 2549 2539 orationi,
2581 2471 2799 2544 quando
2835 2468 3159 2536 comitibus,
3187 2468 3314 2526 licet
3345 2483 3482 2540 apo-.

187 2566 377 2631 stolis,
396 2583 502 2620 non
527 2567 638 2622 vult
673 2569 863 2622 tnistus
893 2584 1074 2624 orare.

260 2662 355 2717 11.
379 2661 500 2718 Jam
517 2678 613 2718 vos
636 2664 761 2734 ipsi,
797 2666 969 2720 sancti
997 2680 1061 2721 ac
1092 2666 1428 2723 venerabiles
1458 2665 1649 2722 Patres
1699 2665 1922 2742 Paulus,
1971 2665 2262 2732 Antonius,
2290 2663 2560 2732 Hilarion,
2594 2664 2923 2724 Benedictus
2973 2672 3030 2717 et
3078 2664 3258 2718 caeteri
3313 2663 3469 2719 nobis

191 2757 630 2818 innumerabiles
651 2747 914 2832 quantum
943 2762 996 2818 in
1015 2763 1310 2820 solitudine
1339 2773 1523 2821 mente
1549 2747 1910 2835 profecerint,
1937 2776 2039 2834 per
2063 2777 2163 2820 vos
2189 2756 2554 2828 considerate,
2582 2770 2638 2817 et
2666 2761 2969 2834 probabitis
2997 2760 3295 2816 suavitates
3316 2759 3434 2828 psal
3451 2789 3465 2816 ,-

190 2858 528 2926 modiarum,
571 2859 751 2916 studia
776 2859 1093 2928 lectionum,
1137 2859 1383 2918 fervores
1417 2860 1746 2928 orationum,
1791 2858 2122 2920 subtilitates
2175 2859 2617 2925 meditationum,
2649 2873 2905 2914 excessus
2931 2854 3478 2926 conten'plationum,

191 2951 535 3025 baptismata
584 2953 971 3028 lacrymarum,
1003 2956 1146 3013 nulla
1179 2971 1238 3012 re
1262 2952 1436 3027 magis
1467 2973 1628 3029 quam
1649 2956 1954 3015 solitudine
1987 2971 2154 3028 posse
2175 2955 2382 3026 juvari.

265 3049 365 3104 12.
405 3049 523 3107 Νοη
538 3060 721 3109 autem
761 3051 878 3108 iure
900 3052 1051 3110 vobis
1069 3069 1238 3125 pauca
1262 3069 1382 3124 quae
1401 3054 1641 3111 diximus
1691 3053 1964 3112 sulliciant
1998 3052 2274 3130 exempla,
2300 3051 2372 3108 ad
2413 3050 2648 3122 suscepti
2671 3049 2885 3106 laudem
2906 3049 3200 3120 propositi;
3245 3045 3339 3103 sed
3370 3047 3477 3118 ipsi

199 3147 396 3218 potius
418 3147 574 3204 vobis
593 3146 747 3219 plura
773 3161 1113 3220 coacervate,
1172 3149 1257 3206 vel
1287 3151 1353 3208 de
1388 3165 1569 3206 rerum
1595 3165 1694 3206 usu
1721 3148 2095 3221 praesentium,
2141 3147 2227 3203 vel
2281 3147 2350 3204 de
2389 3154 2702 3203 sanctarum
2749 3142 2964 3216 paginis
3015 3141 3421 3215 Scripturarum
3456 3161 3501 3200 :—

191 3257 511 3314 quanquam
537 3244 714 3316 ipsum
749 3247 845 3304 tali
870 3249 1350 3306 commendatione
1381 3263 1488 3308 non
1519 3246 1984 3318 egeat,.quoniam
2012 3253 2067 3302 et
2089 3259 2186 3302 sua
2213 3244 2444 3305 raritate
2473 3252 2527 3300 et
2555 3256 2777 3299 suorum
2814 3248 3151 3298 sectatorum
3194 3241 3473 3312 paucitate

189 3338 528 3398 sufﬁcienter
562 3357 683 3400 sese
705 3346 1066 3400 commendat.
1093 3345 1152 3400 Si
1175 3345 1344 3412 enim,
1361 3344 1521 3410 juxta
1545 3343 1758 3400 Domini
1785 3341 1976 3406 verba,
2003 3349 2153 3395 arcta
2174 3349 2247 3394 est
2267 3340 2353 3395 via
2373 3354 2492 3410 qua:
2506 3338 2650 3392 ducit
2671 3339 2740 3392 ad
2763 3336 2940 3401 vitam,
2962 3346 3010 3392 et
3031 3337 3188 3408 pauci
3213 3338 3482 3393 inveniunt

189 3447 308 3486 eam
332 3432 553 3504 (Matth.
582 3437 716 3509 vn);
760 3444 817 3493 et
840 3452 872 3494 e
893 3446 1079 3494 contra
1101 3437 1279 3508 ampla
1308 3447 1383 3493 est
1403 3453 1522 3509 quae
1545 3437 1689 3491 ducit
1717 3435 2050 3501 att-mortem,
2074 3442 2122 3487 et
2145 3431 2299 3486 multi
2345 3431 2543 3487 vadunt
2570 3446 2663 3501 per
2677 3445 2816 3497 eam,
2857 3429 3003 3484 inter
3023 3429 3347 3486 Christianae
3373 3431 3462 3485 re;

191 3528 419 3602 ligionis
445 3532 717 3601 instituta,
760 3543 915 3592 tanto
939 3550 998 3596 se
1024 3537 1457 3608 unumquodque
1479 3533 1721 3596 melioris
1734 3540 1789 3588 et
1813 3531 2149 3589 sublimioris
2177 3529 2420 3586 ostendit
2447 3527 2626 3584 meriti
2673 3535 2881 3598 quanto
2910 3525 3213 3597 pauciores,
3242 3532 3300 3579 et
3319 3534 3472 3579 tanto

192 3627 428 3685 minoris
448 3637 503 3684 et
540 3630 815 3690 inferioris
845 3643 1047 3706 quanto
1087 3635 1282 3706 plures
1305 3633 1566 3691 admittit.
1595 3633 1742 3689 Bene
1764 3641 1863 3692 vos
1887 3644 2100 3701 semper
2127 3627 2309 3684 valere
2330 3637 2385 3684 et
2406 3624 2581 3682 nostri
2610 3625 2926 3682 meminisse
2950 3632 3225 3695 optamus.

944 3731 1246 3804 Explicitmt
1293 3729 1711 3788 Consuetudiues
1754 3727 1826 3782 D.
1872 3723 2128 3796 Cuigonis
2175 3721 2378 3793 prioris.
2410 3718 2729 3775 Carthusiw.

1553 3836 2123 3900 COMMENTARIUS.

190 3972 225 4014 a
255 3957 553 4015 mltndanis
576 3959 739 4016 rebus
758 3969 813 4017 et
832 3959 1131 4026 affectibus,
1155 3961 1383 4016 solitudo
1401 3962 1469 4017 ab
1507 3961 1786 4017 hominum
1816 3931 1871 4016 Α.
1961 3952 2208 4025 Cognovit
2233 3952 2496 4009 Dominus.
2527 3952 2616 4024 qui
2660 3957 2782 4006 sunt
2829 3948 2944 4018 ejus
2982 3947 3068 4018 (ΙΙ
3095 3946 3231 4016 Tim.
3271 3965 3328 4016 ιι,
3367 3949 3475 4023 19)..
3511 3969 3514 3972 ’

191 4051 613 4108 conversatione
657 4061 713 4107 et
741 4053 1039 4108 vanitatum
1070 4053 1301 4120 visione,
1328 4053 1597 4113 silentium
1614 4067 1644 4106 a
1664 4066 1786 4108 ver-

190 4145 285 4202 bis
307 4144 616 4212 inutilibus,
653 4155 708 4200 et
733 4147 1058 4217 superiorum
1089 4147 1359 4217 appetitio,
1383 4145 1436 4202 id
1456 4155 1538 4201 est
1573 4160 1636 4201 ea
1667 4158 1789 4216 qua:

191 4248 417 4288 sursum
446 4244 571 4290 sunt
590 4236 879 4306 quaerendo
899 4245 953 4292 et
975 4236 1256 4308 sapiendo.
1290 4236 1367 4293 De
1420 4236 1630 4294 caeteris
1679 4251 1787 4292 non

193 4322 466 4394 loquitur,
515 4325 640 4396 quia
675 4326 829 4396 quasi
858 4326 1159 4382 accidentia
1191 4325 1504 4383 referuntur
1545 4325 1613 4381 ad
1661 4325 1790 4382 sub-

196 4414 464 4473 stantiam
494 4415 754 4487 propositi
803 4415 1221 4484 Carthusiensis,
1277 4432 1400 4490 quae
1423 4425 1510 4478 est
1533 4416 1789 4474 obedien-

194 4507 269 4563 tia
297 4505 356 4560 in
387 4506 587 4576 quiete,
619 4505 674 4560 in
707 4505 997 4564 solitudine
1014 4517 1072 4564 et
1093 4508 1146 4567 in
1175 4508 1390 4565 silentio
1412 4505 1642 4564 reddita.

260 4594 432 4652 Num.
473 4597 557 4653 η.
587 4598 851 4664 Quoniam
876 4609 923 4655 et
945 4617 1042 4656 sua
1066 4602 1287 4656 raritate
1306 4608 1355 4656 et
1381 4614 1599 4656 suorum
1612 4608 1790 4656 secta-

193 4689 691 4758 torum-paucitate
735 4691 1052 4762 sufficienter
1099 4707 1210 4748 sese
1251 4688 1622 4755 commendat,
1681 4696 1785 4744 etc.

193 4780 452 4837 Ostendit
479 4781 662 4837 statim
693 4779 761 4836 B.
791 4780 850 4836 P.
878 4781 1052 4853 Guigo
1075 4782 1216 4840 unde
1242 4789 1617 4854 argumentum
1646 4777 1788 4836 istud

193 4875 297 4929 sibi
322 4883 526 4940 sumat,
577 4887 648 4928 ne
695 4873 900 4945 aliquid
930 4875 1264 4944 paradoxum
1327 4881 1423 4928 aut
1465 4871 1788 4942 quibusdam

195 4966 520 5037 injuriosum
561 4964 808 5036 proferre
858 4966 1125 5022 videatur.
1158 4967 1237 5021 Ex
1277 4965 1382 5021 hoc
1420 4972 1600 5019 autem
1629 4978 1789 5034 argu-

194 5067 382 5118 mento
420 5059 488 5115 ad
517 5069 764 5116 nostrum
785 5058 1088 5131 profectum
1114 5059 1247 5116 istas
1281 5055 1658 5115 conclusiones
1694 5057 1790 5111 de-

155 5213 158 5216 ,
194 5148 398 5205 ducere
415 5148 694 5206 debemus.
721 5149 901 5206 Solius
931 5151 1025 5206 Dei
1049 5158 1133 5206 est
1171 5148 1349 5206 facere
1387 5148 1702 5214 monachos,
1733 5155 1789 5202 et

195 5241 412 5309 quoties
436 5241 676 5298 humano
709 5242 936 5298 consilio
963 5251 1058 5297 aut
1084 5244 1322 5297 humana
1371 5239 1635 5295 industria
1665 5251 1786 5292 mo-

1890 4057 1947 4110 et
1981 4046 2187 4120 quosin
2216 4046 2318 4103 ista
2335 4055 2520 4103 nostra
2544 4042 2829 4100 vocatione
2849 4039 3206 4096 Carthusiana
3231 4056 3484 4112 compre-

1891 4139 2057 4196 hendi
2083 4137 2232 4206 velit,
2294 4152 2396 4194 nos
2443 4135 2742 4197 nescimus.
2804 4127 3108 4189 Caveamus
3160 4145 3296 4203 ergo.
3319 4131 3373 4187 in
3424 4148 3486 4188 re

1895 4230 2031 4288 tanti
2059 4229 2320 4286 momenti
2359 4242 2428 4284 ne
2451 4235 2700 4284 nostrum
2729 4238 2948 4300 sensum
2993 4231 3086 4278 aut
3115 4220 3368 4280 allectum
3395 4239 3485 4281 se-

1891 4336 2146 4393 quamur,
2167 4320 2260 4376 sed
2288 4317 2550 4376 voluntati
2581 4317 2678 4375 Dei
2723 4314 3100 4372 tantummodo
3126 4313 3483 4386 adimplendzc

1891 4414 2252 4482 attendentes,
2293 4411 2441 4468 illam
2465 4411 2626 4467 unice
2675 4409 2820 4467 circa
2865 4421 2960 4463 eos
3007 4407 3098 4478 qui
3122 4406 3187 4461 ad
3231 4408 3502 4464 ordinem,

1891 4505 2114 4561 veniunt
2138 4503 2358 4574 exsequi
2389 4510 2716 4575 satagamus,
2743 4513 2808 4556 ea
2837 4497 3030 4579 devote
3056 4505 3113 4554 et
3157 4496 3368 4554 sincere
3388 4498 3488 4554 ob-

1891 4598 2178 4663 servando,
2207 4596 2342 4653 etin
2370 4595 2560 4666 spiritu
2590 4607 2733 4648 verae
2773 4591 3061 4650 chanitatis
3109 4589 3478 4660 exsequendo,

1889 4700 1957 4742 ex
1984 4685 2181 4757 quibus
2208 4693 2262 4739 et
2284 4683 2497 4738 vocatio
2519 4679 2758 4736 caelestis
2795 4687 2850 4734 et
2876 4679 3126 4735 voluntas
3167 4677 3262 4733 Dei
3288 4677 3482 4750 digno-

1891 4779 1968 4835 sci
1991 4783 2218 4849 possunt
2237 4775 2291 4831 in
2324 4774 2428 4830 hac
2454 4773 2582 4828 vita.
2673 4779 2675 4782 ‘

1968 4869 2080 4926 Nec
2132 4882 2231 4924 nos
2278 4881 2519 4938 unquam
2567 4861 2839 4934 decipiant
2892 4867 3212 4932 argumenta
3269 4874 3338 4918 ex
3390 4858 3482 4917 illo

1891 4959 2167 5034 Evangelii
2225 4960 2345 5015 loco
2397 4958 2678 5028 desumpta
2709 4973 2721 5010 :
2755 4952 3019 5025 Compelle
3043 4953 3267 5020 intrare,
3294 4963 3350 5008 ut
3372 4956 3478 5008 im-

1888 5055 2296 5129 pleaturdomus
2319 5068 2433 5107 mea
2451 5049 2604 5122 (Luc.
2621 5065 2735 5115 xw,
2751 5047 2864 5120 '52).
2883 5047 2939 5102 ld
2956 5045 3101 5102 enim
3123 5047 3391 5103 vocationi
3409 5048 3477 5103 ad

1888 5149 2048 5204 fidem
2069 5145 2436 5204 Christianam
2472 5151 2678 5198 tantum
2703 5140 2978 5207 convenit,
3011 5154 3130 5210 qua:
3156 5139 3224 5194 ad
3247 5141 3478 5196 salutem

1891 5240 2116 5297 omnino
2167 5236 2473 5294 necessaria
2498 5241 2600 5302 est,
2633 5241 2688 5290 et
2715 5233 2848 5288 nihil
2872 5231 3035 5288 tradit
3079 5227 3244 5288 circa
3276 5246 3474 5298 mores,

196 5308 496 5388 uachorum
551 5333 928 5405 multiplicatio
969 5331 1366 5399 attentabitur,
1395 5329 1782 5387 miserabilium
1821 5308 1862 5367 Β
1895 5333 2034 5404 quod
2063 5331 2133 5389 ab
2161 5331 2415 5388 omnibus
2446 5343 2570 5384 cum
2601 5327 2694 5383 Dei
2729 5326 2906 5399 gratia
2954 5341 3060 5382 non
3113 5324 3285 5395 possit
3308 5333 3361 5381 et
3386 5326 3479 5380 de-

195 5422 376 5490 potius
423 5438 779 5495 personarum
823 5439 987 5496 quam
1037 5423 1278 5481 virorum
1327 5430 1638 5478 sanctorum
1678 5436 1783 5476 nu-

197 5527 383 5571 merus
411 5516 720 5587 augebitur.
747 5516 1091 5572 Statutorum
1147 5528 1279 5585 ergo
1304 5521 1543 5570 mentem
1571 5526 1785 5583 semper

197 5607 392 5668 stricte
424 5623 735 5680 sequamur,
767 5617 880 5664 tum
935 5608 1082 5664 circa
1120 5607 1310 5663 domos
1353 5619 1518 5664 novas
1545 5618 1650 5660 non
1678 5603 1780 5660 nisi

199 5714 324 5758 cum
351 5714 543 5771 magna
568 5699 898 5757 discretione
920 5699 1279 5771 recipiendas,
1309 5707 1420 5758 tum
1471 5697 1617 5754 circa
1658 5695 1782 5754 sub-

199 5792 348 5851 ditos
381 5793 435 5850 in
455 5796 1050 5858 ordineadmittendos.

1892 5427 2015 5482 beat
2037 5422 2342 5494 adimpleri,
2386 5421 2610 5492 sed’non
2637 5418 2904 5477 vocationi
2935 5418 3002 5474 ad
3033 5425 3231 5472 statum
3285 5432 3476 5472 mona‘

1891 5517 2111 5580 sticum.
2133 5523 2191 5580 et
2210 5526 2447 5578 maxime
2467 5511 2906 5568 Carthusianum.
2940 5507 3030 5563 ille
3068 5503 3334 5577 siquidem
3361 5512 3474 5560 stas

1891 5615 1979 5663 tus
2007 5621 2110 5661 non
2145 5603 2396 5662 homines
2419 5611 2628 5658 tantum
2657 5601 2712 5657 in
2737 5601 2842 5657 fide
2867 5596 3087 5656 stabiles
3119 5593 3474 5664 requirit,sed

1890 5714 1984 5757 eos
2013 5699 2101 5770 qui
2132 5713 2195 5753 ex
2223 5693 2480 5768 singulari
2528 5693 2622 5749 Dei
2670 5690 2951 5748 vocatione
2991 5687 3056 5740 ad
3104 5683 3230 5739 illud
3261 5682 3492 5745 vivendi

1894 5807 2065 5864 genus
2089 5786 2612 5861 advocentur,,quod
2659 5784 2744 5842 ad
2765 5781 3050 5844 lucentium
3081 5774 3300 5852 speciali
3335 5792 3472 5848 quo;
