3984 6406
531 362 638 434 τετυ

1359 348 1688 411 GUIGONIS
1731 349 1747 404 1
1787 341 2206 403 (λωτηυδιεε
2247 337 2539 396 ΜΜΟΠΙΕ
2577 335 2852 394 Ρῖὶιοιιιε
2892 335 2934 390 V

3697 324 3802 400 τα

534 454 630 538 seti
654 473 888 536 maxime
909 467 1353 544 nonspcrnendae
1379 463 1724 520 auctoritatis
1753 460 2007 518 Arialdus
2028 458 2104 530 (8)
2137 457 2184 517 A
2214 453 2466 523 ignobilia
2507 451 2690 507 mundi
2725 458 2779 506 et
2808 449 3238 521 contemptibilia
3269 449 3436 523 elegit
3463 451 3638 518 Deus,
3663 465 3714 509 et
3740 469 3808 512 ea

533 578 590 626 et
614 568 766 639 [iugo
794 565 894 638 (ο),
913 555 1471 628 Μοονὶθηηεηεῑεῌο)
1501 565 1557 610 et
1585 549 2118 621 Gratianopolitanus

536 657 796 730 episcopi.
830 655 873 711 E
917 654 1114 726 quibus
1155 651 1326 722 prior,
1361 647 1551 702 habitu
1595 653 1651 700 et
1689 644 1796 698 vita
1831 639 2114 712 regularis,

535 750 680 808 beati
702 748 806 805 viri
849 747 903 803 in
944 743 1244 802 tractandis
1283 736 1673 796 ecclesiasticis
1708 735 1874 816 rebus
1899 748 1997 802 per
2023 731 2119 786 tri-

537 847 685 916 ginta
716 842 829 898 fere
867 855 1049 895 comes
1077 835 1288 891 exstitit
1317 847 1520 896 annos;
1565 828 1840 899 posterior
1867 841 2018 889 vero,
2048 839 2118 880 ex

537 935 694 991 nobis
720 931 1037 988 monachus.
1066 929 1138 983 ita
1160 928 1210 981 ei
1236 925 1287 980 in
1311 923 1687 980 ecclesiastico
1713 919 1975 990 regimine
1996 932 2120 973 suc-

537 1024 706 1080 cessit
744 1030 802 1077 ut
845 1027 1064 1091 propter
1099 1017 1410 1072 diuturnam
1459 1031 1524 1070 ac
1561 1013 1936 1089 vehementem
1970 1009 2120 1064 inﬁr-

537 1113 781 1172 mitatem
805 1110 993 1180 ipsius,
1019 1107 1072 1162 in
1096 1105 1212 1175 ejus
1230 1105 1429 1168 locum,
1455 1104 1574 1174 ipso
1595 1110 1812 1172 petente
1833 1108 2120 1169 vestraque

537 1203 738 1273 pietate
759 1201 1005 1270 jubente,
1033 1198 1351 1270 priusquam
1383 1195 1558 1250 obiret
1586 1195 1721 1264 ipse,
1759 1204 2118 1247 consecrare-

537 1300 644 1352 tur.
673 1293 738 1348 Et
758 1307 884 1364 erga
910 1306 1006 1346 eos
1034 1290 1250 1361 quidem
1277 1303 1413 1358 quos
1436 1302 1547 1357 pra:
1568 1286 1722 1356 longa
1751 1282 2118 1338 familiaritate

534 1384 621 1440 vel
654 1385 904 1439 convictu
941 1381 1114 1437 latere
1148 1395 1254 1434 non
1295 1388 1562 1448 poteram,
1603 1385 1786 1431 nostra
1821 1389 1918 1429 nos
1949 1373 2121 1444 impe-

535 1476 662 1534 ritia
693 1491 786 1530 seu
817 1472 1160 1532 verecundia,
1198 1479 1247 1523 et
1281 1485 1401 1538 qua:
1427 1467 1565 1522 forte
1600 1482 1702 1522 non
1737 1467 1918 1522 minus
1949 1465 2120 1533 impe-

537 1565 721 1620 diebat
741 1565 924 1620 carnis
954 1562 1263 1628 inﬁrmitas,
1315 1558 1647 1616 suiiicienter
1681 1565 1932 1628 poterant
1953 1570 2122 1611 excu-

2219 561 2339 614 quze
2363 560 2467 598 non
2496 553 2641 626 sunt,
2661 551 2718 596 ut
2739 556 2800 597 ea
2819 557 2938 612 qua:
2962 550 3090 596 sunt
3110 541 3449 609 destrueret;
3477 551 3539 598 ut
3565 559 3673 598 non
3697 544 3810 616 glo-

2222 634 2396 688 rietur
2421 633 2600 689 omnis
2633 645 2764 687 caro
2797 631 2851 685 in
2877 638 3168 700 conspectu
3193 629 3310 698 ejus
3333 631 3388 704 (1
3401 629 3530 686 Cor.
3561 646 3601 698 ι,
3635 631 3748 702 26).
3785 653 3806 686 ο

2219 721 2421 778 Verum
2446 721 2702 794 quoniam
2731 720 2767 775 ii
2793 719 2886 790 qui
2914 719 2980 774 de
3013 719 3308 775 virtutibus
3342 729 3652 777 tractavere
3691 738 3812 776 san-

2206 821 2456 882 ctorum,
2485 814 2650 869 etiam
2672 812 2919 880 carnales
2941 811 3419 868 inveniuntur-non
3446 814 3688 869 tacuisse
3717 830 3814 867 na-

2219 904 2376 971 tales,
2401 905 2648 960 dicamus
2676 913 2730 958 et
2750 919 2848 960 nos
2869 903 3110 959 breviter
3131 904 3274 972 quod
3297 903 3360 957 Β.
3386 901 3564 975 iiugo,
3593 907 3818 959 natione

2220 991 2648 1063 Valentinensis,
2665 996 2785 1052 loco
2803 997 2958 1068 juxta
2981 995 3183 1051 lsaram
3203 996 3249 1066 (l
3263 995 3314 1067 ι)
3338 995 3561 1050 ﬂuvium
3584 996 3713 1057 site,
3731 997 3818 1050 eui

2217 1089 2702 1146 Castrum-Novum
2733 1104 2930 1144 nomen
2967 1097 3070 1153 est,
3116 1096 3371 1159 parentes
3409 1087 3610 1143 habuit
3642 1096 3697 1141 et
3726 1102 3818 1141 se-

2220 1186 2454 1239 cundum
2480 1182 2659 1239 saeculi
2689 1182 3012 1251 dignitatem
3038 1196 3144 1236 non
3171 1181 3411 1245 inﬁmos,
3435 1189 3493 1236 et
3519 1179 3688 1250 (quod
3714 1196 3817 1235 ex-

2219 1272 2390 1344 cellit)
2423 1271 2733 1328 sanctitatis
2761 1269 3127 1342 praerogativa
3157 1270 3506 1340 conspicuos.
3542 1269 3588 1324 E
3623 1269 3822 1341 quibus

2221 1377 2396 1439 pater,
2425 1367 2580 1424 Odilo
2604 1368 2844 1436 nomine,
2867 1376 3066 1438 prteter
3086 1365 3189 1422 alia
3215 1366 3647 1438 quamplurima,
3698 1384 3822 1437 qua:

2222 1459 2449 1515 militari
2488 1459 2613 1515 licet
2645 1459 2697 1513 in
2719 1459 2906 1514 habitu
2939 1459 3283 1516 laudabiliter
3307 1459 3475 1530 gessit
3495 1458 3586 1514 vel
3610 1459 3822 1525 habuit,

2219 1552 2469 1609 veritatis
2497 1562 2554 1608 et
2587 1552 2857 1608 castitatis
2891 1562 3111 1606 amator
3146 1551 3377 1607 exstitit.
3411 1551 3549 1607 Nam
3581 1564 3645 1608 et
3672 1569 3824 1609 meu-

538 1672 688 1712 sare.
719 1655 788 1711 ad
828 1664 992 1710 tantm
1022 1668 1156 1709 vero
1198 1651 1405 1723 pondus
1437 1650 1796 1716 auctoritatis,
1834 1663 1901 1704 ne
1923 1646 2122 1702 mutire
2222 1649 2375 1704 dacia
2398 1688 2414 1711 ,
2457 1649 2690 1718 ingenua
2731 1647 2930 1703 mentis
2976 1646 3295 1712 affectione,
3343 1646 3622 1716 religiosis
3659 1662 3822 1716 quam

544 1748 765 1818 quidam
803 1729 1272 1816 praesumpsimus,
1310 1759 1392 1807 ne
1433 1743 1560 1798 dum
1601 1742 1648 1798 ei
1695 1759 1800 1798 non
1840 1740 2122 1798 obedimus
2151 1810 2192 1818 _
2221 1739 2472 1812 plurimis
2502 1739 2733 1810 amplius
2759 1738 3037 1803 evitabat;
3069 1747 3124 1793 et
3160 1737 3289 1792 licet
3317 1735 3476 1804 duas,
3509 1739 3700 1808 priore
3731 1737 3827 1793 de-

539 1839 628 1892 cui
679 1844 821 1893 tctus
868 1837 1188 1892 couuuissus
1233 1843 1316 1891 est
1360 1834 1614 1899 numdus,
1652 1849 1776 1888 eum
1821 1830 2121 1887 oti‘endere-
2151 1810 2198 1870 Β
2228 1833 2436 1897 functa,
2469 1833 2634 1888 citius
2675 1830 2840 1887 fuerit
2879 1831 3104 1888 sortitus
3139 1846 3362 1901 uxores,
3391 1829 3576 1886 nullos
3619 1840 3825 1892 tamen,

538 1944 661 1984 mus
689 1943 717 1982 a
741 1944 848 1998 quo
887 1927 1062 1984 factus
1094 1937 1177 1982 est
1204 1929 1464 1992 mundus;
1509 1935 1563 1981 et
1603 1927 1728 1982 dum
1770 1925 1909 1996 apud
1945 1921 2122 1978 homi-

538 2037 634 2078 nes
688 2022 921 2082 vitamus
972 2023 1256 2094 imperitia:
1305 2016 1710 2088 cenfusionem,
1762 2017 1902 2092 apUd
1950 2021 2118 2079 Deum

537 2111 939 2169 incurreremus
969 2114 1391 2169 damnationem.
1425 2112 1789 2169 Obsecramus
1818 2121 1996 2167 autem
2025 2126 2122 2167 eos

537 2202 628 2273 qui
662 2203 776 2258 haec
801 2201 1048 2275 legerint,
1079 2219 1146 2263 ne
1171 2203 1306 2265 tanti
1336 2204 1685 2258 sanctitatem
1708 2203 1909 2268 Patris,
1935 2209 2118 2257 nostra

537 2312 644 2352 non
671 2286 850 2351 solum
882 2293 1156 2361 facundia,
1189 2296 1283 2351 sed
1319 2307 1374 2351 et
1403 2295 1735 2366 cogitatione
1767 2294 1920 2364 longe
1951 2293 2121 2370 majov

540 2403 657 2443 rem
686 2403 755 2443 ex
780 2388 883 2442 ista
914 2387 1183 2459 scriptura
1214 2387 1526 2451 metiantur,
1561 2395 1616 2441 et
1639 2386 1893 2450 maxime,
1928 2401 1994 2440 ne
2023 2401 2122 2456 pu-

540 2488 656 2535 tent
701 2495 822 2546 nos,
854 2479 995 2558 ultra
1032 2495 1195 2554 quam
1229 2496 1323 2535 sua
1360 2481 1630 2550 postulant
1675 2481 1888 2544 merita,
1920 2477 2120 2532 nostris

536 2567 669 2628 eum
686 2570 1026 2631 sermonibus
1046 2568 1240 2625 eﬂ'erre
1261 2570 1522 2641 potuisse.
1541 2568 1775 2624 Tantum
1803 2570 1945 2624 enim
1969 2567 2124 2623 abest

540 2671 603 2716 ut
622 2661 935 2717 sanctitatis
965 2661 1107 2715 illius
1143 2660 1568 2730 magnitudinem
1610 2661 1730 2729 plus
1758 2674 1912 2728 aequo
1940 2656 2124 2714 value-

541 2751 733 2816 rimus,
775 2751 928 2821 quasi
967 2749 1372 2814 favorabiliter,
1408 2750 1689 2815 extollere,
1736 2759 1795 2805 ut
1839 2764 1938 2804 nec
1974 2749 2121 2804 illam

539 2839 714 2911 ipsam
765 2848 970 2896 sancta:
1014 2839 1447 2895 conversationis
1503 2839 1620 2910 ejus
1665 2839 2118 2910 praerogativam,

541 2930 684 3004 quod
709 2930 827 2988 sine
851 2929 1070 2986 ﬁctione
1089 2929 1341 2993 dicimus,
1379 2938 1490 2986 tum
1522 2939 1744 3000 propter
1772 2928 2120 2999 imperitiam,

541 3033 657 3080 tum
685 3024 903 3096 propter
931 3023 1198 3080 sermonis
1227 3023 1486 3095 inopiam,
1516 3031 1575 3079 ut
1601 3033 1721 3079 erat
1753 3022 1998 3092 dignum,
2025 3037 2124 3093 po-

542 3117 808 3176 tuerimus
836 3117 1134 3188 explicare.
1561 3145 1566 3148 -

1058 3205 1287 3263 CAPUT
1322 3205 1612 3263 PRIMUM.

706 3298 769 3358 S.
805 3297 1042 3370 Hugom’s
1070 3308 1331 3370 parentes,
1373 3299 1571 3368 studia,
1599 3297 1962 3353 canonicatus.

545 3418 551 3424 -
611 3393 668 3448 2.
707 3392 843 3447 Cum
877 3405 1009 3461 ergo
1046 3390 1252 3462 praefati
1289 3390 1471 3446 Patris
1508 3390 1840 3446 sanctissimi
1870 3403 2049 3445 mores
2073 3394 2128 3444 et

541 3473 727 3556 opera,
752 3484 862 3539 Deo
883 3482 1172 3554 placentia,
1192 3469 1546 3550 sufﬁcientem
1570 3482 1808 3540 sermoni
1836 3482 1971 3538 adeo
1991 3496 2130 3554 prte-

543 3585 693 3632 stcnt
726 3573 1010 3632 materiam
1039 3582 1100 3631 ut
1134 3588 1243 3629 non
1281 3572 1456 3635 solum
1499 3583 1767 3639 nostram,
1793 3573 1886 3629 sed
1913 3582 1969 3629 et
1996 3587 2132 3643 quo.-

542 3667 799 3724 rumlibet
825 3666 1052 3725 vincant
1081 3665 1390 3723 facundiam
1415 3705 1432 3732 ,
1468 3666 1652 3722 carnis
1689 3666 1808 3738 ejus
1843 3665 2128 3722 tacendam

541 3775 608 3816 ex
648 3769 761 3816 toto
785 3759 1110 3815 duceremus
1143 3758 1438 3830 originem,
1475 3773 1543 3815 eo
1581 3759 1726 3830 quod
1761 3757 2131 3815 indifferenter

543 3859 612 3914 de
633 3858 792 3914 bonis
818 3856 1010 3928 bonos,
1048 3857 1115 3912 de
1141 3855 1302 3912 malis
1335 3855 1529 3922 malos,
1571 3857 1638 3912 de
1679 3855 1838 3913 bonis
1877 3855 2050 3912 malos
2075 3863 2131 3912 et

543 3949 612 4005 de
642 3949 801 4004 malis
821 3950 1014 4015 bonos,
1047 3963 1148 4019 per
1169 3947 1336 4004 divini
1353 3946 1542 4018 judicii
1575 3946 1980 4007 inserutabilem
2009 3946 2133 4002 altis

543 4040 808 4108 tudinem,
845 4039 998 4096 nasci
1040 4039 1284 4110 quotidie
1321 4038 1499 4094 nullus
1524 4037 1758 4110 ignoret,
1796 4053 1900 4093 nec
1929 4036 2132 4093 referat

544 4129 750 4200 aliquid
793 4131 1045 4200 qualibus
1089 4130 1162 4185 sit
1197 4139 1352 4186 ortus
1386 4130 1617 4200 quisque
1663 4129 2006 4199 parentibus,
2037 4129 2131 4185 sed

544 4221 796 4292 qualibus
834 4221 1032 4277 vixerit
1079 4220 1358 4288 moribus,
1407 4235 1508 4276 nec
1552 4228 1842 4290 augmenta
1886 4220 2132 4278 conferat

545 4310 862 4369 meritorum
886 4312 1150 4384 potentia,
1173 4311 1380 4367 divitiis
1402 4320 1458 4367 et
1479 4310 1760 4369 nobilitate
1784 4319 1999 4366 terrena
2023 4313 2134 4371 cla—

545 4405 754 4470 ruisse,
797 4405 892 4460 sed
937 4404 1054 4460 haec
1095 4403 1276 4458 omnia
1321 4418 1420 4474 pro
1461 4401 1677 4457 Christo
1717 4403 2131 4474 contempsisse,

2226 1926 2367 1997 quod
2398 1925 2484 1981 his
2510 1924 2844 1995 temporibus
2871 1933 2926 1980 et
2954 1924 3057 1980 hac
3092 1933 3393 1995 temporum
3425 1923 3552 1981 labe
3577 1923 3828 1996 (praeser-

2225 2015 2320 2071 tim
2369 2016 2423 2072 in
2472 2015 2808 2089 potentibus)
2853 2025 3099 2073 monstro
3126 2017 3304 2072 simile
3333 2017 3579 2082 ducitur,
3631 2025 3828 2087 prater

2222 2105 2447 2161 uxorios
2489 2115 2577 2162 est
2603 2114 2864 2176 expertus
2899 2106 3204 2177 amplexus.
3252 2107 3516 2178 Idemque
3565 2107 3692 2179 ipse
3717 2121 3826 2162 aevo

2216 2196 2329 2266 jam
2357 2199 2560 2270 gravis,
2589 2199 2935 2256 sanctissimo
2959 2209 3214 2256 monente
3245 2199 3379 2265 ﬁlio,
3421 2208 3580 2256 tanto
3615 2200 3828 2257 fervore

2225 2293 2550 2365 contempsit
2571 2291 2942 2366 saeculum-ut
2968 2293 3264 2353 senectutis
3304 2293 3608 2348 immemor
3639 2302 3699 2349 et
3731 2293 3823 2347 dev

2225 2381 2403 2438 licata:
2431 2382 2862 2450 consuetudinis,
2901 2383 3086 2450 duras,
3117 2398 3254 2454 quas
3277 2381 3580 2438 Carthusia
3604 2392 3827 2454 propter

2228 2475 2393 2530 verba
2426 2473 2691 2530 labiorum
2718 2475 2814 2532 Dei
2846 2475 3115 2542 custodit,
3140 2476 3260 2531 vias
3280 2475 3506 2547 aggredi
3539 2490 3652 2531 non
3677 2475 3828 2529 dubi-

2230 2565 2451 2632 taverit;
2485 2565 2574 2620 ubi
2601 2565 2760 2623 annis
2781 2565 2896 2622 fere
2918 2567 3105 2627 decem
3130 2575 3184 2622 et
3202 2576 3325 2623 octo
3348 2567 3404 2622 in
3434 2576 3598 2622 tanta
3622 2566 3828 2623 sobrie-

2229 2665 2358 2720 tate,
2396 2664 2546 2711 tanta
2581 2657 2718 2712 vixit
2741 2655 3071 2724 humilitate,
3116 2664 3178 2713 ut
3210 2656 3426 2712 cunctis
3470 2655 3684 2714 ibidem
3725 2655 3829 2714 Deo

2228 2745 2616 2802 farnulantihus
2639 2747 2864 2814 charus,
2892 2747 3106 2803 cunctis
3129 2746 3426 2803 haberetur
3468 2747 3829 2802 veneratione

2229 2837 2598 2908 dignissimus.
2643 2838 2743 2894 Cui
2783 2838 2929 2894 viam
2971 2840 3240 2896 universae
3280 2829 3466 2895 carnis
3506 2842 3843 2911 ingressum.

2228 2930 2369 3001 (erat
2402 2930 2601 3001 quippe
2633 2929 2808 2987 ferme
2830 2929 2943 3000 jam
2975 2932 3341 3003 eentenarius)
3374 2931 3721 2987 venerabilis
3745 2929 3827 2985 af.-

2230 3020 2333 3076 fuit
2364 3020 2525 3089 ﬁlius,
2562 3037 2799 3093 eumque
2825 3024 3060 3094 propriis
3086 3035 3141 3080 et
3168 3024 3384 3080 inunxit
3407 3031 3465 3080 et
3487 3039 3652 3080 sacra
3678 3039 3829 3081 eom-

2233 3115 2487 3190 munione
2546 3115 2775 3187 replevit
2834 3117 3116 3185 manibus;
3180 3117 3511 3188 expletoque
3562 3117 3834 3190 condigna

2231 3204 2576 3264 veneratione
2608 3214 2714 3260 tam
2748 3214 2937 3262 sancto
2965 3205 3178 3273 funere,
3203 3206 3384 3261 obitus
3406 3207 3581 3273 diem,
3609 3209 3750 3264 sicut
3777 3217 3830 3264 et

2231 3298 2443 3362 matris,
2467 3295 2848 3368 eleemosynis,
2880 3297 3058 3368 quoad
3083 3297 3242 3368 vixit,
3278 3296 3562 3354 celebrem
3591 3296 3753 3354 duxit
3775 3309 3828 3354 et

2229 3387 2535 3444 sacriﬁciis.

2295 3478 2349 3532 5.
2391 3477 2521 3546 Qua:
2547 3479 2803 3537 videlicet
2827 3479 3163 3553 venerabilis
3185 3490 3361 3536 mater
3386 3479 3532 3554 ejus,
3565 3496 3692 3542 cum
3715 3489 3825 3552 post

2230 3569 2542 3627 abscessum
2565 3572 2665 3628 viri
2687 3572 2908 3643 (praeter
2923 3587 3086 3643 quem
3110 3571 3316 3628 nullum
3339 3573 3569 3642 penitus
3587 3573 3826 3642 noverat)

2231 3668 2392 3724 vellet
2417 3678 2471 3724 et
2496 3670 2612 3740 ipsa
2636 3678 2831 3726 cuncta
2865 3668 3198 3739 relinquere,
3231 3669 3360 3739 quia
3387 3669 3725 3724 Feminarum
3750 3683 3831 3722 reo

2232 3760 2542 3831 ligiosarum
2569 3777 2691 3816 rara
2724 3771 2852 3818 tunc
2879 3772 3038 3818 erant
3068 3761 3426 3828 monasteria,
3451 3761 3530 3833 pii
3558 3760 3659 3815 ﬁlii
3687 3760 3829 3816 salu-

2231 3853 2420 3908 bribus
2437 3853 2704 3908 instructa
2729 3853 2974 3917 monitis,
2993 3869 3094 3910 con
3104 3853 3345 3908 liuentia:
3361 3861 3418 3907 et
3437 3851 3830 3923 eleemosynis,

2231 3943 2572 3999 orationibus
2609 3954 2770 4014 atque
2795 3944 3041 4014 jejuniis,
3067 3959 3133 3999 ac
3160 3943 3384 4014 reliquis
3405 3944 3624 3998 sanctis
3655 3942 3831 4013 operi-

2233 4033 2334 4088 bus
2361 4035 2413 4088 in
2443 4033 2606 4088 domo
2635 4036 2852 4106 prepria
2876 4075 2891 4100 ,
2935 4035 3078 4105 quod
3111 4033 3380 4104 reliquum
3409 4041 3536 4089 erat
3570 4031 3833 4104 impendit

2234 4126 2514 4196 temporis,
2545 4126 2684 4182 ﬁlios
2705 4128 2871 4182 etiam
2887 4142 3037 4191 suos,
3063 4127 3390 4196 militaribus
3410 4135 3678 4181 strenuos
3702 4124 3831 4179 acti-

2231 4216 2354 4282 bus,
2386 4214 2454 4269 ab
2487 4216 2883 4281 immoderatis,
2915 4225 3177 4286 quantum
3208 4223 3443 4287 poterat,
3478 4213 3707 4269 frenans
3731 4228 3827 4270 ex-

2232 4307 2497 4363 cessibus.
2525 4305 2622 4369 Cui
2655 4309 3026 4374 dccumbenti,
3057 4323 3120 4364 ea
3154 4324 3260 4383 qua
3303 4308 3829 4383 obiit‘mgritudine,

2233 4407 2414 4467 optata
2447 4397 2542 4452 ﬁlii
2579 4400 2734 4455 adest
2760 4395 3082 4470 praesentia:
3115 4400 3393 4454 adoranda
3434 4398 3610 4453 tradit
3639 4407 3830 4469 myste-

545 4513 670 4554 cum
698 4495 978 4551 videamus
1002 4506 1057 4550 et
1078 4495 1363 4550 Dominum
1386 4496 1714 4567 pauperibus
1733 4505 1914 4552 ortum
1935 4512 2128 4568 paren-
2156 4529 2207 4590 η
2234 4490 2338 4554 ria.
2369 4475 2612 4545 etill‘ema
2641 4507 2746 4546 non
2783 4490 2951 4546 multo
2979 4500 3103 4562 post
3142 4490 3436 4561 sepulturae
3471 4489 3643 4546 solvit
3676 4491 3827 4544 obse-

545 4590 710 4653 tihus,
740 4597 796 4644 et
829 4589 882 4644 in
919 4587 1178 4658 apostolis
1222 4587 1546 4660 insigniores
1573 4597 1817 4660 sumptos
1845 4605 1912 4644 ex
1945 4589 2129 4660 pisca-

543 4683 773 4740 toribus.
808 4681 960 4738 Unde
985 4687 1041 4736 et
1068 4679 1264 4736 beatus
1287 4681 1353 4736 ad
1378 4679 1695 4750 Corinthios
1723 4669 1967 4738 scribens
1987 4680 2130 4744 Pau-

541 4775 625 4833 lus
653 4793 668 4830 :
701 4794 721 4828 ι
749 4775 960 4840 Videte,
999 4774 1198 4844 inquit,
1235 4773 1456 4840 fratres,
1496 4774 1834 4832 vocationem
1867 4784 2125 4842 vestram,

541 4867 669 4938 quia
711 4882 818 4922 non
860 4865 1012 4921 multi
1059 4865 1340 4936 sapientes
1382 4865 1680 4921 secundum
1726 4879 1972 4932 carnem,
2020 4880 2126 4921 non

543 4959 697 5014 multi
737 4969 1005 5028 potentes,
1046 4974 1153 5014 non
1195 4957 1348 5012 multi
1388 4957 1630 5024 nobiles;
1679 4957 1772 5013 sed
1813 4973 1934 5028 qua:
1963 4957 2126 5012 stulta

543 5058 670 5104 sunt
693 5050 877 5105 mundi
909 5049 1072 5121 elegit
1112 5047 1283 5113 Deus,
1315 5057 1376 5104 ut
1414 5047 1713 5104 confundat
1750 5047 2043 5118 sapientes,
2071 5057 2129 5102 et

544 5138 760 5194 inﬁrma
798 5139 984 5194 mundi
1019 5139 1180 5210 elegit
1217 5139 1395 5206 Deus,
1433 5147 1494 5194 ut
1525 5137 1824 5194 confundat
1850 5137 2034 5206 fortia,
2074 5147 2130 5194 et

616 5271 695 5344 (8)
730 5271 1002 5344 Arialdus,
1026 5273 1078 5330 in
1101 5289 1233 5330 mss.
1256 5273 1457 5331 nostris
1472 5273 1745 5338 Airaldux,
1771 5282 1827 5330 et
1844 5271 2120 5344 Aifardus,

545 5341 683 5400 alihi'
705 5341 997 5424 Agrurdus,
1017 5357 1081 5424 ex
1108 5346 1443 5424 mon‘acltoet
1468 5347 1649 5424 priore
1663 5345 1966 5424 Carthusize
1991 5343 2124 5399 Por-

544 5413 1025 5482 tarum,’diaacesis
1045 5413 1439 5486 Lugdunensis,
1470 5413 1644 5471 factus
1668 5416 1954 5486 cpiscOpus
1979 5428 2123 5470 anno

545 5486 707 5556 1145.
735 5493 979 5556 mortuus
1010 5500 1100 5540 an.
1124 5483 1284 5556 M67.

615 5554 693 5628 (9)
737 5554 887 5628 Hugo
924 5555 988 5628 ll,
1030 5571 1097 5611 ex
1127 5553 1983 5628 professoCarthusirebjajnris,
2007 5553 2124 5626 epi-

543 5625 744 5698 scopus
787 5625 1340 5697 G'ratianopolitanus,
1369 5626 1493 5682 dein
1519 5641 1610 5680 an.
1652 5625 1793 5682 “5'5
1835 5628 2011 5682 factus
2034 5625 2126 5680 ar-

544 5699 924 5754 chieoisconus
959 5695 1302 5753 Viennensis.

544 5713 924 5755 CIIIBDISCODUI
964 5713 1302 5753 νιθηηοηειδο

619 5713 924 5766 ieprscopus
964 5713 1302 5753 Viennensis.

618 5768 732 5842 (t0)
755 5766 1089 5839 Mauricum,
1111 5766 1272 5841 vulgo
1293 5764 1353 5825 S.
1368 5765 1594 5825 Joannis
1617 5764 1682 5822 de
1706 5764 2122 5842 Haurienne,ad_

2237 4583 2392 4650 quia,
2451 4591 2698 4652 prompta
2749 4583 2967 4638 solvens
3016 4583 3325 4639 obedientia
3385 4584 3535 4652 quod
3606 4585 3836 4656 imperat

2239 4671 2381 4731 Deus
2407 4669 2526 4740 lege
2554 4669 2812 4737 Mosaica,
2841 4671 3032 4728 dicens
3064 4692 3077 4727 :
3113 4691 3132 4725 ‹
3176 4671 3393 4728 Honora
3425 4681 3648 4744 patrem
3688 4684 3828 4728 tuum

2236 4768 2291 4816 et
2317 4767 2569 4828 matrem,
2603 4771 2662 4816 ut
2692 4762 2769 4817 sis
2791 4761 3066 4833 longaevus
3092 4777 3255 4833 super
3282 4772 3488 4817 terram
3511 4762 3715 4834 (Exod.
3741 4778 3825 4826 xx,

2237 4853 2349 4924 12.)
2380 4872 2400 4905 ι
2433 4852 2511 4909 De
2537 4867 2646 4924 qua
2677 4853 2864 4922 utique
2895 4861 3038 4908 terra
3065 4853 3355 4908 Psalmista
3391 4854 3633 4909 Domino
3657 4855 3829 4908 dicere

2235 4944 2517 5001 creditur:
2568 4962 2588 4997 ε
2617 4943 2698 5000 Tu
2738 4960 2799 5000 es
2840 4959 2966 5015 spes
3005 4959 3161 5010 mea,
3204 4945 3385 5015 portio
3428 4960 3552 5001 mea
3605 4947 3660 5001 in
3693 4957 3826 5000 terra

2234 5038 2534 5094 viventium
2557 5036 2734 5110 (Psal.
2758 5053 2905 5101 cxu,
2929 5035 3008 5109 6).
3040 5053 3061 5089 ι
3087 5035 3214 5092 Ηωο
3233 5045 3413 5091 autem
3443 5036 3637 5093 dicere
3662 5039 3825 5092 fuerat

2231 5131 2409 5198 solita,
2430 5130 2574 5202 quod
2591 5131 2716 5186 dum
2738 5144 3030 5202 praegnans
3043 5129 3158 5184 suis
3171 5144 3294 5184 eum
3317 5127 3488 5186 ferret
3503 5127 3824 5192 visceribus,

2231 5269 2677 5349 grcumiiuvium
2701 5284 2733 5325 e
2755 5277 2940 5349 monte
2957 5265 3518 5349 Cinisondeﬂuen’tem,
3548 5267 3819 5349 inducat:

2233 5341 2539 5404 Sabaudiaa,
2573 5355 2766 5396 versus
2795 5339 3082 5404 orientem,
3124 5336 3332 5392 distans
3360 5335 3733 5408 Gratianopoli
3771 5350 3820 5388 xl

2233 5411 2424 5492 M.‘_P_._,
2454 5412 2546 5492 sed
2576 5410 3181 5492 montibusinterr‘upto
3209 5408 3428 5492 itinere:
3469 5477 3483 5490 .

2305 5473 2421 5552 (tt)
2459 5483 2634 5554 Supra
2672 5480 2976 5536 Valentiam
3017 5473 3283 5535 Rhodano
3331 5477 3512 5533 inﬁuit
3553 5476 3721 5540 lsara,
3753 5473 3818 5536 ad

2271 5569 2392 5631 item
2435 5553 2668 5631 adjac_et__
2685 5549 2934 5631 Castrum
2964 5549 3194 5616 Novum,
3220 5548 3415 5631 adhuc
3442 5549 3821 5631 hoc_tet_upor§

2229 5568 2392 5679 quem
2435 5568 2642 5624 adjacet
2685 5568 2934 5606 CaStrum
2964 5568 3194 5616 novum,
3237 5568 3415 5604 aﬂllilc
3442 5568 3548 5604 1100
3581 5568 3817 5616 tempore

2230 5618 3408 5704 -.Λάιεαιιῑιειιῖἀίοεξιιηο.Ρςτρετ³¹π..ὶὟίοηε
3454 5619 3508 5704 in
3553 5614 3817 5704 139913“

2229 5693 2512 5767 Martyrol.
2542 5687 2828 5752 Benedict.
2853 5687 3153 5750 Valentiam
3183 5687 3534 5762 Ilispanicam
3555 5689 3822 5758 assignak
