3984 6400
143 391 248 451 765

1194 389 1350 446 \‘ITA
1395 389 1456 446 S.
1496 385 1799 446 llUGONlS
1832 385 2340 444 GRATIANOPOL.

3307 392 3414 450 ’166

142 510 317 563 visum
367 504 470 562 sibi
516 520 614 576 per
649 503 921 562 somnium
964 501 1124 559 fuerit
1159 503 1461 573 elegantem
1499 516 1720 558 creasse
1749 499 2073 564 Anoribus,
2135 509 2246 554 tum
2293 496 2549 554 Ecclesia:
2595 495 2781 554 favens
2831 495 3202 569 profectibus,
3251 501 3414 572 cujus

139 598 448 672 parvulum,
476 612 638 668 quem
663 597 961 652 sistendum
991 595 1084 652 Dei
1115 597 1516 666 conspectibus,
1547 593 1724 651 sancti

140 691 220 762 (in
256 689 455 760 quibus
491 673 548 744 et
589 687 782 744 beatus
809 696 927 741 erat
955 685 1172 757 Petrus)
1203 685 1518 742 deferebant
1539 685 1591 740 in
1616 697 1729 738 caa-

140 782 272 838 lum.
301 783 440 838 Hinc
468 780 674 837 factum
698 789 802 846 est,
826 781 1015 838 eadem
1049 779 1350 844 adnitente,
1371 787 1432 833 ut
1456 775 1728 833 discendis

138 872 507 945 applicaretur
541 871 773 938 litteris;
819 870 1144 941 sperabatur
1173 869 1316 925 enim
1347 869 1476 935 (nec
1501 866 1727 937 frustra)

138 965 430 1036 singularis
458 964 600 1034 apud
632 951 798 1018 Deum
828 962 1019 1034 gratiae
1048 961 1263 1016 futurus
1291 971 1347 1017 et
1378 960 1584 1016 meriti.
1699 951 1701 954 ’

207 1057 266 1111 ι.
307 1055 527 1112 Amavit
565 1063 747 1112 autem
796 1053 972 1111 studia
1019 1051 1323 1107 litterarum
1367 1065 1474 1104 non
1525 1048 1731 1104 medio-

139 1146 337 1214 criter;
379 1156 600 1218 propter
635 1160 758 1216 qua:
785 1144 950 1199 etiam
983 1143 1036 1196 in
1077 1150 1296 1198 exteras
1333 1138 1608 1210 profectus
1643 1153 1732 1210 re-

137 1240 352 1310 giones,
390 1219 559 1295 multa
592 1237 874 1294 sustinuit.
905 1236 1086 1291 luerat
1107 1235 1308 1305 quippe
1335 1233 1435 1297 illi,
1479 1241 1534 1287 et
1561 1245 1729 1302 usque

136 1333 202 1386 ad
235 1330 487 1386 ultimam
523 1339 801 1386 senectam
833 1328 1011 1384 inesse
1037 1341 1144 1381 non
1170 1325 1398 1391 destitit,
1422 1323 1727 1379 verecunda

135 1422 428 1488 sobrietas;
444 1437 564 1493 qua:
577 1437 702 1478 eum
724 1429 780 1476 et
803 1421 943 1475 inter
959 1433 1084 1476 suos
1103 1417 1268 1473 etiam
1292 1415 1724 1472 necessariorum

135 1528 280 1585 saepe
308 1516 533 1585 cogebat
564 1514 708 1570 ferre
731 1513 990 1583 inopiam,
1015 1511 1140 1567 dum
1167 1526 1268 1566 nec
1291 1508 1508 1573 amicis,
1530 1508 1574 1564 si
1598 1507 1727 1577 quid

134 1617 258 1658 eum
297 1604 549 1674 angebat,
593 1604 800 1675 pudore
839 1605 1017 1658 victus
1050 1609 1264 1673 poterat
1297 1599 1582 1665 confiteri;
1618 1613 1726 1668 quo

134 1696 292 1766 quasi
335 1695 492 1752 freno
523 1712 554 1752 a
592 1679 778 1752 multis
817 1695 1282 1766 comprimebatur
1323 1692 1546 1749 illicitis.
1589 1689 1725 1746 Cum

136 1796 321 1844 autem
353 1802 384 1841 a
412 1787 613 1857 scholis
641 1803 917 1856 reversus,
948 1785 1231 1852 Valentius,
1265 1785 1354 1840 ubi
1389 1783 1610 1853 majoris
1634 1798 1725 1838 ca-

1829 592 1994 648 etiam
2032 592 2203 647 sacris
2237 591 2431 646 ciliciis
2477 590 2714 649 futurum
2755 606 2860 646 non
2907 591 3190 649 dubitabat
3217 610 3416 665 oppor-

1831 696 2045 740 tunum.
2077 688 2146 740 At
2182 702 2312 742 vero
2350 685 2460 752 ille,
2493 686 2778 759 repentino
2811 688 3004 744 timore
3035 691 3313 747 concussis
3343 693 3412 747 ab

1830 776 1940 831 imu
1969 777 2286 842 visceribus,
2322 787 2436 833 toto
2467 778 2636 834 reniti
2671 792 2923 849 corpore,
2959 781 3277 853 magnisque
3303 782 3416 838 cla-

1830 883 1983 923 mare
2020 869 2264 934 vocibus,
2309 880 2363 926 et
2397 885 2521 927 sese
2554 882 2734 941 actate,
2777 873 3002 929 scientia
3040 883 3092 928 et
3138 884 3414 943 postremo

1829 962 2074 1018 mor-ibus
2096 971 2150 1016 et
2181 963 2288 1017 vita
2323 965 2489 1019 tantis
2515 967 2792 1036 mysteriis
2830 967 3093 1036 imparem
3130 967 3295 1036 erepit
3332 966 3416 1021 af-

1831 1052 2071 1118 firmare,
2097 1069 2196 1110 nec
2219 1055 2489 1111 ullatenus
2515 1058 2649 1128 pati,
2675 1058 2726 1113 in
2752 1073 2862 1114 suae
2879 1059 3070 1115 salutis
3087 1058 3412 1129 periculmn,

1828 1160 1924 1200 sua
1961 1145 2168 1201 vilitate
2208 1145 2380 1203 officia
2425 1151 2731 1204 veneranda
2776 1149 2990 1206 foedari.
3023 1149 3196 1218 Quam
3228 1151 3414 1220 utique

1829 1236 1896 1292 de
1931 1252 1990 1293 se
2027 1239 2391 1304 sententiam,
2437 1232 2856 1312 profundissima
2884 1227 3186 1297 humilitate
3220 1257 3415 1297 conec-

1821 1335 1999 1397 -ptam,
2048 1343 2219 1399 usque
2246 1330 2312 1383 ad
2359 1330 2521 1385 linem
2550 1346 2654 1385 non
2684 1333 2861 1396 exuit;
2893 1345 3109 1400 semper
3150 1332 3316 1394 enim,
3353 1332 3406 1384 in

1828 1417 2260 1488 quantiscun‘que
2309 1420 2619 1474 sanctitatis
2659 1429 2712 1474 et
2761 1419 3026 1474 bonorum
3075 1419 3410 1489 profectibus

1827 1525 2077 1580 cperim,
2112 1509 2361 1565 inutilem
2403 1527 2463 1567 se
2497 1527 2685 1567 servus
2723 1522 2778 1568 et
2813 1511 3158 1581 pontificatus
3182 1505 3415 1566 admini-

1827 1599 2094 1655 stratione
2131 1599 2410 1671 indignum
2441 1601 2732 1671 protestari
2775 1615 2880 1654 non
2911 1600 3149 1666 erubuit,
3175 1616 3416 1673 semper.

1823 1706 1936 1765 que
1955 1693 2021 1749 ad
2051 1693 2452 1764 deponendum,
2482 1694 2622 1749 sicut
2649 1709 2714 1748 ex
2745 1692 3202 1762 consequentibus
3241 1692 3417 1763 lique-

1829 1783 1929 1848 bit,
1964 1792 2189 1854 paratus
2221 1783 2340 1839 fuit.
2380 1783 2478 1839 Vir
2519 1792 2700 1838 autem
2745 1783 2994 1853 profundi
3033 1782 3266 1848 consilii,
3311 1784 3408 1854 qui

133 1878 371 1935 nonicus
403 1854 523 1934 erat
561 1879 828 1947 ecclesiae,
870 1853 1011 1935 inter
1043 1877 1334 1934 saeculares
1363 1887 1418 1933 et
1458 1875 1721 1937 lubricos,
1757 1853 1800 1916 Β
1828 1853 2100 1947 przcdietis
2133 1890 2256 1930 eum
2293 1883 2640 1931 concesserat
2681 1874 2930 1939 clericis,
2981 1875 3083 1930 etsi
3145 1853 3417 1945 gaudebat

127 1969 351 2040 juvenis
391 1969 549 2036 licet,
590 1969 938 2043 pudibundus
987 1970 1367 2026 demereretur
1411 1975 1468 2024 et
1509 1967 1723 2024 sobrius

133 2060 432 2130 (statuerat
453 2048 619 2128 enim,
647 2061 788 2117 sicut
811 2061 930 2131 ipse
954 2061 1189 2127 dicebat,
1212 2060 1282 2116 ab
1301 2060 1446 2115 omni
1470 2059 1724 2130 deinceps

133 2152 609 2208 contaminatioue
633 2153 924 2208 immunem
952 2168 1034 2218 se,
1060 2152 1170 2207 Deo
1192 2151 1438 2224 juvante,
1456 2149 1723 2215 servare),

133 2242 369 2315 contigit
397 2244 674 2300 dominum
709 2244 985 2317 llugouem
1006 2285 1022 2311 ,
1058 2244 1358 2300 Galliarum
1391 2243 1630 2302 omnium
1655 2257 1723 2298 ex

130 2345 412 2407 praecepto
429 2336 601 2392 beata:
622 2337 896 2392 memoriae
923 2335 1170 2408 Gregorii
1198 2335 1413 2407 septimi
1438 2334 1554 2407 (12)
1579 2334 1724 2404 lega-

132 2437 273 2495 tum,
301 2429 372 2482 ad
399 2431 646 2485 eamdem
674 2430 864 2487 venire
892 2429 1195 2496 civitatem;
1226 2429 1404 2484 virum
1437 2428 1646 2485 scilicet
1670 2426 1723 2482 in

129 2519 528 2578 ecclesiasticis
558 2521 788 2592 negotiis
825 2531 1105 2577 strenuum
1135 2528 1190 2576 et
1219 2518 1507 2584 famosum,
1539 2518 1724 2575 Eccle-

130 2610 222 2666 site
244 2609 469 2667 Diensis
495 2619 623 2668 tunc
646 2612 930 2685 praesulem
948 2613 1079 2684 (l5),
1099 2621 1284 2683 postea
1309 2610 1723 2680 Lugdunensem

130 2705 634 2776 archiepiscopum.
685 2705 789 2774 Qui
840 2720 1072 2762 cernens
1119 2704 1375 2774 juvenem
1423 2703 1723 2776 elegantem

128 2795 304 2865 vultu,
341 2806 551 2853 statura
577 2813 884 2868 procerum,
907 2797 1123 2868 eloquio
1147 2805 1530 2868 temperatum,
1554 2795 1689 2850 mori
1708 2825 1723 2836 -

128 2885 232 2942 bus
257 2888 672 2953 verecundum;
727 2887 1061 2958 edoctusque
1093 2888 1161 2943 ab
1189 2889 1270 2943 eis
1322 2887 1416 2959 qui
1457 2893 1725 2943 noverant

130 2977 286 3048 cujus
308 2987 460 3034 esset
489 2979 810 3036 eruditionis
833 2990 889 3036 et
908 2982 1124 3053 generis
1157 2991 1233 3048 et,
1281 2992 1340 3036 ut
1370 2989 1490 3036 erat
1516 2989 1624 3036 tam
1669 2981 1722 3036 in

130 3069 295 3127 rebus
346 3071 600 3128 humanis
645 3088 807 3144 quam
861 3073 1062 3130 divinis
1109 3074 1309 3144 ingenii
1372 3073 1721 3144 perspicacis,

131 3175 448 3231 agnoscens
471 3162 522 3216 in
552 3177 618 3218 eo
644 3178 837 3235 magna
863 3163 1112 3235 quaedam
1144 3165 1337 3219 futurae
1364 3163 1648 3235 probitatis
1669 3173 1724 3217 et

129 3252 447 3308 sanctitatis
465 3253 715 3334 insignia,
739 3255 990 3310 hilariter
1006 3264 1060 3312 et
1079 3255 1366 3312 aﬂ'abiliter
1385 3256 1725 3327 amplexatus

125 3355 238 3410 est,
270 3360 482 3417 rogans
503 3356 564 3402 ut
593 3348 658 3402 ad
682 3363 742 3404 se
757 3348 986 3414 veniret,
1011 3363 1231 3404 suorum
1252 3348 1608 3404 certaminum
1633 3361 1726 3403 co-

115 3451 244 3509 mes
267 3437 489 3493 futurus
513 3445 568 3493 et
597 3440 886 3510 particeps.
905 3439 1111 3507 Quibus
1139 3455 1246 3496 non
1268 3439 1440 3496 solum
1467 3439 1726 3495 adversus

128 3529 326 3596 laicos,
354 3529 446 3600 qui
475 3530 757 3598 ecclesias,
782 3532 1025 3588 decimas
1045 3548 1111 3588 ac
1132 3532 1441 3589 cmmetcria
1465 3531 1727 3603 sacrilege

129 3622 480 3688 detinebant,
513 3625 605 3679 sed
634 3633 689 3680 et
722 3635 912 3680 contra
943 3615 1273 3690 sacerdotes,
1304 3641 1534 3696 quorum
1557 3625 1723 3680 vitam

128 3713 430 3770 inhonesta
461 3715 712 3789 coniugia
743 3719 1109 3780 maculabant,
1148 3717 1492 3774 Simoniacos
1534 3717 1723 3784 etiam,

133 3809 225 3880 qui
253 3810 567 3880 cupiditate
589 3812 800 3878 caecati,
833 3828 990 3868 sacra
1031 3813 1371 3884 profanaque
1403 3813 1724 3880 miscebant,

125 3899 326 3968 paucis
351 3899 687 3970 juvantibus,
730 3904 1031 3960 acerrimus
1067 3905 1377 3962 insudabat.
1422 3897 1576 3973 Quod
1612 3906 1725 3975 ipse

130 3985 373 4059 libenter
402 3992 683 4078 amplexus
715 4004 821 4051 est.

500 4154 505 4160 ,
772 4085 1100 4143 CAPUTIL

329 4172 673 4248 EpiscOpatus
700 4175 1230 4246 Gratiarwpolitmms
1250 4186 1540 4248 susceptus.

201 4262 260 4320 5.
305 4263 606 4334 Aliquanto
629 4267 825 4322 dehinc
851 4269 1109 4338 temporis
1138 4281 1330 4322 exacto
1358 4271 1556 4339 spatio,
1587 4269 1725 4326 idem

132 4352 357 4426 legatus
385 4356 526 4425 apud
556 4357 910 4423 Avenionem,
958 4374 1066 4414 non
1103 4359 1393 4428 ignobilem
1428 4362 1729 4419 Provinclte

128 4447 420 4504 civitatem
441 4489 456 4512 ,
489 4449 693 4520 grande
732 4449 1024 4506 celebravit
1053 4452 1345 4508 concilium
1370 4455 1504 4526 (11).
1539 4456 1592 4510 in
1622 4470 1730 4526 quo

1829 1966 1972 2036 quod
2001 1965 2052 2019 in
2083 1966 2186 2021 hac
2211 1973 2375 2022 aetate
2397 1974 2452 2021 et
2476 1965 2661 2021 habitu
2692 1965 2834 2036 (erat
2861 1965 3006 2019 enim
3028 1965 3214 2019 habitu
3241 1981 3416 2020 saecu-

1830 2058 1983 2121 laris,
2003 2065 2058 2114 et
2084 2072 2351 2112 annorum
2377 2056 2548 2113 ferme
2574 2056 2766 2127 viginti
2794 2054 3025 2127 septem)
3051 2056 3283 2111 honores
3307 2070 3413 2110 non

1831 2149 1992 2204 modo
2042 2163 2146 2204 non
2195 2156 2481 2219 appeteret
2528 2147 2821 2211 inolebitos,
2854 2145 2967 2201 "sed
3003 2155 3055 2202 et
3107 2145 3418 2216 repudiaret

1828 2240 2060 2304 oblatos,
2083 2241 2247 2310 cmpit
2274 2248 2477 2303 tamen,
2502 2238 2816 2294 rationabili
2843 2252 2947 2308 qua
2970 2235 3200 2308 pollebat
3224 2234 3414 2290 facun-

1786 2343 1794 2352 '
1831 2330 1916 2385 dia
1941 2331 2059 2402 ejus
2092 2331 2303 2402 erigere
2335 2328 2772 2399 trepidationem,
2805 2327 2964 2382 solari
3005 2325 3407 2391 verecundiam,

1831 2420 2082 2493 frangere
2123 2420 2517 2492 pertinaciam,
2556 2433 2824 2479 asserens,
2864 2417 2914 2471 in
2945 2416 3140 2472 talibus
3171 2415 3253 2470 vel
3285 2416 3412 2471 sub-

1829 2514 2020 2568 eundis
2044 2513 2126 2567 vel
2149 2511 2430 2584 portandis
2451 2511 2726 2576 oneribus,
2747 2526 2854 2564 non
2879 2509 2944 2564 de
2964 2524 3060 2564 sua
3088 2522 3436 2578 quemquam

1829 2607 2052 2672 virtute,
2083 2606 2175 2662 sed
2216 2608 2283 2662 de
2325 2606 2418 2661 Dei
2455 2605 2633 2676 potius
2681 2604 2880 2659 debere
2910 2603 3244 2673 benignitate
3274 2616 3416 2672 prae-

1828 2713 2064 2762 sumere,
2095 2713 2124 2753 a
2148 2713 2255 2767 quo
2283 2697 2508 2752 deberet
2547 2710 2772 2766 sperare
2810 2694 3007 2748 bonum
3035 2693 3176 2763 quod
3208 2693 3413 2757 deerat,

1827 2801 1883 2847 et
1907 2791 1974 2846 ad
1997 2787 2157 2861 quem
2183 2789 2389 2844 referre
2414 2787 2674 2858 quidquid
2704 2794 3017 2857 acceperat.
3042 2785 3211 2855 Hujus
3235 2786 3416 2854 itaque

1828 2894 1884 2940 et
1912 2894 2262 2945 cteterorum,
2290 2883 2382 2952 qui
2406 2881 2654 2942 aderant,
2683 2879 2924 2933 virorum
2954 2876 3199 2948 gravium
3225 2885 3418 2931 conse-

1829 2973 2125 3027 lationibus
2143 2970 2348 3025 fractus
2361 2979 2524 3039 atque
2540 2967 2868 3033 hortatibus,
2888 2965 3104 3022 tandem
3126 2965 3416 3038 aliquando

1830 3064 1993 3122 cessit
2021 3061 2297 3119 elcctioni.
3312 3105 3315 3109 .
3383 3068 3390 3083 '

1752 3213 1800 3275 ο
1901 3200 1954 3255 6.
1995 3199 2233 3254 Praeerat
2258 3207 2438 3253 autem
2466 3211 2531 3253 eo
2557 3205 2801 3268 tempore
2835 3195 3129 3277 Viennensi
3158 3193 3424 3250 Ecclesia!

1828 3290 2304 3360 archiepiscopus,
2367 3287 2718 3343 Garmundus
2779 3288 2996 3344 nomine
3039 3286 3188 3357 (ιδγ,
3253 3301 3416 3360 quem

1828 3389 2054 3452 propter
2101 3379 2424 3444 Simoniam,
2455 3370 2609 3448 cujus
2638 3378 2943 3436 sustinebat
2979 3379 3282 3444 infamiam,
3311 3379 3415 3458 sibi

1828 3488 2020 3527 manus
2045 3473 2324 3544 imponere
2357 3491 2461 3530 non
2479 3475 2718 3531 admisit.
2742 3474 2965 3553 Cunctis
2990 3478 3194 3546 itaque,
3216 3485 3420 3553 praeter

1830 3563 2092 3634 episcopi,
2125 3579 2154 3617 a
2195 3580 2302 3619 non
2348 3565 2465 3620 sine
2503 3567 2808 3622 reverentia
2854 3549 3414 3643 memorandolcgato

1830 3653 2063 3724 sumptis
2091 3655 2400 3719 ordinibus,
2437 3656 2630 3710 eodem
2665 3657 2962 3711 comitante
3001 3657 3276 3725 profectus
3309 3667 3416 3722 est,

1829 3753 1937 3799 uta
1963 3744 2108 3800 sedis
2138 3744 2450 3816 apostolica:
2473 3760 2687 3800 summo
2711 3754 3127 3801 consecraretur
3148 3745 3415 3820 antistite.

1819 3834 1931 3917 'Ubi
1973 3830 2122 3899 dum,
2159 3829 2593 3892 consecrationis
2637 3843 2901 3889 statutum
2929 3835 3217 3906 opperiens
3245 3835 3415 3901 diem,

1827 3936 2286 3992 commoraretur,
2327 3927 2381 3980 in
2418 3926 2548 3996 ipsis
2575 3925 2975 3996 quodammodo
3016 3925 3208 3980 divina:
3241 3926 3416 3980 servi-

1830 4021 1963 4076 tutis
2006 4020 2198 4088 iuitiis,
2242 4021 2382 4077 etin
2431 4020 2623 4092 primis
2667 4034 2835 4075 sacrm
2873 4020 3078 4075 militiae
3124 4020 3414 4091 tirociniis,

1833 4112 2212 4184 gravissimam
2253 4112 2426 4168 hostis
2459 4111 2674 4182 antiqui
2727 4109 3214 4183 impugnationem,
3265 4111 3418 4166 rudis

1831 4213 1886 4259 et
1925 4204 2109 4259 talium
2144 4204 2477 4276 inexpertus,
2514 4203 2787 4270 incurrit;
2813 4219 2931 4274 qua:
2966 4212 3209 4258 sanctam
3247 4201 3416 4272 ipsius

1831 4296 2090 4364 animam,
2119 4311 2289 4369 usque
2320 4295 2387 4349 ad
2413 4296 2558 4350 illam
2599 4297 2972 4369 aegritudinem
3012 4311 3120 4367 qua
3148 4303 3202 4350 et
3245 4295 3414 4349 decu-

1830 4387 1949 4442 buit
1992 4390 2307 4455 moriturus,
2355 4387 2445 4444 die
2485 4398 2777 4459 noctuque,
2825 4403 2969 4444 ﬂllllc
3013 4388 3214 4455 acrius,
3266 4404 3413 4446 nunc

1833 4479 2043 4546 mitius,
2083 4495 2190 4536 non
2239 4479 2451 4536 destitit
2493 4479 2996 4548 excruciare.'Quia
3029 4482 3172 4537 enim
3212 4489 3417 4536 sancite

136 4538 320 4645 "fuit:
345 4539 413 4593 ad
440 4539 905 4645 Dei_h°"_‘_"°f"_‘it
932 4542 1192 4645 Eccles‘if
1213 4544 1499 4645 ¹¹¹ί¹ί²³ίίῗ¹¹³
1525 4562 1729 4616 pmm‘
1761 4567 1812 4626 D
1838 4572 2265 4632 conversationis
2292 4581 2346 4626 et
2380 4572 2667 4627 illustrium
2704 4538 2927 4644 operum
2971 4573 3272 4645 insignibus
3302 4585 3418 4627 me-

129 4631 227 4686 nio
261 4630 430 4702 digna
462 4633 719 4702 patravit.
760 4632 841 4698 Ad
869 4633 972 4689 hoc
1000 4635 1312 4702 concilium,
1356 4639 1608 4708 episcopo
1637 4655 1726 4694 ca-

133 4735 334 4778 rentes
363 4729 419 4776 et
466 4723 780 4794 episcopum
836 4735 1177 4793 qttzerentes,
1236 4726 1728 4798 Gratianopolitani

129 4827 348 4869 venere
379 4813 661 4879 canonici;
715 4823 1104 4886 compertoque
1145 4815 1426 4885 praefatum
1472 4818 1727 4888 juvenem

133 4903 440 4958 conventui
482 4903 745 4961 interesse
773 4907 1049 4976 praesenti,
1085 4907 1362 4978 petierunt
1390 4908 1729 4979 suppliciter,

131 4996 481 5068 suffragante
515 4997 762 5060 concilio,
793 4998 862 5053 ab
886 4998 1003 5067 ejus
1030 4999 1327 5054 venerabili
1356 4987 1609 5071 patrono,
1642 5003 1727 5058 cui

129 5099 317 5160 gratae
338 5087 570 5145 ofﬁcium
590 5090 865 5145 societatis
884 5090 1197 5151 exhibebat,
1214 5099 1272 5145 ut
1293 5092 1437 5148 hunc
1454 5093 1556 5148 sibi
1579 5097 1735 5149 daret

132 5180 269 5236 sine
305 5179 564 5238 dilatione
592 5182 924 5252 episcopum.
965 5182 1171 5249 Quibus
1204 5181 1292 5238 ille
1326 5183 1576 5253 protinus
1610 5200 1735 5255 gra-

134 5270 486 5330 tulabundus
510 5273 766 5342 assensit,
793 5282 908 5329 tum
938 5273 1116 5330 dilecti
1139 5274 1354 5331 comitis
1375 5277 1614 5346 gaudens
1638 5277 1736 5332 ho—

215 5428 341 5501 (12)
378 5429 437 5485 S.
464 5429 760 5499 Gregorius
803 5428 924 5496 VII,
953 5445 1110 5501 papa.
1160 5440 1287 5488 ante
1334 5432 1734 5490 Hildebrandus

134 5501 353 5570 dictus,
370 5509 591 5570 creatus
611 5501 682 5570 22
700 5501 900 5570 Aprilis
918 5516 1007 5555 an.
1028 5502 1188 5569 1073,
1214 5506 1457 5560 mortuus
1480 5519 1570 5558 an.
1594 5504 1733 5560 1086

135 5573 236 5645 die
256 5569 506 5645 _‘2_5ldaii,
533 5585 642 5645 quo
670 5569 962 5645 inscriptus
989 5581 1074 5627 est
1103 5573 1379 5645 Martyrol.
1414 5577 1568 5630 Rern.

216 5641 341 5712 (13)
377 5641 593 5716 Diensis
611 5642 895 5716 episcopus
920 5652 1136 5716 creatus
1157 5641 1422 5716 est'Hugo
1450 5661 1541 5716 an.
1569 5645 1727 5711 1073,

138 5711 237 5766 se
270 5711 568 5786 translatus
612 5711 681 5786 ad
732 5711 1262 5786 archiepiscopatum
1274 5783 1284 5786 _
1313 5711 1727 5786 Lugdunensem

141 5798 247 5842 au.
301 5781 456 5842 1092.
489 5781 587 5838 Est
617 5781 724 5838 sita
768 5782 898 5838 urbs
935 5781 989 5838 in
1024 5781 1325 5846 meditullio
1351 5781 1724 5856 Délpbiuatus,

1835 4663 1978 4728 ritis,
2017 4679 2266 4736 magnam
2299 4665 2353 4726 in
2377 4664 2574 4734 populo
2594 4664 2688 4720 Dei
2713 4664 2935 4731 famam,
2962 4680 3210 4733 magnam
3238 4664 3417 4720 fuerat

1837 4756 2123 4820 habiturus
2155 4765 2210 4809 et
2245 4756 2501 4826 gloriam,
2546 4772 2613 4813 ne
2646 4757 2875 4812 forsitan
2913 4757 3284 4822 extolleretur,
3319 4756 3416 4812 au-

1835 4846 2011 4917 gelum
2045 4843 2282 4912 Satanas,
2305 4855 2448 4901 sicut
2475 4856 2532 4902 et
2554 4848 2744 4903 beatus
2771 4847 3077 4918 Apostolus,
3109 4847 3198 4915 qui
3228 4862 3287 4902 se
3327 4863 3416 4902 co~

1837 4937 2160 5010 laphizaret,
2195 4937 2402 5008 accepit
2430 4936 2515 5005 (11
2546 4935 2669 4993 Cor.
2696 4953 2802 5000 xu,
2836 4936 2912 5008 7).
2950 4935 3041 4992 Sic
3073 4935 3238 4992 etiam
3277 4937 3416 5006 apud

1837 5029 2156 5099 prophetam
2187 5025 2533 5094 Zachariam,
2572 5026 2698 5082 Jcsu
2737 5027 3006 5083 sacerdoti
3045 5042 3264 5098 magno,
3303 5027 3417 5081 veri

1824 5120 2143 5178 'Salvatoris
2183 5120 2502 5193 mysterium
2549 5119 2889 5192 praeferenti,
2942 5120 3109 5177 Satan
3156 5120 3336 5175 stabat
3388 5136 3418 5173 a

1840 5213 2072 5279 dextris,
2104 5221 2166 5268 ut
2193 5213 2577 5268 adversaretur
2619 5212 2666 5268 ei
2708 5211 2894 5284 (Zach.
2927 5229 3009 5276 ut,
3057 5213 3134 5284 5).
3174 5212 3284 5268 Nec
3316 5213 3418 5267 hoc

1843 5305 2178 5368 mirandum,
2220 5318 2344 5359 cum
2387 5303 2724 5359 conditorem
2770 5311 2824 5359 et
2866 5313 3134 5359 rectorem
3175 5301 3418 5360 omnium

1843 5441 2086 5498 Valentia
2117 5441 2328 5496 distans
2356 5440 2461 5495 dici
2495 5439 2704 5496 itinere.

1910 5512 2022 5582 (M)
2060 5512 2216 5567 Anno
2246 5511 2404 5575 1080,
2435 5511 2485 5564 in
2512 5526 2641 5581 quo,
2665 5511 2910 5580 deposito
2932 5507 3200 5576 Achardo,
3228 5507 3418 5576 6ςίὺὶιί-

1838 5599 1941 5637 nus
1973 5584 2144 5637 factus
2165 5592 2247 5638 est
2271 5582 2602 5636 Arelatensis
2633 5583 3096 5650 archiepiscOpus.

1837 5653 2025 5781 mg?)
2066 5653 2446 5710 Guarmandus
2491 5652 2641 5718 aliis,
2695 5649 2836 5707 sedit
2878 5651 2946 5707 ab
2975 5649 3131 5707 anno
3211 5649 3316 5708 077
3346 5649 3416 5706 ad
