3984 6416
600 328 704 415 rei

1413 341 1743 431 cuinoxis
1777 365 1795 418 ι
1833 322 2252 418 caninas”;
2294 362 2597 458 nuoms
2627 367 2902 452 PRIORIS
2942 370 2987 428 v

3767 379 3862 442 768

599 473 793 543 Deum,
826 473 1258 532 humanacariic
1280 473 1557 546 vestitum,
1594 480 1772 550 impiis
1804 481 2023 535 ausibus
2052 489 2169 533 teu-
2202 482 2245 535 A
2273 479 2566 548 prudenter
2589 465 2779 556 sedare
2803 495 2857 562 et
2881 467 3100 555 fortiter
3130 471 3356 547 noverat
3385 487 3653 560 tolerare,
3688 492 3746 550 in
3771 510 3860 558 suo

598 575 718 622 tare
770 570 1212 640 praesumpserit;
1263 581 1324 626 et
1366 583 1678 641 postremo,
1734 573 1966 628 ostensis
2016 571 2179 630 tntius

599 649 784 715 mundi
821 663 1002 731 regnis
1029 677 1149 731 cum
1180 677 1278 728 sua
1307 664 1501 739 gloria,
1537 685 1555 718 ι
1587 665 1734 734 Haec,
1763 664 2035 736 inquiens,
2063 681 2177 721 om-

602 756 691 810 nia
709 754 806 812 tibi
831 755 989 818 dabo,
1017 757 1060 811 si
1086 769 1388 828 prostratus
1410 759 1722 816 adoraveris
1746 776 1831 815 me
1856 759 2072 830 (Matth.
2098 775 2174 828 tv,

599 844 678 917 9).
710 865 728 898 ι
781 845 1100 903 idololatria:
1145 849 1310 905 etiam
1340 846 1528 904 'scelus
1574 839 1903 920 persuadere
1947 858 2178 906 conatus

601 937 784 992 fuerit.
823 937 976 995 Sicut
1006 955 1136 1010 ergo
1172 940 1271 1011 ipsi
1309 940 1536 996 Domino
1575 941 1876 998 incredibili
1912 958 2175 1013 praesum-

601 1029 784 1099 ptione
812 1029 1188 1096 idololatriam,
1221 1033 1302 1089 sic
1328 1043 1382 1090 et
1413 1035 1528 1107 ejus
1559 1051 1720 1092 servo
1745 1037 2071 1107 suggerebat
2097 1036 2176 1090 vi-

598 1133 756 1187 perea
782 1107 1188 1177 machinatione
1211 1120 1623 1194 blasphemiam,
1647 1124 1857 1180 scilicet
1875 1134 1933 1179 ut
1955 1126 2020 1180 de
2042 1125 2172 1193 Deo,

595 1205 680 1258 vel
709 1206 773 1260 de
801 1207 886 1262 his
913 1222 1034 1278 quae
1055 1211 1121 1265 ad
1147 1210 1316 1267 Deum
1344 1213 1638 1283 pertinent,
1673 1215 1875 1286 aliquid
1910 1216 2175 1288 cogitaret

597 1298 892 1368 indignum.
925 1299 1031 1358 Sed
1058 1305 1199 1358 sicut
1230 1320 1261 1358 a
1296 1305 1543 1374 Domino,
1576 1306 1676 1373 sic,
1712 1307 1902 1364 eodem
1927 1308 2172 1381 iuvante,

591 1388 662 1445 ab
683 1389 800 1460 ejus
824 1406 982 1449 servo
1003 1393 1180 1451 victus
1205 1395 1261 1452 et
1290 1397 1548 1455 confusus
1579 1398 1865 1456 abscessit.
2075 1459 2078 1462 .

661 1480 715 1535 7.
758 1482 892 1538 Cum
918 1483 1086 1556 igitur
1110 1486 1592 1558 impugnationem,
1631 1498 1688 1544 ut
1727 1489 1986 1556 diximus,
2023 1491 2172 1546 insu-

589 1571 906 1640 spicabilem
929 1576 1190 1632 sensisset
1215 1577 1386 1636 hostis
1407 1581 1636 1652 antiqui,
1668 1579 1924 1651 reputans
1945 1599 2010 1638 ne
2031 1577 2170 1642 fOrte

591 1660 902 1734 indignatus
917 1668 1200 1723 adversum
1222 1684 1282 1725 se
1302 1669 1492 1728 fuisset
1513 1672 1793 1740 Dominus,
1810 1677 1950 1745 quod
1969 1675 2168 1747 eligen-

592 1751 740 1807 tibus
768 1765 1011 1811 cesserat
1038 1759 1121 1814 vel
1147 1759 1368 1828 invitus,
1391 1761 1638 1818 electioni
1669 1763 1720 1818 in
1744 1779 1803 1826 se
1823 1764 1980 1821 factae
2005 1767 2166 1822 abre-

2281 573 2448 650 Deum
2473 591 2738 636 venerans
2771 577 3000 647 famulo,
3035 580 3143 637 diei
3175 574 3613 651 consecratiOnis
3638 583 3758 654 ejus
3778 603 3862 644 ns

2278 663 2517 744 cessaria‘
2540 676 2736 722 cuncta
2771 669 3236 738 subministravit,
3263 673 3757 746 pastoralem,_quo
3779 677 3858 735 diu

2280 770 2410 810 usus
2447 741 2554 823 est,
2587 759 2842 814 baculum
2870 759 3041 828 dedit,
3080 741 3280 817 additis
3309 741 3860 834 psalmorum'sccnn-

2278 833 2402 903 dum
2437 833 3429 925 B.AugustinumExplanationibus,
3465 872 3594 914 cum
3638 858 3702 913 Β.
3738 859 3858 913 Am.-

2283 940 2448 998 brosii
2471 942 2764 1010 volumine,
2783 943 2938 1015 cujus
2967 955 3050 1006 est
3085 947 3274 1004 titulus
3303 947 3376 1005 De
3398 947 3613 1022 olIiciis,
3645 959 3858 1020 totoque

2277 1048 2387 1102 qtto
2428 1034 2683 1106 deinceps
2728 1044 2971 1108 tempore
3015 1037 3192 1116 vixit,
3229 1037 3485 1110 tanquam
3525 1057 3726 1098 verum
3777 1041 3856 1096 Dei

2275 1125 2537 1182 famulum
2565 1128 2779 1183 sincera
2805 1128 3110 1186 devotione,
3131 1130 3440 1200 specialiter
3480 1131 3783 1188 honoravit
3812 1142 3859 1190 et

2275 1209 2475 1285 coluit,
2507 1205 2700 1276 sitiens
2736 1219 2854 1288 ejus
2891 1221 3163 1282 instanter
3185 1231 3242 1279 et
3283 1223 3524 1301 consiliis
3567 1224 3774 1279 instrui
3812 1237 3858 1278 et

2273 1311 2520 1384 oratione
2549 1303 2791 1369 defcntli.
2965 1380 2970 1384 ,
3019 1367 3022 1369 .
3182 1377 3184 1381 .
3259 1311 3263 1313 ⁸
3311 1305 3318 1308 ’
3357 1383 3360 1386 .

2341 1401 2396 1460 9.
2438 1389 2533 1457 llis
2576 1403 2648 1458 ita
2681 1419 2788 1460 non
2843 1404 3018 1461 solum
3066 1421 3330 1478 prospere
3373 1407 3468 1464 sed
3513 1415 3574 1463 et
3613 1407 3858 1476 religiose

2272 1494 2528 1562 peractis,
2566 1495 2632 1550 ad
2665 1485 2970 1568 susceptam
3002 1489 3264 1560 reversus
3291 1497 3622 1565 Ecclesiam,
3659 1498 3857 1556 invenit

2271 1584 2476 1646 clerum
2498 1594 2554 1641 et
2575 1587 2851 1664 populum,
2876 1589 2930 1644 in
2959 1589 3158 1664 divinis
3181 1589 3341 1664 nimis
3364 1583 3555 1648 rudem
3580 1585 3636 1648 et
3666 1594 3860 1648 incom-

2271 1675 2526 1744 positum,
2556 1660 2612 1732 ei
2642 1687 2948 1736 sanctarum
2985 1661 3428 1738 Observationum
3454 1683 3510 1738 in
3531 1675 3768 1757 tantum
3789 1684 3854 1736 in-

2270 1764 2467 1832 scium,
2506 1777 2567 1822 ut
2592 1784 2699 1828 non
2723 1769 2894 1826 solum
2915 1772 3117 1843 gradus
3148 1773 3425 1830 inferioris
3448 1765 3664 1840 clerici,
3685 1775 3786 1831 sed
3811 1783 3860 1831 et

592 1843 846 1899 ntiutiare
881 1847 1054 1903 modis
1079 1851 1330 1906 omnibus
1351 1851 1687 1921 deliberavit,
1711 1863 1765 1909 et
1787 1869 1973 1919 sacras
1995 1858 2170 1912 admi-
2204 1836 2246 1891 Β
2272 1856 2581 1912 sacerdotes
2607 1873 2803 1916 uxores
2827 1836 3113 1930 ducerent,
3137 1863 3354 1934 nuptias
3377 1864 3602 1936 publice
3622 1865 3859 1922 celebra-

591 1933 978 2003 nistra'tiones,
1052 1942 1247 2011 quibus
1296 1942 1348 1997 in
1402 1944 1519 2000 dies
1563 1942 1623 2001 Se
1664 1947 1837 2018 magis
1889 1937 2167 2019 ac‘magis

591 2023 884 2092 deputabat
921 2029 1220 2102 indignum,
1265 2032 1410 2090 nullo
1434 2045 1592 2106 pacto
1622 2038 1958 2109 contingere.
1991 2039 2164 2107 Quam

590 2112 1070 2185 deliberationem,
1116 2130 1176 2176 ut
1217 2122 1473 2192 putabat,
1522 2124 1958 2194 saluberrimam,
2005 2128 2167 2185 simul

586 2204 712 2260 cum
744 2205 857 2277 ipsa
892 2211 1210 2281 tentatione,
1240 2213 1309 2268 ab
1337 2213 1446 2270 imo
1467 2216 1629 2273 corde
1651 2217 1904 2290 lacrymis
1930 2219 2166 2290 profusis

590 2306 752 2368 atque
780 2302 1051 2372 suspiriis,
1083 2304 1152 2370 ei,
1183 2305 1275 2376 qui
1305 2321 1363 2362 se
1392 2307 1644 2378 duxerat,
1676 2309 1951 2366 festinavit
1981 2321 2166 2367 osten-

581 2388 738 2444 dere.
768 2393 837 2446 At
862 2393 951 2448 ille
973 2393 1184 2453 defectu
1212 2396 1349 2467 ejus,
1376 2387 1425 2455 et
1461 2400 1988 2474 nimio.(quanquam
2017 2420 2046 2459 a
2079 2420 2166 2461 re-

592 2473 791 2548 ligione
819 2482 1084 2556 profecto)
1114 2486 1326 2548 timore.
1350 2502 1416 2543 ex
1442 2500 1594 2560 parte
1618 2490 1834 2547 interim
1849 2473 2162 2551 rationabili

588 2570 946 2637 responsione
973 2573 1183 2642 sedato,
1211 2578 1278 2630 ad
1301 2587 1659 2634 memoratum
1691 2595 1884 2652 papam
1913 2597 2159 2656 pergere,

585 2667 642 2714 et
667 2661 929 2733 quidquid
960 2663 1077 2734 ejus
1106 2667 1336 2738 angebat
1357 2669 1599 2726 animum
1630 2671 1839 2744 (utpote
1859 2672 2059 2732 Christi
2083 2672 2183 2732 vi-'

584 2751 755 2832 carie)
799 2762 968 2811 totum
1018 2758 1261 2816 revelare
1292 2762 1487 2818 suasit.
1525 2762 1681 2832 Quod
1713 2782 1835 2825 cum
1885 2767 2164 2828 humiliter

585 2837 888 2914 devoteque
921 2843 1163 2913 fecisset,
1209 2857 1358 2905 tanta
1401 2851 1789 2912 consolationis
1820 2855 1890 2914 ab
1923 2857 2041 2931 ejus
2065 2873 2162 2915 ore

581 2934 770 3004 sagina
813 2937 1063 3008 perfusus
1095 2947 1202 3010 est,
1247 2945 1564 3016 tantumque
1596 2963 1726 3020 erga
1768 2964 1828 3005 se
1856 2949 2161 3009 dilectionis

580 3037 838 3097 expertus
873 3029 1150 3101 affectum,
1189 3042 1249 3090 ut
1272 3034 1340 3092 de
1365 3035 1469 3094 hac
1505 3039 1642 3110 ipsa,
1674 3056 1796 3112 quae
1818 3041 1872 3098 in
1897 3041 2157 3114 despera-

581 3115 783 3172 tionem
801 3131 925 3177 eum
951 3135 1092 3192 pene
1109 3123 1462 3195 compulerat,
1497 3130 1795 3188 tentatione‘
1818 3133 2074 3203 gaudere,
2103 3142 2160 3190 et

579 3204 840 3268 felicioris
880 3210 1104 3284 insuper
1134 3213 1248 3284 spei
1285 3218 1570 3275 materiam
1601 3234 1826 3279 sumere
1845 3234 2153 3296 cogeretur.
2181 3205 2228 3267 (ἶ

565 3297 775 3358 Docuit
814 3304 962 3360 enim
995 3303 1188 3364 beatus
1224 3321 1361 3380 papa
1387 3351 1404 3377 ,
1443 3319 1634 3383 utpote
1660 3314 1716 3370 in
1750 3316 1913 3372 rebus
1942 3313 2028 3373 his
2057 3333 2159 3375 nec

582 3394 735 3458 rudis
756 3409 856 3452 nec
883 3395 1217 3469 inexpertus,
1242 3413 1470 3473 arguere
1496 3404 1782 3464 Dominum
1807 3418 1862 3466 et
1889 3411 2160 3484 castigare

581 3498 721 3577 quos
747 3486 942 3560 diligit,
970 3498 1028 3546 et
1044 3505 1260 3548 omnem
1290 3493 1460 3551 ﬁlium
1485 3497 1757 3570 llagellare
1779 3516 1936 3572 quem
1968 3505 2174 3577 recipit-

582 3573 776 3648 (Hebr.
803 3592 902 3646 xu,
931 3579 1010 3651 6),
1047 3590 1103 3637 et
1128 3581 1252 3640 ideo
1285 3594 1488 3655 quanto
1514 3587 1705 3646 durius
1729 3593 1882 3648 cordi
1908 3593 2029 3665 ejus
2055 3573 2160 3650 im-

578 3679 838 3741 posuerat
861 3670 1156 3744 llagellum,
1183 3684 1336 3732 tanto
1359 3678 1666 3738 evidentius
1689 3693 1929 3754 paterna
1957 3681 2010 3742 in
2029 3702 2156 3744 eum

563 3760 798 3819 dedisse
819 3759 1124 3822 dilectionis
1150 3765 1429 3826 indicium.
1475 3770 1834 3832 Praesensisse
1856 3777 2022 3834 etiam
2041 3777 2154 3848 jam

568 3849 793 3926 jamque
819 3855 1092 3916 diabolum
1133 3871 1334 3932 quanta
1364 3878 1464 3936 per
1496 3876 1622 3922 eum
1664 3865 1782 3938 ipse
1809 3868 2008 3926 damna
2030 3874 2158 3944 pas-

573 3959 756 4016 surus,
781 3959 986 4020 quanta
1013 3950 1111 4008 Dei
1138 3955 1366 4027 populus
1396 3957 1615 4016 virtutis
1647 3958 1791 4018 foret
1818 3960 2152 4021 incrementa
2178 3973 2180 3977 '

575 4051 908 4115 sumpturus,
932 4056 990 4104 et
1014 4049 1221 4111 idcirco
1244 4068 1436 4110 omnes
1461 4055 1779 4112 inveterata:
1801 4057 2155 4131 malignitatis

573 4135 850 4194 insumere
865 4149 1122 4208 conatus,
1153 4153 1214 4199 ut
1237 4159 1269 4199 n
1291 4147 1462 4202 sacris
1487 4134 1612 4203 eum
1639 4163 1865 4220 quoque
1881 4151 2044 4206 modo
2066 4146 2157 4207 de-

575 4235 787 4286 terrere
820 4231 999 4302 possit
1033 4231 1246 4303 oﬂiciis,
1293 4239 1642 4309 permittente
1683 4239 1816 4308 Deo,
1863 4243 1933 4297 ad
1982 4243 2153 4315 ipsius

570 4319 794 4390 quidem
825 4323 1178 4396 ignominiam
1213 4338 1266 4383 et
1289 4343 1527 4401 ptenam,
1561 4333 1632 4388 ad
1666 4331 1823 4403 hujus
1852 4344 2032 4392 autem
2062 4353 2154 4394 co-

571 4427 764 4468 ronam
786 4426 842 4470 et
865 4415 1119 4488 gloriam.
1392 4428 1394 4430 ’
2051 4427 2053 4430 ’

2272 1955 2412 2012 rent,
2449 1961 2634 2004 emere
2668 1964 2735 2004 ac
2772 1950 3010 2008 vendere
3043 1963 3234 2010 sancta
3257 1971 3365 2010 non
3399 1953 3860 2022 hzesitarent,»

2267 2037 2485 2106 clesias,
2520 2039 2844 2108 oblationes,
2892 2043 3131 2107 decimas
3158 2055 3214 2102 et
3241 2048 3562 2114 ccenteteria
3605 2041 3769 2114 laici,
3810 2059 3858 2105 et

2267 2146 2455 2188 eorum
2488 2125 2682 2189 ditioni
2721 2133 3034 2192 sacerdotes
3068 2137 3276 2194 subditi
3312 2139 3707 2208 possiderent;
3743 2156 3859 2195 usu-

2267 2225 2397 2281 rarii
2423 2225 2541 2282 sive
2563 2222 2922 2288 faeneratores
2945 2229 3146 2302 injuste
3164 2247 3232 2290 ex
3255 2232 3449 2288 alienis
3473 2233 3701 2288 damnis
3720 2233 3854 2288 lucra

2265 2311 2708 2388 cOarcervarent,
2735 2335 2837 2378 nec
2860 2321 2932 2391 ob
2959 2314 3066 2381 hoc
3095 2318 3276 2384 tamen
3309 2325 3497 2382 minus
3525 2340 3726 2382 eorum
3765 2325 3854 2381 al-

2265 2406 2358 2482 qui
2379 2409 2462 2466 vel
2495 2410 2758 2469 ecclesias
2781 2411 3074 2486 intrarent,
3097 2413 3184 2471 vel
3212 2416 3472 2485 mysteria
3499 2426 3851 2476 Sacrosaucta

2265 2495 2632 2574 perciperent.
2667 2505 2820 2564 Adeo
2846 2499 3006 2562 erant
3031 2501 3225 2566 Omnes
3248 2501 3558 2578 disciplinae
3583 2509 3755 2564 totius
3769 2523 3856 2562 ex-

2264 2603 2466 2667 pertes.
2512 2597 2686 2654 Porro
2726 2596 3030 2658 substantia
3070 2598 3264 2672 domus
3303 2599 3666 2671 episcopalis,
3711 2600 3855 2656 dissi-

2265 2687 2519 2757 pantibus
2547 2703 2654 2745 non
2690 2698 2800 2746 tam
2827 2679 3099 2762 episcopis
3121 2686 3287 2762 quam
3317 2676 3574 2763 tyrannis
3608 2691 3705 2762 qui
3727 2708 3853 2762 pra-

2262 2775 2562 2856 cesserant,
2586 2793 2728 2850 pene
2749 2777 2926 2835 fuerat
2951 2786 3065 2835 tota
3097 2790 3453 2851 consumpta;
3486 2779 3642 2861 unde
3667 2779 3855 2858 multas

2261 2851 2465 2922 ibidem~
2483 2865 2646 2924 etiam
2670 2863 2964 2930 necessarii
2983 2871 3160 2934 victus
3182 2861 3392 2943 inopias
3413 2851 3724 2943 perplures
3741 2885 3857 2944 per-

2263 2955 2384 3012 tulit
2410 2958 2698 3025 an'nos,eo
2719 2961 2864 3031 quod
2891 2957 2994 3017 nec
3032 2959 3237 3018 illicitis
3263 2956 3655 3032 contractibus
3695 2961 3851 3032 (sicut

2261 3048 2506 3128 pluribus
2535 3065 2654 3108 mos
2675 3051 2782 3124 est)
2814 3067 2943 3110 suas
2973 3042 3302 3128 indigentias
3330 3052 3596 3126 supplere
3621 3053 3851 3124 valebat,

2258 3149 2315 3194 et
2345 3126 2615 3209 mutuare,
2645 3144 2792 3210 unde
2819 3143 3074 3200 redderet
3102 3126 3220 3214 non
3249 3143 3456 3201 habere
3495 3159 3559 3202 se
3591 3145 3848 3217 cogitans.

2259 3231 2483 3288 minime
2526 3233 2912 3302 pmsumebat.
2962 3233 3166 3290 Verum
3209 3243 3289 3290 tot
3329 3244 3388 3289 et
3417 3243 3580 3289 tanta
3615 3233 3850 3304 suscepti

2260 3307 2445 3391 populi
2475 3321 2607 3389 vitia
2632 3321 2718 3377 vel
2747 3331 2994 3393 peccata,
3037 3332 3238 3394 quanta
3268 3321 3556 3396 vigilantia
3594 3322 3850 3396 quibusve

2257 3412 2656 3484 praedicatiOnis
2676 3423 2733 3470 et
2752 3413 3050 3486 disciplina:
3070 3414 3297 3487 flagellis
3319 3424 3646 3485 persecutus
3668 3415 3850 3478 fuerit;

2257 3516 2396 3572 quos
2425 3501 2629 3558 ibidem
2657 3502 2892 3570 labores,
2923 3519 3062 3576 quos
3087 3505 3389 3572 discursus,
3415 3520 3631 3575 quasve
3653 3506 3851 3559 sollici-

2261 3592 2476 3648 tudines
2499 3593 2880 3664 insumpserit;
2905 3611 3026 3666 qua:
3044 3594 3279 3666 jejunia,
3300 3612 3440 3669 quas
3461 3597 3706 3670 vigilias,
3727 3611 3852 3667 quas

2257 3681 2606 3752 psalmodias,
2639 3699 2777 3755 quos
2799 3687 3057 3757 gemitus,
3086 3703 3221 3757 quas
3251 3703 3471 3759 preces,
3493 3703 3755 3758 quosque
3782 3688 3846 3741 la-

2255 3787 2568 3845 crymarum
2608 3775 2831 3843 imbres,
2867 3778 2936 3833 ad
2973 3778 3377 3849 propitiaudum
3415 3794 3520 3851 pro
3546 3780 3631 3834 eis
3662 3778 3850 3835 Domi-

2256 3879 2414 3932 num,
2451 3874 2681 3939 paterna
2716 3883 2816 3941 pro
2851 3853 2934 3926 eis
2966 3870 3346 3940 eompassione
3370 3869 3715 3944 profuderit,
3745 3887 3848 3927 non

2255 3963 2341 4010 est
2372 3965 2573 4013 nostra:
2595 3957 2872 4016 facultatis
2898 3959 3169 4017 evolvere.
3195 3959 3303 4019 Sed
3325 3975 3449 4028 nec,
3481 3960 3612 4032 quis
3640 3977 3715 4018 ex
3738 3971 3849 4017 tan-

2258 4046 2327 4102 tis
2341 4046 2617 4105 laboribus
2632 4052 2943 4122 provenerit
2959 4052 2986 4106 f
2985 4061 3193 4131 ructus,
3214 4053 3416 4108 nostris
3438 4054 3653 4124 exponi
3673 4054 3850 4122 verbis

2257 4151 2350 4197 aut
2377 4131 2675 4213 potest'aut
2702 4132 2838 4216 Opus
2869 4153 2976 4216 est,
3005 4155 3129 4202 cum
3159 4140 3342 4204 rerum
3367 4147 3421 4202 in
3453 4143 3661 4206 melius
3681 4147 3850 4203 mani-

2253 4229 2396 4288 festa
2423 4235 2658 4293 mutatio
2689 4236 2923 4308 idipsum
2951 4237 3296 4294 cernentium
3319 4233 3616 4295 evidenter
3643 4239 3852 4309 ingeni

2254 4323 2450 4381 oculis.
2877 4350 2884 4357 ο

2879 4401 3108 4496 caput
3148 4440 3230 4496 Ill.

639 4504 708 4562 δ”
735 4506 1433 4579 ΗυῘυδωοάίεετωοηίδυει
1456 4515 1762 4572 “vernale
1780 4516 1951 4587 βιθηῖε
1969 4527 2027 4573 εὶ
2050 4535 2148 4574 ευ·
2173 4559 2225 4620 D
2259 4527 2614 4585 Monachum:
2657 4528 3019 4586 Cluniacensi:
3059 4548 3154 4600 per
3196 4547 3426 4613 annum.
3475 4529 3758 4614 Frequens
3795 4533 3846 4586 in

639 4595 822 4620 --ι.-.-
867 4598 1129 4620 “the..-
1351 4619 1357 4620 ,
1603 4615 1615 4620 _
1699 4616 1710 4620 _
1755 4608 1789 4620 -.
2041 4609 2074 4620 ,γ
2324 4599 2604 4620 ,μωμηεμ
2643 4617 2676 4620 ,κ
2785 4600 2819 4620 ε.
2869 4601 2936 4620 ,ιη
3141 4614 3172 4620 γ-
3206 4599 3263 4620 ν..
3299 4617 3309 4620 -
3499 4619 3515 4620 η
3595 4615 3606 4620 -
3715 4603 3734 4620 .
3780 4614 3792 4620 -
3829 4618 3844 4620 ι

573 4595 827 4655 ctorltate
867 4598 1152 4670 roboratis,
1199 4617 1306 4658 non
1338 4603 1556 4675 quidem
1601 4608 1898 4665 tentatione
1931 4609 2146 4682 penitus

567 4689 857 4759 exstincta,
883 4695 979 4751 sed
1010 4703 1189 4753 tamen
1215 4697 1584 4755 consolatione
1612 4709 1885 4771 suscepta,
1922 4702 2148 4758 animae-

565 4779 726 4849 quior
757 4782 1004 4851 effectus,
1045 4787 1510 4852 consecrationem
1551 4789 1620 4844 ab
1656 4791 1844 4846 eodem
1877 4801 1999 4861 post
2026 4807 2147 4848 mo-

565 4869 746 4928 dicam
770 4876 1010 4947 suscepit
1030 4877 1410 4948 episcopalem.
1436 4879 1643 4938 Tantus
1662 4890 1842 4937 autem
1865 4893 1924 4938 et
1947 4883 2008 4939 iu
2031 4884 2146 4955 ipsa

565 4969 990 5036 consecratione,
1023 4977 1078 5026 et
1105 4979 1219 5027 toto
1243 4971 1335 5028 illo
1355 4987 1465 5043 quo
1487 4972 1686 5048 ibidem
1709 4974 2030 5032 demoratus
2051 4985 2138 5033 est

567 5059 836 5126 tempore,
860 5057 1003 5115 illius
1032 5060 1134 5117 viri
1165 5062 1302 5118 tanti
1332 5073 1488 5119 amOr
1512 5063 1570 5120 in
1606 5079 1733 5120 eum
1760 5074 2011 5123 ostensus
2033 5077 2140 5136 est,
2170 5090 2172 5092 τ

566 5152 629 5199 ιιι
656 5155 905 5214 patenter
939 5153 1338 5220 ostenderetur,
1384 5155 1581 5212 divinze
1611 5156 1664 5212 in
1691 5171 1759 5212 eo
1787 5157 1976 5227 gratiae
2019 5173 2140 5215 ma-

565 5248 735 5306 gnum
765 5235 981 5306 aliquod
1001 5245 1352 5310 praesensisse
1380 5247 1720 5318 praesagium.
1751 5247 1860 5305 Sed
1888 5257 1946 5304 et
1970 5249 2141 5306 comi-

565 5324 696 5382 tissa
733 5323 1007 5386 Mathildis
1046 5331 1184 5403 (l6),
1228 5335 1447 5394 habitus
1483 5338 1702 5409 quidem
1746 5339 1999 5410 feminei,
2044 5342 2139 5399 sed

560 5419 730 5476 animi
758 5436 858 5500 per
885 5435 1081 5480 cuncta
1100 5426 1297 5495 virilis,
1328 5445 1448 5499 quae
1471 5446 1650 5488 rerum
1669 5434 2030 5492 humanarum
2053 5446 2138 5492 tu-

562 5510 768 5568 multus
795 5521 960 5585 aique
994 5516 1258 5587 pericula,
1301 5519 1474 5576 instar
1509 5524 1866 5596 prophetissa:
1890 5525 2134 5596 Deborae,

637 5687 922 5767 (l_6)_licta
981 5691 1206 5767 collegit
1227 5702 1326 5767 _et_
1360 5694 1529 5752 edidit
1575 5695 1763 5767 Italico
1809 5699 2136 5758 Franciscus

562 5755 738 5815 Maria
766 5755 1151 5824 Florentinius:
1182 5765 1422 5826 Plurima
1467 5767 1534 5827 de
1559 5781 1626 5826 ea
1655 5760 1914 5848 dicuntur
1933 5755 2137 5849 illita

2323 4599 2606 4676 quthnsia
2632 4617 2752 4676 cum
2781 4600 2843 4658 S.
2862 4596 3111 4676 omnem
3124 4614 3172 4656 et
3193 4596 3313 4656 aliis
3331 4596 3687 4676 conversatio.
3705 4603 3847 4658 Inter

2323 4669 2627 4741 aﬂlictiones
2663 4671 2862 4727 donum
2889 4671 3265 4742 lacrgmarum.

2328 4782 2414 4839 ιο.
2452 4781 2570 4854 Ipse
2599 4797 2732 4840 vero
2785 4783 3030 4853 interim,
3070 4794 3436 4856 pennatorum
3471 4787 3534 4844 in
3562 4786 3844 4845 Ezechiele

2207 4953 2210 4957 ι
2253 4877 2605 4946 animalium,
2649 4895 2836 4936 coram
2876 4895 2977 4937 sua
3013 4895 3231 4950 semper
3265 4879 3405 4937 facie
3457 4880 3840 4956 gradientium,

2251 4970 2471 5028 sedulus
2503 4957 2764 5040 imitator,
2791 4986 2912 5029 sese
2937 4980 3067 5029 ante
3096 4987 3155 5029 se
3175 4987 3398 5044 ponere,
3432 4981 3491 5027 et
3509 4988 3612 5030 sua
3639 4973 3730 5027 vel
3756 4987 3843 5044 pe-

2250 5063 2420 5121 ricula
2454 5065 2540 5120 vel
2581 5065 2860 5137 profectus
2904 5066 3092 5122 subtili
3121 5066 3534 5122 examinatione
3570 5067 3838 5122 discutere

2247 5171 2354 5211 non
2377 5158 2649 5212 cessabat.
2679 5157 3069 5230 Contemplans
3093 5158 3278 5228 itaque
3305 5173 3462 5212 suam
3489 5156 3578 5213 vel
3598 5167 3835 5215 atatem.

2243 5245 2330 5300 vel
2350 5259 2560 5302 morum
2581 5246 3042 5317 imperfectionem
3065 5249 3142 5320 (in
3169 5264 3331 5318 quam
3352 5247 3626 5319 praecipue
3649 5265 3684 5300 ιι
3700 5263 3833 5318 sque

2245 5339 2314 5394 ad
2339 5347 2570 5396 mortem
2600 5340 2802 5397 mentis
2820 5340 3010 5397 oculos
3040 5343 3282 5398 intentos
3309 5349 3367 5398 et
3407 5341 3533 5411 ipse
3564 5339 3758 5396 habuit
3781 5351 3834 5393 et

2243 5428 2383 5485 alios
2430 5429 2634 5486 habere
2676 5430 2968 5504 persuasit)
3013 5441 3070 5487 et
3110 5432 3346 5502 suscepti
3375 5435 3607 5502 pondus
3643 5431 3829 5494 omnii,

2250 5521 2483 5596 necdum
2515 5522 2727 5579 duobus
2749 5531 2873 5595 post
2897 5515 3363 5580 consecrationem
3385 5524 3614 5595 expletis
3645 5525 3828 5588 annis,

2243 5701 2304 5772 5:
2335 5700 2572 5758 Αηεθιηνῖ
2605 5716 2702 5771 ’θρα
2724 5664 3006 5769 Ltlcensis.
3035 5719 3076 5766 ιι·
3106 5675 3271 5763 nobis
3289 5703 3556 5772 edita,-_ad
3583 5701 3735 5760 diem
3766 5699 3834 5758 l8

2245 5771 2444 5838 Martii,
2474 5773 2817 5844 potissimum
2840 5790 2960 5846 cap.
2986 5774 3044 5830 2.
