3984 6400
169 325 280 389 τω

1212 340 1368 401 νιτΑ
1412 344 1472 404 8.
1513 345 1824 422 11110οΝ18
1864 350 2377 416 GBATIANOPOL.

3334 369 3442 427 770

168 446 506 555 contemptis
528 449 800 555 omnibus,
841 449 996 555 ila-sae
1147 458 1500 555 .(l'Al)-ordinis
1530 463 1748 547 Clupia-
1780 473 1830 532 Α
1862 469 2028 527 Deum
2079 487 2193 530 sum
2233 474 2540 546 {dignationi
2599 479 2966 542 habitaculum
3011 492 3439 555 construentctn,

169 537 352 594 censis
391 537 566 597 factus
589 551 671 599 est
701 535 1006 626 monachus
1031 564 1046 603 :
1089 548 1161 604 ibi
1193 551 1392 625 quippe
1422 555 1596 626 majus
1619 535 1754 616 iunc

163 628 532 699 panperit‘atis
569 639 623 687 et
660 625 983 693 humilitatis
1025 639 1263 696 Studium
1292 623 1604 704 visebatur.
1650 647 1752 704 Ubi

166 718 510 786 sanctorum,
549 736 778 791 quorum
818 725 1019 782 ibidem
1067 730 1258 786 aderat
1291 713 1476 806 copia,
1510 737 1752 796 virorum

163 823 467 868 succensus
487 814 772 888 exemplis,
789 829 992 890 eosque
1011 822 1145 887 suis,
1162 839 1470 898 quanquam
1495 829 1752 895 novitius.

164 914 282 955 non
311 902 640 975 minusipse
665 909 1026 980 succendens,
1068 927 1273 969 annum
1311 915 1466 984 fecit;
1499 933 1622 976 cum
1649 935 1756 975 ca:-

164 989 304 1046 teris
350 991 530 1060 bonis,
579 1005 693 1050 tum
739 1001 1012 1080 prtecipue
1058 1003 1363 1063 humilitate
1417 992 1594 1079 (cujus
1640 1025 1756 1081 prae

162 1081 382 1138 cunctis
402 1085 692 1145 virtutibus
714 1100 954 1148 sectator
966 1095 1176 1151 exstitit
1197 1097 1520 1168 indefessus)
1543 1104 1755 1161 cunctis

161 1173 438 1232 amabilis.
463 1177 540 1232 ita
571 1184 809 1254 namque
827 1187 948 1241 Sese
970 1189 1195 1258 gerebat
1217 1199 1273 1245 ut
1297 1183 1614 1249 cunctorum
1633 1196 1756 1249 uni-

162 1267 376 1324 tatione
409 1271 618 1340 pariter
638 1283 694 1350 et
723 1279 1070 1334 veneratione
1095 1279 1290 1353 dignus
1314 1283 1608 1341 existeret.
1625 1285 1756 1342 Post

156 1355 269 1412 hoc
291 1369 540 1430 cogente,
569 1365 660 1434 qui
692 1380 752 1421 se
775 1379 1106 1436 sacraverat,
1133 1367 1436 1430 memorato
1456 1365 1602 1434 sedis
1622 1392 1755 1447 apo-

157 1451 374 1540 stoliCae
413 1459 644 1527 praesule
672 1461 937 1536 Gregorio
978 1454 1338 1538 septimo,ad
1380 1472 1750 1545 episc0patum

155 1557 188 1597 a
214 1550 581 1616 monasterio.
607 1569 716 1624 quo
747 1552 965 1614 fervens
997 1547 1317 1630 intraverat,
1348 1550 1644 1624 ferventior
1666 1576 1751 1636 est

157 1641 442 1704 reversus,
476 1658 539 1698 ex
569 1647 729 1728 unius
760 1650 885 1704 anni
915 1649 1110 1708 studiis
1141 1636 1544 1721 tanta‘virttitis
1567 1637 1748 1716 inercé

158 1733 344 1807 menta
386 1743 687 1800 reportans,
713 1749 916 1810 quanta
941 1741 1006 1796 de
1031 1741 1302 1798 diuturnae
1324 1745 1750 1806 viL'e‘laboribus

156 1820 248 1875 vix
285 1823 528 1880 assolent
563 1826 754 1898 multi;
793 1845 894 1902 pro
931 1831 1172 1892 claustro
1204 1836 1747 1910 circumspectionem
1783 1828 1829 1889 Β

156 1911 374 1971 habens
402 1915 739 1993 pervigilem,
764 1940 868 1995 qua
895 1941 1002 1984 non
1037 1936 1244 1996 tantum
1278 1932 1362 1990 sui
1391 1949 1587 1992 sensus
1619 1951 1750 1991 cor-

155 2005 346 2100 poris,
388 2012 482 2091 sed
512 2021 567 2068 et
596 2004 1348 2093 Cognitioncs'cumprimcrct
1390 2027 1602 2095 cordis;
1649 2044 1750 2100 pro

155 2099 361 2156 abbate
403 2101 698 2178 justitiam,
747 2103 779 2163 a
826 2110 980 2182 cujus
1025 2114 1297 2172 mandatis
1345 2133 1443 2175 nec
1472 2099 1751 2194 prosperis

155 2202 402 2262 unquam
437 2197 616 2267 potuit
649 2215 749 2257 nec
776 2201 1022 2261 adversis
1043 2197 1270 2274 abduci;
1319 2225 1419 2280 pro
1449 2227 1750 2285 congrega-

154 2283 311 2340 tione
329 2296 517 2344 autcm
544 2291 829 2364 religiosos
851 2297 1095 2368 (quibus,
1125 2312 1343 2372 prepter
1371 2301 1538 2360 illud:
1566 2283 1588 2358 ἆ
1613 2283 1748 2363 Cum

159 2385 363 2435 sancto
393 2390 616 2440 sanctus
649 2387 780 2454 eris,
807 2397 1005 2444 etcum
1039 2391 1155 2446 viro
1177 2391 1466 2470 cinnocnte
1489 2397 1750 2455 innocens

151 2471 267 2528 eris
301 2469 394 2547 [11
432 2471 562 2547 Reg.
599 2493 745 2544 uti,
782 2478 911 2554 26],
961 2502 979 2535 ι
1015 2499 1205 2543 carere
1237 2503 1512 2559 nunquam
1554 2491 1748 2560 voluit)

151 2563 364 2630 socios,
405 2565 516 2624 imo
560 2575 728 2625 totam
783 2573 1165 2652 universaliter
1210 2577 1533 2643 Ecclesiam,
1583 2596 1747 2651 quam

155 2662 266 2710 tam
304 2657 539 2733 sincerge
581 2660 891 2732 dilectionis
929 2651 1391 2739 complcCtebatur
1441 2671 1658 2739 affectu,
1690 2682 1750 2730 ut

153 2743 271 2814 ejus
319 2762 425 2803 nec
468 2750 697 2806 adversa
736 2767 836 2810 nec
886 2770 1148 2828 prospera
1190 2757 1528 2818 inconcussis
1564 2771 1751 2833 posset

156 2836 398 2915 toierare
418 2840 742 2900 visceribus.
767 2843 901 2902 Nam
927 2847 1084 2917 juxta
1109 2850 1236 2924 illud
1251 2851 1490 2923 Apostoli
1516 2873 1530 2908 :
1567 2873 1586 2908 ι
1617 2855 1750 2924 Quis

155 2927 495 3000 inﬁrmatur,
525 2943 579 2989 et
604 2949 704 3006 ego
739 2952 844 2992 non
871 2939 1154 2996 infirmor?
1178 2930 1300 3012 quis
1321 2944 1748 3015 scandalizatur,

153 3025 206 3074 et
234 3036 346 3092 ego
375 3038 482 3079 non
509 3027 674 3091 uror?
701 3047 719 3083 ι
750 3027 835 3101 (II
861 3028 985 3086 Cor.
1016 3047 1093 3098 χι,
1120 3032 1235 3104 29),
1258 3049 1475 3106 semper
1492 3036 1751 3097 Ecclesia

153 3124 204 3168 ct
230 3113 528 3172 laetabatur
550 3123 825 3192 prosperis
852 3131 905 3179 et
934 3125 1288 3196 torquebatur
1312 3128 1577 3187 adversis.

1841 561 2043 634 stellas
2060 563 2222 618 etiam
2245 573 2450 636 septem
2463 566 2718 625 ducatum
2736 571 2840 627 sibi
2863 582 3184 644 prtestantes
3204 576 3436 634 itineris.

1858 648 2027 708 Erant
2069 669 2202 710 vero
2236 664 2292 711 et
2336 655 2392 712 hi
2441 667 2670 728 septem.
2712 661 3052 736 Quapropter
3076 681 3180 721 non
3210 667 3437 722 istorum

1858 747 2088 805 tantum,
2115 743 2211 799 sed
2241 753 2294 801 et
2321 745 2411 816 qui
2435 761 2815 808 successerunt
2833 753 2934 818 eis,
2963 755 3186 811 consilia
3209 755 3440 812 libenter

1839 833 2140 911 amplexus
2178 843 2296 897 est,
2319 847 2373 892 et
2396 854 2566 909 usque
2597 843 2665 899 ad
2696 853 2922 901 mortem
2947 845 3253 905 Carthusiu:
3278 846 3432 904 habi-

1857 929 2063 981 tatores
2087 926 2329 984 consiliis
2361 930 2494 987 fovit
2517 946 2735 1004 semper
2751 945 2807 992 et
2827 937 3122 994 beneﬂciis.

1929 1013 2018 1068 12.
2061 1012 2213 1071 Licet
2236 1032 2365 1073 vera
2399 1028 2454 1074 et
2484 1021 2634 1092 prius
2665 1023 2834 1084 divini
2870 1028 3073 1084 amoris
3110 1037 3254 1083 totus
3282 1029 3440 1083 arde-

1853 1112 1939 1160 ret
1961 1104 2248 1173 incendiis,
2271 1123 2377 1165 non
2401 1110 2562 1167 aliter
2579 1123 2758 1172 tamen
2786 1117 2852 1174 ad
2877 1117 3180 1190 disciplina:
3201 1117 3441 1174 caelestis

1854 1197 2115 1254 exercitia
2157 1215 2346 1257 eorum
2394 1205 2655 1276 exemplis
2685 1219 2738 1264 et
2780 1210 3146 1268 familiaritate
3180 1211 3440 1267 inferbuit

1854 1303 2016 1359 quam
2041 1290 2087 1346 si
2110 1290 2413 1351 flammanti
2437 1297 2566 1368 quis
2582 1298 2688 1355 faci
2711 1300 2894 1372 plures
2913 1301 3285 1372 circumponat
3304 1301 3440 1356 alias

1853 1381 2130 1438 ardentes.
2177 1383 2310 1440 Erat
2352 1401 2476 1456 cum
2521 1390 2624 1456 eis,
2660 1407 2769 1448 non
2805 1401 2862 1448 ut
2891 1393 3140 1450 dominus
3181 1403 3273 1448 aut
3319 1393 3441 1463 cpi-

1852 1487 2068 1548 scopus,
2113 1477 2220 1548 sed,
2253 1485 2313 1533 ut
2354 1479 2536 1537 socius
2582 1489 2638 1537 et
2690 1480 2862 1539 frater
2881 1483 3233 1545 humillimus,
3283 1492 3338 1538 et
3369 1483 3436 1537 ad

1853 1577 2200 1635 cunctorum,
2231 1581 2497 1643 quantum
2528 1573 2583 1628 in
2614 1573 2731 1645 ipso
2751 1583 2894 1640 erat,
2924 1575 3182 1646 obsequia
3208 1575 3438 1646 paratis-

1853 1661 2046 1730 simus,
2070 1663 2206 1722 adeo
2228 1672 2287 1718 ut
2309 1664 2392 1721 vir
2413 1665 2740 1724 venerabilis
2760 1665 3117 1731 Guilhclmus,
3142 1667 3291 1736 prior
3308 1676 3438 1721 tunc

1855 1751 1915 1809 8.
1938 1753 2241 1822 Laurentii,
2274 1765 2462 1828 postea
2489 1756 2547 1814 8.
2579 1755 2869 1814 Theofredi
2899 1757 3018 1831 (20)
3045 1758 3235 1821 abbas,
3268 1757 3439 1827 magi-

1853 1854 1970 1902 stro
2001 1845 2239 1904 Brunoni
2269 1848 2433 1904 etiam
2449 1905 2451 1907 ,
2467 1848 2582 1920 ipse
2610 1850 2863 1922 religiosa
2881 1850 3167 1908 devotione
3191 1864 3300 1904 non
3322 1863 3438 1904 me"

1851 1935 2114 1995 diocritcr
2155 1939 2434 2012 alligatus,
2467 1939 2529 1996 Β.
2571 1939 2813 2013 llugonis
2850 1940 3259 1997 contubernalis
3298 1938 3434 2012 (bini

1852 2026 2051 2098 quippe
2083 2036 2213 2084 tunc
2252 2043 2350 2099 per
2382 2028 2623 2101 singulas
2665 2029 3044 2086 inhabitabant
3085 2029 3252 2086 cellas
3289 2027 3434 2099 apud

1852 2120 2174 2196 magistrum
2213 2121 2571 2193 Brunonem),
2621 2138 2728 2179 non
2771 2122 2965 2180 leviter
3003 2131 3436 2194 conquereretur

1851 2214 1996 2285 quod
2022 2229 2160 2285 pene
2183 2215 2402 2282 omnia,
2440 2215 2509 2270 ad
2541 2215 2902 2272 humilitatem
2932 2216 3258 2287 spectantia,
3291 2215 3433 2270 intra

1851 2303 2040 2360 cellam
2062 2304 2164 2370 sibi
2178 2304 2700 2378 praeriperetollicia;
2725 2315 2780 2364 et
2799 2307 3084 2378 episcopus
3099 2322 3207 2364 non
3228 2319 3408 2364 secum
3415 2344 3438 2374 ,

1851 2396 2043 2453 saltem
2069 2410 2131 2452 ut
2157 2397 2359 2466 socius,
2390 2399 2484 2456 sed
2513 2399 2694 2469 potius
2724 2412 3141 2456 conversaretur
3168 2407 3229 2455 ut
3259 2398 3438 2454 famu—

1851 2486 1954 2551 lus,
1980 2503 2088 2544 non
2125 2488 2290 2546 licere
2316 2489 2417 2545 sibi
2445 2489 2614 2546 tristis
2639 2505 2891 2548 asserens
2909 2506 2980 2548 ex
3002 2490 3285 2548 servilibus
3304 2505 3437 2563 ope-

1853 2579 2006 2635 ribus
2034 2579 2650 2652 quidquamattingere,
2685 2597 2805 2652 quae
2837 2581 2994 2653 juxta
3024 2597 3232 2638 morem
3268 2582 3436 2639 debe-

1852 2669 1982 2725 bant
2011 2685 2111 2741 per
2154 2671 2298 2728 vices
2338 2670 2572 2740 efficere,
2617 2686 2684 2728 eo
2718 2673 2822 2730 sibi
2850 2681 3046 2730 cuncta
3069 2672 3436 2744 praeripien-tc.

1852 2761 1911 2821 In
1941 2773 2150 2821 tantum
2180 2775 2364 2822 autem
2391 2781 2634 2822 ercmum
2661 2767 2888 2822 devotus
2909 2765 3178 2822 incolebat
3194 2763 3437 2830 sedulus,

1853 2865 1916 2912 ut
1939 2872 2062 2912 eum
2098 2859 2358 2927 magister
2390 2857 2572 2922 Bruno
2598 2873 2984 2930 nonnunquam
3017 2858 3169 2914 exire
3197 2855 3438 2926 compcl-

1853 2946 2036 3003 leret:
2075 2966 2093 3000 ε
2131 2948 2231 3017 lte,
2273 2948 2482 3014 dicens,
2525 2947 2600 3005 itc
2640 2948 2707 3004 ad
2755 2963 2887 3003 oves
2934 2955 3177 3012 vestras;
3223 2947 3436 3015 eisque,

1854 3038 2000 3110 quod
2029 3039 2258 3107 debetis,
2303 3037 2586 3094 exsolvite.
2619 3057 2638 3091 ι
2675 3038 3042 3109 Eo‘temporc,
3070 3051 3280 3107 magna:
3303 3050 3438 3105 pau-

1857 3129 2088 3200 pertatis
2112 3139 2168 3184 et
2186 3128 2511 3185 humilitatis
2531 3129 2725 3185 ardore
2749 3141 3068 3194 succensus,
3090 3126 3262 3181 voluit
3283 3124 3444 3196 equi-

223 3204 316 3264 “.
366 3209 420 3265 in
448 3211 531 3268 his
556 3204 773 3286 agebat,
800 3226 856 3273 et
890 3232 1018 3274 ecce
1055 3220 1228 3276 tribus
1268 3221 1499 3278 necdum
1537 3221 1589 3277 in
1621 3222 1748 3294 'cpi-
1779 3222 1822 3281 C
1857 3227 2064 3275 laturas
2097 3234 2227 3276 suas
2261 3227 2486 3275 cunctas
2513 3219 2769 3285 vendere,
2802 3227 2880 3286 et,
2905 3217 3077 3274 diviso
3107 3217 3437 3290 pauperibus

154 3312 410 3372 sccjgatu,
449 3314 569 3373 post
590 3309 904 3364 monasterii
935 3309 1167 3365 reditum
1189 3350 1204 3376 ,
1240 3310 1525 3381 completis
1567 3312 1751 3380 annis,

152 3393 312 3451 adest
349 3399 608 3469 magister
637 3401 819 3458 Bruno
849 3405 986 3476 (18),
1023 3405 1107 3460 vir
1137 3405 1398 3477 religione
1418 3406 1755 3476 scientiaque

153 3491 428 3555 famosus,
476 3493 780 3551 honestatis
821 3505 878 3552 et
906 3498 1192 3569 gravitatis
1231 3513 1297 3555 ac
1329 3485 1492 3554 totius
1519 3500 1752 3555 maturi-

154 3588 288 3644 tatis
337 3586 498 3657 quasi
535 3588 806 3658 quoddam
860 3590 1232 3647 simulacrum.
1285 3590 1530 3648 Habebat
1569 3602 1751 3655 autem

153 3679 342 3735 socios
372 3677 694 3749 magistrum
723 3677 1063 3735 Landuinum
1088 3682 1200 3753 (qui
1227 3691 1351 3754 post
1372 3698 1495 3736 eum
1515 3683 1755 3739 Carthu-

152 3772 245 3824 sire
283 3753 444 3840 prior
483 3769 734 3844 exstitit).
782 3769 919 3826 duos
951 3769 1262 3843 Stephanos
1287 3812 1303 3839 ,
1337 3772 1664 3845 Burgensem
1697 3783 1752 3831 et

156 3860 418 3917 Diensem
453 3861 532 3932 (hi
560 3860 619 3916 S.
653 3860 771 3916 Rufi
803 3861 916 3934 (-19)
952 3863 1199 3918 canonici
1225 3863 1462 3931 fuerant,
1489 3864 1584 3920 sed
1609 3855 1754 3922 desié

155 3951 312 4012 derio
366 3946 491 4016 vita:
533 3953 796 4010 solitaria:
833 3955 906 4023 ei,
941 3955 1138 4010 abbate
1179 3953 1418 4023 favente,
1467 3971 1588 4013 sese
1621 3972 1754 4013 con-

150 4044 504 4125 iunxerant),
547 4045 828 4118 llugoncm
868 4047 1059 4114 etiam,
1092 4063 1254 4118 quem
1292 4047 1755 4118 cognominabant

157 4137 541 4210 Capellanum,
574 4154 640 4195 eo
669 4141 812 4212 quod
842 4141 991 4198 solus
1017 4155 1084 4196 ex
1121 4141 1202 4196 eis
1233 4141 1536 4198 sacerdotis
1565 4141 1755 4214 funge-

155 4219 314 4288 retur
346 4232 551 4300 ollicio;
591 4234 728 4292 duos
755 4235 942 4300 laicos,
971 4251 1110 4306 quos
1138 4236 1472 4307 appellamus
1505 4238 1756 4311 Convere

156 4316 266 4393 sos,
290 4326 566 4382 Andream
589 4326 979 4383 etGuarinum.
1011 4329 1336 4397 Quaerebam
1361 4341 1541 4388 autem
1569 4332 1750 4391 locum

154 4418 461 4475 eremitica:
497 4424 621 4476 vita:
662 4436 986 4493 congruum,
1020 4423 1362 4495 necdumque
1409 4437 1748 4497 repererant.

155 4509 274 4568 Hac
299 4526 436 4582 ergo
468 4528 587 4584 spe,
629 4513 791 4569 simul
819 4522 876 4570 et
905 4515 1055 4570 suavi
1082 4524 1284 4577 sanctae
1321 4518 1750 4576 conversationis

1853 3312 2049 3384 pretio,
2080 3311 2319 3384 propriis
2341 3310 2570 3382 pedibus
2601 3311 2654 3366 in
2687 3310 3072 3383 prmdicatione
3105 3309 3435 3364 discurrere.

1855 3406 1964 3462 Sed
1993 3406 2157 3462 homo
2194 3403 2448 3476 profundi
2486 3404 2688 3470 cordis,
2715 3404 2975 3476 magister
2998 3404 3178 3460 Bruno
3202 3402 3438 3467 scilicet,

1852 3485 2006 3568 cujus
2031 3497 2272 3558 consiliis
2293 3512 2399 3553 non
2421 3496 2580 3552 aliter
2603 3512 2764 3566 quam
2795 3496 3079 3567 przeceptis
3097 3495 3441 3567 obtempera-

1851 3589 1947 3658 bat
1969 3588 2204 3656 abbatis,
2234 3604 2343 3644 non
2367 3587 2664 3652 consensit,
2689 3587 2891 3644 timens
2911 3602 2980 3642 ne
3003 3587 3142 3656 apud
3169 3600 3230 3640 se
3249 3585 3434 3640 forsan

1852 3686 2229 3752 extolleretur,
2265 3695 2362 3742 aut
2396 3701 2426 3741 a
2465 3685 2677 3741 caeteris
2712 3684 2779 3739 de
2822 3682 3198 3753 singularitatc
3221 3680 3438 3750 judica-

1854 3789 2004 3836 retur
2030 3777 2322 3849 cpiscopis,
2344 3787 2438 3832 aut
2465 3776 2630 3849 (quod
2656 3774 2881 3830 dubium
2907 3789 3013 3828 non
3035 3773 3178 3842 erat)
3203 3772 3438 3842 idipsum

1854 3877 2080 3940 propter
2109 3867 2461 3939 asperitatem
2489 3873 2544 3920 et
2572 3863 2996 3933 inzequalitatem
3025 3861 3279 3918 itinerum
3307 3875 3441 3918 con-

1852 3946 2126 4017 Summare
2146 3974 2254 4016 non
2274 3968 2484 4030 posset.

1903 4053 2012 4108 15.
2046 4052 2270 4107 Factum
2313 4055 2398 4107 est
2435 4057 2636 4117 autem,
2674 4058 2755 4114 ut,
2799 4049 2926 4110 dum
2963 4045 3289 4118 contemptis
3317 4060 3439 4102 car-

1853 4146 2086 4209 nalibus,
2119 4143 2417 4216 spiritualia
2445 4142 2564 4199 zelo
2603 4142 2934 4199 ferventinre
2967 4149 3288 4204 sectaretur,
3325 4155 3438 4211 prae

1854 4234 2038 4291 nimiis
2069 4233 2288 4306 vigiliis,
2312 4231 2537 4304 jejuniis
2563 4242 2617 4288 et
2642 4231 2987 4296 lectionibus,
3017 4230 3360 4287 orationibus
3379 4237 3440 4285 et

1854 4326 2320 4390 meditationibus,
2354 4334 2412 4382 et
2449 4322 2675 4395 reliquis
2715 4324 2890 4378 sacris
2933 4319 3435 4386 exercitationibus,

1855 4417 2054 4489 Capitis
2083 4425 2142 4473 ct
2184 4416 2449 4472 stomachi
2490 4414 2867 4488 gravissimam
2898 4414 3175 4470 decideret
3202 4413 3254 4466 in
3279 4411 3439 4483 :cgri-

1858 4512 2124 4577 tudinem,
2163 4510 2319 4582 cujus
2349 4509 2616 4567 molestiis
2641 4519 2696 4564 et
2737 4508 3091 4592 crimiatibus,
3138 4507 3286 4561 omni
3332 4506 3436 4558 fide

156 4601 276 4672 ejus
325 4579 821 4671 odore-trahente;
849 4606 915 4660 ad
958 4607 1133 4662 virum
1175 4618 1422 4675 sanctum
1461 4618 1745 4665 venerunt.
1777 4579 1826 4640 θ
1854 4603 2316 4676 frequentior-ibus
2350 4611 2406 4658 et
2443 4603 2774 4666 acrioribus,
2823 4579 2923 4673 per
2967 4600 3326 4671 quadraginta
3367 4596 3436 4650 ad

157 4694 416 4773 Quosille
436 4712 540 4752 non
572 4696 743 4751 solum
771 4706 1051 4770 gratanter
1080 4698 1173 4756 scd
1202 4709 1258 4756 et
1288 4709 1600 4756 reverenter
1629 4715 1752 4757 sus-

159 4790 350 4861 cepit,
383 4789 655 4854 tractavit,
695 4800 750 4845 et
769 4791 878 4848 voti
899 4801 1180 4862 compotes
1197 4791 1347 4848 fecit.
1369 4791 1491 4862 Ipso
1516 4806 1751 4865 namque

158 4879 503 4952 consulente,
538 4879 784 4949 juvante,
819 4884 1139 4949 comitante,
1172 4881 1476 4939 Carthusize
1504 4884 1752 4940 solitudi-

159 4988 286 5028 nem
320 4973 666 5028 intraverunt
691 4982 860 5044 atque
887 4983 1295 5031 exstruxerunt.
1320 4972 1546 5032 Viderat
1565 4984 1749 5031 autem

159 5064 310 5120 circa
347 5063 400 5119 id
438 5073 650 5137 tempus
690 5081 788 5137 per
825 5067 1097 5122 somnium
1142 5065 1196 5121 in
1229 5064 1417 5122 eadem
1457 5064 1748 5123 solitudine

231 5198 652 5271 (l7),Casa-Dei
693 5201 1086 5271 monasterium
1120 5199 1172 5255 in
1213 5197 1504 5265 Arvernia,
1551 5195 1747 5254 funda-

158 5270 278 5342 tum
300 5287 330 5324 a
353 5270 413 5326 S.
445 5271 680 5342 Robcrto
698 5272 877 5342 primo
904 5270 1101 5342 ibidem
1125 5271 1344 5335 abbate,
1367 5279 1581 5342 mortuo
1601 5285 1748 5327 anno

162 5341 325 5401 105.8.
359 5341 446 5397 die
465 5340 538 5395 24
556 5340 795 5412 AprilisL
809 5341 876 5396 ad
902 5343 1055 5412 cujus
1075 5341 1212 5397 Acta
1243 5342 1396 5412 plura
1418 5342 1485 5396 de
1514 5340 1605 5396 illo
1633 5357 1751 5396 mo-

160 5412 405 5485 nasterio
428 5406 702 5485 dicuntur.
738 5406 894 5485 _Wion
926 5406 1210 5484 perperam
1243 5406 1309 5468 ’8.
1342 5411 1622 5485 llugonem
1653 5427 1748 5484 ap-

160 5481 331 5550 pellat
356 5482 604 5536 abbatem
629 5481 1044 5538 Caslesiensem.

165 5592 174 5598 .
233 5551 352 5620 (l8)
394 5551 519 5608 ll:rc
562 5552 722 5609 latius
770 5553 1078 5609 referuntur
1103 5552 1156 5608 in
1185 5552 1306 5608 Vita
1351 5552 1409 5610 8.
1452 5551 1742 5620 Brztnonis,

162 5622 232 5693 ad
261 5624 298 5676 6
323 5621 594 5685 Octobris,
626 5624 750 5679 hinc
779 5626 848 5679 ob
877 5625 1243 5680 sinceritatem
1283 5635 1338 5682 ct
1367 5625 1744 5693 antiquitatem

163 5692 642 5765 IllusttjandaJJb.
660 5710 689 5748 -t
721 5694 934 5765 Speculi
961 5695 1282 5758 Cartbusim.
1318 5711 1436 5765 cap.
1460 5692 1516 5762 5,
1543 5695 1745 5750 dicitur

171 5780 191 5815 ι
224 5762 289 5820 8.
337 5762 488 5836 llugo
531 5765 692 5821 credi
729 5762 909 5822 secius
949 5768 1006 5822 in
1051 5767 1251 5824 scholis
1293 5762 1459 5822 fuisse
1496 5765 1742 5838 magistri

1853 4697 2036 4753 minus
2062 4709 2256 4760 annos,
2285 4693 2464 4764 quoad
2493 4693 2648 4758 vixit,
2679 4708 3019 4764 nequaquam
3049 4692 3246 4757 caruit,
3275 4698 3439 4760 atquc

1855 4789 1928 4844 ita
1961 4788 2029 4842 ad
2060 4786 2232 4853 illum,
2255 4785 2412 4855 cujus
2439 4801 2602 4856 supra
2631 4785 2999 4851 meminimus,
3027 4783 3245 4839 Satana:
3271 4795 3438 4850 ange-

1853 4881 1988 4951 lum,
2018 4896 2126 4951 qno
2153 4879 2505 4950 multiplicius
2530 4878 2902 4948 colaphizatus
2929 4877 3108 4932 minus
3142 4874 3437 4931 extollere-

1854 4984 1965 5042 tur,
1997 4973 2138 5028 alter
2176 4982 2262 5028 est
2301 4972 2540 5027 additus.
2581 4971 2852 5039 Quantum
2877 4979 3058 5025 autem
3103 4968 3188 5024 his
3228 4967 3441 5026 duabus

1854 5065 2262 5133 afﬂictionibus,
2289 5064 2588 5120 tcntationc
2610 5061 2860 5118 videlicet
2880 5070 2933 5116 et
2953 5057 3294 5132 mgt‘itudinc,
3321 5067 3443 5113 tan-

1855 5201 2142 5260 Brunonis.
2169 5191 2193 5257 ι’

1923 5275 2039 5347 (l9)
2055 5319 2066 5347 γ.
2081 5274 2212 5347 Erat
2236 5282 2346 5327 tum
2373 5269 2476 5347 hoc
2501 5268 2562 5326 8.
2583 5267 2714 5347 Buli
2739 5268 3126 5347 monasterium
3158 5268 3226 5347 ad
3251 5277 3440 5320 muros

1853 5339 2464 5410 urbis'Aveuimieusis;
2500 5341 2598 5397 sed
2629 5349 2813 5410 postea
2839 5340 2908 5394 ab
2936 5339 3315 5408 Albigeusibus
3341 5350 3430 5388 va-

1856 5427 2078 5484 statum,
2107 5415 2233 5471 dein
2264 5413 2564 5486 Valentiam
2598 5410 2913 5486 laudatum
2941 5419 3093 5486 est._
3170 5473 3203 5486 Α
3243 5474 3254 5486 _
3319 5475 3331 5486 .
3377 5473 3390 5485 _

1929 5473 2470 5561 (20)'Monasterium
2511 5482 2569 5538 S.
2629 5480 2957 5561 Tbcofredi,_
2986 5495 3015 5534 a
3157 5473 3432 5561 fialmipio

1855 5543 1992 5615 duce
2012 5543 2377 5630 Arvernorum
2424 5563 2784 5630 castructum,
2809 5565 2913 5630 se;
2945 5549 3110 5630 leugis
3138 5543 3439 5630 dis-latifof

1851 5631 1964 5695 dio,
2013 5629 2065 5684 in
2115 5627 2270 5696 cujus
2315 5625 2684 5696 cstitlimcesi.
2727 5622 2989 5696 coluntur
3033 5619 3093 5673 S.
3135 5615 3438 5672 Calminiub

1855 5702 1919 5759 19
1950 5692 2200 5774 Augusti,
2233 5706 2288 5756 et
2316 5696 2375 5754 S.
2410 5694 2746 5754 Thcofredus
2779 5693 2842 5755 ιε
2867 5692 3006 5762 Aug.
