3894 6298
538 273 633 328 'fll

533 400 696 458 quam
739 399 930 439 aurum
969 383 1023 440 in
1063 384 1307 452 fornace,
1352 384 1606 438 decoctus
1630 391 1793 453 atque
1823 391 2103 452 purgatus,

534 473 588 529 in
611 474 944 545 spiritualcm
971 487 1100 544 erga
1124 473 1288 528 Deum
1313 471 1674 538 devotionem,
1699 481 1755 525 et
1786 470 1839 525 in
1861 471 2104 526 omnium

534 566 852 621 alllictorum
877 582 1054 622 veram
1078 562 1504 648 compassionem
1529 562 1848 628 excreverit,
1873 579 1972 618 nec
1994 563 2108 634 ipse

534 656 714 714 adhuc
740 657 926 712 vivens
954 655 1020 710 ad
1051 654 1286 724 plenum,
1316 653 1360 708 si
1398 652 1558 708 vellet
1586 653 1770 717 etiam,
1803 663 1988 723 posset
2014 670 2110 711 ex-

535 763 757 818 ponere.
794 747 910 816 Quo
952 747 1093 802 enim
1139 761 1236 816 per
1275 743 1391 800 haec
1426 744 1598 815 magis
1636 743 1995 816 alﬂigebatur,
2043 761 2110 803 eo

537 839 908 895 vehementius
941 836 1159 908 spretis,
1188 851 1309 904 qum
1341 835 1526 890 tnundi
1551 843 1698 904 sunt,
1721 836 1774 891 in
1799 834 1992 900 Deum,
2019 851 2108 892 re-

539 933 741 1004 fugiutn
764 946 946 985 verum
976 937 1030 983 et
1053 929 1296 995 unicum,
1321 937 1466 984 totus
1488 926 1837 998 efferebatur,
1867 928 2111 1000 volupta-

539 1033 646 1078 tem
693 1021 835 1085 inde,
880 1019 1020 1076 sicut
1062 1019 1273 1085 aiebat,
1325 1028 1476 1075 tanto
1516 1018 1810 1090 pleniorem
1852 1019 2111 1076 hauriens

537 1123 699 1182 atque
743 1111 1071 1176 suaviorem,
1110 1122 1313 1182 quanto
1351 1109 1529 1167 fuerat
1571 1114 1874 1183 angustiam
1918 1126 2109 1182 passus
2209 1176 2218 1182 ,

537 1203 888 1268 acerbiorem,
918 1201 1075 1271 juxta
1104 1201 1231 1258 illud
1269 1203 1461 1274 psalmi
1489 1222 1504 1258 :
1539 1222 1558 1256 ι
1590 1203 1899 1260 Secundum
1923 1203 2110 1258 multi-

537 1296 777 1349 tudinem
808 1294 1054 1350 dolorum
1084 1307 1328 1350 meorum
1360 1295 1413 1351 in
1434 1296 1599 1351 corde
1625 1311 1768 1362 meo,
1792 1296 2112 1351 consolatio.

534 1401 628 1442 nes
650 1396 751 1442 tuae
774 1387 1181 1444 lactiﬁcaverttnt
1201 1387 1436 1444 animam
1458 1405 1632 1444 meam
1652 1377 1770 1462 (Ps.
1794 1378 2104 1458 xctu,19).r

534 1477 849 1549 llujusmodi
896 1477 1226 1535 alteritatum
1276 1477 1388 1551 (2f)
1440 1481 1588 1537 ineo
1609 1482 1677 1536 ad
1726 1481 1890 1536 linem
1941 1495 2111 1551 usque

533 1587 642 1626 non
671 1581 955 1626 cessavere
984 1572 1419 1638 vicissitudines;
1452 1587 1595 1628 nunc
1621 1572 1766 1627 enim
1799 1573 1850 1627 in
1878 1588 2109 1643 superna

535 1663 663 1716 totis
687 1663 891 1717 viribus
931 1662 1264 1734 spiritalibus
1301 1665 1499 1722 erectis
1535 1665 1731 1740 oculis,
1759 1667 2022 1732 gustando
2057 1675 2113 1720 et

536 1751 766 1806 videndo
801 1751 1054 1820 quoniam
1096 1753 1277 1808 suavis
1320 1753 1404 1808 est
1436 1741 1715 1820 Dominus,
1756 1754 2112 1812 inclfabilibus

538 1844 883 1897 recreabatur
930 1844 1169 1914 gaudiis;
1219 1860 1361 1900 ltllltc
1405 1844 1812 1902 infirmitatibus
1861 1837 2111 1902 humana:

533 1934 773 2000 pondere
796 1927 1034 2002 relapsus
1053 1935 1119 1987 a;l
1144 1932 1320 2000 solita,
1345 1935 1612 2005 prioribus
1637 1951 1744 1991 non
1769 1937 1996 1992 vacabat
2017 1952 2114 1991 an-

533 2025 746 2094 gustiis.
789 2025 1085 2096 Utrobique
1117 2026 1403 2098 lacrymm;
1434 2028 1506 2083 ibi
1539 2043 1636 2099 pro
1655 2028 1872 2100 gaudio,
1901 2028 1989 2083 hic
2011 2045 2110 2100 pro

535 2115 713 2170 taedio.
741 2113 879 2183 Quid
909 2115 1097 2188 plura’
1135 2116 1316 2174 Facta.-
1343 2118 1447 2173 sibi
1482 2117 1701 2174 fueraut
1728 2111 1978 2192 lacrymte
2002 2135 2113 2175 sum

534 2221 702 2276 panes
725 2206 811 2261 die
847 2222 910 2262 ac
949 2217 1139 2274 necte;
1175 2225 1281 2264 non
1320 2209 1417 2265 bas
1453 2209 1528 2266 illi
1564 2210 1853 2281 prospera,
1877 2224 1984 2265 non
2013 2210 2113 2266 has

534 2299 815 2366 siccabaut
850 2299 1107 2368 adversa;
1143 2303 1226 2355 vix
1258 2301 1456 2372 legere,
1484 2303 1575 2357 vix
1602 2302 1856 2374 psallere,
1883 2303 1972 2359 vix
1996 2303 2112 2358 sine

539 2389 623 2444 bis
649 2390 831 2447 divina
868 2393 1140 2447 meditari.
1179 2395 1326 2448 Adeo
1359 2410 1587 2466 namque
1624 2395 1813 2450 harum
1841 2395 1984 2451 ineo
2018 2411 2113 2452 ex-

537 2491 784 2536 creverat
805 2481 977 2550 gratia
1001 2492 1054 2536 ut
1075 2483 1382 2554 frequenter
1401 2499 1504 2540 nec
1523 2485 1722 2553 edenti,
1740 2485 1843 2541 nisi
1863 2484 2109 2554 frenatar,

531 2571 826 2649 deessent;
857 2573 1134 2630 multoties
1160 2576 1306 2630 enim
1335 2592 1430 2646 per
1455 2575 1555 2632 has
1585 2575 1688 2632 sibi
1718 2585 1772 2632 et
1800 2577 1964 2633 sociis
1990 2593 2114 2640 con-~

538 2665 771 2734 vivium,
815 2665 1046 2721 maxime
1090 2666 1292 2736 aliquot
1327 2674 1451 2723 ante
1481 2665 1644 2723 linem
1670 2682 1862 2738 annos,
1895 2667 1979 2724 vel
2006 2667 2111 2724 im-

536 2754 878 2825 pediebatur,
917 2755 998 2811 vel
1027 2756 1364 2812 fuscabatur.

531 2844 536 2848 ’
608 2842 693 2897 ll.
737 2843 981 2900 Habebat
1012 2847 1210 2916 quippe
1254 2847 1536 2914 lectorem,
1567 2863 1596 2902 a
1629 2863 1737 2919 quo
1776 2857 1998 2905 sanctos
2021 2864 2114 2905 co-

539 2935 707 2999 dices,
736 2945 965 3007 quorum
993 2953 1097 2993 non
1123 2954 1325 3010 paucos
1359 2940 1524 2996 scribi
1558 2939 1783 3006 fecerat,
1817 2951 1873 2996 et
1900 2940 2028 2998 alibi
2059 2950 2115 2996 et

531 3027 806 3098 'prmcipue
835 3028 935 3084 sibi
967 3029 1032 3083 ad
1056 3045 1295 3086 mensam
1324 3029 1424 3103 legi
1458 3032 1710 3102 faciebat,
1740 3043 1798 3089 ut
1829 3037 2114 3106 duplicatis

1361 269 1690 327 CUICONIS
1728 269 1747 322 Ι
1783 267 2202 326 εΑιιςῑιιυδιιΕ
2234 269 2524 328 “MONS
2559 269 2832 327 Ριιιοιιιεο
2864 270 2905 326 Υ

3650 279 3727 334 ττι

2133 403 2181 462 Α
2210 382 2372 450 gulis.
2403 391 2498 438 aut
2527 383 2774 438 obscuris
2800 391 2894 440 aut
2926 383 3154 440 secretis
3188 383 3326 441 locis
3355 398 3452 439 eas
3475 390 3727 446 audirem-

2170 511 2172 513 -
2209 471 2338 526 litus
2373 481 2528 541 erat;
2557 475 2653 528 sed
2677 473 2858 543 potius
2885 473 2975 528 ubi
2998 473 3296 544 apluribus
3322 474 3554 544 conspici
3573 485 3727 546 μύσει,

2206 573 2263 618 et
2291 580 2479 618 aurem
2507 563 2724 634 quidem
2749 564 2884 622 satis
2914 563 3259 621 familiariter
3291 565 3607 635 applieabat,
3633 585 3730 626 ocu-

2209 651 2383 708 lorum
2409 661 2590 708 autem
2631 653 2683 707 in
2721 653 2948 710 alteram
2974 664 3184 724 partem
3215 653 3462 709 vertebat
3482 665 3728 723 aspecuun,

2210 742 2450 797 auditum
2479 741 2674 809 solum,
2710 750 2930 814 propter
2959 742 3183 799 insidias
3211 741 3438 807 diaboli,
3475 741 3730 811 hujustnodi

2211 833 2440 906 negotiis
2469 847 2722 890 asserens
2744 833 3148 904 applicandum.

2809 945 3036 1004 CAPUT
3070 946 3161 1002 IV.

2207 1091 2211 1096 .
2283 1022 2569 1094 Oculorum
2598 1048 2646 1094 et
2679 1039 2908 1094 aliorum
2937 1055 3185 1119 sensuum
3217 1055 3282 1093 ac
3310 1038 3504 1109 lingua
3526 1050 3684 1094 sancta

2874 1120 3132 1163 custodia.

2283 1199 2370 1254 15.
2413 1198 2731 1255 Ρηειιὶοιειιι
2753 1214 2974 1255 suorum
2995 1199 3276 1256 oculorum
3299 1198 3737 1257 custodiamiucre-

2209 1291 2359 1364 dibili
2401 1305 2613 1363 semper
2651 1301 2706 1347 et
2746 1291 2947 1363 ubique
2985 1291 3473 1362 circumspectione
3509 1293 3736 1358 servabat,

2213 1381 2285 1436 ita
2317 1390 2375 1436 ut
2409 1387 2532 1437 cum
2575 1391 2824 1452 potentes
2852 1397 2918 1438 ac
2947 1381 3156 1438 nobiles
3193 1382 3452 1438 mulieres
3470 1381 3612 1452 juxta
3640 1384 3738 1439 illud

2209 1472 2495 1543 Apostoli:
2527 1490 2548 1526 ι
2586 1471 2672 1529 cui
2708 1473 2994 1538 honorem,
3022 1460 3288 1529 hauoretn
3312 1471 3489 1544 (Rom.
3516 1488 3625 1539 xm,
3643 1474 3737 1541 7),»

2213 1564 2282 1618 ad
2329 1563 2654 1635 colloquium
2710 1563 3012 1621 honorifice
3062 1563 3418 1636 hilariterque
3480 1563 3741 1636 frequenter

2212 1654 2530 1724 susciperet,
2554 1652 2720 1708 multa
2739 1668 2926 1710 coram
2950 1669 3010 1709 se
3031 1636 3230 1726 diuque
3253 1654 3591 1709 tractantium
3611 1652 3741 1708 facies

2141 1757 2186 1817 Β
2213 1744 2427 1813 penitus
2461 1759 2569 1799 non
2597 1743 2826 1800 videret.
2867 1744 3095 1800 Dicebat
3125 1744 3272 1799 enim
3299 1743 3636 1814 cogitationes
3663 1744 3742 1798 illi-

2213 1836 2349 1892 citas
2369 1833 2681 1892 dillicillime
2709 1851 2866 1906 posse
2891 1835 3072 1902 vitari,
3103 1823 3210 1891 nisi
3242 1835 3368 1906 quis
3396 1836 3623 1905 corporis
3644 1850 3743 1892 sea-

2212 1917 2305 1987 sus
2327 1931 2624 2006 vigilantia
2652 1920 2819 1986 multa
2866 1929 3284 2002 compresserit;
3345 1929 3552 1984 intrare
3576 1939 3742 1996 autem,

2211 2028 2507 2085 secundum
2536 2015 2883 2098 Prophetam,
2916 2035 3147 2086 mortem
3177 2041 3276 2098 per
3301 2025 3401 2082 bas
3441 2024 3589 2095 quasi
3622 2024 3744 2077 fene-

2213 2132 2380 2185 stras,
2407 2130 2463 2177 et
2493 2120 2700 2190 ingredi
2722 2119 2914 2175 domos
2935 2128 3153 2174 nostras
3175 2117 3311 2188 (Jer.
3342 2131 3419 2182 ιι,
3441 2116 3551 2186 ει).
3577 2115 3643 2170 De
3659 2132 3743 2185 qua

2212 2196 2374 2266 etiam
2399 2209 2708 2266 cohibentia
2730 2225 2984 2266 sensuum
3007 2209 3133 2264 dum
3156 2209 3275 2265 vice
3295 2208 3527 2279 quadam
3552 2223 3659 2263 cum
3678 2223 3745 2262 re-

2214 2301 2418 2374 ligiosis
2439 2302 2764 2373 quibusdam
2790 2300 3190 2372 colloqueretur
3213 2299 3380 2372 (inter
3399 2314 3534 2370 quos
3554 2308 3657 2355 erat
3679 2299 3745 2354 vir

2213 2389 2410 2447 litteris
2467 2402 2522 2447 et
2587 2393 2824 2462 puritate
2881 2391 3251 2462 conspicuus:
3283 2391 3534 2447 dominus
3578 2389 3748 2445 scilicet

2212 2484 2487 2550 Airaldus,
2513 2485 2957 2555 archipresbyter
2984 2491 3112 2538 tunc
3134 2483 3321 2554 ipsius,
3351 2485 3496 2538 nunc
3520 2481 3750 2538 Mauricus

2213 2575 2396 2630 neusis
2423 2575 2753 2646 episcopuS),
2785 2575 3064 2646 respondit
3091 2575 3236 2631 idem
3269 2576 3355 2631 vir
3380 2574 3584 2632 Domini
3602 2573 3752 2630 Διαι-

2212 2667 2312 2722 dus
2352 2668 2554 2738 passim
2602 2683 2661 2722 se
2705 2667 2961 2724 mulieres
3011 2669 3273 2740 aspicere,
3306 2683 3410 2724 nec
3456 2681 3628 2724 earum
3665 2667 3751 2722 sibi

2212 2771 2406 2811 nocere
2444 2757 2782 2823 coutuitum;
2830 2768 2913 2812 est
2952 2759 3097 2814 enim
3136 2758 3496 2813 castissimus.
3527 2757 3603 2811 Ad
3637 2755 3750 2825 quod

2213 2846 2324 2913 ille,
2355 2829 2460 2904 non
2486 2864 2518 2903 a
2554 2848 2838 2904 mulierum
2868 2858 3100 2916 tantum,
3132 2850 3228 2906 sed
3249 2865 3281 2908 a
3303 2849 3543 2907 virorum
3573 2862 3754 2917 quoque

2212 2939 2450 2994 vultibus
2479 2938 2747 3010 religiosa:
2779 2939 2977 2996 mentis
3009 2940 3366 2996 avertendum
3398 2939 3659 3010 respondit
3681 2937 3752 2992 in-

2217 3029 2442 3094 tuitum;
2478 3043 2730 3084 asserens
2757 3029 2924 3100 (quod
2950 3029 3285 3100 experientia
3314 3044 3414 3084 sua
3445 3037 3612 3100 potest
3627 3027 3753 3098 quis-

536 3118 746 3174 deliciis
779 3134 902 3176 sese
940 3135 1172 3191 suosque
1207 3124 1502 3194 saginaret.
1534 3125 1778 3195 Cumque
1813 3123 2002 3180 lectori
2046 3128 2112 3182 de
2139 3116 2182 3177 C
2215 3136 2321 3190 que
2346 3114 2663 3193 conjicere).
2688 3137 2786 3192 per
2812 3121 3251 3177 communionem
3290 3121 3540 3176 humanae
3559 3121 3754 3176 mutabi-

538 3209 735 3264 diviuis
765 3211 850 3265 vel
891 3213 1275 3269 severitatibus
1309 3215 1392 3270 vel
1438 3215 1879 3272 miserationibus
1907 3217 2111 3289 aliquid

537 3302 871 3359 occurrisset
898 3303 1128 3376 insigne,
1161 3307 1391 3378 idipsum
1418 3307 1503 3363 bis
1522 3317 1616 3364 aut
1649 3318 1733 3364 ter
1767 3309 1948 3365 dicere
1970 3326 2116 3366 com-

539 3389 804 3458 pellebat;
841 3408 939 3448 nec
977 3411 1148 3461 mora,
1189 3395 1420 3463 spiritali
1449 3413 1545 3468 per
1584 3399 1922 3471 Scripturam
1958 3401 2114 3455 volu-

540 3487 690 3549 ptate
728 3491 967 3550 gustata,
1005 3486 1286 3541 concussis
1330 3486 1399 3542 ab
1437 3488 1545 3543 imo
1587 3489 1904 3559 visceribus,
1952 3493 2116 3550 tantis

543 3571 907 3645 lacrymarum
969 3576 1352 3633 infundebatur
1412 3580 1630 3652 trrignis
1679 3589 1738 3636 ut
1786 3581 2114 3654 voluptatem

542 3665 751 3720 ventris
796 3675 851 3721 et
888 3669 1141 3734 gittturis.
1189 3679 1245 3725 ct
1283 3671 1383 3726 sibi
1429 3670 1671 3728 funditus
1715 3673 1946 3741 tolleret,
1975 3685 2028 3730 et
2061 3677 2116 3731 iu

541 3753 706 3810 sociis
744 3765 1088 3827 temperaret.
1133 3759 1321 3815 Edocti
1371 3761 1552 3832 itaque
1591 3779 1688 3834 per
1727 3764 2115 3834 experientiam

542 3845 789 3911 comites,
821 3863 942 3902 cum
978 3847 1112 3905 tales
1150 3861 1328 3908 motus
1358 3864 1645 3910 cernerent
1691 3855 1992 3925 imminere,
2031 3859 2118 3913 iu-

544 3935 781 3991 nuebant
826 3936 1016 3994 lecturi
1066 3942 1259 3999 cedere
1302 3954 1358 4000 et
1398 3945 1791 4018 aliquantisper
1820 3964 1850 4004 a
1893 3948 2118 4022 legendo

547 4041 784 4113 cessare,
812 4040 868 4086 ut
892 4031 1072 4087 taliter
1095 4035 1394 4092 moIeStiatn
1418 4037 1557 4093 hanc
1575 4029 1792 4108 possent
1815 4041 1881 4095 ad
1908 4049 2119 4113 tempus

545 4111 844 4170 declinare.
876 4113 1026 4173 llanc
1060 4130 1237 4176 autem
1267 4123 1432 4178 divini
1463 4125 1705 4182 muneris
1732 4128 1961 4197 gratiam
1992 4111 2119 4200 pec-

545 4211 784 4269 eatores,
833 4207 902 4262 ob
947 4210 1341 4268 confessionem
1399 4215 1466 4269 ad
1514 4230 1638 4271 eum
1686 4217 1986 4286 venientes,
2038 4220 2120 4275 vel

549 4296 781 4350 maxime
801 4299 1437 4366 sentiebant,clementer
1457 4305 1599 4361 enim
1624 4307 1721 4363 hos
1744 4309 2121 4381 humiliterque

550 4389 884 4458 suscipiens,
927 4394 1319 4463 patientissime
1367 4399 1646 4467 audiebat;
1676 4402 1962 4473 aliquando
1987 4403 2118 4460 flens

549 4477 669 4548 ipse
695 4495 815 4536 cum
845 4483 1444 4558 llentibuspaliquando
1472 4507 1602 4547 vero
1623 4493 1689 4548 ad
1720 4493 1987 4568 lacrymas
2011 4496 2124 4552 suis

551 4583 646 4625 eos
675 4573 920 4629 excitans
943 4575 1194 4634 fletibus:
1225 4581 1366 4651 quod
1397 4597 1503 4638 uno
1543 4583 1768 4655 liquebit
1796 4585 2124 4643 sullieientcr

549 4665 815 4735 exemplo.
843 4666 938 4723 Vir
952 4668 1060 4726 Deo
1083 4671 1278 4728 cbarus
1299 4673 1585 4732 Gauterius
1609 4677 1745 4748 (ΞΕ),
1767 4691 2126 4749 cognomento

551 4754 850 4822 Calnesius,
879 4760 971 4829 qui
1011 4761 1151 4832 apud
1192 4779 1292 4820 nos
1333 4765 1385 4820 in
1417 4770 1737 4824 monacliatu
1769 4770 1857 4824 diu
1887 4770 2127 4824 laudabi-

553 4847 677 4905 liter
721 4851 952 4908 vixit'et
986 4854 1139 4924 obiit,
1182 4857 1388 4914 solebat
1435 4861 1659 4925 referre,
1708 4863 1850 4932 quod
1897 4880 2018 4917 cutn
2072 4865 2124 4919 in

553 4941 750 4997 saeculo
779 4943 1006 5014 positus,
1058 4964 1184 5004 suas
1219 4952 1268 5005 ei
1319 4952 1671 5007 confiteretur
1711 4954 1947 5010 offensas
1984 4955 2126 5025 (erat

554 5032 700 5086 enim
733 5034 784 5089 in
811 5034 1052 5096 Ecclesia
1079 5039 1578 5112 Gratianupolitana
1617 5042 1812 5099 litteris
1844 5055 1896 5101 et
1921 5045 2128 5102 honore

556 5123 893 5198 praeclarus),
913 5128 1218 5184 incubuerit
1247 5131 1360 5200 ipse
1388 5147 1550 5202 super
1577 5143 1738 5205 caput
1762 5135 1899 5206 ejus,
1930 5147 1984 5192 et
2011 5147 2126 5191 tan-

546 5219 671 5265 .tatn
699 5214 888 5272 vertici
933 5215 1290 5288 lacrymarum
1333 5219 1589 5279 infuderit
1622 5225 1832 5295 copiam
1861 5234 1920 5280 ut
1949 5227 2130 5282 made-

561 5300 718 5360 factis
739 5306 965 5377 capillis,
979 5308 1226 5364 deorsum
1240 5311 1310 5365 eti
1332 5329 1400 5366 un
1420 5314 1572 5370 rivuli
1589 5332 1687 5387 per
1706 5319 2014 5375 confitenti,-
2030 5335 2126 5375 ora

561 5395 874 5453 defluerent.
900 5397 1067 5453 Porro
1092 5401 1376 5458 mulierum
1412 5408 1783 5463 confessiones
1813 5427 1916 5464 non
1949 5413 2128 5468 minus

561 5499 718 5544 caute
754 5505 917 5558 quant
955 5491 1184 5562 benigne
1226 5496 1584 5566 suscipiebat:
1624 5516 1732 5556 non
1772 5503 1918 5556 enim
1953 5504 2007 5558 in
2033 5520 2129 5558 au-

597 5666 609 5680 .
633 5599 1417 5682 (2!tuAlteritas,nvicissi:_ud_o.
1452 5609 1509 5663 S.
1545 5611 1878 5682 Augustinus
1911 5613 1984 5669 De
2015 5631 2132 5667 tnu-

565 5670 698 5734 sica,
746 5670 838 5724 lib.
872 5683 922 5722 vt
954 5684 968 5723 :
1003 5687 1023 5721 ι
1053 5673 1184 5728 Cum
1234 5676 1558 5735 adhibentur
1585 5670 1671 5747 cf,
1701 5697 1818 5751 quze
1848 5685 2131 5753 nonnulla,

2216 3213 2385 3268 litatis
2441 3222 2604 3282 atque
2660 3216 3130 3284 compassionem,
3195 3213 3316 3270 fieri
3369 3223 3430 3269 ut
3482 3211 3754 3268 affectiones

2214 3304 2490 3375 Conspecti
2522 3303 2837 3375 frequenter
2869 3303 2935 3358 ad
2961 3303 3385 3374 conspicientem
3417 3301 3742 3360 intestimabili

2215 3393 2502 3450 velocitate
2547 3402 2951 3465 pertranseant,
2991 3403 3069 3460 et,
3118 3394 3268 3451 verbi
3314 3395 3510 3466 gratia,
3556 3395 3618 3452 de
3645 3394 3756 3448 irato

2217 3481 2410 3551 iratus,
2438 3493 2494 3540 et
2515 3483 2581 3540 de
2609 3484 2750 3540 tristi
2788 3485 2981 3549 tristis,
3003 3493 3058 3540 et
3082 3484 3148 3541 de
3175 3484 3496 3542 lasciviente
3517 3485 3604 3540 llat
3627 3483 3756 3538 lasci-

2218 3579 2402 3645 viens;
2437 3593 2571 3650 quas
2603 3579 2884 3650 passiones
2910 3579 3043 3634 satis
3086 3593 3207 3635 esse
3242 3579 3449 3634 habere
3472 3591 3756 3648 quemquam

2215 3672 2485 3744 proprias,
2515 3689 2619 3727 non
2645 3672 2697 3727 in
2724 3687 2782 3727 se
2810 3671 3173 3728 transcribere
3200 3671 3381 3727 taliter
3410 3667 3761 3726 alienas:nul-

2218 3766 2323 3820 lius
2344 3779 2403 3820 se
2432 3765 2598 3820 totius
2621 3766 2964 3836 episcopatus
2990 3765 3073 3820 sui
3105 3764 3371 3832 mulieris,
3399 3775 3591 3835 przeter
3607 3763 3758 3827 unius,

2219 3849 2292 3908 ita
2321 3850 2517 3906 faciem
2545 3851 2843 3923 aspexisse,
2871 3862 2931 3906 ut
2959 3866 3028 3907 ex
3059 3850 3495 3907 consideratione
3525 3850 3699 3916 vultus,
3720 3849 3758 3904 si

2216 3941 2559 4009 accurreret,
2599 3957 2846 4014 quaenam
2881 3953 3046 4008 esset,
3079 3952 3262 4014 posset
3297 3958 3609 4014 agnoscere.
3646 3941 3760 4010 Quid

2217 4037 2320 4092 hac
2349 4035 2701 4107 responsione
2721 4035 2961 4091 castius?
2989 4035 3117 4105 quid
3147 4034 3625 4107 circumspectius?
3648 4033 3756 4104 quid

2217 4126 2558 4198 philosophia
2589 4141 2717 4181 vera
2745 4126 3033 4183 refertius?
3067 4123 3254 4183 Talem
3288 4129 3478 4199 utique
3508 4142 3566 4183 se
3593 4125 3761 4182 mulie-

2221 4220 2370 4276 ribus
2394 4220 2730 4286 exhibuisse,
2759 4221 3158 4286 castissimum;
3195 4219 3320 4275 talia
3356 4219 3410 4276 in
3440 4220 3674 4276 humanis
3691 4217 3760 4272 af-

2220 4311 2542 4369 fectionibus
2561 4313 2876 4378 advertisse,
2892 4313 3373 4384 sapientissimum.
3393 4313 3532 4370 llinc
3549 4313 3637 4369 fuit
3655 4311 3763 4368 illud

2223 4401 2368 4475 quod
2396 4419 2518 4459 cum
2553 4404 2620 4458 de
2641 4412 2814 4459 matre
2847 4419 2966 4460 mea
2998 4404 3139 4475 (qua:
3169 4420 3292 4460 eum
3327 4420 3426 4471 eo,
3461 4422 3577 4476 qum
3606 4404 3764 4468 voluit,

2151 4462 2201 4522 θ
2226 4462 2461 4567 quandiu
2481 4494 2671 4562 voluit,
2694 4494 2870 4551 locuta
2888 4462 3084 4566 fuerat)
3106 4495 3249 4550 abeo
3269 4462 3585 4566 quaesissem
3617 4505 3764 4550 utrum

2225 4602 2345 4642 eam
2361 4585 2514 4641 valde
2535 4596 2750 4642 senecta
2773 4585 3042 4657 fregisset,
3063 4587 3339 4657 paululum
3365 4600 3550 4642 secum
3577 4599 3766 4659 prauae-

2227 4680 2426 4743 ditans,
2445 4697 2464 4731 ι
2486 4678 2702 4745 Nescio,
2724 4679 2920 4749 inquit,
2945 4689 3126 4734 utrum
3145 4680 3466 4736 sitvetusau
3485 4696 3633 4735 non.»
3657 4678 3769 4733 llinc

2226 4778 2282 4824 et
2307 4770 2467 4836 illud,
2491 4771 2646 4856 quod.
2665 4771 2889 4826 muliere
2928 4772 3193 4841 quadam,
3230 4772 3473 4842 potentia
3506 4771 3770 4828 nobilitate-

2231 4878 2339 4934 qtie
2361 4862 2639 4933 praeclara,
2675 4861 2829 4932 cujus
2855 4879 3047 4919 nomen
3073 4863 3289 4920 edicere
3315 4864 3580 4928 nolumus,
3603 4863 3651 4917 in
3677 4860 3772 4928 ejus

2233 4966 2544 5027 conspectu,
2584 4972 2744 5028 quam
2789 4971 3006 5012 morose
3050 4956 3272 5028 placuit,
3307 4956 3480 5011 multa
3523 4956 3769 5024 loquente;

2234 5065 2356 5104 cum
2376 5058 2430 5105 et
2449 5050 2581 5119 ipse,
2607 5048 2748 5120 quod
2778 5049 2953 5115 libuit,
2980 5050 3365 5120 respondisset,
3392 5049 3584 5119 illaque
3601 5047 3775 5104 disces-

2234 5139 2415 5205 sisset,
2445 5139 2792 5208 dicercutque
2829 5137 2962 5195 socii
2993 5139 3130 5210 ejus,
3157 5154 3294 5210 quos
3319 5140 3604 5210 prudentes
3630 5141 3680 5192 et
3704 5149 3774 5188 re-

2237 5230 2456 5302 ligiosos
2483 5246 2694 5301 semper
2717 5231 2917 5287 habere
2940 5232 3185 5297 curabat,
3222 5247 3321 5287 cur
3353 5247 3458 5286 non
3484 5244 3594 5286 eam
3627 5228 3777 5283 corri-

2239 5324 2463 5392 puisset,
2491 5323 2633 5391 quod
2657 5338 2717 5378 se
2742 5337 3005 5392 suamque
3035 5321 3231 5377 faciem
3260 5331 3370 5376 tam
3395 5323 3563 5377 facete
3588 5330 3778 5386 tamque

2236 5414 2433 5470 lascive
2461 5413 2677 5484 poliret,
2708 5413 2983 5484 respondit
3006 5413 3113 5480 ille,
3148 5429 3256 5469 non
3277 5413 3396 5469 sine
3427 5415 3643 5468 horrore
3665 5423 3776 5478 quoe

2239 5504 2364 5558 dam
2408 5514 2464 5559 et
2484 5505 2882 5570 exsecratione,
2912 5503 3106 5560 faciem
3136 5503 3253 5568 eius
3280 5519 3339 5560 se
3363 5503 3569 5574 penitus
3595 5516 3692 5556 nou
3713 5497 3780 5550 vi-

2240 5625 2298 5671 ut
2321 5617 2392 5669 ita
2418 5616 2611 5682 dicam,
2638 5617 2908 5672 alteritate
2939 5630 3136 5682 corpus
3164 5613 3427 5682 alliciunt.
3467 5631 3487 5669 ι

2311 5686 2426 5757 (i2)
2467 5687 2598 5745 Aliis
2625 5687 2891 5744 Galterius
2915 5696 2970 5745 et
3001 5681 3321 5742 Cuat'teriusl
