  <div class='ocr_page' id='page_1' title='image "/cluster/home/n/w/nwhite01/storage/ocr_20150623/153/hvd.32044015473812/392.png"; bbox 0 0 3984 6396; ppageno 0'>
   <div class='ocr_carea' id='block_1_1' title="bbox 172 336 296 394">
    <p class='ocr_par' dir='ltr' id='par_1_1' title="bbox 172 336 296 394">
     <span class='ocr_line' id='line_1_1' title="bbox 172 336 296 394; baseline 0 0"><span class='ocrx_word' id='word_1_1' title='bbox 172 336 296 394; x_wconf 73' lang='lat'><strong>773</strong></span> 
     </span>
    </p>
   </div>
   <div class='ocr_carea' id='block_1_2' title="bbox 1238 326 2395 393">
    <p class='ocr_par' dir='ltr' id='par_1_2' title="bbox 1238 326 2395 393">
     <span class='ocr_line' id='line_1_2' title="bbox 1238 326 2395 393; baseline 0.005 -6"><span class='ocrx_word' id='word_1_2' title='bbox 1238 332 1391 388; x_wconf 76' lang='lat' dir='ltr'><strong>VITA</strong></span> <span class='ocrx_word' id='word_1_3' title='bbox 1436 334 1494 389; x_wconf 89' lang='lat' dir='ltr'><strong>S.</strong></span> <span class='ocrx_word' id='word_1_4' title='bbox 1535 333 1842 392; x_wconf 75' lang='lat' dir='ltr'><strong>IIUGONIS</strong></span> <span class='ocrx_word' id='word_1_5' title='bbox 1880 326 2395 393; x_wconf 57' lang='lat' dir='ltr'><strong>CIHTIANDPOL.</strong></span> 
     </span>
    </p>
   </div>
   <div class='ocr_carea' id='block_1_3' title="bbox 3352 342 3461 407">
    <p class='ocr_par' dir='ltr' id='par_1_3' title="bbox 3352 342 3461 407">
     <span class='ocr_line' id='line_1_3' title="bbox 3352 342 3461 407; baseline 0.037 -4"><span class='ocrx_word' id='word_1_6' title='bbox 3352 342 3461 407; x_wconf 60' lang='grc' dir='ltr'><strong>’ΠΛ</strong></span> 
     </span>
    </p>
   </div>
   <div class='ocr_carea' id='block_1_4' title="bbox 170 445 3449 522">
    <p class='ocr_par' dir='ltr' id='par_1_4' title="bbox 170 445 3449 522">
     <span class='ocr_line' id='line_1_4' title="bbox 170 445 3449 522; baseline 0.003 -14"><span class='ocrx_word' id='word_1_7' title='bbox 170 452 352 508; x_wconf 74' lang='lat' dir='ltr'><strong>disse.</strong></span> <span class='ocrx_word' id='word_1_8' title='bbox 391 448 459 504; x_wconf 85' lang='lat' dir='ltr'><strong>Et</strong></span> <span class='ocrx_word' id='word_1_9' title='bbox 498 445 719 518; x_wconf 81' lang='lat' dir='ltr'><strong>quidem</strong></span> <span class='ocrx_word' id='word_1_10' title='bbox 761 445 983 511; x_wconf 86' lang='lat' dir='ltr'><strong>mirum,</strong></span> <span class='ocrx_word' id='word_1_11' title='bbox 1021 446 1166 517; x_wconf 89' lang='lat' dir='ltr'><strong>quod</strong></span> <span class='ocrx_word' id='word_1_12' title='bbox 1196 445 1389 502; x_wconf 78' lang='lat' dir='ltr'><strong>faciem</strong></span> <span class='ocrx_word' id='word_1_13' title='bbox 1445 447 1589 503; x_wconf 90' lang='lat' dir='ltr'><strong>illius</strong></span> <span class='ocrx_word' id='word_1_14' title='bbox 1619 450 1781 504; x_wconf 90' lang='lat' dir='ltr'><strong>unius</strong></span> <span class='ocrx_word' id='word_1_15' title='bbox 1807 449 1853 507; x_wconf 79' lang='grc' dir='ltr'>Α</span> <span class='ocrx_word' id='word_1_16' title='bbox 1878 462 2002 502; x_wconf 86' lang='lat' dir='ltr'><strong>eunt</strong></span> <span class='ocrx_word' id='word_1_17' title='bbox 2047 464 2107 505; x_wconf 91' lang='lat' dir='ltr'><strong>se</strong></span> <span class='ocrx_word' id='word_1_18' title='bbox 2154 452 2433 522; x_wconf 88' lang='lat' dir='ltr'><strong>respondit</strong></span> <span class='ocrx_word' id='word_1_19' title='bbox 2464 452 3048 512; x_wconf 73' lang='lat' dir='ltr'><strong>scienter’nuilatenus</strong></span> <span class='ocrx_word' id='word_1_20' title='bbox 3074 460 3288 517; x_wconf 82' lang='lat' dir='ltr'><strong>audisse</strong></span> <span class='ocrx_word' id='word_1_21' title='bbox 3318 480 3449 520; x_wconf 87' lang='lat' dir='ltr'><strong>men</strong></span> 
     </span>
    </p>
   </div>
   <div class='ocr_carea' id='block_1_5' title="bbox 164 538 1781 611">
    <p class='ocr_par' dir='ltr' id='par_1_5' title="bbox 164 538 1781 611">
     <span class='ocr_line' id='line_1_5' title="bbox 164 538 1781 611; baseline -0.001 -12"><span class='ocrx_word' id='word_1_22' title='bbox 164 558 293 599; x_wconf 87' lang='lat' dir='ltr'><strong>non</strong></span> <span class='ocrx_word' id='word_1_23' title='bbox 315 541 546 606; x_wconf 86' lang='lat' dir='ltr'><strong>viderat,</strong></span> <span class='ocrx_word' id='word_1_24' title='bbox 573 538 667 611; x_wconf 90' lang='lat' dir='ltr'><strong>qui</strong></span> <span class='ocrx_word' id='word_1_25' title='bbox 700 538 904 594; x_wconf 88' lang='lat' dir='ltr'><strong>nullam</strong></span> <span class='ocrx_word' id='word_1_26' title='bbox 933 540 1203 594; x_wconf 77' lang='lat' dir='ltr'><strong>noverat?</strong></span> <span class='ocrx_word' id='word_1_27' title='bbox 1234 539 1333 596; x_wconf 89' lang='lat' dir='ltr'><strong>Ubi</strong></span> <span class='ocrx_word' id='word_1_28' title='bbox 1362 555 1506 596; x_wconf 91' lang='lat' dir='ltr'><strong>nunc</strong></span> <span class='ocrx_word' id='word_1_29' title='bbox 1529 542 1781 598; x_wconf 62' lang='lat' dir='ltr'><strong>sacerdo-</strong></span> 
     </span>
    </p>
   </div>
   <div class='ocr_carea' id='block_1_6' title="bbox 165 629 1776 701">
    <p class='ocr_par' dir='ltr' id='par_1_6' title="bbox 165 629 1776 701">
     <span class='ocr_line' id='line_1_6' title="bbox 165 629 1776 701; baseline 0.001 -14"><span class='ocrx_word' id='word_1_30' title='bbox 165 642 317 698; x_wconf 89' lang='lat' dir='ltr'><strong>tum,</strong></span> <span class='ocrx_word' id='word_1_31' title='bbox 350 632 439 687; x_wconf 89' lang='lat' dir='ltr'><strong>ubi</strong></span> <span class='ocrx_word' id='word_1_32' title='bbox 473 630 836 701; x_wconf 91' lang='lat' dir='ltr'><strong>plurimorum</strong></span> <span class='ocrx_word' id='word_1_33' title='bbox 865 629 919 685; x_wconf 94' lang='lat' dir='ltr'><strong>in</strong></span> <span class='ocrx_word' id='word_1_34' title='bbox 951 644 1110 686; x_wconf 90' lang='lat' dir='ltr'><strong>sacro</strong></span> <span class='ocrx_word' id='word_1_35' title='bbox 1136 631 1322 687; x_wconf 90' lang='lat' dir='ltr'><strong>habitu</strong></span> <span class='ocrx_word' id='word_1_36' title='bbox 1350 633 1776 689; x_wconf 86' lang='lat' dir='ltr'><strong>constitutorum</strong></span> 
     </span>
    </p>
   </div>
   <div class='ocr_carea' id='block_1_7' title="bbox 165 723 1780 794">
    <p class='ocr_par' dir='ltr' id='par_1_7' title="bbox 165 723 1780 794">
     <span class='ocr_line' id='line_1_7' title="bbox 165 723 1780 794; baseline 0.001 -11"><span class='ocrx_word' id='word_1_37' title='bbox 165 726 397 783; x_wconf 75' lang='lat' dir='ltr'><strong>curiosa</strong></span> <span class='ocrx_word' id='word_1_38' title='bbox 449 725 697 790; x_wconf 72' lang='lat' dir='ltr'><strong>lascivia,</strong></span> <span class='ocrx_word' id='word_1_39' title='bbox 754 723 1068 794; x_wconf 78' lang='lat' dir='ltr'><strong>lascivaque</strong></span> <span class='ocrx_word' id='word_1_40' title='bbox 1108 727 1434 785; x_wconf 84' lang='lat' dir='ltr'><strong>curiositas?</strong></span> <span class='ocrx_word' id='word_1_41' title='bbox 1476 728 1780 785; x_wconf 85' lang='lat' dir='ltr'><strong>Attendant</strong></span> 
     </span>
    </p>
   </div>
   <div class='ocr_carea' id='block_1_8' title="bbox 165 816 1778 886">
    <p class='ocr_par' dir='ltr' id='par_1_8' title="bbox 165 816 1778 886">
     <span class='ocr_line' id='line_1_8' title="bbox 165 816 1778 886; baseline 0.002 -13"><span class='ocrx_word' id='word_1_42' title='bbox 165 818 297 874; x_wconf 66' lang='lat' dir='ltr'><strong>haec</strong></span> <span class='ocrx_word' id='word_1_43' title='bbox 320 827 377 873; x_wconf 90' lang='lat' dir='ltr'><strong>et</strong></span> <span class='ocrx_word' id='word_1_44' title='bbox 397 817 700 881; x_wconf 85' lang='lat' dir='ltr'><strong>imitentur,</strong></span> <span class='ocrx_word' id='word_1_45' title='bbox 731 816 776 872; x_wconf 88' lang='lat' dir='ltr'><strong>si</strong></span> <span class='ocrx_word' id='word_1_46' title='bbox 805 826 1077 886; x_wconf 91' lang='lat' dir='ltr'><strong>possunt;</strong></span> <span class='ocrx_word' id='word_1_47' title='bbox 1113 819 1385 875; x_wconf 88' lang='lat' dir='ltr'><strong>mirentur</strong></span> <span class='ocrx_word' id='word_1_48' title='bbox 1407 831 1462 878; x_wconf 92' lang='lat' dir='ltr'><strong>et</strong></span> <span class='ocrx_word' id='word_1_49' title='bbox 1490 835 1778 877; x_wconf 83' lang='lat' dir='ltr'><strong>reverean-</strong></span> 
     </span>
    </p>
   </div>
   <div class='ocr_carea' id='block_1_9' title="bbox 163 907 1780 980">
    <p class='ocr_par' dir='ltr' id='par_1_9' title="bbox 163 907 1780 980">
     <span class='ocr_line' id='line_1_9' title="bbox 163 907 1780 980; baseline 0.002 -15"><span class='ocrx_word' id='word_1_50' title='bbox 163 920 286 975; x_wconf 88' lang='lat' dir='ltr'><strong>tur,</strong></span> <span class='ocrx_word' id='word_1_51' title='bbox 322 910 367 965; x_wconf 92' lang='lat' dir='ltr'><strong>si</strong></span> <span class='ocrx_word' id='word_1_52' title='bbox 399 924 505 964; x_wconf 91' lang='lat' dir='ltr'><strong>non</strong></span> <span class='ocrx_word' id='word_1_53' title='bbox 540 917 788 978; x_wconf 86' lang='lat' dir='ltr'><strong>possunt.</strong></span> <span class='ocrx_word' id='word_1_54' title='bbox 816 907 923 965; x_wconf 87' lang='lat' dir='ltr'><strong>Sed</strong></span> <span class='ocrx_word' id='word_1_55' title='bbox 956 917 1012 965; x_wconf 88' lang='lat' dir='ltr'><strong>et</strong></span> <span class='ocrx_word' id='word_1_56' title='bbox 1036 910 1128 980; x_wconf 87' lang='lat' dir='ltr'><strong>qui</strong></span> <span class='ocrx_word' id='word_1_57' title='bbox 1157 912 1506 968; x_wconf 79' lang='lat' dir='ltr'><strong>sanctitatem</strong></span> <span class='ocrx_word' id='word_1_58' title='bbox 1530 913 1651 969; x_wconf 89' lang='lat' dir='ltr'><strong>sine</strong></span> <span class='ocrx_word' id='word_1_59' title='bbox 1676 912 1780 968; x_wconf 85' lang='lat' dir='ltr'><strong>mi-</strong></span> 
     </span>
    </p>
   </div>
   <div class='ocr_carea' id='block_1_10' title="bbox 162 1001 1778 1074">
    <p class='ocr_par' dir='ltr' id='par_1_10' title="bbox 162 1001 1778 1074">
     <span class='ocr_line' id='line_1_10' title="bbox 162 1001 1778 1074; baseline 0.001 -18"><span class='ocrx_word' id='word_1_60' title='bbox 162 1001 380 1057; x_wconf 88' lang='lat' dir='ltr'><strong>raculis</strong></span> <span class='ocrx_word' id='word_1_61' title='bbox 416 1001 571 1055; x_wconf 83' lang='lat' dir='ltr'><strong>nihili</strong></span> <span class='ocrx_word' id='word_1_62' title='bbox 609 1001 841 1067; x_wconf 87' lang='lat' dir='ltr'><strong>ducunt;</strong></span> <span class='ocrx_word' id='word_1_63' title='bbox 889 1016 1010 1071; x_wconf 75' lang='lat' dir='ltr'><strong>quae</strong></span> <span class='ocrx_word' id='word_1_64' title='bbox 1039 1016 1145 1058; x_wconf 89' lang='lat' dir='ltr'><strong>nos</strong></span> <span class='ocrx_word' id='word_1_65' title='bbox 1176 1001 1301 1059; x_wconf 90' lang='lat' dir='ltr'><strong>ideo</strong></span> <span class='ocrx_word' id='word_1_66' title='bbox 1341 1018 1449 1059; x_wconf 91' lang='lat' dir='ltr'><strong>non</strong></span> <span class='ocrx_word' id='word_1_67' title='bbox 1492 1004 1670 1074; x_wconf 88' lang='lat' dir='ltr'><strong>tnagni</strong></span> <span class='ocrx_word' id='word_1_68' title='bbox 1696 1002 1778 1058; x_wconf 86' lang='lat' dir='ltr'><strong>fa-</strong></span> 
     </span>
    </p>
   </div>
   <div class='ocr_carea' id='block_1_11' title="bbox 163 1091 1778 1165">
    <p class='ocr_par' dir='ltr' id='par_1_11' title="bbox 163 1091 1778 1165">
     <span class='ocr_line' id='line_1_11' title="bbox 163 1091 1778 1165; baseline 0.001 -16"><span class='ocrx_word' id='word_1_69' title='bbox 163 1094 378 1158; x_wconf 81' lang='lat' dir='ltr'><strong>cimus,</strong></span> <span class='ocrx_word' id='word_1_70' title='bbox 417 1091 676 1162; x_wconf 89' lang='lat' dir='ltr'><strong>quoulam</strong></span> <span class='ocrx_word' id='word_1_71' title='bbox 723 1092 793 1148; x_wconf 90' lang='lat' dir='ltr'><strong>ab</strong></span> <span class='ocrx_word' id='word_1_72' title='bbox 839 1091 1027 1148; x_wconf 85' lang='lat' dir='ltr'><strong>electis</strong></span> <span class='ocrx_word' id='word_1_73' title='bbox 1055 1093 1173 1150; x_wconf 71' lang='lat' dir='ltr'><strong>haec</strong></span> <span class='ocrx_word' id='word_1_74' title='bbox 1213 1103 1268 1149; x_wconf 90' lang='lat' dir='ltr'><strong>et</strong></span> <span class='ocrx_word' id='word_1_75' title='bbox 1312 1094 1559 1165; x_wconf 84' lang='lat' dir='ltr'><strong>reprobis</strong></span> <span class='ocrx_word' id='word_1_76' title='bbox 1584 1094 1778 1150; x_wconf 91' lang='lat' dir='ltr'><strong>haberi</strong></span> 
     </span>
    </p>
   </div>
   <div class='ocr_carea' id='block_1_12' title="bbox 164 1186 1776 1259">
    <p class='ocr_par' dir='ltr' id='par_1_12' title="bbox 164 1186 1776 1259">
     <span class='ocr_line' id='line_1_12' title="bbox 164 1186 1776 1259; baseline 0.001 -18"><span class='ocrx_word' id='word_1_77' title='bbox 164 1186 543 1243; x_wconf 82' lang='lat' dir='ltr'><strong>communiter</strong></span> <span class='ocrx_word' id='word_1_78' title='bbox 558 1186 780 1251; x_wconf 87' lang='lat' dir='ltr'><strong>scimus,</strong></span> <span class='ocrx_word' id='word_1_79' title='bbox 796 1194 852 1241; x_wconf 89' lang='lat' dir='ltr'><strong>et</strong></span> <span class='ocrx_word' id='word_1_80' title='bbox 877 1186 930 1241; x_wconf 91' lang='lat' dir='ltr'><strong>in</strong></span> <span class='ocrx_word' id='word_1_81' title='bbox 958 1186 1261 1257; x_wconf 84' lang='lat' dir='ltr'><strong>majoribus</strong></span> <span class='ocrx_word' id='word_1_82' title='bbox 1289 1188 1617 1259; x_wconf 88' lang='lat' dir='ltr'><strong>patriarchis</strong></span> <span class='ocrx_word' id='word_1_83' title='bbox 1637 1187 1776 1243; x_wconf 87' lang='lat' dir='ltr'><strong>mul-</strong></span> 
     </span>
    </p>
   </div>
   <div class='ocr_carea' id='block_1_13' title="bbox 168 1278 1774 1351">
    <p class='ocr_par' dir='ltr' id='par_1_13' title="bbox 168 1278 1774 1351">
     <span class='ocr_line' id='line_1_13' title="bbox 168 1278 1774 1351; baseline 0.001 -18"><span class='ocrx_word' id='word_1_84' title='bbox 168 1278 359 1348; x_wconf 83' lang='lat' dir='ltr'><strong>lisque</strong></span> <span class='ocrx_word' id='word_1_85' title='bbox 383 1278 504 1332; x_wconf 92' lang='lat' dir='ltr'><strong>aliis</strong></span> <span class='ocrx_word' id='word_1_86' title='bbox 528 1278 617 1347; x_wconf 86' lang='lat' dir='ltr'><strong>qui</strong></span> <span class='ocrx_word' id='word_1_87' title='bbox 651 1278 762 1333; x_wconf 89' lang='lat' dir='ltr'><strong>Deo</strong></span> <span class='ocrx_word' id='word_1_88' title='bbox 785 1278 941 1334; x_wconf 82' lang='lat' dir='ltr'><strong>valde</strong></span> <span class='ocrx_word' id='word_1_89' title='bbox 971 1278 1229 1351; x_wconf 88' lang='lat' dir='ltr'><strong>placuere</strong></span> <span class='ocrx_word' id='word_1_90' title='bbox 1269 1280 1472 1336; x_wconf 87' lang='lat' dir='ltr'><strong>sanctis</strong></span> <span class='ocrx_word' id='word_1_91' title='bbox 1499 1279 1583 1335; x_wconf 89' lang='lat' dir='ltr'><strong>vel</strong></span> <span class='ocrx_word' id='word_1_92' title='bbox 1628 1280 1774 1335; x_wconf 87' lang='lat' dir='ltr'><strong>nulla</strong></span> 
     </span>
    </p>
   </div>
   <div class='ocr_carea' id='block_1_14' title="bbox 162 1368 1775 1445">
    <p class='ocr_par' dir='ltr' id='par_1_14' title="bbox 162 1368 1775 1445">
     <span class='ocr_line' id='line_1_14' title="bbox 162 1368 1775 1445; baseline 0.002 -22"><span class='ocrx_word' id='word_1_93' title='bbox 162 1368 257 1425; x_wconf 90' lang='lat' dir='ltr'><strong>vel</strong></span> <span class='ocrx_word' id='word_1_94' title='bbox 291 1383 461 1440; x_wconf 86' lang='lat' dir='ltr'><strong>pauca</strong></span> <span class='ocrx_word' id='word_1_95' title='bbox 489 1369 789 1440; x_wconf 85' lang='lat' dir='ltr'><strong>reperimus</strong></span> <span class='ocrx_word' id='word_1_96' title='bbox 818 1388 831 1424; x_wconf 92' lang='lat'><strong>:</strong></span> <span class='ocrx_word' id='word_1_97' title='bbox 858 1370 949 1440; x_wconf 90' lang='lat' dir='ltr'><strong>qui</strong></span> <span class='ocrx_word' id='word_1_98' title='bbox 988 1380 1190 1437; x_wconf 90' lang='lat' dir='ltr'><strong>tamen,</strong></span> <span class='ocrx_word' id='word_1_99' title='bbox 1230 1382 1285 1426; x_wconf 93' lang='lat' dir='ltr'><strong>ut</strong></span> <span class='ocrx_word' id='word_1_100' title='bbox 1318 1373 1498 1427; x_wconf 86' lang='lat' dir='ltr'><strong>dicere</strong></span> <span class='ocrx_word' id='word_1_101' title='bbox 1528 1387 1775 1445; x_wconf 70' lang='lat' dir='ltr'><strong>cmpera-</strong></span> 
     </span>
    </p>
   </div>
   <div class='ocr_carea' id='block_1_15' title="bbox 162 1459 1772 1534">
    <p class='ocr_par' dir='ltr' id='par_1_15' title="bbox 162 1459 1772 1534">
     <span class='ocr_line' id='line_1_15' title="bbox 162 1459 1772 1534; baseline 0.004 -21"><span class='ocrx_word' id='word_1_102' title='bbox 162 1474 318 1524; x_wconf 87' lang='lat' dir='ltr'><strong>mus,</strong></span> <span class='ocrx_word' id='word_1_103' title='bbox 345 1459 603 1515; x_wconf 90' lang='lat' dir='ltr'><strong>miracula</strong></span> <span class='ocrx_word' id='word_1_104' title='bbox 629 1469 902 1530; x_wconf 69' lang='lat' dir='ltr'><strong>quaartmt,</strong></span> <span class='ocrx_word' id='word_1_105' title='bbox 935 1462 1099 1517; x_wconf 91' lang='lat' dir='ltr'><strong>etiam</strong></span> <span class='ocrx_word' id='word_1_106' title='bbox 1129 1473 1293 1534; x_wconf 89' lang='lat' dir='ltr'><strong>atque</strong></span> <span class='ocrx_word' id='word_1_107' title='bbox 1321 1464 1487 1520; x_wconf 89' lang='lat' dir='ltr'><strong>etiam</strong></span> <span class='ocrx_word' id='word_1_108' title='bbox 1523 1464 1772 1520; x_wconf 76' lang='lat' dir='ltr'><strong>conside-</strong></span> 
     </span>
    </p>
   </div>
   <div class='ocr_carea' id='block_1_16' title="bbox 164 1552 1775 1622">
    <p class='ocr_par' dir='ltr' id='par_1_16' title="bbox 164 1552 1775 1622">
     <span class='ocr_line' id='line_1_16' title="bbox 164 1552 1775 1622; baseline 0.004 -16"><span class='ocrx_word' id='word_1_109' title='bbox 164 1561 298 1606; x_wconf 88' lang='lat' dir='ltr'><strong>rent</strong></span> <span class='ocrx_word' id='word_1_110' title='bbox 345 1562 526 1607; x_wconf 91' lang='lat' dir='ltr'><strong>utrum</strong></span> <span class='ocrx_word' id='word_1_111' title='bbox 570 1552 872 1609; x_wconf 87' lang='lat' dir='ltr'><strong>mirabilius</strong></span> <span class='ocrx_word' id='word_1_112' title='bbox 934 1554 1002 1609; x_wconf 89' lang='lat' dir='ltr'><strong>ab</strong></span> <span class='ocrx_word' id='word_1_113' title='bbox 1042 1555 1299 1622; x_wconf 86' lang='lat' dir='ltr'><strong>homine,</strong></span> <span class='ocrx_word' id='word_1_114' title='bbox 1346 1555 1560 1611; x_wconf 89' lang='lat' dir='ltr'><strong>mortali</strong></span> <span class='ocrx_word' id='word_1_115' title='bbox 1610 1572 1775 1613; x_wconf 90' lang='lat' dir='ltr'><strong>carne</strong></span> 
     </span>
    </p>
   </div>
   <div class='ocr_carea' id='block_1_17' title="bbox 160 1642 1772 1719">
    <p class='ocr_par' dir='ltr' id='par_1_17' title="bbox 160 1642 1772 1719">
     <span class='ocr_line' id='line_1_17' title="bbox 160 1642 1772 1719; baseline 0.002 -21"><span class='ocrx_word' id='word_1_116' title='bbox 160 1642 535 1708; x_wconf 88' lang='lat' dir='ltr'><strong>circumdato,</strong></span> <span class='ocrx_word' id='word_1_117' title='bbox 579 1644 876 1715; x_wconf 86' lang='lat' dir='ltr'><strong>quidquam</strong></span> <span class='ocrx_word' id='word_1_118' title='bbox 914 1644 1111 1701; x_wconf 89' lang='lat' dir='ltr'><strong>debeat</strong></span> <span class='ocrx_word' id='word_1_119' title='bbox 1144 1646 1322 1719; x_wconf 84' lang='lat' dir='ltr'><strong>exigi;</strong></span> <span class='ocrx_word' id='word_1_120' title='bbox 1365 1655 1422 1702; x_wconf 90' lang='lat' dir='ltr'><strong>et</strong></span> <span class='ocrx_word' id='word_1_121' title='bbox 1447 1656 1628 1702; x_wconf 90' lang='lat' dir='ltr'><strong>utrum</strong></span> <span class='ocrx_word' id='word_1_122' title='bbox 1652 1648 1772 1703; x_wconf 92' lang='lat' dir='ltr'><strong>cui-</strong></span> 
     </span>
    </p>
   </div>
   <div class='ocr_carea' id='block_1_18' title="bbox 162 1722 1771 1811">
    <p class='ocr_par' dir='ltr' id='par_1_18' title="bbox 162 1722 1771 1811">
     <span class='ocr_line' id='line_1_18' title="bbox 162 1722 1771 1811; baseline 0.002 -22"><span class='ocrx_word' id='word_1_123' title='bbox 162 1752 335 1807; x_wconf 85' lang='lat' dir='ltr'><strong>quam</strong></span> <span class='ocrx_word' id='word_1_124' title='bbox 360 1738 531 1808; x_wconf 86' lang='lat' dir='ltr'><strong>possit</strong></span> <span class='ocrx_word' id='word_1_125' title='bbox 555 1722 660 1793; x_wconf 88' lang='lat' dir='ltr'><strong>non</strong></span> <span class='ocrx_word' id='word_1_126' title='bbox 686 1738 1017 1808; x_wconf 84' lang='lat' dir='ltr'><strong>impossibile</strong></span> <span class='ocrx_word' id='word_1_127' title='bbox 1040 1738 1232 1807; x_wconf 83' lang='lat' dir='ltr'><strong>videri,</strong></span> <span class='ocrx_word' id='word_1_128' title='bbox 1260 1755 1356 1811; x_wconf 92' lang='lat' dir='ltr'><strong>per</strong></span> <span class='ocrx_word' id='word_1_129' title='bbox 1378 1740 1771 1810; x_wconf 84' lang='lat' dir='ltr'><strong>quinquaginta</strong></span> 
     </span>
    </p>
   </div>
   <div class='ocr_carea' id='block_1_19' title="bbox 163 1827 1765 1900">
    <p class='ocr_par' dir='ltr' id='par_1_19' title="bbox 163 1827 1765 1900">
     <span class='ocr_line' id='line_1_19' title="bbox 163 1827 1765 1900; baseline 0.002 -19"><span class='ocrx_word' id='word_1_130' title='bbox 163 1835 223 1881; x_wconf 89' lang='lat' dir='ltr'><strong>et</strong></span> <span class='ocrx_word' id='word_1_131' title='bbox 265 1827 503 1897; x_wconf 85' lang='lat' dir='ltr'><strong>amplius</strong></span> <span class='ocrx_word' id='word_1_132' title='bbox 544 1841 717 1883; x_wconf 90' lang='lat' dir='ltr'><strong>annos</strong></span> <span class='ocrx_word' id='word_1_133' title='bbox 746 1829 1001 1899; x_wconf 81' lang='lat' dir='ltr'><strong>grandem</strong></span> <span class='ocrx_word' id='word_1_134' title='bbox 1041 1829 1415 1899; x_wconf 88' lang='lat' dir='ltr'><strong>episcopatum</strong></span> <span class='ocrx_word' id='word_1_135' title='bbox 1453 1845 1482 1883; x_wconf 89' lang='lat' dir='ltr'><strong>a</strong></span> <span class='ocrx_word' id='word_1_136' title='bbox 1524 1831 1765 1900; x_wconf 87' lang='lat' dir='ltr'><strong>quolibet</strong></span> 
     </span>
    </p>
   </div>
   <div class='ocr_carea' id='block_1_20' title="bbox 163 1918 1809 1991">
    <p class='ocr_par' dir='ltr' id='par_1_20' title="bbox 163 1918 1809 1991">
     <span class='ocr_line' id='line_1_20' title="bbox 163 1918 1809 1991; baseline 0.002 -17"><span class='ocrx_word' id='word_1_137' title='bbox 163 1918 398 1975; x_wconf 82' lang='lat' dir='ltr'><strong>homine</strong></span> <span class='ocrx_word' id='word_1_138' title='bbox 420 1920 555 1991; x_wconf 86' lang='lat' dir='ltr'><strong>regi,</strong></span> <span class='ocrx_word' id='word_1_139' title='bbox 586 1931 640 1975; x_wconf 88' lang='lat' dir='ltr'><strong>et</strong></span> <span class='ocrx_word' id='word_1_140' title='bbox 667 1930 863 1990; x_wconf 76' lang='lat' dir='ltr'><strong>pneter</strong></span> <span class='ocrx_word' id='word_1_141' title='bbox 884 1920 1067 1986; x_wconf 88' lang='lat' dir='ltr'><strong>unius,</strong></span> <span class='ocrx_word' id='word_1_142' title='bbox 1092 1920 1290 1976; x_wconf 90' lang='lat' dir='ltr'><strong>nullius</strong></span> <span class='ocrx_word' id='word_1_143' title='bbox 1311 1922 1532 1977; x_wconf 86' lang='lat' dir='ltr'><strong>omnino</strong></span> <span class='ocrx_word' id='word_1_144' title='bbox 1554 1921 1769 1978; x_wconf 72' lang='lat' dir='ltr'><strong>femina:</strong></span> <span class='ocrx_word' id='word_1_145' title='bbox 1802 1934 1809 1939; x_wconf 85' lang='grc'><strong>’</strong></span> 
     </span>
    </p>
   </div>
   <div class='ocr_carea' id='block_1_21' title="bbox 163 2000 1769 2086">
    <p class='ocr_par' dir='ltr' id='par_1_21' title="bbox 163 2000 1769 2086">
     <span class='ocr_line' id='line_1_21' title="bbox 163 2000 1769 2086; baseline 0.003 -21"><span class='ocrx_word' id='word_1_146' title='bbox 163 2010 376 2068; x_wconf 81' lang='lat' dir='ltr'><strong>faciem</strong></span> <span class='ocrx_word' id='word_1_147' title='bbox 414 2013 564 2069; x_wconf 90' lang='lat' dir='ltr'><strong>sciri.</strong></span> <span class='ocrx_word' id='word_1_148' title='bbox 604 2000 669 2069; x_wconf 71' lang='lat' dir='ltr'><strong>Et</strong></span> <span class='ocrx_word' id='word_1_149' title='bbox 695 2024 844 2069; x_wconf 90' lang='lat' dir='ltr'><strong>certe</strong></span> <span class='ocrx_word' id='word_1_150' title='bbox 884 2023 1003 2069; x_wconf 89' lang='lat' dir='ltr'><strong>erat</strong></span> <span class='ocrx_word' id='word_1_151' title='bbox 1037 2014 1151 2070; x_wconf 63' lang='lat' dir='ltr'><strong>haec</strong></span> <span class='ocrx_word' id='word_1_152' title='bbox 1178 2014 1294 2085; x_wconf 89' lang='lat' dir='ltr'><strong>ipsa</strong></span> <span class='ocrx_word' id='word_1_153' title='bbox 1326 2029 1515 2085; x_wconf 91' lang='lat' dir='ltr'><strong>parum</strong></span> <span class='ocrx_word' id='word_1_154' title='bbox 1552 2014 1769 2086; x_wconf 88' lang='lat' dir='ltr'><strong>quidem</strong></span> 
     </span>
    </p>
   </div>
   <div class='ocr_carea' id='block_1_22' title="bbox 164 2100 1771 2177">
    <p class='ocr_par' dir='ltr' id='par_1_22' title="bbox 164 2100 1771 2177">
     <span class='ocr_line' id='line_1_22' title="bbox 164 2100 1771 2177; baseline 0.002 -20"><span class='ocrx_word' id='word_1_155' title='bbox 164 2100 438 2169; x_wconf 86' lang='lat' dir='ltr'><strong>formosa,</strong></span> <span class='ocrx_word' id='word_1_156' title='bbox 470 2104 563 2160; x_wconf 89' lang='lat' dir='ltr'><strong>sed</strong></span> <span class='ocrx_word' id='word_1_157' title='bbox 588 2104 798 2159; x_wconf 90' lang='lat' dir='ltr'><strong>consilii</strong></span> <span class='ocrx_word' id='word_1_158' title='bbox 849 2104 966 2176; x_wconf 83' lang='lat' dir='ltr'><strong>ejus</strong></span> <span class='ocrx_word' id='word_1_159' title='bbox 997 2105 1139 2161; x_wconf 84' lang='lat' dir='ltr'><strong>satis</strong></span> <span class='ocrx_word' id='word_1_160' title='bbox 1170 2104 1369 2177; x_wconf 79' lang='lat' dir='ltr'><strong>indiga.</strong></span> <span class='ocrx_word' id='word_1_161' title='bbox 1400 2105 1466 2160; x_wconf 83' lang='lat' dir='ltr'><strong>Et</strong></span> <span class='ocrx_word' id='word_1_162' title='bbox 1496 2113 1673 2160; x_wconf 89' lang='lat' dir='ltr'><strong>tamen</strong></span> <span class='ocrx_word' id='word_1_163' title='bbox 1702 2104 1771 2160; x_wconf 90' lang='lat' dir='ltr'><strong>ad</strong></span> 
     </span>
    </p>
   </div>
   <div class='ocr_carea' id='block_1_23' title="bbox 164 2194 1767 2267">
    <p class='ocr_par' dir='ltr' id='par_1_23' title="bbox 164 2194 1767 2267">
     <span class='ocr_line' id='line_1_23' title="bbox 164 2194 1767 2267; baseline 0.002 -17"><span class='ocrx_word' id='word_1_164' title='bbox 164 2194 349 2266; x_wconf 79' lang='lat' dir='ltr'><strong>ipsius</strong></span> <span class='ocrx_word' id='word_1_165' title='bbox 377 2197 747 2267; x_wconf 69' lang='lat' dir='ltr'><strong>praesentiam,</strong></span> <span class='ocrx_word' id='word_1_166' title='bbox 788 2211 895 2253; x_wconf 90' lang='lat' dir='ltr'><strong>non</strong></span> <span class='ocrx_word' id='word_1_167' title='bbox 928 2197 1103 2254; x_wconf 91' lang='lat' dir='ltr'><strong>solum</strong></span> <span class='ocrx_word' id='word_1_168' title='bbox 1140 2212 1206 2253; x_wconf 78' lang='lat' dir='ltr'><strong>ex</strong></span> <span class='ocrx_word' id='word_1_169' title='bbox 1234 2212 1356 2261; x_wconf 89' lang='lat' dir='ltr'><strong>suo,</strong></span> <span class='ocrx_word' id='word_1_170' title='bbox 1399 2198 1494 2254; x_wconf 90' lang='lat' dir='ltr'><strong>sed</strong></span> <span class='ocrx_word' id='word_1_171' title='bbox 1519 2198 1681 2254; x_wconf 89' lang='lat' dir='ltr'><strong>etiam</strong></span> <span class='ocrx_word' id='word_1_172' title='bbox 1702 2213 1767 2253; x_wconf 81' lang='lat' dir='ltr'><strong>ex</strong></span> 
     </span>
    </p>
   </div>
   <div class='ocr_carea' id='block_1_24' title="bbox 165 2284 1771 2359">
    <p class='ocr_par' dir='ltr' id='par_1_24' title="bbox 165 2284 1771 2359">
     <span class='ocr_line' id='line_1_24' title="bbox 165 2284 1771 2359; baseline 0.003 -19"><span class='ocrx_word' id='word_1_173' title='bbox 165 2284 295 2340; x_wconf 85' lang='lat' dir='ltr'><strong>aliis</strong></span> <span class='ocrx_word' id='word_1_174' title='bbox 346 2287 772 2357; x_wconf 86' lang='lat' dir='ltr'><strong>episcopalibus,</strong></span> <span class='ocrx_word' id='word_1_175' title='bbox 816 2302 912 2344; x_wconf 90' lang='lat' dir='ltr'><strong>seu</strong></span> <span class='ocrx_word' id='word_1_176' title='bbox 957 2302 1056 2359; x_wconf 88' lang='lat' dir='ltr'><strong>pro</strong></span> <span class='ocrx_word' id='word_1_177' title='bbox 1109 2287 1476 2353; x_wconf 83' lang='lat' dir='ltr'><strong>confessione,</strong></span> <span class='ocrx_word' id='word_1_178' title='bbox 1517 2303 1612 2344; x_wconf 90' lang='lat' dir='ltr'><strong>seu</strong></span> <span class='ocrx_word' id='word_1_179' title='bbox 1651 2288 1771 2345; x_wconf 88' lang='lat' dir='ltr'><strong>aliis</strong></span> 
     </span>
    </p>
   </div>
   <div class='ocr_carea' id='block_1_25' title="bbox 164 2376 1772 2451">
    <p class='ocr_par' dir='ltr' id='par_1_25' title="bbox 164 2376 1772 2451">
     <span class='ocr_line' id='line_1_25' title="bbox 164 2376 1772 2451; baseline 0.004 -21"><span class='ocrx_word' id='word_1_180' title='bbox 164 2376 363 2431; x_wconf 88' lang='lat' dir='ltr'><strong>causis</strong></span> <span class='ocrx_word' id='word_1_181' title='bbox 383 2377 702 2443; x_wconf 89' lang='lat' dir='ltr'><strong>innumeris,</strong></span> <span class='ocrx_word' id='word_1_182' title='bbox 739 2388 891 2435; x_wconf 89' lang='lat' dir='ltr'><strong>tanto</strong></span> <span class='ocrx_word' id='word_1_183' title='bbox 920 2379 1167 2435; x_wconf 86' lang='lat' dir='ltr'><strong>devotius</strong></span> <span class='ocrx_word' id='word_1_184' title='bbox 1196 2380 1642 2451; x_wconf 88' lang='lat' dir='ltr'><strong>frequentiusque</strong></span> <span class='ocrx_word' id='word_1_185' title='bbox 1673 2396 1772 2437; x_wconf 74' lang='lat' dir='ltr'><strong>ve~</strong></span> 
     </span>
    </p>
   </div>
   <div class='ocr_carea' id='block_1_26' title="bbox 164 2468 1436 2542">
    <p class='ocr_par' dir='ltr' id='par_1_26' title="bbox 164 2468 1436 2542">
     <span class='ocr_line' id='line_1_26' title="bbox 164 2468 1436 2542; baseline 0.002 -20"><span class='ocrx_word' id='word_1_186' title='bbox 164 2468 423 2534; x_wconf 80' lang='lat' dir='ltr'><strong>uiebant,</strong></span> <span class='ocrx_word' id='word_1_187' title='bbox 452 2477 660 2538; x_wconf 87' lang='lat' dir='ltr'><strong>quanto</strong></span> <span class='ocrx_word' id='word_1_188' title='bbox 694 2470 1023 2526; x_wconf 88' lang='lat' dir='ltr'><strong>sanctiorem</strong></span> <span class='ocrx_word' id='word_1_189' title='bbox 1050 2480 1436 2542; x_wconf 79' lang='lat' dir='ltr'><strong>cognoverant.</strong></span> 
     </span>
    </p>
   </div>
   <div class='ocr_carea' id='block_1_27' title="bbox 240 2557 1770 2627">
    <p class='ocr_par' dir='ltr' id='par_1_27' title="bbox 240 2557 1770 2627">
     <span class='ocr_line' id='line_1_27' title="bbox 240 2557 1770 2627; baseline 0.003 -14"><span class='ocrx_word' id='word_1_190' title='bbox 240 2557 339 2613; x_wconf 74' lang='grc'><strong>16.</strong></span> <span class='ocrx_word' id='word_1_191' title='bbox 383 2557 501 2613; x_wconf 85' lang='lat' dir='ltr'><strong>Non</strong></span> <span class='ocrx_word' id='word_1_192' title='bbox 532 2568 712 2615; x_wconf 89' lang='lat' dir='ltr'><strong>autem</strong></span> <span class='ocrx_word' id='word_1_193' title='bbox 751 2561 896 2616; x_wconf 86' lang='lat' dir='ltr'><strong>hanc</strong></span> <span class='ocrx_word' id='word_1_194' title='bbox 920 2561 1115 2627; x_wconf 90' lang='lat' dir='ltr'><strong>solum,</strong></span> <span class='ocrx_word' id='word_1_195' title='bbox 1141 2561 1193 2616; x_wconf 92' lang='lat' dir='ltr'><strong>id</strong></span> <span class='ocrx_word' id='word_1_196' title='bbox 1217 2571 1320 2627; x_wconf 91' lang='lat' dir='ltr'><strong>est,</strong></span> <span class='ocrx_word' id='word_1_197' title='bbox 1345 2562 1624 2617; x_wconf 92' lang='lat' dir='ltr'><strong>oculorum</strong></span> <span class='ocrx_word' id='word_1_198' title='bbox 1647 2578 1770 2619; x_wconf 89' lang='lat' dir='ltr'><strong>sen-</strong></span> 
     </span>
    </p>
   </div>
   <div class='ocr_carea' id='block_1_28' title="bbox 165 2650 1770 2724">
    <p class='ocr_par' dir='ltr' id='par_1_28' title="bbox 165 2650 1770 2724">
     <span class='ocr_line' id='line_1_28' title="bbox 165 2650 1770 2724; baseline 0.004 -20"><span class='ocrx_word' id='word_1_199' title='bbox 165 2664 318 2715; x_wconf 85' lang='lat' dir='ltr'><strong>sum,</strong></span> <span class='ocrx_word' id='word_1_200' title='bbox 348 2650 443 2706; x_wconf 87' lang='lat' dir='ltr'><strong>sed</strong></span> <span class='ocrx_word' id='word_1_201' title='bbox 464 2660 518 2706; x_wconf 90' lang='lat' dir='ltr'><strong>et</strong></span> <span class='ocrx_word' id='word_1_202' title='bbox 546 2659 771 2708; x_wconf 65' lang='lat' dir='ltr'><strong>caeteros</strong></span> <span class='ocrx_word' id='word_1_203' title='bbox 804 2666 992 2708; x_wconf 88' lang='lat' dir='ltr'><strong>omnes</strong></span> <span class='ocrx_word' id='word_1_204' title='bbox 1031 2652 1195 2708; x_wconf 88' lang='lat' dir='ltr'><strong>simili</strong></span> <span class='ocrx_word' id='word_1_205' title='bbox 1240 2652 1518 2724; x_wconf 80' lang='lat' dir='ltr'><strong>diligentia</strong></span> <span class='ocrx_word' id='word_1_206' title='bbox 1546 2653 1770 2710; x_wconf 90' lang='lat' dir='ltr'><strong>cohibe-</strong></span> 
     </span>
    </p>
   </div>
   <div class='ocr_carea' id='block_1_29' title="bbox 165 2742 1766 2816">
    <p class='ocr_par' dir='ltr' id='par_1_29' title="bbox 165 2742 1766 2816">
     <span class='ocr_line' id='line_1_29' title="bbox 165 2742 1766 2816; baseline 0.002 -19"><span class='ocrx_word' id='word_1_207' title='bbox 165 2742 287 2798; x_wconf 90' lang='lat' dir='ltr'><strong>bat.</strong></span> <span class='ocrx_word' id='word_1_208' title='bbox 314 2742 495 2799; x_wconf 81' lang='lat' dir='ltr'><strong>Aures</strong></span> <span class='ocrx_word' id='word_1_209' title='bbox 516 2758 749 2815; x_wconf 88' lang='lat' dir='ltr'><strong>namque</strong></span> <span class='ocrx_word' id='word_1_210' title='bbox 768 2752 823 2800; x_wconf 89' lang='lat' dir='ltr'><strong>et</strong></span> <span class='ocrx_word' id='word_1_211' title='bbox 843 2743 1080 2816; x_wconf 84' lang='lat' dir='ltr'><strong>linguam</strong></span> <span class='ocrx_word' id='word_1_212' title='bbox 1106 2759 1228 2800; x_wconf 92' lang='lat' dir='ltr'><strong>cum</strong></span> <span class='ocrx_word' id='word_1_213' title='bbox 1252 2758 1280 2797; x_wconf 89' lang='lat' dir='ltr'><strong>a</strong></span> <span class='ocrx_word' id='word_1_214' title='bbox 1302 2744 1516 2800; x_wconf 65' lang='lat' dir='ltr'><strong>caeteris</strong></span> <span class='ocrx_word' id='word_1_215' title='bbox 1544 2743 1766 2808; x_wconf 84' lang='lat' dir='ltr'><strong>illicitis.</strong></span> 
     </span>
    </p>
   </div>
   <div class='ocr_carea' id='block_1_30' title="bbox 167 2836 1767 2907">
    <p class='ocr_par' dir='ltr' id='par_1_30' title="bbox 167 2836 1767 2907">
     <span class='ocr_line' id='line_1_30' title="bbox 167 2836 1767 2907; baseline 0.004 -20"><span class='ocrx_word' id='word_1_216' title='bbox 167 2843 364 2889; x_wconf 81' lang='lat' dir='ltr'><strong>tamen</strong></span> <span class='ocrx_word' id='word_1_217' title='bbox 404 2850 568 2906; x_wconf 84' lang='lat' dir='ltr'><strong>quam</strong></span> <span class='ocrx_word' id='word_1_218' title='bbox 609 2837 845 2892; x_wconf 81' lang='lat' dir='ltr'><strong>maxime</strong></span> <span class='ocrx_word' id='word_1_219' title='bbox 886 2837 954 2892; x_wconf 89' lang='lat' dir='ltr'><strong>ab</strong></span> <span class='ocrx_word' id='word_1_220' title='bbox 990 2836 1478 2893; x_wconf 80' lang='lat' dir='ltr'><strong>obtrectationibus</strong></span> <span class='ocrx_word' id='word_1_221' title='bbox 1525 2838 1767 2907; x_wconf 88' lang='lat' dir='ltr'><strong>frenans,</strong></span> 
     </span>
    </p>
   </div>
   <div class='ocr_carea' id='block_1_31' title="bbox 168 2925 1771 3002">
    <p class='ocr_par' dir='ltr' id='par_1_31' title="bbox 168 2925 1771 3002">
     <span class='ocr_line' id='line_1_31' title="bbox 168 2925 1771 3002; baseline 0.005 -22"><span class='ocrx_word' id='word_1_222' title='bbox 168 2925 365 2981; x_wconf 83' lang='lat' dir='ltr'><strong>aiebat</strong></span> <span class='ocrx_word' id='word_1_223' title='bbox 394 2926 640 2983; x_wconf 85' lang='lat' dir='ltr'><strong>sullicere</strong></span> <span class='ocrx_word' id='word_1_224' title='bbox 667 2928 959 2999; x_wconf 88' lang='lat' dir='ltr'><strong>unicuique</strong></span> <span class='ocrx_word' id='word_1_225' title='bbox 984 2929 1199 3001; x_wconf 89' lang='lat' dir='ltr'><strong>propria</strong></span> <span class='ocrx_word' id='word_1_226' title='bbox 1235 2940 1480 3002; x_wconf 89' lang='lat' dir='ltr'><strong>peccata,</strong></span> <span class='ocrx_word' id='word_1_227' title='bbox 1520 2947 1621 2988; x_wconf 92' lang='lat' dir='ltr'><strong>nec</strong></span> <span class='ocrx_word' id='word_1_228' title='bbox 1650 2947 1771 2988; x_wconf 91' lang='lat' dir='ltr'><strong>esse</strong></span> 
     </span>
    </p>
   </div>
   <div class='ocr_carea' id='block_1_32' title="bbox 166 3020 1767 3093">
    <p class='ocr_par' dir='ltr' id='par_1_32' title="bbox 166 3020 1767 3093">
     <span class='ocr_line' id='line_1_32' title="bbox 166 3020 1767 3093; baseline 0.004 -20"><span class='ocrx_word' id='word_1_229' title='bbox 166 3032 403 3074; x_wconf 84' lang='lat' dir='ltr'><strong>necesse</strong></span> <span class='ocrx_word' id='word_1_230' title='bbox 432 3027 490 3073; x_wconf 92' lang='lat' dir='ltr'><strong>ut</strong></span> <span class='ocrx_word' id='word_1_231' title='bbox 517 3020 727 3087; x_wconf 88' lang='lat' dir='ltr'><strong>alienis,</strong></span> <span class='ocrx_word' id='word_1_232' title='bbox 755 3036 911 3077; x_wconf 88' lang='lat' dir='ltr'><strong>suam</strong></span> <span class='ocrx_word' id='word_1_233' title='bbox 943 3021 1028 3077; x_wconf 90' lang='lat' dir='ltr'><strong>vel</strong></span> <span class='ocrx_word' id='word_1_234' title='bbox 1055 3022 1325 3078; x_wconf 88' lang='lat' dir='ltr'><strong>audiendo</strong></span> <span class='ocrx_word' id='word_1_235' title='bbox 1355 3024 1767 3093; x_wconf 79' lang='lat' dir='ltr'><strong>conscientiam,</strong></span> 
     </span>
    </p>
   </div>
   <div class='ocr_carea' id='block_1_33' title="bbox 167 3110 1772 3193">
    <p class='ocr_par' dir='ltr' id='par_1_33' title="bbox 167 3110 1772 3193">
     <span class='ocr_line' id='line_1_33' title="bbox 167 3110 1772 3193; baseline 0.003 -28"><span class='ocrx_word' id='word_1_236' title='bbox 167 3111 254 3166; x_wconf 87' lang='lat' dir='ltr'><strong>vel</strong></span> <span class='ocrx_word' id='word_1_237' title='bbox 295 3110 590 3181; x_wconf 91' lang='lat' dir='ltr'><strong>loquendo,</strong></span> <span class='ocrx_word' id='word_1_238' title='bbox 619 3112 953 3168; x_wconf 88' lang='lat' dir='ltr'><strong>contaminet</strong></span> <span class='ocrx_word' id='word_1_239' title='bbox 985 3111 1528 3185; x_wconf 79' lang='lat' dir='ltr'><strong>linguam.Rumores</strong></span> <span class='ocrx_word' id='word_1_240' title='bbox 1559 3130 1660 3193; x_wconf 82' lang='lat' dir='ltr'><strong>nec</strong></span> <span class='ocrx_word' id='word_1_241' title='bbox 1688 3117 1772 3172; x_wconf 82' lang='lat' dir='ltr'><strong>in-</strong></span> 
     </span>
    </p>
   </div>
   <div class='ocr_carea' id='block_1_34' title="bbox 168 3196 1765 3275">
    <p class='ocr_par' dir='ltr' id='par_1_34' title="bbox 168 3196 1765 3275">
     <span class='ocr_line' id='line_1_34' title="bbox 168 3196 1765 3275; baseline 0.004 -16"><span class='ocrx_word' id='word_1_242' title='bbox 168 3196 513 3275; x_wconf 73' lang='lat' dir='ltr'><strong>terrogabat,</strong></span> <span class='ocrx_word' id='word_1_243' title='bbox 534 3220 635 3261; x_wconf 91' lang='lat' dir='ltr'><strong>nec</strong></span> <span class='ocrx_word' id='word_1_244' title='bbox 663 3205 820 3263; x_wconf 82' lang='lat' dir='ltr'><strong>facile</strong></span> <span class='ocrx_word' id='word_1_245' title='bbox 842 3206 1133 3264; x_wconf 86' lang='lat' dir='ltr'><strong>referebat.</strong></span> <span class='ocrx_word' id='word_1_246' title='bbox 1163 3206 1418 3264; x_wconf 81' lang='lat' dir='ltr'><strong>Veracem</strong></span> <span class='ocrx_word' id='word_1_247' title='bbox 1444 3219 1623 3266; x_wconf 88' lang='lat' dir='ltr'><strong>autem</strong></span> <span class='ocrx_word' id='word_1_248' title='bbox 1642 3224 1765 3266; x_wconf 80' lang='lat' dir='ltr'><strong>eum</strong></span> 
     </span>
    </p>
   </div>
   <div class='ocr_carea' id='block_1_35' title="bbox 166 3296 1767 3372">
    <p class='ocr_par' dir='ltr' id='par_1_35' title="bbox 166 3296 1767 3372">
     <span class='ocr_line' id='line_1_35' title="bbox 166 3296 1767 3372; baseline 0.003 -19"><span class='ocrx_word' id='word_1_249' title='bbox 166 3296 346 3353; x_wconf 87' lang='lat' dir='ltr'><strong>fuisse</strong></span> <span class='ocrx_word' id='word_1_250' title='bbox 371 3297 425 3351; x_wconf 92' lang='lat' dir='ltr'><strong>in</strong></span> <span class='ocrx_word' id='word_1_251' title='bbox 457 3297 571 3353; x_wconf 90' lang='lat' dir='ltr'><strong>suis</strong></span> <span class='ocrx_word' id='word_1_252' title='bbox 602 3299 967 3367; x_wconf 85' lang='lat' dir='ltr'><strong>sermonibus,</strong></span> <span class='ocrx_word' id='word_1_253' title='bbox 1002 3316 1110 3372; x_wconf 89' lang='lat' dir='ltr'><strong>quo</strong></span> <span class='ocrx_word' id='word_1_254' title='bbox 1141 3300 1344 3357; x_wconf 91' lang='lat' dir='ltr'><strong>certius</strong></span> <span class='ocrx_word' id='word_1_255' title='bbox 1374 3317 1533 3372; x_wconf 90' lang='lat' dir='ltr'><strong>quam</strong></span> <span class='ocrx_word' id='word_1_256' title='bbox 1561 3302 1767 3358; x_wconf 89' lang='lat' dir='ltr'><strong>inimici</strong></span> 
     </span>
    </p>
   </div>
   <div class='ocr_carea' id='block_1_36' title="bbox 168 3390 1763 3465">
    <p class='ocr_par' dir='ltr' id='par_1_36' title="bbox 168 3390 1763 3465">
     <span class='ocr_line' id='line_1_36' title="bbox 168 3390 1763 3465; baseline 0.003 -19"><span class='ocrx_word' id='word_1_257' title='bbox 168 3390 491 3446; x_wconf 89' lang='lat' dir='ltr'><strong>testimonio</strong></span> <span class='ocrx_word' id='word_1_258' title='bbox 534 3390 763 3461; x_wconf 87' lang='lat' dir='ltr'><strong>probare</strong></span> <span class='ocrx_word' id='word_1_259' title='bbox 806 3393 1141 3463; x_wconf 81' lang='lat' dir='ltr'><strong>poterimus?</strong></span> <span class='ocrx_word' id='word_1_260' title='bbox 1177 3392 1351 3464; x_wconf 86' lang='lat' dir='ltr'><strong>Guigo</strong></span> <span class='ocrx_word' id='word_1_261' title='bbox 1396 3393 1513 3465; x_wconf 73' lang='lat'><strong>(25)</strong></span> <span class='ocrx_word' id='word_1_262' title='bbox 1557 3409 1763 3459; x_wconf 87' lang='lat' dir='ltr'><strong>comes,</strong></span> 
     </span>
    </p>
   </div>
   <div class='ocr_carea' id='block_1_37' title="bbox 167 3484 1764 3554">
    <p class='ocr_par' dir='ltr' id='par_1_37' title="bbox 167 3484 1764 3554">
     <span class='ocr_line' id='line_1_37' title="bbox 167 3484 1764 3554; baseline 0.004 -15"><span class='ocrx_word' id='word_1_263' title='bbox 167 3484 234 3539; x_wconf 87' lang='lat' dir='ltr'><strong>ad</strong></span> <span class='ocrx_word' id='word_1_264' title='bbox 275 3500 347 3540; x_wconf 80' lang='lat' dir='ltr'><strong>ea</strong></span> <span class='ocrx_word' id='word_1_265' title='bbox 398 3499 518 3554; x_wconf 66' lang='lat' dir='ltr'><strong>quae</strong></span> <span class='ocrx_word' id='word_1_266' title='bbox 562 3486 745 3540; x_wconf 90' lang='lat' dir='ltr'><strong>mttndi</strong></span> <span class='ocrx_word' id='word_1_267' title='bbox 786 3496 912 3542; x_wconf 84' lang='lat' dir='ltr'><strong>sunt</strong></span> <span class='ocrx_word' id='word_1_268' title='bbox 961 3487 1120 3543; x_wconf 86' lang='lat' dir='ltr'><strong>homo</strong></span> <span class='ocrx_word' id='word_1_269' title='bbox 1150 3488 1282 3544; x_wconf 73' lang='lat' dir='ltr'><strong>satis</strong></span> <span class='ocrx_word' id='word_1_270' title='bbox 1324 3488 1572 3553; x_wconf 86' lang='lat' dir='ltr'><strong>idoneus,</strong></span> <span class='ocrx_word' id='word_1_271' title='bbox 1614 3489 1764 3545; x_wconf 86' lang='lat' dir='ltr'><strong>circa</strong></span> 
     </span>
    </p>
   </div>
   <div class='ocr_carea' id='block_1_38' title="bbox 166 3576 1767 3651">
    <p class='ocr_par' dir='ltr' id='par_1_38' title="bbox 166 3576 1767 3651">
     <span class='ocr_line' id='line_1_38' title="bbox 166 3576 1767 3651; baseline 0.003 -19"><span class='ocrx_word' id='word_1_272' title='bbox 166 3578 427 3633; x_wconf 87' lang='lat' dir='ltr'><strong>eumdem</strong></span> <span class='ocrx_word' id='word_1_273' title='bbox 461 3576 625 3633; x_wconf 89' lang='lat' dir='ltr'><strong>etiam</strong></span> <span class='ocrx_word' id='word_1_274' title='bbox 658 3577 749 3633; x_wconf 91' lang='lat' dir='ltr'><strong>Dei</strong></span> <span class='ocrx_word' id='word_1_275' title='bbox 790 3578 1050 3634; x_wconf 88' lang='lat' dir='ltr'><strong>famulum</strong></span> <span class='ocrx_word' id='word_1_276' title='bbox 1085 3580 1494 3650; x_wconf 81' lang='lat' dir='ltr'><strong>tranquillitatis</strong></span> <span class='ocrx_word' id='word_1_277' title='bbox 1522 3588 1767 3651; x_wconf 86' lang='lat' dir='ltr'><strong>tempore</strong></span> 
     </span>
    </p>
   </div>
   <div class='ocr_carea' id='block_1_39' title="bbox 167 3670 1765 3745">
    <p class='ocr_par' dir='ltr' id='par_1_39' title="bbox 167 3670 1765 3745">
     <span class='ocr_line' id='line_1_39' title="bbox 167 3670 1765 3745; baseline 0.005 -22"><span class='ocrx_word' id='word_1_278' title='bbox 167 3670 336 3725; x_wconf 86' lang='lat' dir='ltr'><strong>valde</strong></span> <span class='ocrx_word' id='word_1_279' title='bbox 378 3670 626 3737; x_wconf 89' lang='lat' dir='ltr'><strong>devotus,</strong></span> <span class='ocrx_word' id='word_1_280' title='bbox 668 3671 1026 3729; x_wconf 88' lang='lat' dir='ltr'><strong>invictissime</strong></span> <span class='ocrx_word' id='word_1_281' title='bbox 1072 3690 1169 3745; x_wconf 90' lang='lat' dir='ltr'><strong>pro</strong></span> <span class='ocrx_word' id='word_1_282' title='bbox 1210 3675 1421 3744; x_wconf 91' lang='lat' dir='ltr'><strong>jnstitia</strong></span> <span class='ocrx_word' id='word_1_283' title='bbox 1467 3677 1765 3744; x_wconf 88' lang='lat' dir='ltr'><strong>resistenti,</strong></span> 
     </span>
    </p>
   </div>
   <div class='ocr_carea' id='block_1_40' title="bbox 166 3761 1763 3840">
    <p class='ocr_par' dir='ltr' id='par_1_40' title="bbox 166 3761 1763 3840">
     <span class='ocr_line' id='line_1_40' title="bbox 166 3761 1763 3840; baseline 0.004 -23"><span class='ocrx_word' id='word_1_284' title='bbox 166 3761 451 3818; x_wconf 86' lang='lat' dir='ltr'><strong>molestias</strong></span> <span class='ocrx_word' id='word_1_285' title='bbox 478 3778 582 3818; x_wconf 92' lang='lat' dir='ltr'><strong>non</strong></span> <span class='ocrx_word' id='word_1_286' title='bbox 605 3778 802 3833; x_wconf 89' lang='lat' dir='ltr'><strong>parvas</strong></span> <span class='ocrx_word' id='word_1_287' title='bbox 829 3778 929 3820; x_wconf 92' lang='lat' dir='ltr'><strong>nec</strong></span> <span class='ocrx_word' id='word_1_288' title='bbox 950 3780 1150 3835; x_wconf 82' lang='lat' dir='ltr'><strong>paucas</strong></span> <span class='ocrx_word' id='word_1_289' title='bbox 1170 3766 1368 3833; x_wconf 86' lang='lat' dir='ltr'><strong>intulit,</strong></span> <span class='ocrx_word' id='word_1_290' title='bbox 1400 3766 1485 3822; x_wconf 89' lang='lat' dir='ltr'><strong>bis</strong></span> <span class='ocrx_word' id='word_1_291' title='bbox 1507 3784 1763 3840; x_wconf 88' lang='lat' dir='ltr'><strong>namque,</strong></span> 
     </span>
    </p>
   </div>
   <div class='ocr_carea' id='block_1_41' title="bbox 164 3854 1767 3927">
    <p class='ocr_par' dir='ltr' id='par_1_41' title="bbox 164 3854 1767 3927">
     <span class='ocr_line' id='line_1_41' title="bbox 164 3854 1767 3927; baseline 0.004 -18"><span class='ocrx_word' id='word_1_292' title='bbox 164 3863 227 3909; x_wconf 86' lang='lat' dir='ltr'><strong>ut</strong></span> <span class='ocrx_word' id='word_1_293' title='bbox 256 3854 435 3910; x_wconf 86' lang='lat' dir='ltr'><strong>multa</strong></span> <span class='ocrx_word' id='word_1_294' title='bbox 466 3864 763 3922; x_wconf 89' lang='lat' dir='ltr'><strong>taceamus,</strong></span> <span class='ocrx_word' id='word_1_295' title='bbox 796 3855 865 3910; x_wconf 91' lang='lat' dir='ltr'><strong>ab</strong></span> <span class='ocrx_word' id='word_1_296' title='bbox 891 3870 956 3911; x_wconf 92' lang='lat' dir='ltr'><strong>eo</strong></span> <span class='ocrx_word' id='word_1_297' title='bbox 984 3872 1082 3927; x_wconf 88' lang='lat' dir='ltr'><strong>pro</strong></span> <span class='ocrx_word' id='word_1_298' title='bbox 1112 3858 1227 3913; x_wconf 88' lang='lat' dir='ltr'><strong>suis</strong></span> <span class='ocrx_word' id='word_1_299' title='bbox 1263 3867 1346 3915; x_wconf 89' lang='lat' dir='ltr'><strong>est</strong></span> <span class='ocrx_word' id='word_1_300' title='bbox 1390 3860 1767 3915; x_wconf 78' lang='lat' dir='ltr'><strong>excommuni-</strong></span> 
     </span>
    </p>
   </div>
   <div class='ocr_carea' id='block_1_42' title="bbox 168 3945 1767 4020">
    <p class='ocr_par' dir='ltr' id='par_1_42' title="bbox 168 3945 1767 4020">
     <span class='ocr_line' id='line_1_42' title="bbox 168 3945 1767 4020; baseline 0.003 -19"><span class='ocrx_word' id='word_1_301' title='bbox 168 3955 332 4001; x_wconf 76' lang='lat' dir='ltr'><strong>Catus</strong></span> <span class='ocrx_word' id='word_1_302' title='bbox 358 3945 699 4012; x_wconf 80' lang='lat' dir='ltr'><strong>excessibus,</strong></span> <span class='ocrx_word' id='word_1_303' title='bbox 732 3946 816 4001; x_wconf 93' lang='lat' dir='ltr'><strong>bis</strong></span> <span class='ocrx_word' id='word_1_304' title='bbox 841 3962 965 4001; x_wconf 92' lang='lat' dir='ltr'><strong>eum</strong></span> <span class='ocrx_word' id='word_1_305' title='bbox 997 3947 1395 4019; x_wconf 88' lang='lat' dir='ltr'><strong>episcopalibus</strong></span> <span class='ocrx_word' id='word_1_306' title='bbox 1429 3950 1635 4020; x_wconf 78' lang='lat' dir='ltr'><strong>expulit</strong></span> <span class='ocrx_word' id='word_1_307' title='bbox 1670 3950 1767 4005; x_wconf 88' lang='lat' dir='ltr'><strong>do-</strong></span> 
     </span>
    </p>
   </div>
   <div class='ocr_carea' id='block_1_43' title="bbox 169 4037 1766 4110">
    <p class='ocr_par' dir='ltr' id='par_1_43' title="bbox 169 4037 1766 4110">
     <span class='ocr_line' id='line_1_43' title="bbox 169 4037 1766 4110; baseline 0.004 -18"><span class='ocrx_word' id='word_1_308' title='bbox 169 4038 378 4093; x_wconf 83' lang='lat' dir='ltr'><strong>mibus.</strong></span> <span class='ocrx_word' id='word_1_309' title='bbox 415 4037 601 4108; x_wconf 84' lang='lat' dir='ltr'><strong>Itaque</strong></span> <span class='ocrx_word' id='word_1_310' title='bbox 628 4052 751 4092; x_wconf 91' lang='lat' dir='ltr'><strong>cum</strong></span> <span class='ocrx_word' id='word_1_311' title='bbox 784 4038 990 4109; x_wconf 82' lang='lat' dir='ltr'><strong>grande</strong></span> <span class='ocrx_word' id='word_1_312' title='bbox 1016 4038 1270 4110; x_wconf 88' lang='lat' dir='ltr'><strong>placitum</strong></span> <span class='ocrx_word' id='word_1_313' title='bbox 1304 4041 1447 4096; x_wconf 92' lang='lat' dir='ltr'><strong>inter</strong></span> <span class='ocrx_word' id='word_1_314' title='bbox 1481 4056 1576 4098; x_wconf 90' lang='lat' dir='ltr'><strong>eos</strong></span> <span class='ocrx_word' id='word_1_315' title='bbox 1603 4041 1766 4097; x_wconf 85' lang='lat' dir='ltr'><strong>habe-</strong></span> 
     </span>
    </p>
   </div>
   <div class='ocr_carea' id='block_1_44' title="bbox 166 4125 1764 4203">
    <p class='ocr_par' dir='ltr' id='par_1_44' title="bbox 166 4125 1764 4203">
     <span class='ocr_line' id='line_1_44' title="bbox 166 4125 1764 4203; baseline 0.006 -23"><span class='ocrx_word' id='word_1_316' title='bbox 166 4136 349 4192; x_wconf 87' lang='lat' dir='ltr'><strong>retur,</strong></span> <span class='ocrx_word' id='word_1_317' title='bbox 380 4126 433 4180; x_wconf 90' lang='lat' dir='ltr'><strong>in</strong></span> <span class='ocrx_word' id='word_1_318' title='bbox 461 4126 745 4197; x_wconf 78' lang='lat' dir='ltr'><strong>pncsentia</strong></span> <span class='ocrx_word' id='word_1_319' title='bbox 777 4125 1039 4185; x_wconf 88' lang='lat' dir='ltr'><strong>Guidonis</strong></span> <span class='ocrx_word' id='word_1_320' title='bbox 1067 4128 1182 4203; x_wconf 63' lang='grc' dir='ltr'><strong>(Ἡ)</strong></span> <span class='ocrx_word' id='word_1_321' title='bbox 1223 4130 1544 4188; x_wconf 83' lang='lat' dir='ltr'><strong>Viennensis</strong></span> <span class='ocrx_word' id='word_1_322' title='bbox 1586 4133 1764 4189; x_wconf 87' lang='lat' dir='ltr'><strong>archi-</strong></span> 
     </span>
    </p>
   </div>
   <div class='ocr_carea' id='block_1_45' title="bbox 166 4215 1765 4289">
    <p class='ocr_par' dir='ltr' id='par_1_45' title="bbox 166 4215 1765 4289">
     <span class='ocr_line' id='line_1_45' title="bbox 166 4215 1765 4289; baseline 0.006 -18"><span class='ocrx_word' id='word_1_323' title='bbox 166 4215 433 4286; x_wconf 89' lang='lat' dir='ltr'><strong>episcopi,</strong></span> <span class='ocrx_word' id='word_1_324' title='bbox 465 4216 556 4286; x_wconf 91' lang='lat' dir='ltr'><strong>qui</strong></span> <span class='ocrx_word' id='word_1_325' title='bbox 586 4225 769 4287; x_wconf 90' lang='lat' dir='ltr'><strong>postea</strong></span> <span class='ocrx_word' id='word_1_326' title='bbox 790 4232 929 4288; x_wconf 87' lang='lat' dir='ltr'><strong>papa</strong></span> <span class='ocrx_word' id='word_1_327' title='bbox 943 4219 1186 4277; x_wconf 79' lang='lat' dir='ltr'><strong>Calixtus</strong></span> <span class='ocrx_word' id='word_1_328' title='bbox 1213 4220 1441 4278; x_wconf 84' lang='lat' dir='ltr'><strong>elIectus</strong></span> <span class='ocrx_word' id='word_1_329' title='bbox 1463 4229 1570 4289; x_wconf 87' lang='lat' dir='ltr'><strong>est,</strong></span> <span class='ocrx_word' id='word_1_330' title='bbox 1597 4232 1653 4280; x_wconf 91' lang='lat' dir='ltr'><strong>et</strong></span> <span class='ocrx_word' id='word_1_331' title='bbox 1679 4224 1765 4280; x_wconf 91' lang='lat' dir='ltr'><strong>vir</strong></span> 
     </span>
    </p>
   </div>
   <div class='ocr_carea' id='block_1_46' title="bbox 168 4304 1762 4383">
    <p class='ocr_par' dir='ltr' id='par_1_46' title="bbox 168 4304 1762 4383">
     <span class='ocr_line' id='line_1_46' title="bbox 168 4304 1762 4383; baseline 0.006 -24"><span class='ocrx_word' id='word_1_332' title='bbox 168 4306 290 4373; x_wconf 87' lang='lat' dir='ltr'><strong>Dei,</strong></span> <span class='ocrx_word' id='word_1_333' title='bbox 330 4304 485 4375; x_wconf 81' lang='lat' dir='ltr'><strong>juxta</strong></span> <span class='ocrx_word' id='word_1_334' title='bbox 528 4306 659 4362; x_wconf 91' lang='lat' dir='ltr'><strong>illud</strong></span> <span class='ocrx_word' id='word_1_335' title='bbox 689 4307 831 4377; x_wconf 92' lang='lat' dir='ltr'><strong>quod</strong></span> <span class='ocrx_word' id='word_1_336' title='bbox 870 4308 1132 4380; x_wconf 89' lang='lat' dir='ltr'><strong>scriptum</strong></span> <span class='ocrx_word' id='word_1_337' title='bbox 1177 4319 1305 4367; x_wconf 89' lang='lat' dir='ltr'><strong>est:</strong></span> <span class='ocrx_word' id='word_1_338' title='bbox 1347 4329 1366 4364; x_wconf 83' lang='lat' dir='ltr'><strong>t</strong></span> <span class='ocrx_word' id='word_1_339' title='bbox 1396 4309 1582 4369; x_wconf 87' lang='lat' dir='ltr'><strong>Justus</strong></span> <span class='ocrx_word' id='word_1_340' title='bbox 1608 4314 1762 4383; x_wconf 89' lang='lat' dir='ltr'><strong>quasi</strong></span> 
     </span>
    </p>
   </div>
   <div class='ocr_carea' id='block_1_47' title="bbox 166 4392 1756 4474">
    <p class='ocr_par' dir='ltr' id='par_1_47' title="bbox 166 4392 1756 4474">
     <span class='ocr_line' id='line_1_47' title="bbox 166 4392 1756 4474; baseline 0.003 -23"><span class='ocrx_word' id='word_1_341' title='bbox 166 4396 250 4452; x_wconf 88' lang='lat' dir='ltr'><strong>leo</strong></span> <span class='ocrx_word' id='word_1_342' title='bbox 280 4398 565 4455; x_wconf 85' lang='lat' dir='ltr'><strong>conlidens</strong></span> <span class='ocrx_word' id='word_1_343' title='bbox 604 4398 807 4470; x_wconf 91' lang='lat' dir='ltr'><strong>absque</strong></span> <span class='ocrx_word' id='word_1_344' title='bbox 832 4410 1039 4457; x_wconf 92' lang='lat' dir='ltr'><strong>terrore</strong></span> <span class='ocrx_word' id='word_1_345' title='bbox 1068 4401 1173 4457; x_wconf 93' lang='lat' dir='ltr'><strong>erit</strong></span> <span class='ocrx_word' id='word_1_346' title='bbox 1204 4392 1386 4470; x_wconf 81' lang='lat' dir='ltr'><strong>(Prov.</strong></span> <span class='ocrx_word' id='word_1_347' title='bbox 1418 4417 1614 4470; x_wconf 78' lang='lat' dir='ltr'><strong>xxvnt,</strong></span> <span class='ocrx_word' id='word_1_348' title='bbox 1646 4404 1718 4474; x_wconf 84' lang='lat' dir='ltr'><strong>l),</strong></span> <span class='ocrx_word' id='word_1_349' title='bbox 1738 4421 1756 4456; x_wconf 77' lang='grc' dir='ltr'><strong>ι</strong></span> 
     </span>
    </p>
   </div>
   <div class='ocr_carea' id='block_1_48' title="bbox 1888 541 3470 617">
    <p class='ocr_par' dir='ltr' id='par_1_48' title="bbox 1888 541 3470 617">
     <span class='ocr_line' id='line_1_48' title="bbox 1888 541 3470 617; baseline 0.011 -23"><span class='ocrx_word' id='word_1_350' title='bbox 1888 541 2067 597; x_wconf 89' lang='lat' dir='ltr'><strong>titnm.</strong></span> <span class='ocrx_word' id='word_1_351' title='bbox 2105 542 2179 596; x_wconf 89' lang='lat' dir='ltr'><strong>De</strong></span> <span class='ocrx_word' id='word_1_352' title='bbox 2226 543 2525 613; x_wconf 86' lang='lat' dir='ltr'><strong>veriloquio</strong></span> <span class='ocrx_word' id='word_1_353' title='bbox 2567 546 2733 616; x_wconf 89' lang='lat' dir='ltr'><strong>igitur</strong></span> <span class='ocrx_word' id='word_1_354' title='bbox 2760 545 2928 617; x_wconf 88' lang='lat' dir='ltr'><strong>ipsius</strong></span> <span class='ocrx_word' id='word_1_355' title='bbox 2958 548 3061 604; x_wconf 91' lang='lat' dir='ltr'><strong>hoc</strong></span> <span class='ocrx_word' id='word_1_356' title='bbox 3103 563 3265 606; x_wconf 92' lang='lat' dir='ltr'><strong>unum</strong></span> <span class='ocrx_word' id='word_1_357' title='bbox 3294 551 3470 613; x_wconf 73' lang='lat' dir='ltr'><strong>hostio</strong></span> 
     </span>
    </p>
   </div>
   <div class='ocr_carea' id='block_1_49' title="bbox 1883 634 2758 692">
    <p class='ocr_par' dir='ltr' id='par_1_49' title="bbox 1883 634 2758 692">
     <span class='ocr_line' id='line_1_49' title="bbox 1883 634 2758 692; baseline 0.002 -2"><span class='ocrx_word' id='word_1_358' title='bbox 1883 641 1935 690; x_wconf 86' lang='lat' dir='ltr'><strong>et</strong></span> <span class='ocrx_word' id='word_1_359' title='bbox 1960 634 2079 687; x_wconf 90' lang='lat' dir='ltr'><strong>irati</strong></span> <span class='ocrx_word' id='word_1_360' title='bbox 2110 634 2340 690; x_wconf 82' lang='lat' dir='ltr'><strong>sulliciat</strong></span> <span class='ocrx_word' id='word_1_361' title='bbox 2365 635 2758 692; x_wconf 88' lang='lat' dir='ltr'><strong>testimonium.</strong></span> 
     </span>
    </p>
   </div>
   <div class='ocr_carea' id='block_1_50' title="bbox 1957 725 3467 805">
    <p class='ocr_par' dir='ltr' id='par_1_50' title="bbox 1957 725 3467 805">
     <span class='ocr_line' id='line_1_50' title="bbox 1957 725 3467 805; baseline 0.008 -26"><span class='ocrx_word' id='word_1_362' title='bbox 1957 725 2045 779; x_wconf 80' lang='grc' dir='ltr'><strong>ΓΙ.</strong></span> <span class='ocrx_word' id='word_1_363' title='bbox 2090 726 2158 782; x_wconf 79' lang='lat' dir='ltr'><strong>Et</strong></span> <span class='ocrx_word' id='word_1_364' title='bbox 2182 743 2488 798; x_wconf 84' lang='lat' dir='ltr'><strong>quanquam</strong></span> <span class='ocrx_word' id='word_1_365' title='bbox 2519 728 2867 799; x_wconf 86' lang='lat' dir='ltr'><strong>digressionis</strong></span> <span class='ocrx_word' id='word_1_366' title='bbox 2898 730 3125 787; x_wconf 86' lang='lat' dir='ltr'><strong>forsitan</strong></span> <span class='ocrx_word' id='word_1_367' title='bbox 3150 749 3467 805; x_wconf 84' lang='lat' dir='ltr'><strong>argnamur,</strong></span> 
     </span>
    </p>
   </div>
   <div class='ocr_carea' id='block_1_51' title="bbox 1858 814 3469 895">
    <p class='ocr_par' dir='ltr' id='par_1_51' title="bbox 1858 814 3469 895">
     <span class='ocr_line' id='line_1_51' title="bbox 1858 814 3469 895; baseline 0.008 -30"><span class='ocrx_word' id='word_1_368' title='bbox 1858 814 2007 885; x_wconf 78' lang='lat' dir='ltr'><strong>quia</strong></span> <span class='ocrx_word' id='word_1_369' title='bbox 2046 824 2224 871; x_wconf 83' lang='lat' dir='ltr'><strong>tamen</strong></span> <span class='ocrx_word' id='word_1_370' title='bbox 2270 832 2365 887; x_wconf 90' lang='lat' dir='ltr'><strong>per</strong></span> <span class='ocrx_word' id='word_1_371' title='bbox 2401 818 2655 874; x_wconf 90' lang='lat' dir='ltr'><strong>comitem</strong></span> <span class='ocrx_word' id='word_1_372' title='bbox 2698 818 2838 874; x_wconf 89' lang='lat' dir='ltr'><strong>beati</strong></span> <span class='ocrx_word' id='word_1_373' title='bbox 2882 820 2982 875; x_wconf 86' lang='lat' dir='ltr'><strong>viri</strong></span> <span class='ocrx_word' id='word_1_374' title='bbox 3026 822 3200 893; x_wconf 88' lang='lat' dir='ltr'><strong>patuit</strong></span> <span class='ocrx_word' id='word_1_375' title='bbox 3241 826 3469 895; x_wconf 80' lang='lat' dir='ltr'><strong>veritas,</strong></span> 
     </span>
    </p>
   </div>
   <div class='ocr_carea' id='block_1_52' title="bbox 1882 908 3468 981">
    <p class='ocr_par' dir='ltr' id='par_1_52' title="bbox 1882 908 3468 981">
     <span class='ocr_line' id='line_1_52' title="bbox 1882 908 3468 981; baseline 0.008 -22"><span class='ocrx_word' id='word_1_376' title='bbox 1882 921 1979 976; x_wconf 80' lang='lat' dir='ltr'><strong>per</strong></span> <span class='ocrx_word' id='word_1_377' title='bbox 2003 908 2254 962; x_wconf 86' lang='lat' dir='ltr'><strong>eumdem</strong></span> <span class='ocrx_word' id='word_1_378' title='bbox 2290 918 2624 965; x_wconf 82' lang='lat' dir='ltr'><strong>monstretur</strong></span> <span class='ocrx_word' id='word_1_379' title='bbox 2662 920 3065 981; x_wconf 87' lang='lat' dir='ltr'><strong>consequenter</strong></span> <span class='ocrx_word' id='word_1_380' title='bbox 3092 914 3255 970; x_wconf 86' lang='lat' dir='ltr'><strong>etiam</strong></span> <span class='ocrx_word' id='word_1_381' title='bbox 3285 917 3468 971; x_wconf 70' lang='lat' dir='ltr'><strong>chari-</strong></span> 
     </span>
    </p>
   </div>
   <div class='ocr_carea' id='block_1_53' title="bbox 1883 996 3468 1071">
    <p class='ocr_par' dir='ltr' id='par_1_53' title="bbox 1883 996 3468 1071">
     <span class='ocr_line' id='line_1_53' title="bbox 1883 996 3468 1071; baseline 0.008 -21"><span class='ocrx_word' id='word_1_382' title='bbox 1883 1006 1985 1051; x_wconf 82' lang='lat' dir='ltr'><strong>tas.</strong></span> <span class='ocrx_word' id='word_1_383' title='bbox 2032 997 2440 1064; x_wconf 88' lang='lat' dir='ltr'><strong>lnl&#39;estissimus,</strong></span> <span class='ocrx_word' id='word_1_384' title='bbox 2489 1010 2547 1055; x_wconf 92' lang='lat' dir='ltr'><strong>ut</strong></span> <span class='ocrx_word' id='word_1_385' title='bbox 2576 1000 2777 1056; x_wconf 90' lang='lat' dir='ltr'><strong>dictum</strong></span> <span class='ocrx_word' id='word_1_386' title='bbox 2824 996 2926 1066; x_wconf 91' lang='lat' dir='ltr'><strong>est,</strong></span> <span class='ocrx_word' id='word_1_387' title='bbox 2979 1014 3097 1059; x_wconf 86' lang='lat' dir='ltr'><strong>erat</strong></span> <span class='ocrx_word' id='word_1_388' title='bbox 3141 1007 3212 1071; x_wconf 90' lang='lat' dir='ltr'><strong>ei,</strong></span> <span class='ocrx_word' id='word_1_389' title='bbox 3242 1008 3379 1063; x_wconf 89' lang='lat' dir='ltr'><strong>adeo</strong></span> <span class='ocrx_word' id='word_1_390' title='bbox 3409 1018 3468 1062; x_wconf 89' lang='lat' dir='ltr'><strong>ut</strong></span> 
     </span>
    </p>
   </div>
   <div class='ocr_carea' id='block_1_54' title="bbox 1879 1086 3464 1169">
    <p class='ocr_par' dir='ltr' id='par_1_54' title="bbox 1879 1086 3464 1169">
     <span class='ocr_line' id='line_1_54' title="bbox 1879 1086 3464 1169; baseline 0.009 -30"><span class='ocrx_word' id='word_1_391' title='bbox 1879 1100 1989 1140; x_wconf 90' lang='lat' dir='ltr'><strong>non</strong></span> <span class='ocrx_word' id='word_1_392' title='bbox 2016 1086 2067 1141; x_wconf 86' lang='lat' dir='ltr'><strong>in</strong></span> <span class='ocrx_word' id='word_1_393' title='bbox 2092 1088 2206 1143; x_wconf 88' lang='lat' dir='ltr'><strong>suis</strong></span> <span class='ocrx_word' id='word_1_394' title='bbox 2227 1087 2498 1154; x_wconf 90' lang='lat' dir='ltr'><strong>domibus,</strong></span> <span class='ocrx_word' id='word_1_395' title='bbox 2526 1090 2619 1145; x_wconf 90' lang='lat' dir='ltr'><strong>sed</strong></span> <span class='ocrx_word' id='word_1_396' title='bbox 2644 1100 2738 1145; x_wconf 89' lang='lat' dir='ltr'><strong>aut</strong></span> <span class='ocrx_word' id='word_1_397' title='bbox 2767 1091 3068 1161; x_wconf 90' lang='lat' dir='ltr'><strong>nobiscum,</strong></span> <span class='ocrx_word' id='word_1_398' title='bbox 3095 1103 3187 1151; x_wconf 90' lang='lat' dir='ltr'><strong>aut</strong></span> <span class='ocrx_word' id='word_1_399' title='bbox 3217 1096 3464 1169; x_wconf 85' lang='lat' dir='ltr'><strong>Lugduni</strong></span> 
     </span>
    </p>
   </div>
   <div class='ocr_carea' id='block_1_55' title="bbox 1880 1178 3463 1257">
    <p class='ocr_par' dir='ltr' id='par_1_55' title="bbox 1880 1178 3463 1257">
     <span class='ocr_line' id='line_1_55' title="bbox 1880 1178 3463 1257; baseline 0.007 -26"><span class='ocrx_word' id='word_1_400' title='bbox 1880 1178 2287 1244; x_wconf 89' lang='lat' dir='ltr'><strong>demoraretur;</strong></span> <span class='ocrx_word' id='word_1_401' title='bbox 2322 1181 2438 1249; x_wconf 83' lang='lat' dir='ltr'><strong>ejus</strong></span> <span class='ocrx_word' id='word_1_402' title='bbox 2457 1180 2656 1251; x_wconf 91' lang='lat' dir='ltr'><strong>quippe</strong></span> <span class='ocrx_word' id='word_1_403' title='bbox 2678 1183 2921 1239; x_wconf 82' lang='lat' dir='ltr'><strong>civitatis</strong></span> <span class='ocrx_word' id='word_1_404' title='bbox 2945 1184 3185 1241; x_wconf 85' lang='lat' dir='ltr'><strong>Ecclesia</strong></span> <span class='ocrx_word' id='word_1_405' title='bbox 3210 1203 3463 1257; x_wconf 77' lang='lat' dir='ltr'><strong>magnam</strong></span> 
     </span>
    </p>
   </div>
   <div class='ocr_carea' id='block_1_56' title="bbox 1878 1266 3465 1343">
    <p class='ocr_par' dir='ltr' id='par_1_56' title="bbox 1878 1266 3465 1343">
     <span class='ocr_line' id='line_1_56' title="bbox 1878 1266 3465 1343; baseline 0.008 -22"><span class='ocrx_word' id='word_1_406' title='bbox 1878 1266 1955 1323; x_wconf 87' lang='lat' dir='ltr'><strong>illi</strong></span> <span class='ocrx_word' id='word_1_407' title='bbox 1989 1270 2369 1335; x_wconf 88' lang='lat' dir='ltr'><strong>reverentiam,</strong></span> <span class='ocrx_word' id='word_1_408' title='bbox 2404 1286 2768 1343; x_wconf 87' lang='lat' dir='ltr'><strong>magnumque</strong></span> <span class='ocrx_word' id='word_1_409' title='bbox 2798 1273 2851 1327; x_wconf 87' lang='lat' dir='ltr'><strong>itt</strong></span> <span class='ocrx_word' id='word_1_410' title='bbox 2883 1274 2996 1329; x_wconf 91' lang='lat' dir='ltr'><strong>suis</strong></span> <span class='ocrx_word' id='word_1_411' title='bbox 3028 1275 3465 1334; x_wconf 75' lang='lat' dir='ltr'><strong>tribulationibus</strong></span> 
     </span>
    </p>
   </div>
   <div class='ocr_carea' id='block_1_57' title="bbox 1877 1361 3465 1439">
    <p class='ocr_par' dir='ltr' id='par_1_57' title="bbox 1877 1361 3465 1439">
     <span class='ocr_line' id='line_1_57' title="bbox 1877 1361 3465 1439; baseline 0.007 -25"><span class='ocrx_word' id='word_1_412' title='bbox 1877 1361 2187 1431; x_wconf 82' lang='lat' dir='ltr'><strong>praesidium</strong></span> <span class='ocrx_word' id='word_1_413' title='bbox 2223 1377 2437 1432; x_wconf 89' lang='lat' dir='ltr'><strong>semper</strong></span> <span class='ocrx_word' id='word_1_414' title='bbox 2464 1362 2735 1427; x_wconf 79' lang='lat' dir='ltr'><strong>exhibuit,</strong></span> <span class='ocrx_word' id='word_1_415' title='bbox 2751 1364 2975 1435; x_wconf 89' lang='lat' dir='ltr'><strong>ejusque</strong></span> <span class='ocrx_word' id='word_1_416' title='bbox 2997 1368 3239 1424; x_wconf 89' lang='lat' dir='ltr'><strong>consiliis</strong></span> <span class='ocrx_word' id='word_1_417' title='bbox 3263 1369 3315 1423; x_wconf 92' lang='lat' dir='ltr'><strong>in</strong></span> <span class='ocrx_word' id='word_1_418' title='bbox 3341 1385 3465 1439; x_wconf 87' lang='lat' dir='ltr'><strong>gra-</strong></span> 
     </span>
    </p>
   </div>
   <div class='ocr_carea' id='block_1_58' title="bbox 1877 1453 3464 1527">
    <p class='ocr_par' dir='ltr' id='par_1_58' title="bbox 1877 1453 3464 1527">
     <span class='ocr_line' id='line_1_58' title="bbox 1877 1453 3464 1527; baseline 0.005 -20"><span class='ocrx_word' id='word_1_419' title='bbox 1877 1453 2122 1509; x_wconf 87' lang='lat' dir='ltr'><strong>vioribus</strong></span> <span class='ocrx_word' id='word_1_420' title='bbox 2169 1455 2245 1508; x_wconf 91' lang='lat' dir='ltr'><strong>uti</strong></span> <span class='ocrx_word' id='word_1_421' title='bbox 2296 1455 2524 1524; x_wconf 76' lang='lat' dir='ltr'><strong>negotiis</strong></span> <span class='ocrx_word' id='word_1_422' title='bbox 2567 1464 2878 1526; x_wconf 87' lang='lat' dir='ltr'><strong>pergratunt</strong></span> <span class='ocrx_word' id='word_1_423' title='bbox 2925 1458 3136 1514; x_wconf 87' lang='lat' dir='ltr'><strong>habuit.</strong></span> <span class='ocrx_word' id='word_1_424' title='bbox 3171 1458 3304 1515; x_wconf 90' lang='lat' dir='ltr'><strong>Cum</strong></span> <span class='ocrx_word' id='word_1_425' title='bbox 3334 1475 3464 1527; x_wconf 77' lang='lat' dir='ltr'><strong>ergo</strong></span> 
     </span>
    </p>
   </div>
   <div class='ocr_carea' id='block_1_59' title="bbox 1877 1546 3466 1623">
    <p class='ocr_par' dir='ltr' id='par_1_59' title="bbox 1877 1546 3466 1623">
     <span class='ocr_line' id='line_1_59' title="bbox 1877 1546 3466 1623; baseline 0.005 -22"><span class='ocrx_word' id='word_1_426' title='bbox 1877 1546 1965 1601; x_wconf 88' lang='lat' dir='ltr'><strong>die</strong></span> <span class='ocrx_word' id='word_1_427' title='bbox 2004 1546 2237 1616; x_wconf 88' lang='lat' dir='ltr'><strong>quadam</strong></span> <span class='ocrx_word' id='word_1_428' title='bbox 2280 1546 2344 1601; x_wconf 90' lang='lat' dir='ltr'><strong>de</strong></span> <span class='ocrx_word' id='word_1_429' title='bbox 2380 1547 2579 1600; x_wconf 89' lang='lat' dir='ltr'><strong>eomite</strong></span> <span class='ocrx_word' id='word_1_430' title='bbox 2622 1547 2826 1616; x_wconf 81' lang='lat' dir='ltr'><strong>pariter</strong></span> <span class='ocrx_word' id='word_1_431' title='bbox 2856 1547 3219 1619; x_wconf 85' lang='lat' dir='ltr'><strong>loqueremur,</strong></span> <span class='ocrx_word' id='word_1_432' title='bbox 3245 1553 3321 1607; x_wconf 90' lang='lat' dir='ltr'><strong>ait</strong></span> <span class='ocrx_word' id='word_1_433' title='bbox 3350 1554 3402 1623; x_wconf 88' lang='lat' dir='ltr'><strong>ip</strong></span> <span class='ocrx_word' id='word_1_434' title='bbox 3432 1566 3466 1609; x_wconf 77' lang='grc' dir='ltr'><strong>ο</strong></span> 
     </span>
    </p>
   </div>
   <div class='ocr_carea' id='block_1_60' title="bbox 1877 1636 3465 1710">
    <p class='ocr_par' dir='ltr' id='par_1_60' title="bbox 1877 1636 3465 1710">
     <span class='ocr_line' id='line_1_60' title="bbox 1877 1636 3465 1710; baseline 0.003 -17"><span class='ocrx_word' id='word_1_435' title='bbox 1877 1637 2075 1693; x_wconf 88' lang='lat' dir='ltr'><strong>bonam</strong></span> <span class='ocrx_word' id='word_1_436' title='bbox 2112 1653 2171 1694; x_wconf 92' lang='lat' dir='ltr'><strong>se</strong></span> <span class='ocrx_word' id='word_1_437' title='bbox 2204 1638 2267 1693; x_wconf 82' lang='lat' dir='ltr'><strong>de</strong></span> <span class='ocrx_word' id='word_1_438' title='bbox 2292 1636 2467 1694; x_wconf 89' lang='lat' dir='ltr'><strong>salute</strong></span> <span class='ocrx_word' id='word_1_439' title='bbox 2496 1636 2641 1693; x_wconf 90' lang='lat' dir='ltr'><strong>illius</strong></span> <span class='ocrx_word' id='word_1_440' title='bbox 2675 1653 2828 1709; x_wconf 89' lang='lat' dir='ltr'><strong>spem</strong></span> <span class='ocrx_word' id='word_1_441' title='bbox 2871 1655 3084 1710; x_wconf 87' lang='lat' dir='ltr'><strong>gerere,</strong></span> <span class='ocrx_word' id='word_1_442' title='bbox 3113 1657 3214 1697; x_wconf 90' lang='lat' dir='ltr'><strong>nec</strong></span> <span class='ocrx_word' id='word_1_443' title='bbox 3245 1658 3465 1698; x_wconf 89' lang='lat' dir='ltr'><strong>assecu-</strong></span> 
     </span>
    </p>
   </div>
   <div class='ocr_carea' id='block_1_61' title="bbox 1875 1730 3451 1804">
    <p class='ocr_par' dir='ltr' id='par_1_61' title="bbox 1875 1730 3451 1804">
     <span class='ocr_line' id='line_1_61' title="bbox 1875 1730 3451 1804; baseline 0.004 -22"><span class='ocrx_word' id='word_1_444' title='bbox 1875 1737 2057 1785; x_wconf 89' lang='lat' dir='ltr'><strong>turum</strong></span> <span class='ocrx_word' id='word_1_445' title='bbox 2089 1730 2182 1785; x_wconf 91' lang='lat' dir='ltr'><strong>Dei</strong></span> <span class='ocrx_word' id='word_1_446' title='bbox 2209 1730 2637 1785; x_wconf 60' lang='lat' dir='ltr'><strong>misericordiam</strong></span> <span class='ocrx_word' id='word_1_447' title='bbox 2664 1730 2979 1801; x_wconf 83' lang='lat' dir='ltr'><strong>desperare,</strong></span> <span class='ocrx_word' id='word_1_448' title='bbox 3018 1732 3143 1802; x_wconf 85' lang='lat' dir='ltr'><strong>quia</strong></span> <span class='ocrx_word' id='word_1_449' title='bbox 3177 1749 3451 1804; x_wconf 86' lang='lat' dir='ltr'><strong>nunquam</strong></span> 
     </span>
    </p>
   </div>
   <div class='ocr_carea' id='block_1_62' title="bbox 1810 1817 3465 1892">
    <p class='ocr_par' dir='ltr' id='par_1_62' title="bbox 1810 1817 3465 1892">
     <span class='ocr_line' id='line_1_62' title="bbox 1810 1817 3465 1892; baseline 0.005 -21"><span class='ocrx_word' id='word_1_450' title='bbox 1810 1817 1851 1871; x_wconf 86' lang='grc' dir='ltr'><strong>Β</strong></span> <span class='ocrx_word' id='word_1_451' title='bbox 1878 1821 2247 1876; x_wconf 91' lang='lat' dir='ltr'><strong>delectabilius</strong></span> <span class='ocrx_word' id='word_1_452' title='bbox 2278 1830 2371 1876; x_wconf 90' lang='lat' dir='ltr'><strong>aut</strong></span> <span class='ocrx_word' id='word_1_453' title='bbox 2401 1822 2697 1877; x_wconf 81' lang='lat' dir='ltr'><strong>ferventius</strong></span> <span class='ocrx_word' id='word_1_454' title='bbox 2718 1837 2881 1892; x_wconf 90' lang='lat' dir='ltr'><strong>quam</strong></span> <span class='ocrx_word' id='word_1_455' title='bbox 2905 1836 3003 1892; x_wconf 91' lang='lat' dir='ltr'><strong>pro</strong></span> <span class='ocrx_word' id='word_1_456' title='bbox 3030 1838 3094 1878; x_wconf 91' lang='lat' dir='ltr'><strong>eo</strong></span> <span class='ocrx_word' id='word_1_457' title='bbox 3117 1822 3309 1881; x_wconf 86' lang='lat' dir='ltr'><strong>solitus</strong></span> <span class='ocrx_word' id='word_1_458' title='bbox 3333 1824 3465 1879; x_wconf 75' lang='lat' dir='ltr'><strong>fuis-</strong></span> 
     </span>
    </p>
   </div>
   <div class='ocr_carea' id='block_1_63' title="bbox 1878 1909 3462 1983">
    <p class='ocr_par' dir='ltr' id='par_1_63' title="bbox 1878 1909 3462 1983">
     <span class='ocr_line' id='line_1_63' title="bbox 1878 1909 3462 1983; baseline 0.002 -18"><span class='ocrx_word' id='word_1_459' title='bbox 1878 1919 1961 1965; x_wconf 88' lang='lat' dir='ltr'><strong>set</strong></span> <span class='ocrx_word' id='word_1_460' title='bbox 1999 1924 2179 1965; x_wconf 87' lang='lat' dir='ltr'><strong>orare.</strong></span> <span class='ocrx_word' id='word_1_461' title='bbox 2226 1909 2468 1964; x_wconf 77' lang='lat' dir='ltr'><strong>Mirantla</strong></span> <span class='ocrx_word' id='word_1_462' title='bbox 2498 1910 2773 1975; x_wconf 85' lang='lat' dir='ltr'><strong>charitas,</strong></span> <span class='ocrx_word' id='word_1_463' title='bbox 2815 1912 2910 1966; x_wconf 90' lang='lat' dir='ltr'><strong>sed</strong></span> <span class='ocrx_word' id='word_1_464' title='bbox 2946 1920 3002 1967; x_wconf 91' lang='lat' dir='ltr'><strong>et</strong></span> <span class='ocrx_word' id='word_1_465' title='bbox 3046 1914 3308 1983; x_wconf 90' lang='lat' dir='ltr'><strong>stupenda</strong></span> <span class='ocrx_word' id='word_1_466' title='bbox 3354 1928 3462 1969; x_wconf 92' lang='lat' dir='ltr'><strong>non</strong></span> 
     </span>
    </p>
   </div>
   <div class='ocr_carea' id='block_1_64' title="bbox 1876 1999 3463 2073">
    <p class='ocr_par' dir='ltr' id='par_1_64' title="bbox 1876 1999 3463 2073">
     <span class='ocr_line' id='line_1_64' title="bbox 1876 1999 3463 2073; baseline 0.002 -18"><span class='ocrx_word' id='word_1_467' title='bbox 1876 2000 2053 2055; x_wconf 91' lang='lat' dir='ltr'><strong>minus</strong></span> <span class='ocrx_word' id='word_1_468' title='bbox 2071 1999 2376 2055; x_wconf 84' lang='lat' dir='ltr'><strong>humilitas!</strong></span> <span class='ocrx_word' id='word_1_469' title='bbox 2404 1999 2543 2068; x_wconf 83' lang='lat' dir='ltr'><strong>Quid</strong></span> <span class='ocrx_word' id='word_1_470' title='bbox 2562 2000 2705 2055; x_wconf 91' lang='lat' dir='ltr'><strong>enim</strong></span> <span class='ocrx_word' id='word_1_471' title='bbox 2728 2001 2995 2056; x_wconf 86' lang='lat' dir='ltr'><strong>charitate</strong></span> <span class='ocrx_word' id='word_1_472' title='bbox 3015 2002 3245 2072; x_wconf 87' lang='lat' dir='ltr'><strong>plenius,</strong></span> <span class='ocrx_word' id='word_1_473' title='bbox 3268 2004 3463 2073; x_wconf 78' lang='lat' dir='ltr'><strong>qu&#39;dve</strong></span> 
     </span>
    </p>
   </div>
   <div class='ocr_carea' id='block_1_65' title="bbox 1875 2092 3463 2167">
    <p class='ocr_par' dir='ltr' id='par_1_65' title="bbox 1875 2092 3463 2167">
     <span class='ocr_line' id='line_1_65' title="bbox 1875 2092 3463 2167; baseline 0.004 -21"><span class='ocrx_word' id='word_1_474' title='bbox 1875 2093 2014 2163; x_wconf 93' lang='lat' dir='ltr'><strong>apud</strong></span> <span class='ocrx_word' id='word_1_475' title='bbox 2050 2092 2298 2149; x_wconf 88' lang='lat' dir='ltr'><strong>homines</strong></span> <span class='ocrx_word' id='word_1_476' title='bbox 2337 2092 2668 2164; x_wconf 90' lang='lat' dir='ltr'><strong>singularins</strong></span> <span class='ocrx_word' id='word_1_477' title='bbox 2700 2107 2863 2163; x_wconf 89' lang='lat' dir='ltr'><strong>quam</strong></span> <span class='ocrx_word' id='word_1_478' title='bbox 2905 2107 3066 2149; x_wconf 88' lang='lat' dir='ltr'><strong>orare</strong></span> <span class='ocrx_word' id='word_1_479' title='bbox 3102 2111 3206 2150; x_wconf 91' lang='lat' dir='ltr'><strong>non</strong></span> <span class='ocrx_word' id='word_1_480' title='bbox 3244 2097 3463 2167; x_wconf 85' lang='lat' dir='ltr'><strong>segnius</strong></span> 
     </span>
    </p>
   </div>
   <div class='ocr_carea' id='block_1_66' title="bbox 1873 2183 3461 2256">
    <p class='ocr_par' dir='ltr' id='par_1_66' title="bbox 1873 2183 3461 2256">
     <span class='ocr_line' id='line_1_66' title="bbox 1873 2183 3461 2256; baseline 0.004 -21"><span class='ocrx_word' id='word_1_481' title='bbox 1873 2199 1974 2255; x_wconf 83' lang='lat' dir='ltr'><strong>pro</strong></span> <span class='ocrx_word' id='word_1_482' title='bbox 1996 2194 2359 2256; x_wconf 87' lang='lat' dir='ltr'><strong>persequente</strong></span> <span class='ocrx_word' id='word_1_483' title='bbox 2389 2199 2553 2255; x_wconf 85' lang='lat' dir='ltr'><strong>quam</strong></span> <span class='ocrx_word' id='word_1_484' title='bbox 2586 2183 2956 2254; x_wconf 87' lang='lat' dir='ltr'><strong>obsequente?</strong></span> <span class='ocrx_word' id='word_1_485' title='bbox 2983 2183 3123 2251; x_wconf 83' lang='lat' dir='ltr'><strong>Quid</strong></span> <span class='ocrx_word' id='word_1_486' title='bbox 3148 2195 3327 2241; x_wconf 84' lang='lat' dir='ltr'><strong>autem</strong></span> <span class='ocrx_word' id='word_1_487' title='bbox 3357 2187 3461 2241; x_wconf 86' lang='lat' dir='ltr'><strong>ltu-</strong></span> 
     </span>
    </p>
   </div>
   <div class='ocr_carea' id='block_1_67' title="bbox 1874 2276 3457 2347">
    <p class='ocr_par' dir='ltr' id='par_1_67' title="bbox 1874 2276 3457 2347">
     <span class='ocr_line' id='line_1_67' title="bbox 1874 2276 3457 2347; baseline 0.001 -17"><span class='ocrx_word' id='word_1_488' title='bbox 1874 2276 2053 2332; x_wconf 90' lang='lat' dir='ltr'><strong>milius</strong></span> <span class='ocrx_word' id='word_1_489' title='bbox 2092 2291 2257 2347; x_wconf 90' lang='lat' dir='ltr'><strong>quam</strong></span> <span class='ocrx_word' id='word_1_490' title='bbox 2318 2276 2461 2332; x_wconf 87' lang='lat' dir='ltr'><strong>hanc</strong></span> <span class='ocrx_word' id='word_1_491' title='bbox 2505 2276 2674 2347; x_wconf 89' lang='lat' dir='ltr'><strong>ipsam</strong></span> <span class='ocrx_word' id='word_1_492' title='bbox 2700 2277 3041 2333; x_wconf 85' lang='lat' dir='ltr'><strong>devotionem</strong></span> <span class='ocrx_word' id='word_1_493' title='bbox 3087 2292 3195 2332; x_wconf 89' lang='lat' dir='ltr'><strong>non</strong></span> <span class='ocrx_word' id='word_1_494' title='bbox 3240 2278 3307 2331; x_wconf 90' lang='lat' dir='ltr'><strong>ad</strong></span> <span class='ocrx_word' id='word_1_495' title='bbox 3338 2292 3457 2343; x_wconf 90' lang='lat' dir='ltr'><strong>sua,</strong></span> 
     </span>
    </p>
   </div>
   <div class='ocr_carea' id='block_1_68' title="bbox 1871 2366 3463 2438">
    <p class='ocr_par' dir='ltr' id='par_1_68' title="bbox 1871 2366 3463 2438">
     <span class='ocr_line' id='line_1_68' title="bbox 1871 2366 3463 2438; baseline -0.001 -14"><span class='ocrx_word' id='word_1_496' title='bbox 1871 2367 1967 2424; x_wconf 87' lang='lat' dir='ltr'><strong>sed</strong></span> <span class='ocrx_word' id='word_1_497' title='bbox 2005 2368 2071 2421; x_wconf 82' lang='lat' dir='ltr'><strong>ad</strong></span> <span class='ocrx_word' id='word_1_498' title='bbox 2096 2368 2266 2437; x_wconf 87' lang='lat' dir='ltr'><strong>ipsius</strong></span> <span class='ocrx_word' id='word_1_499' title='bbox 2296 2366 2506 2424; x_wconf 81' lang='lat' dir='ltr'><strong>referre</strong></span> <span class='ocrx_word' id='word_1_500' title='bbox 2535 2370 2753 2436; x_wconf 91' lang='lat' dir='ltr'><strong>merita,</strong></span> <span class='ocrx_word' id='word_1_501' title='bbox 2788 2383 2895 2423; x_wconf 92' lang='lat' dir='ltr'><strong>non</strong></span> <span class='ocrx_word' id='word_1_502' title='bbox 2923 2383 3043 2438; x_wconf 68' lang='lat' dir='ltr'><strong>qua:</strong></span> <span class='ocrx_word' id='word_1_503' title='bbox 3060 2366 3173 2436; x_wconf 86' lang='lat' dir='ltr'><strong>jam</strong></span> <span class='ocrx_word' id='word_1_504' title='bbox 3206 2383 3327 2423; x_wconf 90' lang='lat' dir='ltr'><strong>esse</strong></span> <span class='ocrx_word' id='word_1_505' title='bbox 3354 2370 3463 2423; x_wconf 87' lang='lat' dir='ltr'><strong>sci-</strong></span> 
     </span>
    </p>
   </div>
   <div class='ocr_carea' id='block_1_69' title="bbox 1878 2460 3462 2532">
    <p class='ocr_par' dir='ltr' id='par_1_69' title="bbox 1878 2460 3462 2532">
     <span class='ocr_line' id='line_1_69' title="bbox 1878 2460 3462 2532; baseline 0 -16"><span class='ocrx_word' id='word_1_506' title='bbox 1878 2470 1976 2527; x_wconf 81' lang='lat' dir='ltr'><strong>ret,</strong></span> <span class='ocrx_word' id='word_1_507' title='bbox 2015 2460 2109 2515; x_wconf 87' lang='lat' dir='ltr'><strong>sed</strong></span> <span class='ocrx_word' id='word_1_508' title='bbox 2139 2476 2260 2531; x_wconf 65' lang='lat' dir='ltr'><strong>quae</strong></span> <span class='ocrx_word' id='word_1_509' title='bbox 2290 2460 2471 2515; x_wconf 86' lang='lat' dir='ltr'><strong>futura</strong></span> <span class='ocrx_word' id='word_1_510' title='bbox 2493 2461 2774 2530; x_wconf 87' lang='lat' dir='ltr'><strong>speraret?</strong></span> <span class='ocrx_word' id='word_1_511' title='bbox 2802 2460 2937 2527; x_wconf 85' lang='lat' dir='ltr'><strong>Quia</strong></span> <span class='ocrx_word' id='word_1_512' title='bbox 2962 2462 3127 2532; x_wconf 87' lang='lat' dir='ltr'><strong>igitur</strong></span> <span class='ocrx_word' id='word_1_513' title='bbox 3147 2469 3354 2516; x_wconf 69' lang='lat' dir='ltr'><strong>certum</strong></span> <span class='ocrx_word' id='word_1_514' title='bbox 3379 2469 3462 2516; x_wconf 86' lang='lat' dir='ltr'><strong>est</strong></span> 
     </span>
    </p>
   </div>
   <div class='ocr_carea' id='block_1_70' title="bbox 1871 2550 3457 2623">
    <p class='ocr_par' dir='ltr' id='par_1_70' title="bbox 1871 2550 3457 2623">
     <span class='ocr_line' id='line_1_70' title="bbox 1871 2550 3457 2623; baseline 0.001 -18"><span class='ocrx_word' id='word_1_515' title='bbox 1871 2550 1941 2606; x_wconf 84' lang='lat' dir='ltr'><strong>ab</strong></span> <span class='ocrx_word' id='word_1_516' title='bbox 1970 2565 2035 2608; x_wconf 91' lang='lat' dir='ltr'><strong>eo</strong></span> <span class='ocrx_word' id='word_1_517' title='bbox 2062 2551 2376 2607; x_wconf 86' lang='lat' dir='ltr'><strong>mandatum</strong></span> <span class='ocrx_word' id='word_1_518' title='bbox 2414 2566 2535 2607; x_wconf 76' lang='lat' dir='ltr'><strong>esse</strong></span> <span class='ocrx_word' id='word_1_519' title='bbox 2566 2550 2870 2623; x_wconf 88' lang='lat' dir='ltr'><strong>impletum,</strong></span> <span class='ocrx_word' id='word_1_520' title='bbox 2902 2566 3011 2622; x_wconf 87' lang='lat' dir='ltr'><strong>quo</strong></span> <span class='ocrx_word' id='word_1_521' title='bbox 3042 2551 3277 2607; x_wconf 87' lang='lat' dir='ltr'><strong>dicitur:</strong></span> <span class='ocrx_word' id='word_1_522' title='bbox 3310 2571 3329 2604; x_wconf 74' lang='grc' dir='ltr'><strong>ι</strong></span> <span class='ocrx_word' id='word_1_523' title='bbox 3361 2552 3457 2606; x_wconf 86' lang='lat' dir='ltr'><strong>Di-</strong></span> 
     </span>
    </p>
   </div>
   <div class='ocr_carea' id='block_1_71' title="bbox 1872 2634 3459 2714">
    <p class='ocr_par' dir='ltr' id='par_1_71' title="bbox 1872 2634 3459 2714">
     <span class='ocr_line' id='line_1_71' title="bbox 1872 2634 3459 2714; baseline 0.002 -19"><span class='ocrx_word' id='word_1_524' title='bbox 1872 2642 2023 2713; x_wconf 86' lang='lat' dir='ltr'><strong>ligite</strong></span> <span class='ocrx_word' id='word_1_525' title='bbox 2064 2642 2315 2699; x_wconf 90' lang='lat' dir='ltr'><strong>inimicos</strong></span> <span class='ocrx_word' id='word_1_526' title='bbox 2352 2652 2593 2710; x_wconf 89' lang='lat' dir='ltr'><strong>vestros,</strong></span> <span class='ocrx_word' id='word_1_527' title='bbox 2636 2634 2940 2699; x_wconf 82' lang='lat' dir='ltr'><strong>benefacite</strong></span> <span class='ocrx_word' id='word_1_528' title='bbox 2972 2642 3057 2700; x_wconf 88' lang='lat' dir='ltr'><strong>his</strong></span> <span class='ocrx_word' id='word_1_529' title='bbox 3096 2644 3188 2714; x_wconf 92' lang='lat' dir='ltr'><strong>qui</strong></span> <span class='ocrx_word' id='word_1_530' title='bbox 3228 2643 3459 2700; x_wconf 89' lang='lat' dir='ltr'><strong>oderunt</strong></span> 
     </span>
    </p>
   </div>
   <div class='ocr_carea' id='block_1_72' title="bbox 1871 2734 3460 2805">
    <p class='ocr_par' dir='ltr' id='par_1_72' title="bbox 1871 2734 3460 2805">
     <span class='ocr_line' id='line_1_72' title="bbox 1871 2734 3460 2805; baseline 0.003 -19"><span class='ocrx_word' id='word_1_531' title='bbox 1871 2748 1989 2799; x_wconf 90' lang='lat' dir='ltr'><strong>vos,</strong></span> <span class='ocrx_word' id='word_1_532' title='bbox 2003 2742 2060 2789; x_wconf 89' lang='lat' dir='ltr'><strong>et</strong></span> <span class='ocrx_word' id='word_1_533' title='bbox 2075 2742 2228 2789; x_wconf 88' lang='lat' dir='ltr'><strong>orate</strong></span> <span class='ocrx_word' id='word_1_534' title='bbox 2244 2747 2343 2804; x_wconf 89' lang='lat' dir='ltr'><strong>pro</strong></span> <span class='ocrx_word' id='word_1_535' title='bbox 2357 2734 2806 2805; x_wconf 86' lang='lat' dir='ltr'><strong>persequentibus</strong></span> <span class='ocrx_word' id='word_1_536' title='bbox 2823 2743 2878 2790; x_wconf 88' lang='lat' dir='ltr'><strong>et</strong></span> <span class='ocrx_word' id='word_1_537' title='bbox 2890 2734 3344 2790; x_wconf 87' lang='lat' dir='ltr'><strong>calumniantibus</strong></span> <span class='ocrx_word' id='word_1_538' title='bbox 3363 2750 3460 2791; x_wconf 83' lang='lat' dir='ltr'><strong>vos</strong></span> 
     </span>
    </p>
   </div>
   <div class='ocr_carea' id='block_1_73' title="bbox 1872 2823 3457 2897">
    <p class='ocr_par' dir='ltr' id='par_1_73' title="bbox 1872 2823 3457 2897">
     <span class='ocr_line' id='line_1_73' title="bbox 1872 2823 3457 2897; baseline 0.002 -18"><span class='ocrx_word' id='word_1_539' title='bbox 1872 2823 2091 2897; x_wconf 74' lang='lat' dir='ltr'><strong>(Matth.</strong></span> <span class='ocrx_word' id='word_1_540' title='bbox 2132 2840 2186 2891; x_wconf 92' lang='lat' dir='ltr'><strong>v,</strong></span> <span class='ocrx_word' id='word_1_541' title='bbox 2219 2825 2336 2891; x_wconf 75' lang='grc'><strong>44),</strong></span> <span class='ocrx_word' id='word_1_542' title='bbox 2375 2826 2609 2880; x_wconf 86' lang='lat' dir='ltr'><strong>dubitari</strong></span> <span class='ocrx_word' id='word_1_543' title='bbox 2648 2840 2754 2879; x_wconf 88' lang='lat' dir='ltr'><strong>non</strong></span> <span class='ocrx_word' id='word_1_544' title='bbox 2798 2826 2925 2881; x_wconf 87' lang='lat' dir='ltr'><strong>licet</strong></span> <span class='ocrx_word' id='word_1_545' title='bbox 2954 2835 3259 2881; x_wconf 88' lang='lat' dir='ltr'><strong>assecutum</strong></span> <span class='ocrx_word' id='word_1_546' title='bbox 3288 2826 3457 2882; x_wconf 89' lang='lat' dir='ltr'><strong>etiam</strong></span> 
     </span>
    </p>
   </div>
   <div class='ocr_carea' id='block_1_74' title="bbox 1873 2914 3457 2985">
    <p class='ocr_par' dir='ltr' id='par_1_74' title="bbox 1873 2914 3457 2985">
     <span class='ocr_line' id='line_1_74' title="bbox 1873 2914 3457 2985; baseline 0.002 -17"><span class='ocrx_word' id='word_1_547' title='bbox 1873 2914 2177 2969; x_wconf 89' lang='lat' dir='ltr'><strong>mercedem</strong></span> <span class='ocrx_word' id='word_1_548' title='bbox 2202 2928 2322 2984; x_wconf 51' lang='lat' dir='ltr'><strong>quat</strong></span> <span class='ocrx_word' id='word_1_549' title='bbox 2350 2914 2597 2984; x_wconf 87' lang='lat' dir='ltr'><strong>sequitur</strong></span> <span class='ocrx_word' id='word_1_550' title='bbox 2621 2932 2633 2969; x_wconf 91' lang='lat'>:</span> <span class='ocrx_word' id='word_1_551' title='bbox 2666 2933 2685 2966; x_wconf 76' lang='grc' dir='ltr'><strong>ι</strong></span> <span class='ocrx_word' id='word_1_552' title='bbox 2717 2914 2785 2969; x_wconf 89' lang='lat' dir='ltr'><strong>Ut</strong></span> <span class='ocrx_word' id='word_1_553' title='bbox 2805 2914 2924 2971; x_wconf 84' lang='lat' dir='ltr'><strong>sitis</strong></span> <span class='ocrx_word' id='word_1_554' title='bbox 2949 2914 3043 2970; x_wconf 84' lang='lat' dir='ltr'><strong>lilii</strong></span> <span class='ocrx_word' id='word_1_555' title='bbox 3071 2914 3247 2972; x_wconf 85' lang='lat' dir='ltr'><strong>Patris</strong></span> <span class='ocrx_word' id='word_1_556' title='bbox 3269 2918 3457 2985; x_wconf 82' lang='lat' dir='ltr'><strong>vestri,</strong></span> 
     </span>
    </p>
   </div>
   <div class='ocr_carea' id='block_1_75' title="bbox 1872 3005 3457 3078">
    <p class='ocr_par' dir='ltr' id='par_1_75' title="bbox 1872 3005 3457 3078">
     <span class='ocr_line' id='line_1_75' title="bbox 1872 3005 3457 3078; baseline 0.004 -19"><span class='ocrx_word' id='word_1_557' title='bbox 1872 3006 1963 3077; x_wconf 91' lang='lat' dir='ltr'><strong>qui</strong></span> <span class='ocrx_word' id='word_1_558' title='bbox 1980 3006 2033 3060; x_wconf 92' lang='lat' dir='ltr'><strong>in</strong></span> <span class='ocrx_word' id='word_1_559' title='bbox 2051 3005 2204 3061; x_wconf 66' lang='lat' dir='ltr'><strong>caelis</strong></span> <span class='ocrx_word' id='word_1_560' title='bbox 2218 3016 2323 3072; x_wconf 90' lang='lat' dir='ltr'><strong>est,</strong></span> <span class='ocrx_word' id='word_1_561' title='bbox 2337 3007 2429 3077; x_wconf 89' lang='lat' dir='ltr'><strong>qui</strong></span> <span class='ocrx_word' id='word_1_562' title='bbox 2443 3006 2613 3065; x_wconf 79' lang='lat' dir='ltr'><strong>solem</strong></span> <span class='ocrx_word' id='word_1_563' title='bbox 2628 3022 2784 3062; x_wconf 78' lang='lat' dir='ltr'><strong>suum</strong></span> <span class='ocrx_word' id='word_1_564' title='bbox 2804 3008 2938 3062; x_wconf 89' lang='lat' dir='ltr'><strong>oriri</strong></span> <span class='ocrx_word' id='word_1_565' title='bbox 2963 3006 3264 3078; x_wconf 85' lang='lat' dir='ltr'><strong>facitsuper</strong></span> <span class='ocrx_word' id='word_1_566' title='bbox 3286 3008 3457 3066; x_wconf 88' lang='lat' dir='ltr'><strong>bonos</strong></span> 
     </span>
    </p>
   </div>
   <div class='ocr_carea' id='block_1_76' title="bbox 1872 3095 3450 3170">
    <p class='ocr_par' dir='ltr' id='par_1_76' title="bbox 1872 3095 3450 3170">
     <span class='ocr_line' id='line_1_76' title="bbox 1872 3095 3450 3170; baseline 0.001 -18"><span class='ocrx_word' id='word_1_567' title='bbox 1872 3106 1928 3152; x_wconf 86' lang='lat' dir='ltr'><strong>et</strong></span> <span class='ocrx_word' id='word_1_568' title='bbox 1951 3096 2142 3162; x_wconf 84' lang='lat' dir='ltr'><strong>malos,</strong></span> <span class='ocrx_word' id='word_1_569' title='bbox 2166 3105 2221 3151; x_wconf 88' lang='lat' dir='ltr'><strong>et</strong></span> <span class='ocrx_word' id='word_1_570' title='bbox 2243 3096 2378 3167; x_wconf 91' lang='lat' dir='ltr'><strong>pluit</strong></span> <span class='ocrx_word' id='word_1_571' title='bbox 2400 3110 2561 3167; x_wconf 92' lang='lat' dir='ltr'><strong>super</strong></span> <span class='ocrx_word' id='word_1_572' title='bbox 2572 3095 2752 3165; x_wconf 87' lang='lat' dir='ltr'><strong>justos</strong></span> <span class='ocrx_word' id='word_1_573' title='bbox 2771 3105 2824 3151; x_wconf 92' lang='lat' dir='ltr'><strong>et</strong></span> <span class='ocrx_word' id='word_1_574' title='bbox 2846 3095 3073 3167; x_wconf 77' lang='lat' dir='ltr'><strong>iniustos</strong></span> <span class='ocrx_word' id='word_1_575' title='bbox 3095 3098 3270 3168; x_wconf 77' lang='lat' dir='ltr'><strong>(ibid.,</strong></span> <span class='ocrx_word' id='word_1_576' title='bbox 3301 3097 3450 3170; x_wconf 75' lang='grc'><strong>45).»</strong></span> 
     </span>
    </p>
   </div>
   <div class='ocr_carea' id='block_1_77' title="bbox 1794 3177 3457 3258">
    <p class='ocr_par' dir='ltr' id='par_1_77' title="bbox 1794 3177 3457 3258">
     <span class='ocr_line' id='line_1_77' title="bbox 1794 3177 3457 3258; baseline 0.005 -20"><span class='ocrx_word' id='word_1_577' title='bbox 1794 3177 1840 3238; x_wconf 88' lang='lat' dir='ltr'><strong>C</strong></span> <span class='ocrx_word' id='word_1_578' title='bbox 1872 3186 1987 3255; x_wconf 92' lang='lat' dir='ltr'><strong>Qua</strong></span> <span class='ocrx_word' id='word_1_579' title='bbox 2023 3186 2269 3258; x_wconf 89' lang='lat' dir='ltr'><strong>profecto</strong></span> <span class='ocrx_word' id='word_1_580' title='bbox 2300 3188 2550 3242; x_wconf 89' lang='lat' dir='ltr'><strong>mercede</strong></span> <span class='ocrx_word' id='word_1_581' title='bbox 2586 3186 2719 3241; x_wconf 89' lang='lat' dir='ltr'><strong>nihil</strong></span> <span class='ocrx_word' id='word_1_582' title='bbox 2753 3187 2985 3253; x_wconf 89' lang='lat' dir='ltr'><strong>beatius,</strong></span> <span class='ocrx_word' id='word_1_583' title='bbox 3016 3197 3075 3242; x_wconf 93' lang='lat' dir='ltr'><strong>ut</strong></span> <span class='ocrx_word' id='word_1_584' title='bbox 3106 3196 3157 3242; x_wconf 90' lang='lat' dir='ltr'><strong>et</strong></span> <span class='ocrx_word' id='word_1_585' title='bbox 3186 3198 3457 3258; x_wconf 57' lang='lat' dir='ltr'><strong>prteceplo</strong></span> 
     </span>
    </p>
   </div>
   <div class='ocr_carea' id='block_1_78' title="bbox 1872 3275 3453 3346">
    <p class='ocr_par' dir='ltr' id='par_1_78' title="bbox 1872 3275 3453 3346">
     <span class='ocr_line' id='line_1_78' title="bbox 1872 3275 3453 3346; baseline -0.001 -13"><span class='ocrx_word' id='word_1_586' title='bbox 1872 3277 2076 3333; x_wconf 89' lang='lat' dir='ltr'><strong>nullum</strong></span> <span class='ocrx_word' id='word_1_587' title='bbox 2107 3277 2411 3333; x_wconf 89' lang='lat' dir='ltr'><strong>sublimius.</strong></span> <span class='ocrx_word' id='word_1_588' title='bbox 2448 3275 2725 3332; x_wconf 83' lang='lat' dir='ltr'><strong>Accedant</strong></span> <span class='ocrx_word' id='word_1_589' title='bbox 2764 3276 2975 3345; x_wconf 88' lang='lat' dir='ltr'><strong>itaque,</strong></span> <span class='ocrx_word' id='word_1_590' title='bbox 3013 3278 3103 3346; x_wconf 90' lang='lat' dir='ltr'><strong>qui</strong></span> <span class='ocrx_word' id='word_1_591' title='bbox 3138 3277 3318 3333; x_wconf 87' lang='lat' dir='ltr'><strong>cordis</strong></span> <span class='ocrx_word' id='word_1_592' title='bbox 3343 3293 3453 3333; x_wconf 84' lang='lat' dir='ltr'><strong>non</strong></span> 
     </span>
    </p>
   </div>
   <div class='ocr_carea' id='block_1_79' title="bbox 1872 3366 3458 3441">
    <p class='ocr_par' dir='ltr' id='par_1_79' title="bbox 1872 3366 3458 3441">
     <span class='ocr_line' id='line_1_79' title="bbox 1872 3366 3458 3441; baseline 0.002 -17"><span class='ocrx_word' id='word_1_593' title='bbox 1872 3378 2065 3424; x_wconf 86' lang='lat' dir='ltr'><strong>carent</strong></span> <span class='ocrx_word' id='word_1_594' title='bbox 2102 3367 2296 3435; x_wconf 90' lang='lat' dir='ltr'><strong>oculis,</strong></span> <span class='ocrx_word' id='word_1_595' title='bbox 2328 3378 2386 3424; x_wconf 93' lang='lat' dir='ltr'><strong>ut</strong></span> <span class='ocrx_word' id='word_1_596' title='bbox 2426 3368 2646 3423; x_wconf 86' lang='lat' dir='ltr'><strong>videant</strong></span> <span class='ocrx_word' id='word_1_597' title='bbox 2674 3366 2830 3437; x_wconf 90' lang='lat' dir='ltr'><strong>cujus</strong></span> <span class='ocrx_word' id='word_1_598' title='bbox 2873 3367 2945 3423; x_wconf 87' lang='lat' dir='ltr'><strong>sit</strong></span> <span class='ocrx_word' id='word_1_599' title='bbox 2972 3369 3151 3424; x_wconf 88' lang='lat' dir='ltr'><strong>nteriti</strong></span> <span class='ocrx_word' id='word_1_600' title='bbox 3191 3371 3285 3441; x_wconf 87' lang='lat' dir='ltr'><strong>qui</strong></span> <span class='ocrx_word' id='word_1_601' title='bbox 3334 3371 3458 3428; x_wconf 81' lang='lat' dir='ltr'><strong>talis</strong></span> 
     </span>
    </p>
   </div>
   <div class='ocr_carea' id='block_1_80' title="bbox 1869 3460 3237 3533">
    <p class='ocr_par' dir='ltr' id='par_1_80' title="bbox 1869 3460 3237 3533">
     <span class='ocr_line' id='line_1_80' title="bbox 1869 3460 3237 3533; baseline -0.001 -16"><span class='ocrx_word' id='word_1_602' title='bbox 1869 3471 2155 3518; x_wconf 74' lang='lat' dir='ltr'><strong>exsecutor</strong></span> <span class='ocrx_word' id='word_1_603' title='bbox 2182 3461 2458 3533; x_wconf 66' lang='lat' dir='ltr'><strong>praecepti,</strong></span> <span class='ocrx_word' id='word_1_604' title='bbox 2488 3460 2622 3516; x_wconf 89' lang='lat' dir='ltr'><strong>tanti</strong></span> <span class='ocrx_word' id='word_1_605' title='bbox 2647 3475 2869 3533; x_wconf 91' lang='lat' dir='ltr'><strong>compos</strong></span> <span class='ocrx_word' id='word_1_606' title='bbox 2897 3470 2978 3517; x_wconf 89' lang='lat' dir='ltr'><strong>est</strong></span> <span class='ocrx_word' id='word_1_607' title='bbox 3006 3461 3237 3531; x_wconf 74' lang='lat' dir='ltr'><strong>prtemii.</strong></span> 
     </span>
    </p>
   </div>
   <div class='ocr_carea' id='block_1_81' title="bbox 1941 3574 3457 3645">
    <p class='ocr_par' dir='ltr' id='par_1_81' title="bbox 1941 3574 3457 3645">
     <span class='ocr_line' id='line_1_81' title="bbox 1941 3574 3457 3645; baseline 0.001 -16"><span class='ocrx_word' id='word_1_608' title='bbox 1941 3574 2027 3630; x_wconf 79' lang='lat' dir='ltr'><strong>l8.</strong></span> <span class='ocrx_word' id='word_1_609' title='bbox 2068 3575 2144 3630; x_wconf 89' lang='lat' dir='ltr'><strong>De</strong></span> <span class='ocrx_word' id='word_1_610' title='bbox 2181 3584 2323 3631; x_wconf 82' lang='lat' dir='ltr'><strong>tactu</strong></span> <span class='ocrx_word' id='word_1_611' title='bbox 2351 3589 2480 3631; x_wconf 91' lang='lat' dir='ltr'><strong>vero</strong></span> <span class='ocrx_word' id='word_1_612' title='bbox 2511 3574 2597 3631; x_wconf 89' lang='lat' dir='ltr'><strong>vel</strong></span> <span class='ocrx_word' id='word_1_613' title='bbox 2628 3574 2857 3632; x_wconf 86' lang='lat' dir='ltr'><strong>odoratu</strong></span> <span class='ocrx_word' id='word_1_614' title='bbox 2910 3574 3181 3645; x_wconf 82' lang='lat' dir='ltr'><strong>superflue</strong></span> <span class='ocrx_word' id='word_1_615' title='bbox 3224 3575 3457 3631; x_wconf 82' lang='lat' dir='ltr'><strong>facimus</strong></span> 
     </span>
    </p>
   </div>
   <div class='ocr_carea' id='block_1_82' title="bbox 1871 3667 3455 3739">
    <p class='ocr_par' dir='ltr' id='par_1_82' title="bbox 1871 3667 3455 3739">
     <span class='ocr_line' id='line_1_82' title="bbox 1871 3667 3455 3739; baseline -0.002 -14"><span class='ocrx_word' id='word_1_616' title='bbox 1871 3670 2227 3736; x_wconf 86' lang='lat' dir='ltr'><strong>mentionem;</strong></span> <span class='ocrx_word' id='word_1_617' title='bbox 2263 3684 2490 3739; x_wconf 90' lang='lat' dir='ltr'><strong>quorum</strong></span> <span class='ocrx_word' id='word_1_618' title='bbox 2521 3668 2788 3735; x_wconf 87' lang='lat' dir='ltr'><strong>alterum,</strong></span> <span class='ocrx_word' id='word_1_619' title='bbox 2828 3668 2880 3723; x_wconf 91' lang='lat' dir='ltr'><strong>id</strong></span> <span class='ocrx_word' id='word_1_620' title='bbox 2920 3677 3003 3723; x_wconf 91' lang='lat' dir='ltr'><strong>est</strong></span> <span class='ocrx_word' id='word_1_621' title='bbox 3030 3668 3314 3723; x_wconf 89' lang='lat' dir='ltr'><strong>odoratum</strong></span> <span class='ocrx_word' id='word_1_622' title='bbox 3342 3707 3358 3733; x_wconf 96' lang='lat'><strong>,</strong></span> <span class='ocrx_word' id='word_1_623' title='bbox 3388 3667 3455 3722; x_wconf 88' lang='lat' dir='ltr'><strong>ad</strong></span> 
     </span>
    </p>
   </div>
   <div class='ocr_carea' id='block_1_83' title="bbox 1869 3758 3459 3832">
    <p class='ocr_par' dir='ltr' id='par_1_83' title="bbox 1869 3758 3459 3832">
     <span class='ocr_line' id='line_1_83' title="bbox 1869 3758 3459 3832; baseline -0.002 -15"><span class='ocrx_word' id='word_1_624' title='bbox 1869 3763 1978 3818; x_wconf 90' lang='lat' dir='ltr'><strong>hoc</strong></span> <span class='ocrx_word' id='word_1_625' title='bbox 2002 3761 2177 3817; x_wconf 91' lang='lat' dir='ltr'><strong>solum</strong></span> <span class='ocrx_word' id='word_1_626' title='bbox 2200 3763 2448 3827; x_wconf 89' lang='lat' dir='ltr'><strong>curabat,</strong></span> <span class='ocrx_word' id='word_1_627' title='bbox 2477 3770 2536 3816; x_wconf 93' lang='lat' dir='ltr'><strong>ut</strong></span> <span class='ocrx_word' id='word_1_628' title='bbox 2567 3771 2787 3832; x_wconf 91' lang='lat' dir='ltr'><strong>putores</strong></span> <span class='ocrx_word' id='word_1_629' title='bbox 2820 3769 3041 3832; x_wconf 88' lang='lat' dir='ltr'><strong>propter</strong></span> <span class='ocrx_word' id='word_1_630' title='bbox 3062 3758 3343 3829; x_wconf 89' lang='lat' dir='ltr'><strong>passiones</strong></span> <span class='ocrx_word' id='word_1_631' title='bbox 3366 3774 3459 3814; x_wconf 87' lang='lat' dir='ltr'><strong>ce-</strong></span> 
     </span>
    </p>
   </div>
   <div class='ocr_carea' id='block_1_84' title="bbox 1872 3849 3457 3919">
    <p class='ocr_par' dir='ltr' id='par_1_84' title="bbox 1872 3849 3457 3919">
     <span class='ocr_line' id='line_1_84' title="bbox 1872 3849 3457 3919; baseline -0.003 -10"><span class='ocrx_word' id='word_1_632' title='bbox 1872 3853 2019 3909; x_wconf 88' lang='lat' dir='ltr'><strong>rebri</strong></span> <span class='ocrx_word' id='word_1_633' title='bbox 2058 3869 2166 3908; x_wconf 93' lang='lat' dir='ltr'><strong>non</strong></span> <span class='ocrx_word' id='word_1_634' title='bbox 2208 3851 2552 3919; x_wconf 89' lang='lat' dir='ltr'><strong>admitteret;</strong></span> <span class='ocrx_word' id='word_1_635' title='bbox 2594 3851 2753 3907; x_wconf 89' lang='lat' dir='ltr'><strong>alteri</strong></span> <span class='ocrx_word' id='word_1_636' title='bbox 2794 3866 2950 3915; x_wconf 87' lang='lat' dir='ltr'><strong>vero,</strong></span> <span class='ocrx_word' id='word_1_637' title='bbox 2984 3849 3036 3905; x_wconf 92' lang='lat' dir='ltr'><strong>id</strong></span> <span class='ocrx_word' id='word_1_638' title='bbox 3062 3858 3148 3905; x_wconf 91' lang='lat' dir='ltr'><strong>est</strong></span> <span class='ocrx_word' id='word_1_639' title='bbox 3179 3849 3366 3917; x_wconf 87' lang='lat' dir='ltr'><strong>tactui,</strong></span> <span class='ocrx_word' id='word_1_640' title='bbox 3401 3859 3457 3905; x_wconf 90' lang='lat' dir='ltr'><strong>et</strong></span> 
     </span>
    </p>
   </div>
   <div class='ocr_carea' id='block_1_85' title="bbox 1868 3938 3456 4019">
    <p class='ocr_par' dir='ltr' id='par_1_85' title="bbox 1868 3938 3456 4019">
     <span class='ocr_line' id='line_1_85' title="bbox 1868 3938 3456 4019; baseline -0.001 -22"><span class='ocrx_word' id='word_1_641' title='bbox 1868 3952 2156 4014; x_wconf 87' lang='lat' dir='ltr'><strong>antequam</strong></span> <span class='ocrx_word' id='word_1_642' title='bbox 2177 3943 2543 4009; x_wconf 90' lang='lat' dir='ltr'><strong>ordinaretur,</strong></span> <span class='ocrx_word' id='word_1_643' title='bbox 2570 3943 2622 3996; x_wconf 89' lang='lat' dir='ltr'><strong>itt</strong></span> <span class='ocrx_word' id='word_1_644' title='bbox 2644 3950 2814 3996; x_wconf 90' lang='lat' dir='ltr'><strong>totum</strong></span> <span class='ocrx_word' id='word_1_645' title='bbox 2834 3939 3179 3995; x_wconf 86' lang='lat' dir='ltr'><strong>valefecerat.</strong></span> <span class='ocrx_word' id='word_1_646' title='bbox 3198 3939 3309 3996; x_wconf 87' lang='lat' dir='ltr'><strong>Nec</strong></span> <span class='ocrx_word' id='word_1_647' title='bbox 3331 3938 3456 4019; x_wconf 68' lang='lat' dir='ltr'><strong>ideo</strong></span> 
     </span>
    </p>
   </div>
   <div class='ocr_carea' id='block_1_86' title="bbox 1868 4018 3451 4107">
    <p class='ocr_par' dir='ltr' id='par_1_86' title="bbox 1868 4018 3451 4107">
     <span class='ocr_line' id='line_1_86' title="bbox 1868 4018 3451 4107; baseline -0.003 -16"><span class='ocrx_word' id='word_1_648' title='bbox 1868 4050 1927 4091; x_wconf 88' lang='lat' dir='ltr'><strong>se</strong></span> <span class='ocrx_word' id='word_1_649' title='bbox 1956 4050 2190 4107; x_wconf 91' lang='lat' dir='ltr'><strong>suosque</strong></span> <span class='ocrx_word' id='word_1_650' title='bbox 2214 4049 2407 4090; x_wconf 89' lang='lat' dir='ltr'><strong>sensus</strong></span> <span class='ocrx_word' id='word_1_651' title='bbox 2441 4032 2508 4088; x_wconf 91' lang='lat' dir='ltr'><strong>ab</strong></span> <span class='ocrx_word' id='word_1_652' title='bbox 2538 4018 2737 4088; x_wconf 89' lang='lat' dir='ltr'><strong>intuitu</strong></span> <span class='ocrx_word' id='word_1_653' title='bbox 2778 4030 3105 4086; x_wconf 89' lang='lat' dir='ltr'><strong>feminarum</strong></span> <span class='ocrx_word' id='word_1_654' title='bbox 3140 4040 3248 4085; x_wconf 91' lang='lat' dir='ltr'><strong>tam</strong></span> <span class='ocrx_word' id='word_1_655' title='bbox 3276 4018 3451 4087; x_wconf 85' lang='lat' dir='ltr'><strong>disci-</strong></span> 
     </span>
    </p>
   </div>
   <div class='ocr_carea' id='block_1_87' title="bbox 1866 4122 3456 4198">
    <p class='ocr_par' dir='ltr' id='par_1_87' title="bbox 1866 4122 3456 4198">
     <span class='ocr_line' id='line_1_87' title="bbox 1866 4122 3456 4198; baseline -0.002 -16"><span class='ocrx_word' id='word_1_656' title='bbox 1866 4127 2068 4198; x_wconf 89' lang='lat' dir='ltr'><strong>plinate</strong></span> <span class='ocrx_word' id='word_1_657' title='bbox 2101 4127 2374 4193; x_wconf 88' lang='lat' dir='ltr'><strong>frenabat,</strong></span> <span class='ocrx_word' id='word_1_658' title='bbox 2405 4125 2548 4195; x_wconf 85' lang='lat' dir='ltr'><strong>quod</strong></span> <span class='ocrx_word' id='word_1_659' title='bbox 2582 4124 2725 4180; x_wconf 91' lang='lat' dir='ltr'><strong>circa</strong></span> <span class='ocrx_word' id='word_1_660' title='bbox 2754 4122 2992 4178; x_wconf 82' lang='lat' dir='ltr'><strong>libidinis</strong></span> <span class='ocrx_word' id='word_1_661' title='bbox 3022 4123 3209 4178; x_wconf 88' lang='lat' dir='ltr'><strong>vitium</strong></span> <span class='ocrx_word' id='word_1_662' title='bbox 3243 4139 3301 4179; x_wconf 85' lang='lat' dir='ltr'><strong>se</strong></span> <span class='ocrx_word' id='word_1_663' title='bbox 3329 4138 3456 4179; x_wconf 88' lang='lat' dir='ltr'><strong>sen-</strong></span> 
     </span>
    </p>
   </div>
   <div class='ocr_carea' id='block_1_88' title="bbox 1867 4213 3454 4290">
    <p class='ocr_par' dir='ltr' id='par_1_88' title="bbox 1867 4213 3454 4290">
     <span class='ocr_line' id='line_1_88' title="bbox 1867 4213 3454 4290; baseline -0.002 -15"><span class='ocrx_word' id='word_1_664' title='bbox 1867 4221 1994 4275; x_wconf 85' lang='lat' dir='ltr'><strong>tiret</strong></span> <span class='ocrx_word' id='word_1_665' title='bbox 2022 4220 2298 4275; x_wconf 87' lang='lat' dir='ltr'><strong>inlirmunt</strong></span> <span class='ocrx_word' id='word_1_666' title='bbox 2334 4218 2552 4290; x_wconf 88' lang='lat' dir='ltr'><strong>(quippe</strong></span> <span class='ocrx_word' id='word_1_667' title='bbox 2580 4231 2739 4288; x_wconf 88' lang='lat' dir='ltr'><strong>quem</strong></span> <span class='ocrx_word' id='word_1_668' title='bbox 2767 4224 2822 4271; x_wconf 85' lang='lat' dir='ltr'><strong>et</strong></span> <span class='ocrx_word' id='word_1_669' title='bbox 2848 4213 3089 4287; x_wconf 64' lang='lat' dir='ltr'><strong>praefatae</strong></span> <span class='ocrx_word' id='word_1_670' title='bbox 3127 4217 3454 4272; x_wconf 89' lang='lat' dir='ltr'><strong>tentationes</strong></span> 
     </span>
    </p>
   </div>
   <div class='ocr_carea' id='block_1_89' title="bbox 1869 4306 3451 4382">
    <p class='ocr_par' dir='ltr' id='par_1_89' title="bbox 1869 4306 3451 4382">
     <span class='ocr_line' id='line_1_89' title="bbox 1869 4306 3451 4382; baseline -0.003 -17"><span class='ocrx_word' id='word_1_671' title='bbox 1869 4321 2034 4382; x_wconf 88' lang='lat' dir='ltr'><strong>atque</strong></span> <span class='ocrx_word' id='word_1_672' title='bbox 2057 4310 2395 4365; x_wconf 82' lang='lat' dir='ltr'><strong>infirmitatis</strong></span> <span class='ocrx_word' id='word_1_673' title='bbox 2420 4308 2710 4381; x_wconf 71' lang='lat' dir='ltr'><strong>angustia),</strong></span> <span class='ocrx_word' id='word_1_674' title='bbox 2748 4316 2802 4363; x_wconf 91' lang='lat' dir='ltr'><strong>et</strong></span> <span class='ocrx_word' id='word_1_675' title='bbox 2825 4306 3207 4363; x_wconf 67' lang='lat' dir='ltr'><strong>ecclesiasticas</strong></span> <span class='ocrx_word' id='word_1_676' title='bbox 3230 4308 3451 4377; x_wconf 85' lang='lat' dir='ltr'><strong>dispen-</strong></span> 
     </span>
    </p>
   </div>
   <div class='ocr_carea' id='block_1_90' title="bbox 1867 4397 3455 4473">
    <p class='ocr_par' dir='ltr' id='par_1_90' title="bbox 1867 4397 3455 4473">
     <span class='ocr_line' id='line_1_90' title="bbox 1867 4397 3455 4473; baseline -0.004 -14"><span class='ocrx_word' id='word_1_677' title='bbox 1867 4403 2099 4459; x_wconf 86' lang='lat' dir='ltr'><strong>sationis</strong></span> <span class='ocrx_word' id='word_1_678' title='bbox 2128 4401 2452 4473; x_wconf 89' lang='lat' dir='ltr'><strong>multiplices</strong></span> <span class='ocrx_word' id='word_1_679' title='bbox 2488 4415 2653 4469; x_wconf 69' lang='lat' dir='ltr'><strong>curte,</strong></span> <span class='ocrx_word' id='word_1_680' title='bbox 2692 4408 2747 4455; x_wconf 92' lang='lat' dir='ltr'><strong>et</strong></span> <span class='ocrx_word' id='word_1_681' title='bbox 2785 4398 3020 4454; x_wconf 77' lang='lat' dir='ltr'><strong>maxime</strong></span> <span class='ocrx_word' id='word_1_682' title='bbox 3060 4398 3335 4465; x_wconf 86' lang='lat' dir='ltr'><strong>assiduum</strong></span> <span class='ocrx_word' id='word_1_683' title='bbox 3378 4397 3455 4452; x_wconf 87' lang='lat' dir='ltr'><strong>le-</strong></span> 
     </span>
    </p>
   </div>
   <div class='ocr_carea' id='block_1_91' title="bbox 165 4486 3451 4586">
    <p class='ocr_par' dir='ltr' id='par_1_91' title="bbox 165 4486 3451 4586">
     <span class='ocr_line' id='line_1_91' title="bbox 165 4486 3451 4586; baseline 0.001 -44"><span class='ocrx_word' id='word_1_684' title='bbox 165 4488 436 4559; x_wconf 88' lang='lat' dir='ltr'><strong>justitiam</strong></span> <span class='ocrx_word' id='word_1_685' title='bbox 478 4491 738 4548; x_wconf 88' lang='lat' dir='ltr'><strong>adversus</strong></span> <span class='ocrx_word' id='word_1_686' title='bbox 792 4493 1045 4549; x_wconf 90' lang='lat' dir='ltr'><strong>comitem</strong></span> <span class='ocrx_word' id='word_1_687' title='bbox 1091 4502 1276 4563; x_wconf 88' lang='lat' dir='ltr'><strong>aperta</strong></span> <span class='ocrx_word' id='word_1_688' title='bbox 1332 4493 1762 4550; x_wconf 88' lang='lat' dir='ltr'><strong>contradictione</strong></span> <span class='ocrx_word' id='word_1_689' title='bbox 1795 4524 1841 4581; x_wconf 75' lang='lat' dir='ltr'><strong>D</strong></span> <span class='ocrx_word' id='word_1_690' title='bbox 1867 4495 2047 4564; x_wconf 87' lang='lat' dir='ltr'><strong>gendi,</strong></span> <span class='ocrx_word' id='word_1_691' title='bbox 2075 4486 2366 4566; x_wconf 72' lang='lat' dir='ltr'><strong>psallendi,</strong></span> <span class='ocrx_word' id='word_1_692' title='bbox 2408 4494 2623 4559; x_wconf 91' lang='lat' dir='ltr'><strong>orandi,</strong></span> <span class='ocrx_word' id='word_1_693' title='bbox 2662 4491 2983 4586; x_wconf 46' lang='lat' dir='ltr'><strong>meditandi,</strong></span> <span class='ocrx_word' id='word_1_694' title='bbox 3030 4490 3451 4560; x_wconf 68' lang='lat' dir='ltr'><strong>speculandi-lue</strong></span> 
     </span>
    </p>
   </div>
   <div class='ocr_carea' id='block_1_92' title="bbox 170 4578 1761 4657">
    <p class='ocr_par' dir='ltr' id='par_1_92' title="bbox 170 4578 1761 4657">
     <span class='ocr_line' id='line_1_92' title="bbox 170 4578 1761 4657; baseline 0.006 -24"><span class='ocrx_word' id='word_1_695' title='bbox 170 4578 510 4649; x_wconf 81' lang='lat' dir='ltr'><strong>defenderet,</strong></span> <span class='ocrx_word' id='word_1_696' title='bbox 550 4582 860 4655; x_wconf 90' lang='lat' dir='ltr'><strong>indignatus</strong></span> <span class='ocrx_word' id='word_1_697' title='bbox 890 4584 979 4641; x_wconf 82' lang='lat' dir='ltr'><strong>ille</strong></span> <span class='ocrx_word' id='word_1_698' title='bbox 1019 4594 1184 4657; x_wconf 91' lang='lat' dir='ltr'><strong>atque</strong></span> <span class='ocrx_word' id='word_1_699' title='bbox 1226 4585 1519 4641; x_wconf 76' lang='lat' dir='ltr'><strong>iracundia:</strong></span> <span class='ocrx_word' id='word_1_700' title='bbox 1550 4585 1761 4642; x_wconf 87' lang='lat' dir='ltr'><strong>facibus</strong></span> 
     </span>
    </p>
   </div>
   <div class='ocr_carea' id='block_1_93' title="bbox 159 4658 1759 4749">
    <p class='ocr_par' dir='ltr' id='par_1_93' title="bbox 159 4658 1759 4749">
     <span class='ocr_line' id='line_1_93' title="bbox 159 4658 1759 4749; baseline 0.005 -23"><span class='ocrx_word' id='word_1_701' title='bbox 159 4658 571 4740; x_wconf 66' lang='lat' dir='ltr'><strong>inflammatus,</strong></span> <span class='ocrx_word' id='word_1_702' title='bbox 608 4685 968 4748; x_wconf 86' lang='lat' dir='ltr'><strong>paratusque,</strong></span> <span class='ocrx_word' id='word_1_703' title='bbox 1018 4677 1158 4733; x_wconf 87' lang='lat' dir='ltr'><strong>sicut</strong></span> <span class='ocrx_word' id='word_1_704' title='bbox 1185 4677 1455 4747; x_wconf 88' lang='lat' dir='ltr'><strong>apparuit,</strong></span> <span class='ocrx_word' id='word_1_705' title='bbox 1499 4677 1759 4749; x_wconf 88' lang='lat' dir='ltr'><strong>quidquid</strong></span> 
     </span>
    </p>
   </div>
   <div class='ocr_carea' id='block_1_94' title="bbox 171 4766 1759 4843">
    <p class='ocr_par' dir='ltr' id='par_1_94' title="bbox 171 4766 1759 4843">
     <span class='ocr_line' id='line_1_94' title="bbox 171 4766 1759 4843; baseline 0.003 -23"><span class='ocrx_word' id='word_1_706' title='bbox 171 4766 444 4835; x_wconf 90' lang='lat' dir='ltr'><strong>potuisset</strong></span> <span class='ocrx_word' id='word_1_707' title='bbox 477 4769 747 4840; x_wconf 87' lang='lat' dir='ltr'><strong>objicere,</strong></span> <span class='ocrx_word' id='word_1_708' title='bbox 795 4770 949 4843; x_wconf 90' lang='lat' dir='ltr'><strong>quasi</strong></span> <span class='ocrx_word' id='word_1_709' title='bbox 978 4786 1077 4843; x_wconf 91' lang='lat' dir='ltr'><strong>pro</strong></span> <span class='ocrx_word' id='word_1_710' title='bbox 1108 4770 1258 4842; x_wconf 89' lang='lat' dir='ltr'><strong>gravi</strong></span> <span class='ocrx_word' id='word_1_711' title='bbox 1303 4770 1530 4826; x_wconf 90' lang='lat' dir='ltr'><strong>crimine</strong></span> <span class='ocrx_word' id='word_1_712' title='bbox 1562 4770 1759 4836; x_wconf 90' lang='lat' dir='ltr'><strong>intulit,</strong></span> 
     </span>
    </p>
   </div>
   <div class='ocr_carea' id='block_1_95' title="bbox 173 4858 1761 4934">
    <p class='ocr_par' dir='ltr' id='par_1_95' title="bbox 173 4858 1761 4934">
     <span class='ocr_line' id='line_1_95' title="bbox 173 4858 1761 4934; baseline 0.005 -23"><span class='ocrx_word' id='word_1_713' title='bbox 173 4858 361 4913; x_wconf 86' lang='lat' dir='ltr'><strong>dicens</strong></span> <span class='ocrx_word' id='word_1_714' title='bbox 390 4876 404 4913; x_wconf 92' lang='lat'>:</span> <span class='ocrx_word' id='word_1_715' title='bbox 435 4876 454 4911; x_wconf 74' lang='grc' dir='ltr'><strong>ι</strong></span> <span class='ocrx_word' id='word_1_716' title='bbox 482 4859 675 4916; x_wconf 82' lang='lat' dir='ltr'><strong>Audivi</strong></span> <span class='ocrx_word' id='word_1_717' title='bbox 701 4862 991 4932; x_wconf 89' lang='lat' dir='ltr'><strong>aliquando</strong></span> <span class='ocrx_word' id='word_1_718' title='bbox 1015 4877 1046 4916; x_wconf 91' lang='lat' dir='ltr'><strong>a</strong></span> <span class='ocrx_word' id='word_1_719' title='bbox 1082 4862 1236 4918; x_wconf 90' lang='lat' dir='ltr'><strong>vobis</strong></span> <span class='ocrx_word' id='word_1_720' title='bbox 1266 4863 1550 4934; x_wconf 90' lang='lat' dir='ltr'><strong>ego,quod</strong></span> <span class='ocrx_word' id='word_1_721' title='bbox 1575 4879 1761 4919; x_wconf 87' lang='lat' dir='ltr'><strong>verum</strong></span> 
     </span>
    </p>
   </div>
   <div class='ocr_carea' id='block_1_96' title="bbox 172 4951 1760 5023">
    <p class='ocr_par' dir='ltr' id='par_1_96' title="bbox 172 4951 1760 5023">
     <span class='ocr_line' id='line_1_96' title="bbox 172 4951 1760 5023; baseline 0.004 -22"><span class='ocrx_word' id='word_1_722' title='bbox 172 4963 280 5004; x_wconf 89' lang='lat' dir='ltr'><strong>non</strong></span> <span class='ocrx_word' id='word_1_723' title='bbox 325 4959 447 5004; x_wconf 91' lang='lat' dir='ltr'><strong>erat</strong></span> <span class='ocrx_word' id='word_1_724' title='bbox 484 4951 611 5007; x_wconf 90' lang='lat' dir='ltr'><strong>dici.</strong></span> <span class='ocrx_word' id='word_1_725' title='bbox 641 4972 661 5005; x_wconf 76' lang='grc' dir='ltr'><strong>ι</strong></span> <span class='ocrx_word' id='word_1_726' title='bbox 708 4953 789 5008; x_wconf 80' lang='lat' dir='ltr'><strong>Ad</strong></span> <span class='ocrx_word' id='word_1_727' title='bbox 825 4953 941 5009; x_wconf 87' lang='lat' dir='ltr'><strong>hace</strong></span> <span class='ocrx_word' id='word_1_728' title='bbox 983 4956 1202 5008; x_wconf 71' lang='lat' dir='ltr'><strong>&quot;sanctus</strong></span> <span class='ocrx_word' id='word_1_729' title='bbox 1228 4954 1533 5023; x_wconf 85' lang='lat' dir='ltr'><strong>episcopus,</strong></span> <span class='ocrx_word' id='word_1_730' title='bbox 1573 4968 1760 5009; x_wconf 87' lang='lat' dir='ltr'><strong>coram</strong></span> 
     </span>
    </p>
   </div>
   <div class='ocr_carea' id='block_1_97' title="bbox 174 5045 1763 5125">
    <p class='ocr_par' dir='ltr' id='par_1_97' title="bbox 174 5045 1763 5125">
     <span class='ocr_line' id='line_1_97' title="bbox 174 5045 1763 5125; baseline 0.006 -28"><span class='ocrx_word' id='word_1_731' title='bbox 174 5045 389 5100; x_wconf 90' lang='lat' dir='ltr'><strong>cunctis</strong></span> <span class='ocrx_word' id='word_1_732' title='bbox 424 5047 513 5115; x_wconf 89' lang='lat' dir='ltr'><strong>qui</strong></span> <span class='ocrx_word' id='word_1_733' title='bbox 552 5046 776 5104; x_wconf 88' lang='lat' dir='ltr'><strong>aderant</strong></span> <span class='ocrx_word' id='word_1_734' title='bbox 807 5049 1059 5120; x_wconf 89' lang='lat' dir='ltr'><strong>(aderant</strong></span> <span class='ocrx_word' id='word_1_735' title='bbox 1097 5058 1277 5105; x_wconf 91' lang='lat' dir='ltr'><strong>autem</strong></span> <span class='ocrx_word' id='word_1_736' title='bbox 1310 5048 1521 5125; x_wconf 87' lang='lat' dir='ltr'><strong>diversi</strong></span> <span class='ocrx_word' id='word_1_737' title='bbox 1555 5050 1763 5106; x_wconf 88' lang='lat' dir='ltr'><strong>ordinis</strong></span> 
     </span>
    </p>
   </div>
   <div class='ocr_carea' id='block_1_98' title="bbox 176 5136 1765 5210">
    <p class='ocr_par' dir='ltr' id='par_1_98' title="bbox 176 5136 1765 5210">
     <span class='ocr_line' id='line_1_98' title="bbox 176 5136 1765 5210; baseline 0.007 -25"><span class='ocrx_word' id='word_1_738' title='bbox 176 5146 281 5187; x_wconf 89' lang='lat' dir='ltr'><strong>non</strong></span> <span class='ocrx_word' id='word_1_739' title='bbox 309 5136 487 5206; x_wconf 89' lang='lat' dir='ltr'><strong>pauci)</strong></span> <span class='ocrx_word' id='word_1_740' title='bbox 525 5137 879 5210; x_wconf 88' lang='lat' dir='ltr'><strong>interrogavit</strong></span> <span class='ocrx_word' id='word_1_741' title='bbox 924 5148 1108 5195; x_wconf 89' lang='lat' dir='ltr'><strong>utrum</strong></span> <span class='ocrx_word' id='word_1_742' title='bbox 1144 5155 1203 5195; x_wconf 90' lang='lat' dir='ltr'><strong>se</strong></span> <span class='ocrx_word' id='word_1_743' title='bbox 1231 5140 1488 5195; x_wconf 89' lang='lat' dir='ltr'><strong>scientem</strong></span> <span class='ocrx_word' id='word_1_744' title='bbox 1521 5142 1765 5197; x_wconf 87' lang='lat' dir='ltr'><strong>audisset</strong></span> 
     </span>
    </p>
   </div>
   <div class='ocr_carea' id='block_1_99' title="bbox 179 5228 1761 5303">
    <p class='ocr_par' dir='ltr' id='par_1_99' title="bbox 179 5228 1761 5303">
     <span class='ocr_line' id='line_1_99' title="bbox 179 5228 1761 5303; baseline 0.007 -26"><span class='ocrx_word' id='word_1_745' title='bbox 179 5228 485 5283; x_wconf 89' lang='lat' dir='ltr'><strong>mentitunt.</strong></span> <span class='ocrx_word' id='word_1_746' title='bbox 522 5228 674 5287; x_wconf 81' lang='lat' dir='ltr'><strong>Tunc</strong></span> <span class='ocrx_word' id='word_1_747' title='bbox 712 5230 828 5297; x_wconf 88' lang='lat' dir='ltr'><strong>ille,</strong></span> <span class='ocrx_word' id='word_1_748' title='bbox 862 5247 1175 5303; x_wconf 91' lang='lat' dir='ltr'><strong>quanquam</strong></span> <span class='ocrx_word' id='word_1_749' title='bbox 1208 5232 1411 5298; x_wconf 90' lang='lat' dir='ltr'><strong>iratus,</strong></span> <span class='ocrx_word' id='word_1_750' title='bbox 1452 5246 1761 5303; x_wconf 87' lang='lat' dir='ltr'><strong>quanquam</strong></span> 
     </span>
    </p>
   </div>
   <div class='ocr_carea' id='block_1_100' title="bbox 181 5310 1759 5393">
    <p class='ocr_par' dir='ltr' id='par_1_100' title="bbox 181 5310 1759 5393">
     <span class='ocr_line' id='line_1_100' title="bbox 181 5310 1759 5393; baseline 0.009 -30"><span class='ocrx_word' id='word_1_751' title='bbox 181 5310 363 5371; x_wconf 88' lang='lat' dir='ltr'><strong>furore</strong></span> <span class='ocrx_word' id='word_1_752' title='bbox 408 5317 666 5387; x_wconf 84' lang='lat' dir='ltr'><strong>repletus,</strong></span> <span class='ocrx_word' id='word_1_753' title='bbox 710 5319 955 5377; x_wconf 88' lang='lat' dir='ltr'><strong>veritatis</strong></span> <span class='ocrx_word' id='word_1_754' title='bbox 1001 5332 1181 5378; x_wconf 91' lang='lat' dir='ltr'><strong>tamen</strong></span> <span class='ocrx_word' id='word_1_755' title='bbox 1227 5321 1470 5392; x_wconf 87' lang='lat' dir='ltr'><strong>pondere</strong></span> <span class='ocrx_word' id='word_1_756' title='bbox 1514 5336 1759 5393; x_wconf 81' lang='lat' dir='ltr'><strong>pressus,</strong></span> 
     </span>
    </p>
   </div>
   <div class='ocr_carea' id='block_1_101' title="bbox 258 5446 1761 5527">
    <p class='ocr_par' dir='ltr' id='par_1_101' title="bbox 258 5446 1761 5527">
     <span class='ocr_line' id='line_1_101' title="bbox 258 5446 1761 5527; baseline 0.006 -25"><span class='ocrx_word' id='word_1_757' title='bbox 258 5446 364 5527; x_wconf 36' lang='lat'><strong>‘23)</strong></span> <span class='ocrx_word' id='word_1_758' title='bbox 396 5446 727 5527; x_wconf 83' lang='lat' dir='ltr'><strong>_Floruer_unt</strong></span> <span class='ocrx_word' id='word_1_759' title='bbox 751 5449 854 5527; x_wconf 83' lang='lat' dir='ltr'><strong>isto</strong></span> <span class='ocrx_word' id='word_1_760' title='bbox 882 5451 1318 5527; x_wconf 74' lang='lat' dir='ltr'><strong>temporeGuigo</strong></span> <span class='ocrx_word' id='word_1_761' title='bbox 1342 5453 1761 5527; x_wconf 74' lang='lat' dir='ltr'><strong>crassus,_ﬁl_ius</strong></span> 
     </span>
    </p>
   </div>
   <div class='ocr_carea' id='block_1_102' title="bbox 179 5512 1755 5596">
    <p class='ocr_par' dir='ltr' id='par_1_102' title="bbox 179 5512 1755 5596">
     <span class='ocr_line' id='line_1_102' title="bbox 179 5512 1755 5596; baseline 0.004 -23"><span class='ocrx_word' id='word_1_762' title='bbox 179 5512 441 5596; x_wconf 62' lang='lat' dir='ltr'><strong>Guigonis</strong></span> <span class='ocrx_word' id='word_1_763' title='bbox 468 5517 688 5596; x_wconf 72' lang='lat' dir='ltr'><strong>veteris,</strong></span> <span class='ocrx_word' id='word_1_764' title='bbox 715 5524 805 5596; x_wconf 84' lang='lat' dir='ltr'><strong>qui</strong></span> <span class='ocrx_word' id='word_1_765' title='bbox 833 5531 885 5577; x_wconf 93' lang='lat' dir='ltr'><strong>et</strong></span> <span class='ocrx_word' id='word_1_766' title='bbox 912 5512 1094 5596; x_wconf 81' lang='lat' dir='ltr'><strong>comes</strong></span> <span class='ocrx_word' id='word_1_767' title='bbox 1117 5512 1465 5596; x_wconf 53' lang='lat' dir='ltr'><strong>Albo‘itensis,</strong></span> <span class='ocrx_word' id='word_1_768' title='bbox 1496 5535 1558 5596; x_wconf 17' lang='lat' dir='ltr'><strong>et,</strong></span> <span class='ocrx_word' id='word_1_769' title='bbox 1577 5512 1755 5596; x_wconf 71' lang='lat' dir='ltr'><strong>Cuigo</strong></span> 
     </span>
    </p>
   </div>
   <div class='ocr_carea' id='block_1_103' title="bbox 180 5588 1757 5663">
    <p class='ocr_par' dir='ltr' id='par_1_103' title="bbox 180 5588 1757 5663">
     <span class='ocr_line' id='line_1_103' title="bbox 180 5588 1757 5663; baseline 0.008 -23"><span class='ocrx_word' id='word_1_770' title='bbox 180 5588 747 5663; x_wconf 57' lang='lat' dir='ltr'><strong>comesForestensis,</strong></span> <span class='ocrx_word' id='word_1_771' title='bbox 771 5593 837 5647; x_wconf 88' lang='lat' dir='ltr'><strong>de</strong></span> <span class='ocrx_word' id='word_1_772' title='bbox 864 5592 1059 5663; x_wconf 88' lang='lat' dir='ltr'><strong>quibus</strong></span> <span class='ocrx_word' id='word_1_773' title='bbox 1089 5595 1199 5663; x_wconf 86' lang='lat' dir='ltr'><strong>agit</strong></span> <span class='ocrx_word' id='word_1_774' title='bbox 1238 5588 1487 5651; x_wconf 39' lang='lat' dir='ltr'><strong>Nicolau&#39;s</strong></span> <span class='ocrx_word' id='word_1_775' title='bbox 1525 5588 1757 5652; x_wconf 70' lang='grc' dir='ltr'><strong>(21ιοὶιὲ-</strong></span> 
     </span>
    </p>
   </div>
   <div class='ocr_carea' id='block_1_104' title="bbox 183 5610 1758 5736">
    <p class='ocr_par' dir='ltr' id='par_1_104' title="bbox 183 5610 1758 5736">
     <span class='ocr_line' id='line_1_104' title="bbox 183 5610 1757 5663; baseline 0.008 -23"><span class='ocrx_word' id='word_1_776' title='bbox 183 5610 365 5642; x_wconf 79' lang='lat' dir='ltr'><strong>comes</strong></span> <span class='ocrx_word' id='word_1_777' title='bbox 384 5610 740 5656; x_wconf 73' lang='lat' dir='ltr'><strong>I&#39;OI&#39;CSICIISIS,</strong></span> <span class='ocrx_word' id='word_1_778' title='bbox 771 5610 837 5647; x_wconf 87' lang='lat' dir='ltr'><strong>ue</strong></span> <span class='ocrx_word' id='word_1_779' title='bbox 864 5610 1059 5663; x_wconf 77' lang='lat' dir='ltr'><strong>quibus</strong></span> <span class='ocrx_word' id='word_1_780' title='bbox 1089 5610 1116 5647; x_wconf 90' lang='lat' dir='ltr'><strong>a</strong></span> <span class='ocrx_word' id='word_1_781' title='bbox 1162 5610 1199 5647; x_wconf 89' lang='lat' dir='ltr'><strong>tt</strong></span> <span class='ocrx_word' id='word_1_782' title='bbox 1238 5610 1487 5651; x_wconf 79' lang='lat' dir='ltr'><strong>meetaus</strong></span> <span class='ocrx_word' id='word_1_783' title='bbox 1525 5610 1757 5652; x_wconf 68' lang='lat' dir='ltr'><strong>unone-</strong></span> 
     </span>
     <span class='ocr_line' id='line_1_105' title="bbox 183 5610 1758 5736; baseline 0.008 -27"><span class='ocrx_word' id='word_1_784' title='bbox 183 5659 320 5736; x_wconf 67' lang='lat' dir='ltr'><strong>ritts,</strong></span> <span class='ocrx_word' id='word_1_785' title='bbox 351 5659 440 5713; x_wconf 88' lang='lat' dir='ltr'><strong>lib.</strong></span> <span class='ocrx_word' id='word_1_786' title='bbox 474 5676 508 5713; x_wconf 89' lang='lat' dir='ltr'><strong>ll</strong></span> <span class='ocrx_word' id='word_1_787' title='bbox 556 5659 903 5736; x_wconf 58' lang='lat' dir='ltr'><strong>Delphinattts</strong></span> <span class='ocrx_word' id='word_1_788' title='bbox 952 5678 1074 5734; x_wconf 85' lang='lat' dir='ltr'><strong>pag.</strong></span> <span class='ocrx_word' id='word_1_789' title='bbox 1123 5610 1246 5719; x_wconf 59' lang='grc' dir='ltr'><strong>ξ97.</strong></span> <span class='ocrx_word' id='word_1_790' title='bbox 1291 5666 1360 5720; x_wconf 83' lang='lat' dir='ltr'><strong>At</strong></span> <span class='ocrx_word' id='word_1_791' title='bbox 1389 5667 1637 5736; x_wconf 85' lang='lat' dir='ltr'><strong>quisnam</strong></span> <span class='ocrx_word' id='word_1_792' title='bbox 1668 5666 1758 5723; x_wconf 85' lang='lat' dir='ltr'><strong>hic</strong></span> 
     </span>
    </p>
   </div>
   <div class='ocr_carea' id='block_1_105' title="bbox 182 5729 1758 5806">
    <p class='ocr_par' dir='ltr' id='par_1_105' title="bbox 182 5729 1758 5806">
     <span class='ocr_line' id='line_1_106' title="bbox 182 5729 1758 5806; baseline 0.005 -22"><span class='ocrx_word' id='word_1_793' title='bbox 182 5729 613 5802; x_wconf 68' lang='grc' dir='ltr'><strong>ἀντονομαστικῦῑ</strong></span> <span class='ocrx_word' id='word_1_794' title='bbox 660 5730 830 5803; x_wconf 84' lang='lat' dir='ltr'><strong>Guigo</strong></span> <span class='ocrx_word' id='word_1_795' title='bbox 867 5729 1050 5792; x_wconf 68' lang='lat' dir='ltr'><strong>comes</strong></span> <span class='ocrx_word' id='word_1_796' title='bbox 1103 5729 1419 5806; x_wconf 63' lang='lat' dir='ltr'><strong>apjn-llctnr,</strong></span> <span class='ocrx_word' id='word_1_797' title='bbox 1461 5738 1758 5805; x_wconf 69' lang='lat' dir='ltr'><strong>tlijtttliccnt</strong></span> 
     </span>
    </p>
   </div>
   <div class='ocr_carea' id='block_1_106' title="bbox 1866 4582 3451 4656">
    <p class='ocr_par' dir='ltr' id='par_1_106' title="bbox 1866 4582 3451 4656">
     <span class='ocr_line' id='line_1_107' title="bbox 1866 4582 3451 4656; baseline -0.005 -13"><span class='ocrx_word' id='word_1_798' title='bbox 1866 4587 2049 4643; x_wconf 88' lang='lat' dir='ltr'><strong>divina</strong></span> <span class='ocrx_word' id='word_1_799' title='bbox 2070 4589 2330 4652; x_wconf 88' lang='lat' dir='ltr'><strong>studium,</strong></span> <span class='ocrx_word' id='word_1_800' title='bbox 2362 4585 2428 4641; x_wconf 87' lang='lat' dir='ltr'><strong>ad</strong></span> <span class='ocrx_word' id='word_1_801' title='bbox 2457 4584 2760 4656; x_wconf 90' lang='lat' dir='ltr'><strong>hujusmodi</strong></span> <span class='ocrx_word' id='word_1_802' title='bbox 2784 4582 3172 4639; x_wconf 81' lang='lat' dir='ltr'><strong>délectationes</strong></span> <span class='ocrx_word' id='word_1_803' title='bbox 3198 4596 3339 4652; x_wconf 91' lang='lat' dir='ltr'><strong>pene</strong></span> <span class='ocrx_word' id='word_1_804' title='bbox 3367 4582 3451 4635; x_wconf 85' lang='lat' dir='ltr'><strong>fe-</strong></span> 
     </span>
    </p>
   </div>
   <div class='ocr_carea' id='block_1_107' title="bbox 1869 4668 3447 4746">
    <p class='ocr_par' dir='ltr' id='par_1_107' title="bbox 1869 4668 3447 4746">
     <span class='ocr_line' id='line_1_108' title="bbox 1869 4668 3447 4746; baseline -0.005 -14"><span class='ocrx_word' id='word_1_805' title='bbox 1869 4676 2494 4746; x_wconf 90' lang='lat' dir='ltr'><strong>cerantinsensibilem),</strong></span> <span class='ocrx_word' id='word_1_806' title='bbox 2540 4674 2635 4731; x_wconf 93' lang='lat' dir='ltr'><strong>sed</strong></span> <span class='ocrx_word' id='word_1_807' title='bbox 2679 4682 2738 4728; x_wconf 92' lang='lat' dir='ltr'><strong>ut</strong></span> <span class='ocrx_word' id='word_1_808' title='bbox 2783 4672 2867 4728; x_wconf 89' lang='lat' dir='ltr'><strong>sui</strong></span> <span class='ocrx_word' id='word_1_809' title='bbox 2902 4672 3121 4728; x_wconf 88' lang='lat' dir='ltr'><strong>habitus</strong></span> <span class='ocrx_word' id='word_1_810' title='bbox 3167 4682 3223 4726; x_wconf 91' lang='lat' dir='ltr'><strong>et</strong></span> <span class='ocrx_word' id='word_1_811' title='bbox 3269 4668 3447 4733; x_wconf 78' lang='lat' dir='ltr'><strong>ollicii,</strong></span> 
     </span>
    </p>
   </div>
   <div class='ocr_carea' id='block_1_108' title="bbox 1867 4764 3451 4840">
    <p class='ocr_par' dir='ltr' id='par_1_108' title="bbox 1867 4764 3451 4840">
     <span class='ocr_line' id='line_1_109' title="bbox 1867 4764 3451 4840; baseline -0.006 -16"><span class='ocrx_word' id='word_1_812' title='bbox 1867 4769 2080 4840; x_wconf 86' lang='lat' dir='ltr'><strong>qualem</strong></span> <span class='ocrx_word' id='word_1_813' title='bbox 2109 4768 2354 4835; x_wconf 88' lang='lat' dir='ltr'><strong>decebat,</strong></span> <span class='ocrx_word' id='word_1_814' title='bbox 2388 4767 2757 4822; x_wconf 88' lang='lat' dir='ltr'><strong>maturitatem</strong></span> <span class='ocrx_word' id='word_1_815' title='bbox 2780 4764 3239 4831; x_wconf 88' lang='lat' dir='ltr'><strong>sevcritatemque</strong></span> <span class='ocrx_word' id='word_1_816' title='bbox 3264 4776 3451 4816; x_wconf 84' lang='lat' dir='ltr'><strong>serva-</strong></span> 
     </span>
    </p>
   </div>
   <div class='ocr_carea' id='block_1_109' title="bbox 1869 4855 3450 4928">
    <p class='ocr_par' dir='ltr' id='par_1_109' title="bbox 1869 4855 3450 4928">
     <span class='ocr_line' id='line_1_110' title="bbox 1869 4855 3450 4928; baseline -0.005 -11"><span class='ocrx_word' id='word_1_817' title='bbox 1869 4871 1985 4928; x_wconf 89' lang='lat' dir='ltr'><strong>ret;</strong></span> <span class='ocrx_word' id='word_1_818' title='bbox 2019 4870 2074 4916; x_wconf 90' lang='lat' dir='ltr'><strong>et</strong></span> <span class='ocrx_word' id='word_1_819' title='bbox 2096 4871 2284 4917; x_wconf 90' lang='lat' dir='ltr'><strong>contra</strong></span> <span class='ocrx_word' id='word_1_820' title='bbox 2320 4858 2607 4915; x_wconf 89' lang='lat' dir='ltr'><strong>inveterati</strong></span> <span class='ocrx_word' id='word_1_821' title='bbox 2642 4857 2813 4914; x_wconf 90' lang='lat' dir='ltr'><strong>hostis</strong></span> <span class='ocrx_word' id='word_1_822' title='bbox 2839 4855 3087 4924; x_wconf 88' lang='lat' dir='ltr'><strong>insidias,</strong></span> <span class='ocrx_word' id='word_1_823' title='bbox 3119 4856 3450 4924; x_wconf 77' lang='lat' dir='ltr'><strong>circumSpe-</strong></span> 
     </span>
    </p>
   </div>
   <div class='ocr_carea' id='block_1_110' title="bbox 1868 4948 3448 5023">
    <p class='ocr_par' dir='ltr' id='par_1_110' title="bbox 1868 4948 3448 5023">
     <span class='ocr_line' id='line_1_111' title="bbox 1868 4948 3448 5023; baseline -0.006 -14"><span class='ocrx_word' id='word_1_824' title='bbox 1868 4954 2067 5010; x_wconf 89' lang='lat' dir='ltr'><strong>ctionis</strong></span> <span class='ocrx_word' id='word_1_825' title='bbox 2112 4953 2540 5021; x_wconf 84' lang='lat' dir='ltr'><strong>infirmioribus,</strong></span> <span class='ocrx_word' id='word_1_826' title='bbox 2601 4967 2721 5023; x_wconf 70' lang='lat' dir='ltr'><strong>qua:</strong></span> <span class='ocrx_word' id='word_1_827' title='bbox 2770 4956 3159 5020; x_wconf 90' lang='lat' dir='ltr'><strong>sequerentur,</strong></span> <span class='ocrx_word' id='word_1_828' title='bbox 3204 4948 3448 5017; x_wconf 77' lang='lat' dir='ltr'><strong>exempla</strong></span> 
     </span>
    </p>
   </div>
   <div class='ocr_carea' id='block_1_111' title="bbox 1866 5042 3449 5114">
    <p class='ocr_par' dir='ltr' id='par_1_111' title="bbox 1866 5042 3449 5114">
     <span class='ocr_line' id='line_1_112' title="bbox 1866 5042 3449 5114; baseline -0.004 -12"><span class='ocrx_word' id='word_1_829' title='bbox 1866 5055 2225 5113; x_wconf 90' lang='lat' dir='ltr'><strong>monstraret;</strong></span> <span class='ocrx_word' id='word_1_830' title='bbox 2253 5047 2453 5103; x_wconf 90' lang='lat' dir='ltr'><strong>docens</strong></span> <span class='ocrx_word' id='word_1_831' title='bbox 2499 5060 2606 5102; x_wconf 90' lang='lat' dir='ltr'><strong>non</strong></span> <span class='ocrx_word' id='word_1_832' title='bbox 2625 5044 2821 5100; x_wconf 89' lang='lat' dir='ltr'><strong>debere</strong></span> <span class='ocrx_word' id='word_1_833' title='bbox 2842 5056 3167 5114; x_wconf 89' lang='lat' dir='ltr'><strong>quemquam</strong></span> <span class='ocrx_word' id='word_1_834' title='bbox 3190 5042 3255 5097; x_wconf 74' lang='lat' dir='ltr'><strong>de</strong></span> <span class='ocrx_word' id='word_1_835' title='bbox 3276 5056 3449 5111; x_wconf 70' lang='lat' dir='ltr'><strong>quan-</strong></span> 
     </span>
    </p>
   </div>
   <div class='ocr_carea' id='block_1_112' title="bbox 1867 5138 3449 5211">
    <p class='ocr_par' dir='ltr' id='par_1_112' title="bbox 1867 5138 3449 5211">
     <span class='ocr_line' id='line_1_113' title="bbox 1867 5138 3449 5211; baseline -0.006 -14"><span class='ocrx_word' id='word_1_836' title='bbox 1867 5141 2055 5197; x_wconf 91' lang='lat' dir='ltr'><strong>talibet</strong></span> <span class='ocrx_word' id='word_1_837' title='bbox 2094 5141 2329 5211; x_wconf 88' lang='lat' dir='ltr'><strong>puritate</strong></span> <span class='ocrx_word' id='word_1_838' title='bbox 2373 5139 2455 5196; x_wconf 87' lang='lat' dir='ltr'><strong>vel</strong></span> <span class='ocrx_word' id='word_1_839' title='bbox 2500 5138 2758 5193; x_wconf 84' lang='lat' dir='ltr'><strong>firmitate</strong></span> <span class='ocrx_word' id='word_1_840' title='bbox 2803 5150 3165 5207; x_wconf 64' lang='lat' dir='ltr'><strong>praesumere,</strong></span> <span class='ocrx_word' id='word_1_841' title='bbox 3221 5149 3343 5190; x_wconf 91' lang='lat' dir='ltr'><strong>cum</strong></span> <span class='ocrx_word' id='word_1_842' title='bbox 3393 5143 3449 5188; x_wconf 92' lang='lat' dir='ltr'><strong>et</strong></span> 
     </span>
    </p>
   </div>
   <div class='ocr_carea' id='block_1_113' title="bbox 1868 5227 3448 5297">
    <p class='ocr_par' dir='ltr' id='par_1_113' title="bbox 1868 5227 3448 5297">
     <span class='ocr_line' id='line_1_114' title="bbox 1868 5227 3448 5297; baseline -0.006 -11"><span class='ocrx_word' id='word_1_843' title='bbox 1868 5230 2052 5297; x_wconf 87' lang='lat' dir='ltr'><strong>homo,</strong></span> <span class='ocrx_word' id='word_1_844' title='bbox 2088 5238 2319 5285; x_wconf 90' lang='lat' dir='ltr'><strong>testante</strong></span> <span class='ocrx_word' id='word_1_845' title='bbox 2348 5227 2469 5294; x_wconf 90' lang='lat' dir='ltr'><strong>Job,</strong></span> <span class='ocrx_word' id='word_1_846' title='bbox 2510 5228 2566 5283; x_wconf 90' lang='lat' dir='ltr'><strong>in</strong></span> <span class='ocrx_word' id='word_1_847' title='bbox 2597 5228 2786 5283; x_wconf 90' lang='lat' dir='ltr'><strong>eodem</strong></span> <span class='ocrx_word' id='word_1_848' title='bbox 2814 5237 2958 5284; x_wconf 85' lang='lat' dir='ltr'><strong>statu</strong></span> <span class='ocrx_word' id='word_1_849' title='bbox 2993 5242 3101 5282; x_wconf 91' lang='lat' dir='ltr'><strong>non</strong></span> <span class='ocrx_word' id='word_1_850' title='bbox 3137 5233 3448 5297; x_wconf 86' lang='lat' dir='ltr'><strong>perseveret</strong></span> 
     </span>
    </p>
   </div>
   <div class='ocr_carea' id='block_1_114' title="bbox 1867 5315 3445 5395">
    <p class='ocr_par' dir='ltr' id='par_1_114' title="bbox 1867 5315 3445 5395">
     <span class='ocr_line' id='line_1_115' title="bbox 1867 5315 3445 5395; baseline -0.004 -19"><span class='ocrx_word' id='word_1_851' title='bbox 1867 5321 2012 5395; x_wconf 85' lang='lat' dir='ltr'><strong>(Job.</strong></span> <span class='ocrx_word' id='word_1_852' title='bbox 2042 5336 2158 5389; x_wconf 70' lang='lat' dir='ltr'><strong>XIV,</strong></span> <span class='ocrx_word' id='word_1_853' title='bbox 2186 5321 2274 5393; x_wconf 77' lang='lat'><strong>2);</strong></span> <span class='ocrx_word' id='word_1_854' title='bbox 2308 5331 2361 5377; x_wconf 90' lang='lat' dir='ltr'><strong>et</strong></span> <span class='ocrx_word' id='word_1_855' title='bbox 2389 5320 2733 5379; x_wconf 88' lang='lat' dir='ltr'><strong>adversarius</strong></span> <span class='ocrx_word' id='word_1_856' title='bbox 2764 5321 3025 5394; x_wconf 84' lang='lat' dir='ltr'><strong>rugiendo</strong></span> <span class='ocrx_word' id='word_1_857' title='bbox 3057 5320 3198 5377; x_wconf 87' lang='lat' dir='ltr'><strong>sicut</strong></span> <span class='ocrx_word' id='word_1_858' title='bbox 3225 5318 3307 5374; x_wconf 90' lang='lat' dir='ltr'><strong>leo</strong></span> <span class='ocrx_word' id='word_1_859' title='bbox 3336 5315 3445 5371; x_wconf 82' lang='lat' dir='ltr'><strong>cir-</strong></span> 
     </span>
    </p>
   </div>
   <div class='ocr_carea' id='block_1_115' title="bbox 1866 5453 1978 5509">
    <p class='ocr_par' dir='ltr' id='par_1_115' title="bbox 1866 5453 1978 5509">
     <span class='ocr_line' id='line_1_116' title="bbox 1866 5453 1978 5509; baseline -0.027 0"><span class='ocrx_word' id='word_1_860' title='bbox 1866 5453 1978 5509; x_wconf 87' lang='lat' dir='ltr'><strong>alii.</strong></span> 
     </span>
    </p>
   </div>
   <div class='ocr_carea' id='block_1_116' title="bbox 1940 5513 3441 5647">
    <p class='ocr_par' dir='ltr' id='par_1_116' title="bbox 1940 5513 3441 5647">
     <span class='ocr_line' id='line_1_117' title="bbox 1940 5513 3441 5647; baseline -0.006 -70"><span class='ocrx_word' id='word_1_861' title='bbox 1940 5522 2053 5647; x_wconf 49' lang='lat'><strong>(:24)</strong></span> <span class='ocrx_word' id='word_1_862' title='bbox 2092 5522 2287 5588; x_wconf 88' lang='lat' dir='ltr'><strong>Guido,</strong></span> <span class='ocrx_word' id='word_1_863' title='bbox 2315 5538 2345 5578; x_wconf 91' lang='lat' dir='ltr'><strong>e</strong></span> <span class='ocrx_word' id='word_1_864' title='bbox 2374 5522 2690 5608; x_wconf 72' lang='lat' dir='ltr'><strong>noblissima</strong></span> <span class='ocrx_word' id='word_1_865' title='bbox 2717 5522 2977 5578; x_wconf 87' lang='lat' dir='ltr'><strong>comitum</strong></span> <span class='ocrx_word' id='word_1_866' title='bbox 3016 5516 3335 5599; x_wconf 68' lang='lat' dir='ltr'><strong>Burgundim</strong></span> <span class='ocrx_word' id='word_1_867' title='bbox 3361 5513 3441 5599; x_wconf 79' lang='lat' dir='ltr'><strong>fa-</strong></span> 
     </span>
     <span class='ocr_line' id='line_1_118' title="bbox 1967 5586 3441 5647; baseline -0.005 0"><span class='ocrx_word' id='word_1_868' title='bbox 1967 5610 2036 5647; x_wconf 88' lang='lat' dir='ltr'><strong>ta.</strong></span> <span class='ocrx_word' id='word_1_869' title='bbox 2060 5604 2273 5647; x_wconf 87' lang='lat' dir='ltr'><strong>creatus</strong></span> <span class='ocrx_word' id='word_1_870' title='bbox 2290 5594 2727 5647; x_wconf 79' lang='lat' dir='ltr'><strong>archteotsconus</strong></span> <span class='ocrx_word' id='word_1_871' title='bbox 2748 5607 2886 5647; x_wconf 88' lang='lat' dir='ltr'><strong>anno</strong></span> <span class='ocrx_word' id='word_1_872' title='bbox 2910 5591 3067 5647; x_wconf 80' lang='lat' dir='ltr'><strong>l085.</strong></span> <span class='ocrx_word' id='word_1_873' title='bbox 3092 5591 3213 5643; x_wconf 82' lang='lat' dir='ltr'><strong>dein</strong></span> <span class='ocrx_word' id='word_1_874' title='bbox 3239 5586 3441 5647; x_wconf 80' lang='lat' dir='ltr'><strong>legatus</strong></span> 
     </span>
    </p>
   </div>
   <div class='ocr_carea' id='block_1_117' title="bbox 1866 5586 3447 5664">
    <p class='ocr_par' dir='ltr' id='par_1_117' title="bbox 1866 5586 3447 5664">
     <span class='ocr_line' id='line_1_119' title="bbox 1866 5586 3447 5664; baseline -0.009 -14"><span class='ocrx_word' id='word_1_875' title='bbox 1866 5586 2046 5659; x_wconf 64' lang='lat' dir='ltr'><strong>milia,</strong></span> <span class='ocrx_word' id='word_1_876' title='bbox 2060 5586 2727 5664; x_wconf 36' lang='lat' dir='ltr'><strong>creattts&#39;archiepismpus</strong></span> <span class='ocrx_word' id='word_1_877' title='bbox 2748 5607 2886 5664; x_wconf 86' lang='lat' dir='ltr'><strong>anno</strong></span> <span class='ocrx_word' id='word_1_878' title='bbox 2903 5591 3067 5664; x_wconf 14' lang='lat'><strong>71983,</strong></span> <span class='ocrx_word' id='word_1_879' title='bbox 3092 5586 3224 5664; x_wconf 58' lang='lat' dir='ltr'><strong>dein</strong></span> <span class='ocrx_word' id='word_1_880' title='bbox 3234 5586 3447 5664; x_wconf 75' lang='lat' dir='ltr'><strong>legatus</strong></span> 
     </span>
    </p>
   </div>
   <div class='ocr_carea' id='block_1_118' title="bbox 1867 5652 3447 5734">
    <p class='ocr_par' dir='ltr' id='par_1_118' title="bbox 1867 5652 3447 5734">
     <span class='ocr_line' id='line_1_120' title="bbox 1867 5652 3447 5734; baseline -0.004 -15"><span class='ocrx_word' id='word_1_881' title='bbox 1867 5652 2219 5733; x_wconf 70' lang='lat' dir='ltr'><strong>apostolicus,</strong></span> <span class='ocrx_word' id='word_1_882' title='bbox 2248 5680 2382 5734; x_wconf 89' lang='lat' dir='ltr'><strong>papa</strong></span> <span class='ocrx_word' id='word_1_883' title='bbox 2403 5652 2611 5720; x_wconf 74' lang='lat' dir='ltr'><strong>elecms</strong></span> <span class='ocrx_word' id='word_1_884' title='bbox 2627 5652 2716 5719; x_wconf 61' lang='lat' dir='ltr'><strong>&#39;est</strong></span> <span class='ocrx_word' id='word_1_885' title='bbox 2740 5679 2831 5719; x_wconf 91' lang='lat' dir='ltr'><strong>an.</strong></span> <span class='ocrx_word' id='word_1_886' title='bbox 2860 5659 3016 5728; x_wconf 73' lang='lat' dir='ltr'><strong>1H9,</strong></span> <span class='ocrx_word' id='word_1_887' title='bbox 3046 5652 3101 5717; x_wconf 82' lang='lat' dir='ltr'><strong>et</strong></span> <span class='ocrx_word' id='word_1_888' title='bbox 3134 5652 3373 5715; x_wconf 68' lang='lat' dir='ltr'><strong>Calixtus</strong></span> <span class='ocrx_word' id='word_1_889' title='bbox 3399 5652 3447 5713; x_wconf 84' lang='grc' dir='ltr'><strong>ιι</strong></span> 
     </span>
    </p>
   </div>
   <div class='ocr_carea' id='block_1_119' title="bbox 1867 5734 2661 5805">
    <p class='ocr_par' dir='ltr' id='par_1_119' title="bbox 1867 5734 2661 5805">
     <span class='ocr_line' id='line_1_121' title="bbox 1867 5734 2661 5805; baseline -0.005 -14"><span class='ocrx_word' id='word_1_890' title='bbox 1867 5736 2064 5805; x_wconf 87' lang='lat' dir='ltr'><strong>dictus,</strong></span> <span class='ocrx_word' id='word_1_891' title='bbox 2097 5746 2343 5793; x_wconf 86' lang='lat' dir='ltr'><strong>mortuus</strong></span> <span class='ocrx_word' id='word_1_892' title='bbox 2376 5752 2465 5791; x_wconf 91' lang='lat' dir='ltr'><strong>an.</strong></span> <span class='ocrx_word' id='word_1_893' title='bbox 2502 5734 2661 5789; x_wconf 64' lang='lat' dir='ltr'><strong>H24.</strong></span> 
     </span>
    </p>
   </div>
  </div>
