3984 6412
530 312 662 385 ,πε

1362 310 1698 370 CUIGONIS
1740 310 1758 366 l
1797 307 2219 370 CAR'l‘l-lUSlAS
2262 307 2555 366 LIAJORIS
2592 307 2868 368 PBlOlllS
2906 308 2948 367 ν
3711 320 3777 374 .ἳῖ

521 424 523 427 ·
553 427 840 490 ειιωεθηε,
896 431 1107 494 qum-at
1161 424 1282 481 sine
1347 426 1652 482 cessatione
1705 439 1868 496 quem
1918 425 2143 480 devoret
2170 437 2214 486 Α
2247 421 2395 477 tione
2434 422 2551 478 haec
2589 421 2704 494 ipsa
2735 437 2836 493 pro
2867 423 3136 494 personis,
3181 425 3410 495 viribus,
3459 428 3746 490 alectibus
3767 449 3816 491 e:

558 518 612 592 tl
647 514 794 573 Petr.
823 531 876 583 γ,
917 516 1010 586 8);
1046 515 1214 569 David
1244 524 1300 572 et
1335 514 1678 572 Salomonem
1712 532 1811 587 pro
1838 515 2012 572 oculis
2036 530 2137 587 p0-

555 611 758 674 nendo,
799 624 1052 679 quorum,
1097 610 1222 678 quia
1253 623 1312 682 se
1353 609 1501 664 circa
1541 607 1798 665 mulieres
1840 608 2140 666 exhibuere.

554 703 830 768 licentius,
861 706 998 757 alter
1029 717 1095 757 ex
1129 715 1338 756 summa
1371 700 1679 756 innocentia
1723 701 1783 770 in
1807 701 2135 756 adulterium

556 796 755 852 decidit
778 804 832 851 et
855 794 1238 861 homicidium;
1270 792 1410 848 alter
1434 792 1500 850 de
1533 792 1818 863 sapientia,
1848 808 1955 865 qua
1986 808 2140 849 mor-

547 871 693 944 tales
725 895 948 942 cunctos
983 893 1314 952 excesserat,
1344 885 1400 940 in
1437 883 1757 940 servitutem
1795 900 1967 956 usque
1997 885 2139 940 desi-

556 981 678 1050 puit
713 979 998 1034 idolorum.
1041 975 1316 1032 Desideria
1347 991 1509 1047 porro
1549 977 1775 1043 ventris
1807 985 1862 1032 et
1899 978 2136 1048 gutturis

521 1059 645 1126 ‘vir
681 1072 870 1126 beatus
921 1069 1176 1128 instantia
1219 1078 1424 1138 quanta
1471 1069 1812 1138 represserit,
1861 1083 1952 1125 res
1991 1068 2134 1140 ipsa,

525 1180 529 1181 ί
555 1161 853 1216 tacentibus
885 1159 1057 1221 nobis,
1091 1159 1420 1234 certioribus
1451 1160 1648 1230 probat
1668 1159 1905 1215 indiciis.
1928 1159 2135 1231 Capitis

554 1266 788 1320 namque
820 1249 1035 1306 dolores
1063 1259 1118 1306 et
1141 1249 1430 1317 stomachi,
1455 1250 1539 1306 his
1567 1250 1803 1306 maxime
1829 1252 1998 1307 creati
2026 1261 2137 1307 stu-

533 1343 678 1408 ‘diis,
709 1343 841 1399 satis
863 1352 918 1398 et
956 1358 1118 1413 super
1147 1343 1280 1400 satis
1318 1358 1442 1400 eum
1481 1344 1550 1400 ab
1581 1343 1948 1416 hujuscemodi
1983 1363 2137 1402 mou-

549 1451 730 1518 strant
757 1440 1088 1498 abstinuisse
1123 1439 1358 1511 deliciis.)

1173 1549 1407 1608 CAPUT
1444 1549 1513 1606 V.

517 1626 526 1703 ί
554 1641 912 1716 Eleemoryme
936 1616 1114 1716 factm,
1155 1659 1389 1698 munera;
1416 1651 1610 1714 spreta,
1642 1642 1867 1716 dissidt'a
1894 1642 2132 1716 sublate,

592 1713 888 1779 caucimies,
903 1713 1193 1788 auctoritas
1207 1713 1528 1788 summorum
1544 1715 1852 1784 pontiﬁcum
1867 1715 2102 1784 defensa.

2241 511 2588 568 facultatibus
2635 514 2956 584 dispensare
3001 517 3196 574 solitus
3235 529 3378 587 erat,
3430 535 3710 594 quamque
3742 541 3818 584 sa-

2239 609 2450 679 pienter
2473 619 2529 667 et
2549 607 2732 666 sobrie
2760 623 2849 664 res
2873 624 3002 666 suas
3032 612 3087 666 in
3113 625 3340 671 suorum
3367 623 3422 669 et
3451 629 3590 671 suos
3615 618 3816 687 spirita-

2239 700 2319 757 les
2342 709 2397 757 et
2423 700 2739 772 corporales
2760 717 2912 768 usus,
2950 717 3054 758 nec
3084 718 3191 759 non
3216 714 3272 760 et
3298 721 3614 776 pauperum
3647 710 3815 768 solatia

2237 789 2604 863 distribuerit,
2627 792 2736 846 erit
2763 792 2984 863 quidem
3010 809 3115 848 non
3144 793 3322 852 solum
3349 800 3675 856 sanctitatis
3699 803 3816 872 ejus,

2237 882 2332 938 sed
2373 892 2430 938 et
2471 882 2708 938 solertiae
2748 885 3665 947 documentumevidentissimum
3692 907 3709 946 :
3738 897 3816 952 sed

2237 973 2456 1030 lectoris
2498 973 2759 1031 debemus
2805 975 2979 1032 vitare
3029 977 3328 1035 fastidium.
3374 979 3516 1038 lllud
3557 998 3694 1040 sane
3727 1002 3818 1057 quo

2237 1074 2396 1135 pacto
2437 1067 2719 1136 praeterire
2756 1081 3066 1138 possumus,
3100 1069 3233 1140 quin
3276 1070 3363 1126 vel
3392 1071 3652 1130 breviter
3677 1080 3820 1133 attin-

2237 1172 2450 1226 gamus,
2482 1160 2625 1229 quod
2650 1176 2773 1216 cum
2803 1159 3246 1230 frequentissime
3285 1177 3516 1219 suorum
3547 1176 3609 1222 et
3641 1167 3819 1226 alieno-

2210 1249 2212 1251 ’
2238 1261 2358 1301 rum
2386 1263 2581 1306 causas
2602 1251 2907 1307 mundanas
2928 1262 2984 1307 et
3004 1252 3412 1310 ecclesiasticas
3437 1256 3683 1324 audiret,
3705 1272 3819 1318 vcs-

2239 1339 2439 1405 tilaret,
2475 1343 2827 1410 terminaret;
2867 1359 3102 1414 cumque
3130 1344 3182 1399 in
3222 1346 3462 1403 subditis
3491 1348 3599 1405 sibi
3633 1351 3821 1410 clericis

2236 1443 2335 1500 per
2359 1440 2467 1485 tam
2487 1431 2754 1502 prolixum
2778 1432 2905 1487 vita:
2925 1434 3160 1505 spatium
3185 1435 3349 1491 toties
3366 1443 3818 1512 consecratione,

2217 1520 2684 1593 ‘degradatioues,
2722 1524 3216 1595 reconciliationes,
3257 1542 3356 1598 pro
3385 1545 3821 1601 personante;

2237 1616 2596 1672 ecclesiarum
2625 1617 3066 1688 competentibus
3093 1620 3274 1674 causis
3303 1629 3362 1676 et
3385 1622 3818 1692 necessitatibus,

2237 1707 2557 1771 celebraret,
2575 1723 2770 1762 manus
2783 1724 2911 1778 suas
2927 1717 3108 1765 tamen
3126 1710 3196 1765 ab
3209 1711 3382 1778 omni,
3397 1716 3711 1771 secundum
3721 1734 3821 1788 pro-

625 1797 714 1858 l9.
751 1797 1120 1872 Eleemosynae
1143 1816 1273 1857 sane
1299 1800 1401 1858 fuit
1423 1811 1476 1857 et
1502 1818 1599 1874 per
1624 1817 1686 1857 se
1718 1802 1948 1873 diligens
1972 1817 2128 1856 exse~
2165 1805 2209 1863 Β
2240 1799 2514 1869 pheticum
2542 1801 2896 1869 praeconium,
2923 1803 3166 1857 excussit
3195 1819 3422 1860 munere
3450 1804 3620 1876 (hci,
3647 1824 3818 1873 xum,

551 1901 731 1958 cutor,
749 1900 807 1948 et
830 1893 883 1948 in
907 1893 1028 1950 aliis
1055 1890 1221 1949 etiam
1245 1893 1486 1970 fervidus
1508 1894 1866 1961 exhortator;
1892 1892 2136 1964 exceptis

545 1987 697 2045 enim
738 1987 930 2043 domus
979 2000 1091 2041 sua:
1129 1986 1392 2040 duntaxat
1433 1983 1890 2049 necessitatibus,
1938 1993 2132 2039 cuncta

547 2093 714 2152 pene,
744 2093 866 2148 quae
897 2075 1154 2146 consequi
1184 2085 1416 2148 poterat,
1451 2091 1556 2131 non
1593 2076 1644 2130 iu
1682 2077 1970 2132 thesauros
2003 2090 2136 2130 con-

551 2169 798 2241 gerebat,
819 2176 1159 2239 posterorum
1185 2164 1268 2220 vel
1294 2162 1610 2237 dissipanda
1633 2164 1843 2230 litibus,
1887 2163 1970 2220 vel
2001 2179 2130 2220 con-

549 2261 816 2317 sumenda
846 2259 1084 2325 luxibus,
1113 2259 1208 2313 sed
1235 2257 1416 2314 sciens
1439 2257 1570 2312 illud
1602 2256 1843 2328 Apostoli
1878 2273 1894 2312 :
1931 2274 1951 2309 ι
1983 2255 2134 2312 llila-

551 2367 669 2410 rem
700 2356 943 2410 datorem
965 2351 1141 2423 diligit
1164 2351 1307 2406 Deus
1337 2348 1422 2422 (ll
1447 2347 1572 2404 Cor.
1602 2365 1683 2416 rx,
1711 2349 1787 2420 7),
1811 2368 1830 2401 ι
1857 2349 2134 2405 distribuit

551 2447 707 2502 laetus
736 2447 1040 2517 egentibus.
1072 2443 1316 2514 Denique
1337 2443 1565 2498 annulus
1592 2458 1790 2498 aureos
1811 2451 1864 2498 et
1888 2457 2134 2514 gemma-

552 2551 662 2604 tos,
689 2537 918 2594 calicem
954 2536 1118 2592 etiam
1151 2533 1406 2591 similiter
1435 2548 1659 2588 aureum
1693 2533 1958 2597 vendidit,
1997 2541 2133 2590 tern-

550 2645 686 2702 pore
710 2644 917 2700 magna:
946 2627 1127 2690 famis,
1161 2623 1374 2681 horreis
1403 2624 1673 2679 defectum
1705 2623 2056 2689 minantibus,
2079 2633 2134 2680 et

546 2724 760 2781 alendis
790 2719 1052 2790 impendit
1078 2717 1429 2790 pauperibus.
1470 2716 1804 2788 Atljuvautes
1829 2717 1992 2773 etiam
2024 2733 2130 2773 nou

551 2816 778 2872 minime
807 2813 950 2868 hanc
982 2810 1035 2866 in
1064 2824 1130 2865 eo
1163 2807 1398 2882 gratiam
1423 2816 1677 2878 potentes
1705 2815 1761 2864 et
1788 2807 2016 2875 nobiles,
2039 2808 2131 2878 qui

550 2915 753 2962 sanetae
773 2901 1206 2960 conversationis
1243 2898 1384 2969 ejus,
1406 2897 1566 2972 longe
1593 2897 2134 2970 latequesalubriter

547 2996 905 3066 suaviterque
939 2991 1252 3064 fragrantis,
1283 2989 1454 3046 odore
1497 2999 1775 3062 percepto,
1807 2991 1874 3049 de
1909 2993 2133 3048 remotis

547 3086 712 3146 etiam
759 3087 1091 3160 regionibus,
1133 3085 1385 3158 quamvis
1423 3101 1547 3146 eum
1578 3101 1685 3142 non
1728 3086 2027 3153 vidissent,
2063 3089 2132 3142 oh

550 3182 792 3238 divinam
847 3187 1028 3235 tamen
1078 3176 1443 3235 reverentiam
1480 3176 1742 3233 beneficia
1785 3177 1952 3234 multa
2002 3180 2130 3234 mit-
2159 3167 2202 3226 C

551 3275 757 3331 tebant.
788 3271 983 3330 Procul
1014 3286 1120 3327 non
1150 3288 1180 3326 a
1213 3285 1400 3328 mensa
1425 3279 1633 3326 tantum
1660 3268 1796 3340 ejus,
1825 3271 1920 3326 sed
1949 3288 1978 3326 a
2003 3272 2130 3328 totis

545 3367 714 3431 etiam
745 3365 923 3428 atriis,
959 3363 1258 3418 histriones
1291 3371 1549 3431 tanquam
1571 3377 1702 3418 vasa
1731 3361 2051 3431 perditionis
2078 3372 2133 3418 et

550 3470 753 3526 organa
783 3452 1053 3518 falsitatis,
1079 3451 1267 3522 procul
1297 3451 1558 3508 militares
1587 3450 1834 3518 clientes,
1875 3459 2128 3518 tanquam

548 3547 864 3618 rapinarum
889 3556 945 3602 et
965 3544 1192 3598 credium
1222 3552 1277 3599 et
1307 3543 1474 3598 latius
1511 3543 1870 3598 instrumenta
1893 3543 2131 3604 crudeli-

546 3642 701 3706 tatis,
742 3638 928 3712 procul
969 3637 1132 3693 etiam
1168 3637 1403 3708 equites,
1442 3634 1548 3690 nisi
1589 3634 1722 3700 rari,
1757 3644 1812 3690 et
1846 3635 1946 3706 ipsi
1978 3651 2130 3702 raro,

545 3713 921 3806 respectuque
945 3748 1109 3804 quam
1161 3728 1382 3785 maximi
1419 3725 1669 3799 specialis
1709 3727 1824 3797 (25)
1863 3725 2129 3785 utilitatis.

550 3825 668 3882 Non
711 3825 856 3880 enim
898 3838 1114 3894 aequum
1151 3821 1376 3892 putabat
1411 3818 1771 3876 ecclesiarum
1812 3820 1974 3886 bona,
2013 3834 2133 3890 qua:

544 3916 876 3990 patrimonia
921 3923 1053 3971 sunt
1088 3912 1400 3968 aestimanda
1441 3926 1762 3983 pauperum,
1807 3911 1860 3966 in
1901 3905 2132 3966 aliorum

542 4007 802 4080 expendi,
825 4003 1127 4076 praesertim
1152 4003 1440 4066 malorum,
1467 4001 1655 4056 usibus
1680 4001 1991 4065 hominum;
2023 4000 2132 4054 imo

550 4101 724 4171 magis
756 4098 1132 4166 semetipsum,
1170 4104 1432 4163 tanquam
1469 4107 1537 4146 ex
1574 4090 1900 4161 pauperibus
1939 4105 2128 4156 unum,

549 4190 790 4262 graviter
811 4185 1123 4252 accusabat,
1153 4184 1295 4254 quod
1322 4183 1423 4238 sibi
1449 4197 1513 4236 ac
1537 4182 1723 4246 sociis,
1751 4182 1818 4237 de
1846 4181 2008 4238 rebus
2028 4183 2130 4238 sibi

548 4285 863 4344 commissis
904 4289 1299 4352 contpetentent
1340 4287 1579 4334 sumeret
1623 4278 1869 4347 copiam,
1910 4291 1973 4331 ac
2019 4291 2130 4330 non

551 4376 734 4450 potius
761 4374 1054 4431 sustineret
1076 4387 1197 4428 cum
1224 4369 1552 4440 pauperibus
1581 4377 1640 4425 ct
1674 4369 1790 4438 ipse
1814 4380 2017 4438 pauper
2048 4366 2133 4421 in-

547 4469 756 4540 opiam.
793 4465 1205 4540 Eleemosyuam
1245 4461 1444 4532 igitur,
1492 4469 1550 4515 ut
1595 4460 1856 4524 diximus,
1899 4457 2131 4512 libenter

547 4539 806 4623 faciebat,
854 4554 1042 4610 sedule
1077 4539 1358 4618 suadebat,
1403 4567 1502 4622 pro
1546 4549 1918 4606 satisfactione
1957 4549 2122 4604 etiam

543 4649 936 4723 pmnitentibus
957 4646 1284 4718 injungebat.
1312 4644 1438 4700 llaec
1469 4658 1700 4714 namque
1729 4643 1827 4698 tria
1854 4643 2125 4715 praecipue

541 4744 734 4815 culpas
771 4757 899 4798 suas
937 4739 1230 4796 emendare
1279 4736 1620 4807 cupientibus
1649 4735 1902 4791 sectanda
1933 4736 2123 4806 praeci-

542 4837 748 4907 piebat,
777 4833 1105 4899 orationem,
1143 4828 1408 4901 jejunium
1430 4867 1446 4894 ,
1471 4836 1528 4883 et
1563 4826 1984 4898 elecmosynam,
2017 4840 2122 4880 non

547 4927 844 4982 humanam
879 4924 931 4978 in
966 4923 1071 4978 hoc
1100 4919 1598 4987 tetneritatem,sed
1632 4917 1998 4989 evangelicum
2037 4931 2124 4972 se-

543 5034 723 5090 quens
747 5018 1151 5074 auctoritatem.
1183 5014 1322 5088 Dicit
1362 5013 1508 5070 enim
1543 5010 1802 5068 Dominus
1831 5010 2123 5081 pessimum

542 5106 940 5167 daemoniorum
971 5097 1139 5181 genus
1159 5104 1280 5177 ejici
1304 5121 1412 5162 non
1439 5118 1622 5177 posse,
1653 5103 1757 5160 nisi
1799 5103 1852 5159 in
1879 5102 2128 5159 oratione

543 5209 606 5260 et
621 5197 826 5273 jejunio
848 5199 1044 5267 (κατε.
1075 5215 1155 5266 tx,
1178 5198 1292 5270 28).
1324 5199 1467 5255 Alibi
1497 5213 1711 5269 quoque
1733 5195 2025 5252 Pharisacis
2045 5195 2127 5250 lo—

541 5305 724 5364 quens
749 5306 764 5344 :
801 5307 822 5343 t
853 5290 1004 5355 Date,
1032 5289 1224 5359 inquit,
1249 5288 1666 5361 elcemosynam,
1695 5295 1748 5345 et
1779 5302 1905 5344 ecce
1941 5286 2123 5343 omnia

545 5379 752 5440 munda
780 5377 1076 5434 suntvobis
1097 5375 1248 5448 (Luc.
1276 5393 1352 5442 χι,
1377 5377 1453 5447 4).
1485 5396 1505 5430 ι

619 5475 709 5532 20.
749 5473 951 5531 Verum
996 5470 1043 5529 si
1083 5471 1323 5527 scribere
1364 5469 1592 5526 velimus
1630 5477 1829 5542 quanta
1868 5468 2120 5526 modera-

539 5685 652 5740 εει.

2240 1889 2349 1960 15).
2407 1887 2486 1945 Eo
2525 1889 2732 1960 judice,
2773 1891 2904 1946 nulli
2958 1903 3225 1964 unquam,
3271 1909 3532 1964 persons
3585 1898 3817 1970 dignitas,

2237 1983 2368 2037 nulli
2404 1983 2647 2052 pecunia:
2677 1983 2883 2054 profuit
2923 1986 3232 2056 quantitas,
3273 1986 3489 2043 nullum
3519 2002 3818 2061 paupertas,

2237 2075 2439 2130 nullum
2457 2084 2878 2146 quantacunque
2901 2075 3202 2134 officiorum
3224 2079 3340 2136 sive
3353 2082 3636 2139 natalium
3659 2101 3815 2142 rerum

2235 2166 2364 2222 fecit
2386 2168 2745 2234 extremitas;
2786 2185 2893 2226 non
2920 2171 3194 2227 mitiorem
3224 2172 3467 2240 amicus,
3511 2192 3629 2232 non
3659 2179 3819 2233 durio-

2235 2275 2348 2316 rem
2373 2271 2633 2332 expertus
2659 2272 2745 2318 est
2783 2263 3079 2337 inimicus;
3125 2279 3230 2320 non
3262 2265 3688 2340 deargeutatam
3710 2285 3817 2326 con-

2235 2352 2395 2406 victis
2425 2353 2509 2408 vel
2545 2353 2934 2411 confitentibus
2979 2355 3241 2427 imposuit
3281 2359 3700 2428 ptenitentiam.
3727 2377 3816 2418 nou

2235 2433 2506 2501 lucrosam
2539 2445 2592 2500 in
2637 2445 2853 2517 placitis
2899 2445 3404 2506 defenditediditve
3457 2453 3814 2518 sententiam;

2234 2551 2341 2591 non
2372 2535 2753 2593 considerabat
2780 2553 3066 2610 personam
3089 2542 3360 2612 pauperis.
3389 2558 3509 2600 non
3534 2546 3820 2602 honorabat

2233 2627 2440 2682 vultum
2469 2628 2744 2700 potentis:
2774 2629 2920 2700 quod
2951 2629 3094 2686 beati
3128 2632 3229 2687 viri
3259 2647 3327 2687 eo
3353 2635 3687 2703 prmelarius
3713 2637 3816 2690 illn-

2233 2727 2376 2776 strat
2402 2719 2681 2787 meritum,
2711 2735 2820 2791 quo
2842 2723 3022 2778 rarius
3049 2721 3133 2778 vel
3161 2722 3216 2778 in
3240 2724 3636 2794 praesentibus,
3665 2727 3745 2782 vel
3774 2728 3817 2781 in

2233 2815 2524 2887 praeteritis
2554 2814 2719 2874 habet
2748 2817 3079 2888 exemplum.
3104 2817 3320 2886 Quanta
3364 2820 3535 2878 nobis
3557 2823 3664 2878 hoc
3695 2821 3817 2885 loco,

2234 2907 2280 2962 si
2308 2905 2529 2964 laudare
2549 2909 2961 2979 comparatione
2983 2909 3250 2966 malorum
3277 2912 3425 2967 bona
3463 2913 3725 2982 velimus,
3747 2913 3816 2970 of-

2236 2997 2412 3054 fertur
2433 2999 2668 3055 materia
2691 3001 2744 3055 in
2777 3002 3129 3071 praesentium
3154 3010 3464 3073 temporum
3493 3003 3662 3061 faeces
3689 3005 3820 3060 itm.»

2239 3091 2438 3158 hendi;
2469 3091 2520 3145 in
2545 3091 2765 3160 quibus,
2786 3108 2909 3148 cum
2943 3093 3208 3149 dedecore
3232 3101 3399 3165 atque
3423 3097 3717 3152 eversione
3737 3099 3821 3152 lto-

2235 3182 2461 3237 nestatis
2479 3193 2536 3238 et
2553 3184 2843 3255 arquitatis,
2870 3185 3099 3255 pecunia
3124 3185 3322 3255 templa
3342 3197 3626 3256 penetrat,
3646 3189 3815 3244 altaria

2234 3275 2492 3344 maculat,
2539 3276 2842 3333 sacerdotia
2884 3279 3184 3346 venundat,
3238 3279 3621 3336 innocentiam
3660 3289 3816 3336 exter-

2235 3366 2429 3434 minat,
2473 3368 2658 3423 omnia
2689 3369 2871 3425 divina
2919 3369 3258 3442 profanaque
3299 3372 3678 3428 contaminati
3723 3372 3814 3427 Ex-

2233 3464 2442 3511 caecant
2464 3473 2607 3513 nunc
2629 3461 2855 3514 munera
2873 3461 3062 3516 oculos
3079 3463 3408 3531 sapientum,
3434 3473 3492 3519 et
3506 3466 3816 3521 subvertant

2233 3549 2722 3622 verbajustorum;
2761 3567 2951 3608 omnes
2985 3553 3219 3624 diligunt
3247 3570 3504 3621 munera,
3531 3568 3816 3627 sequuntur

2225 3642 2657 3723 retributiones;
2694 3658 2723 3698 a
2749 3644 2974 3700 minimo
3005 3660 3178 3715 usque
3207 3646 3273 3699 ad
3298 3649 3611 3704 maximum
3643 3663 3815 3704 omnes

2234 3735 2475 3790 avaritia:
2513 3737 2752 3802 student,
2794 3752 2823 3791 a
2861 3738 3124 3809 propheta
3170 3751 3343 3808 usque
3371 3739 3444 3794 ad
3487 3741 3812 3797 sacerdotem

2233 3829 2413 3884 cuncti
2448 3827 2656 3884 faciunt
2693 3829 2896 3896 dolum,
2933 3845 3041 3886 non
3073 3831 3259 3886 deficit
3293 3832 3364 3886 de
3401 3832 3607 3902 plateis
3632 3832 3816 3888 nostris

2235 3932 2397 3974 usura
2425 3927 2482 3974 et
2507 3919 2683 3986 dolus,
2712 3929 2988 3992 postremo
3020 3922 3072 3976 in
3098 3921 3276 3992 capite
3297 3923 3547 3977 omnium
3575 3923 3813 3987 avaritia,

2223 4021 2290 4072 .et
2318 4015 2558 4084 pecunia:
2585 4016 2848 4072 obcdiunt
2874 4018 3077 4074 omnia.
3110 4016 3217 4075 Sed
3249 4018 3365 4076 haec
3389 4021 3687 4086 hactenus;
3717 4036 3813 4076 non

2233 4108 2378 4162 enim
2406 4109 2508 4163 ista
2539 4110 2900 4180 suscepimus.

2305 4197 2395 4253 2|.
2437 4198 2518 4254 Ad
2562 4200 2655 4255 Dei
2690 4201 2853 4272 igitur
2889 4200 3170 4258 hominem
3203 4203 3373 4258 verba
3395 4212 3703 4266 vertamus,
3728 4202 3810 4272 qui

2234 4289 2611 4360 temporalium
2631 4291 2973 4362 negotiorum
2993 4291 3258 4362 litigiosus
3277 4309 3475 4350 causas
3494 4308 3811 4351 πείθωσι-ιιι·

2235 4395 2426 4436 amore
2469 4398 2577 4436 non
2619 4397 2826 4450 amare,
2868 4384 2964 4438 sed
3002 4384 3256 4451 tolerare,
3288 4386 3557 4456 magistra
3602 4387 3810 4456 pietate,

2233 4473 2514 4528 didicerat.
2537 4473 2755 4528 Dicebat
2770 4474 2913 4530 enim
2930 4475 3076 4528 omni
3091 4473 3244 4530 febre
3263 4475 3587 4533 molestior:
3600 4476 3810 4544 sibipla-

2233 4565 2365 4629 cita,
2393 4565 2674 4635 modisque
2695 4566 2948 4622 omnibus
2971 4566 3056 4622 his
3079 4567 3618 4632 abrenuntiaturum,
3649 4567 3808 4622 sinon

2234 4657 2288 4714 in
2331 4658 2434 4713 hoc
2463 4657 2634 4712 Deum
2666 4671 2726 4713 se
2751 4656 2919 4712 sciret
2937 4655 3295 4713 offensurum.
3343 4657 3617 4713 Intererat
3642 4668 3808 4713 autem

2231 4746 2336 4802 illis
2369 4746 2744 4802 tantummodo
2773 4745 2925 4818 pacis
2952 4748 3203 4812 obtentu,
3246 4748 3492 4802 maxime
3516 4763 3804 4818 pauperum

2229 4847 2394 4909 atque
2414 4837 2791 4904 ecclesiarum;
2821 4838 2904 4893 his
2925 4839 3127 4894 etenim
3150 4851 3378 4896 noverat
3399 4841 3627 4912 gravius
3648 4851 3808 4894 motas

2232 4945 2430 4986 nocere
2461 4943 2802 5001 guerrarum.
2838 4927 2940 4985 Ubi
2981 4944 3113 4985 vero
3143 4929 3502 4988 inexorabilia
3540 4932 3600 4988 in
3630 4930 3806 4998 aliqui-

2230 5019 2332 5076 bus
2359 5019 2482 5076 odia
2517 5027 2572 5076 et
2598 5017 2954 5089 inexpiabiles
2981 5029 3259 5090 repererat
3282 5019 3418 5085 iras,
3451 5028 3585 5076 tunc
3605 5022 3804 5077 demum

2230 5109 2546 5174 fortissime,
2568 5110 2635 5165 de
2657 5108 2751 5165 Dei
2775 5109 2906 5165 fisus
2923 5109 3146 5174 auxilio,
3172 5118 3426 5180 totusque
3457 5111 3511 5166 in
3535 5107 3804 5167 ehariutis

2228 5208 2394 5273 atque
2425 5201 2748 5258 humilitatis
2775 5200 2988 5257 solutus
3013 5199 3291 5268 affectum,
3326 5201 3719 5258 instantissime
3744 5213 3802 5254 ιε

2232 5291 2604 5362 devotissime,
2631 5293 2874 5363 offensis,
2905 5287 3002 5367 pro
3031 5297 3120 5354 his
3153 5297 3248 5368 qui
3291 5295 3654 5363 offenderant,
3679 5308 3800 5363 sup-

2230 5377 2482 5455 plicabat.
2529 5386 2575 5443 0
2607 5389 2820 5460 quoties
2859 5388 3051 5445 salutis
3095 5390 3348 5446 humanae
3381 5389 3541 5461 quasi
3583 5395 3799 5444 escam

2229 5474 2519 5544 desiderio,
2551 5477 2606 5533 in
2635 5491 2854 5535 caenosa
2883 5493 2944 5536 se
2973 5493 3073 5552 pro
3100 5479 3298 5537 talibus
3332 5479 3514 5536 causis
3541 5479 3651 5535 loca
3679 5489 3798 5547 pm-

773 5569 922 5666 Leco
958 5603 1203 5682 specialis
1243 5605 1297 5662 in
1344 5603 1518 5662 altero
1560 5611 1747 5664 nostro
1791 5619 1893 5663 ms.
1927 5604 2128 5678 legitur
2165 5613 2479 5684 spiritantia,
2515 5618 2661 5688 quod
2703 5624 2757 5674 et
2795 5617 3026 5689 margini
3072 5616 3212 5701 apud
3241 5616 3463 5676 Surium
3501 5613 3793 5688 appositum

3250 6395 3285 6400 _..
3385 6395 3416 6402 .__
3463 6383 3832 6402 -ι---ι-π-ήτι
3865 6377 3927 6390 “‘—
