3984 6400
166 366 285 434 771

1206 366 1367 431 VITA
1411 373 1469 433 s.
1508 374 1811 465 llUGO‘NlS
1844 374 2351 467 summoves

3348 388 3451 447 778

159 492 334 564 iecit!
364 489 577 563 quoties
617 492 685 546 ad
716 488 882 562 pedes
915 489 1403 565 contemptibilium
1434 493 1599 548 etiam
1636 507 1761 563 per-

1869 493 1911 546 si
1940 492 2238 559 humilitas,
2262 492 2385 563 quis
2409 490 2703 562 dejectior?
2736 495 2777 549 si
2808 488 3183 572 eleemosj'ua,
3204 504 3452 576 quislar-

165 597 436 640 sonarnm
469 581 559 638 diu
590 591 897 652 prostratus
920 580 1119 650 jacuit!
1152 580 1260 637 Nec
1285 583 1463 649 facile,
1495 584 1602 643 imo
1626 599 1763 654 pene

175 664 460 746 nunquam
489 672 852 729 frustrabatur
876 674 1103 744 optatis;
1140 690 1262 729 nam
1297 681 1351 728 et
1377 675 1421 730 si
1446 676 1535 744 qui
1567 690 1761 747 negas-

164 775 316 832 sent,
340 781 448 822 non
473 764 647 820 solum
676 765 872 836 gratis,
898 765 993 821 sed
1021 775 1076 821 et
1103 780 1224 821 cum
1249 765 1620 824 satisfactione
1648 781 1766 847 pa:-

161 860 430 925 nitentes,
460 857 762 915 offerebant
790 869 977 931 postea
1030 874 1134 915 non
1171 860 1382 932 roganti
1416 860 1559 930 quod
1596 875 1763 931 nega-

161 960 369 1030 verant
419 949 768 1023 supplicanti.
833 949 1064 1005 Tantam
1126 950 1324 1021 quippe
1381 966 1543 1006 omne
1592 966 1764 1024 genus

161 1042 458 1100 hominum
489 1042 538 1100 ei
568 1043 930 1099 reverentiam
962 1041 1260 1108 deferebat,
1295 1053 1355 1101 ut
1385 1030 1554 1121 Deum
1584 1045 1764 1115 gravi-

161 1142 256 1191 ter
286 1132 578 1191 oﬂ‘endisse
617 1149 676 1190 se
712 1134 961 1191 crederet
991 1133 1238 1205 quisquis
1277 1133 1324 1190 ei
1371 1134 1638 1205 postulata
1672 1151 1762 1191 ne-

161 1232 374 1299 gasset.
479 1283 493 1290 _

236 1314 333 1370 22.
371 1313 498 1371 Fuit
528 1314 693 1371 etiam
729 1313 1059 1386 praedicator
1086 1315 1363 1388 egregius;
1409 1326 1528 1370 erat
1565 1318 1763 1388 quippe

159 1422 282 1465 non
305 1405 658 1464 mediocriter
679 1405 979 1487 litteratus.
1002 1404 1112 1487 Sed
1143 1417 1198 1463 et
1228 1407 1448 1480 ingenio
1475 1416 1531 1463 et
1554 1424 1761 1465 memo-

159 1498 249 1556 ria
280 1499 422 1557 bene
448 1498 709 1570 praeditus
739 1484 877 1566 erat,
917 1484 1239 1570 inquantum
1280 1499 1527 1554 molestia
1566 1501 1762 1571 capitis

157 1605 279 1647 non
301 1591 680 1659 obtundebat;
713 1606 839 1647 nam
871 1600 927 1649 et
955 1591 1168 1649 litteras
1201 1607 1329 1649 suas
1354 1594 1469 1663 ipse
1499 1576 1760 1661 dictabat,

156 1697 262 1737 eas
283 1682 590 1754 prmsertim
630 1697 867 1757 quarum
898 1682 947 1738 ei
972 1697 1103 1738 cura
1131 1683 1453 1754 propensior
1479 1695 1618 1740 erat.
1643 1685 1765 1741 ideo

157 1782 353 1829 autem
376 1772 678 1844 prmdicaas
706 1773 922 1830 facilius
949 1773 1236 1842 suadebat,
1259 1776 1387 1845 quia
1412 1776 1556 1846 quod
1582 1776 1761 1832 verbis

157 1864 407 1932 dicebat,
450 1864 706 1936 operibus
747 1866 1089 1942 ostendebat.
1132 1866 1205 1923 Ut
1233 1867 1378 1922 enim
1405 1868 1758 1924 commissam

157 1954 444 2014 eﬂicacius
491 1956 792 2013 instrueret
834 1957 1073 2028 plebem,
1119 1955 1369 2014 faciendo
1396 1961 1761 2031 perveniebat

157 2062 498 2114 sermonem,
528 2048 672 2105 sicut
697 2059 751 2106 et
781 2049 849 2105 de
879 2049 1108 2106 Domino
1133 2050 1395 2121 scriptum
1419 2061 1504 2106 est
1533 2070 1545 2106 :
1585 2069 1603 2102 ι
1635 2053 1759 2122 quia

156 2138 338 2209 coepit
367 2122 536 2218 Iesus
556 2138 737 2195 facere
762 2146 817 2195 et
842 2138 1038 2218 docere
1062 2138 1203 2211 (Act.
1227 2156 1268 2206 t,
1295 2140 1370 2211 l).
1402 2161 1421 2193 ι
1453 2140 1762 2198 lnstruebat

157 2228 332 2302 igitur
368 2230 436 2285 ad
475 2216 894 2298 confessionem,
932 2216 1211 2287 excitabat
1250 2231 1320 2288 ad
1362 2224 1761 2302 paenitentiam,

155 2330 477 2393 promptam
506 2320 575 2376 ad
604 2320 996 2393 ignoscendum
1020 2319 1261 2375 divinam
1285 2322 1633 2379 monstrando
1654 2321 1764 2378 cle-

156 2414 460 2482 mentiam;
500 2428 601 2470 nec
645 2414 923 2485 quaerebat
964 2414 1018 2469 in
1067 2429 1175 2485 quo
1222 2429 1253 2469 a
1304 2402 1566 2484 litteratis
1603 2413 1761 2493 quasi

156 2504 388 2578 sapiens
407 2505 742 2571 laudaretur,
761 2505 859 2562 sed
879 2505 1021 2577 quod
1045 2503 1113 2562 ab
1134 2504 1472 2562 auditoribus
1493 2513 1549 2560 et
1570 2492 1762 2560 melius

159 2596 570 2671 intelligeretur
591 2606 647 2654 et
677 2596 866 2653 utilius
888 2584 1250 2653 retineretur.
1284 2583 1528 2668 Denique
1555 2596 1609 2651 in
1642 2582 1764 2651 tan-

158 2698 281 2746 tum
319 2688 745 2759 auditoresejus
784 2687 1058 2745 interdum
1091 2687 1478 2761 praedicatione
1503 2686 1621 2756 ejus
1646 2701 1761 2743 mo-

155 2781 457 2850 vebantur,
498 2790 558 2838 ut
589 2764 839 2859 capitalia
883 2782 1049 2857 etiam
1094 2781 1258 2854 aliqui
1298 2781 1549 2848 crimina,
1592 2781 1762 2839 Deum

157 2875 347 2949 magis
379 2884 633 2953 verentes
668 2890 834 2946 quam
872 2875 1146 2939 homines,
1174 2873 1387 2946 publice
1416 2876 1759 2941 faterentur;

154 2969 310 3039 quod
338 2982 576 3039 sequens
615 2967 923 3024 declarabit
955 2966 1264 3041 exemplum
1286 2985 1309 3037 _:
1342 2966 1498 3038 Apud
1533 2964 1764 3022 Vinuai-

156 3075 289 3116 cum
332 3068 575 3115 castrum
629 3057 774 3132 (26),
820 3057 1017 3130 pepulo
1046 3057 1236 3122 multo,
1267 3059 1334 3113 ad
1364 3057 1762 3137 dedicationem

155 3150 415 3235 ecclesia:
440 3158 787 3223 congregato,
812 3150 1040 3207 verbum
1062 3147 1196 3206 fecit
1223 3164 1331 3220 quo
1361 3150 1416 3205 in
1454 3138 1656 3205 multas
1686 3148 1761 3204 la-
1791 3183 1840 3248 ο

154 3256 383 3314 erymas
406 3240 742 3297 audientium
770 3241 933 3298 corda
962 3240 1206 3297 resolvit.
1236 3240 1311 3319 lbi
1339 3241 1595 3297 mulieres
1619 3240 1759 3307 dare,

155 3350 287 3406 qua:
320 3334 481 3407 (sicut
500 3332 773 3407 apparuit)
804 3334 923 3407 ejus
945 3333 1113 3411 verba
1135 3320 1460 3411 profundius
1481 3347 1621 3411 aure
1641 3349 1764 3389 cor-

154 3426 249 3482 dis
296 3424 652 3493 imbiberant,
702 3409 1050 3482 audientibus
1087 3424 1333 3497 pluribus
1380 3409 1590 3482 seelera
1632 3440 1761 3481 con-

155 3515 324 3572 fessa:
360 3524 487 3572 sunt
519 3531 640 3586 quae
687 3516 1109 3584 commiserant;
1158 3527 1214 3573 et
1241 3518 1514 3588 posterior
1541 3517 1761 3588 quidem

155 3607 299 3683 quid
331 3608 551 3681 dixerit,
591 3624 699 3664 non
738 3608 872 3664 satis
906 3607 1168 3669 habemus
1207 3618 1578 3679 compertum;
1614 3608 1764 3680 prior

155 3710 350 3756 autem
375 3715 534 3756 suum
561 3715 620 3757 se
651 3700 888 3772 prodidit
913 3700 1180 3757 occidisse
1214 3701 1490 3756 maritum.
1516 3700 1763 3770 Cumque

156 3792 251 3849 vir
297 3791 396 3847 Dei
424 3793 572 3848 necis
607 3791 921 3864 exquireret
963 3791 1219 3858 modum,
1263 3791 1451 3847 retulit
1494 3791 1546 3847 in
1578 3776 1759 3847 escam

156 3884 243 3940 illi
272 3899 336 3941 se
365 3883 583 3940 dedisse
620 3897 919 3951 venenum;
953 3868 1078 3956 post
1120 3897 1240 3954 quae
1271 3880 1439 3952 jussit
1465 3889 1763 3952 praesentes

155 3977 484 4056 abscedere,
519 3984 577 4031 ut
607 3975 657 4032 ei
685 3975 901 4051 “Cameri,
925 3960 1073 4047 quod
1094 3974 1369 4040 volebant,
1398 3972 1622 4028 liberius
1645 3986 1765 4043 pos-

156 4082 291 4129 sent
314 4069 627 4127 ostendere.
664 4067 841 4131 Tanta,
859 4083 989 4127 vero
1020 4068 1085 4124 ad
1109 4066 1479 4123 cenﬁtendum
1504 4063 1608 4120 fuit
1637 4064 1761 4121 reli-

157 4180 287 4245 qua:
309 4162 484 4234 plebis
507 4159 788 4233 instantia,
820 4170 878 4216 ut
906 4176 975 4219 ne
1003 4159 1287 4218 dimidiam
1311 4158 1530 4228 quidem
1548 4166 1759 4227 partem

158 4255 307 4329 ejus,
342 4252 396 4308 in
429 4251 522 4307 tali
550 4266 713 4323 opere
739 4250 893 4308 valde
920 4250 1047 4309 licet
1071 4246 1613 4316 devota,auscultare
1639 4247 1752 4319 qui-

156 4345 311 4404 verit
330 4346 646 4423 tolerantia.
679 4344 799 4401 lloc
824 4360 853 4398 a
882 4344 999 4400 viro
1027 4351 1189 4398 aetate
1211 4350 1266 4397 et
1290 4340 1579 4398 sanctitate
1602 4353 1759 4396 reve-

157 4441 337 4498 rendo
378 4439 692 4507 Wilhelmo,
742 4435 801 4494 S.
851 4434 1141 4492 Theofredi
1191 4449 1335 4490 nunc
1385 4431 1599 4500 abbate,
1632 4439 1760 4488 tunc

1871 581 2026 653 gior?
2051 582 2097 636 si
2128 582 2327 648 oratio,
2352 582 2474 651 quis
2495 584 2772 641 devotior?
2801 587 2843 643 si
2871 587 3230 661 lacrymarum
3251 598 3450 665 gratia,

1869 673 1922 726 in
1954 686 2062 740 quo
2091 672 2423 729 el‘l’usior?‘si
2463 676 2867 748 contemplatio,
2901 681 2953 733 in
2997 695 3105 752 quo
3135 685 3455 743 sublimior?

1868 761 1913 817 si
1951 761 2260 827 tolerantia,
2289 765 2412 835 quis
2437 765 2488 820 in
2521 767 2871 835 tribulatione
2898 771 3123 829 fortior?
3149 778 3192 832 si
3214 760 3451 844 iustitia,

1867 853 1990 923 quis
2017 854 2351 911 dislrictior?
2382 856 2426 912 si
2456 858 2768 928 prudentia,
2812 865 2933 931 quis
2967 865 3454 938 circmnspectior?

1867 941 1911 996 si
1942 943 2320 1012 temperantia,
2352 943 2473 1014 quis
2512 947 2880 1005 moderatior?
2915 951 3135 1025 Verum,
3169 946 3293 1025 cum
3327 959 3452 1013 talis

1866 1045 2012 1088 esset
2057 1034 2363 1111 a’c'tantus,
2396 1033 2755 1113 ipsektamen,
2781 1042 2934 1112 juxta
2970 1044 3097 1100 illud
3132 1024 3404 1121 Evangelii
3434 1068 3448 1103 :

1872 1140 1892 1175 ι
1918 1123 2059 1180 Cum
2094 1123 2334 1181 feceritis
2364 1125 2571 1191 omnia,
2596 1127 2758 1185 dicite
2790 1150 2802 1186 :
2834 1132 2986 1188 Servi
3021 1136 3238 1194 inutiles
3265 1155 3452 1197 sumus

1868 1212 2021 1288 (Luc.
2055 1232 2191 1283 xvn,
2219 1218 2341 1291 10);
2382 1240 2398 1275 ι
2435 1238 2492 1277 se
2516 1222 2935 1291 infructuosum,
2961 1243 3019 1283 se
3045 1243 3261 1302 semper
3287 1248 3439 1289 accu-

1866 1322 1991 1362 sare
2016 1324 2119 1365 non
2145 1312 2396 1366 cessabat
2420 1313 2684 1382 inutilem,
2714 1318 2804 1387 qui
2832 1320 3068 1391 episcopi
3091 1322 3267 1378 locum
3292 1340 3452 1391 occu:

1865 1407 2042 1468 paret,
2072 1400 2308 1473 episcopi
2335 1402 2805 1462 honorificentiam
2829 1388 3145 1481 susciperet,
3172 1388 3453 1487 cpiscopa;

1865 1491 1938 1546 lia
1966 1492 2106 1548 bona
2144 1505 2513 1566 consumeret,
2547 1500 2786 1571 episcopi
2820 1517 2948 1558 vero
2980 1521 3079 1562 nec
3108 1509 3317 1574 merita,
3353 1525 3453 1567 nec

1868 1582 2075 1639 fructus
2110 1585 2358 1642 haberet.
2391 1588 2458 1643 Et
2483 1601 2633 1646 certe
2664 1601 2862 1661 prtesto
2893 1606 3051 1650 erant
3083 1613 3204 1667 qua:
3233 1610 3454 1669 possent

1867 1676 2036 1731 menti
2065 1679 2183 1746 ejus
2215 1694 2322 1735 non
2356 1683 2515 1739 modo
2549 1685 2792 1741 solamen
2826 1686 3043 1752 all‘crrc,
3068 1674 3166 1745 sed
3198 1694 3328 1749 etin
3361 1709 3455 1749 su-

1866 1767 2138 1836 perbiam,
2182 1768 2287 1825 nisi
2333 1780 2441 1837 tam
2471 1774 2641 1828 solida
2671 1785 2835 1844 esset,
2886 1778 3166 1834 extollere.
3203 1778 3273 1836 Ut
3307 1783 3453 1838 enim

1867 1866 2143 1916 taceamus
2168 1876 2289 1935 qua:
2319 1858 2467 1919 clero
2509 1867 2717 1935 pariter
2754 1878 2807 1923 et
2852 1869 2993 1939 plebi
3024 1887 3121 1941 per
3156 1888 3278 1927 eum
3310 1858 3452 1931 bona

1863 1961 2252 2016 provenerant,
2278 1967 2497 2009 eremus
2520 1955 2839 2026 Carthasim,
2868 1958 3195 2017 Calesicnsis
3214 1962 3449 2029 abbatia,

1864 2043 2216 2099 excubiarum
2253 2061 2488 2113 eremus,
2521 2050 2849 2120 regulariqu
2892 2053 3279 2109 eauonicorum
3311 2058 3452 2127 apud

1864 2130 2278 2192 Misercnum'et
2307 2139 2446 2210 apud
2477 2139 2534 2194 S.
2574 2140 2868 2207 Georgium
2908 2144 3119 2215 domus,
3152 2145 3268 2216 ipso
3294 2147 3451 2202 adui-

1866 2236 2014 2285 tcnte
2042 2240 2341 2300 cmpcrant,
2385 2232 2500 2303 ipso
2526 2235 2846 2304 spiritaliter
2882 2248 2936 2292 et
2970 2240 3329 2310 corporaliter
3370 2240 3455 2311 f0:-

1864 2328 2023 2376 vente
2059 2322 2425 2392 profecerant.
2465 2323 2570 2381 Sed
2621 2326 2735 2396 ipsc
2776 2328 3243 2398 imperfectionem
3274 2311 3453 2405 suam,

1865 2428 1969 2482 qua
1999 2428 2099 2468 nec
2125 2414 2415 2486 Apostolus
2441 2418 2683 2485 carebat,
2705 2419 2895 2477 dicens
2922 2437 2934 2473 ε
2974 2441 2992 2473 ‹
3025 2421 3141 2479 Νοη
3170 2424 3316 2493 quod
3337 2424 3452 2495 jam

1866 2500 2170 2577 aeccpcritn
2210 2516 2305 2563 aut
2351 2498 2624 2580 perfectus
2664 2512 2767 2567 sim
2805 2508 2977 2583 (Phil.
3007 2530 3092 2581 ιιι,
3132 2513 3238 2589 l2),
3277 2536 3297 2571 ι
3334 2502 3455 2573 ιιιηὲ

1866 2597 2145 2654 tummodo
2174 2599 2451 2671 cogitans;
2481 2610 2535 2656 et
2560 2617 2680 2656 cum
2710 2602 2998 2660 Psalmista
3025 2606 3240 2663 dicente
3274 2626 3287 2662 :
3326 2626 3344 2660 t
3384 2607 3456 2663 Ut

1866 2688 2055 2756 sciam,
2089 2691 2217 2762 quid
2249 2691 2389 2746 desit
2413 2692 2542 2746 mihi
2570 2691 2743 2764 (Psal.
2776 2710 3005 2761 xxxvnt,
3030 2696 3116 2769 5);
3150 2719 3166 2751 ι
3195 2714 3299 2754 non
3323 2680 3455 2770 quid

1867 2779 1968 2836 sibi
2000 2782 2221 2838 virtutis
2256 2783 2490 2851 adesset,
2524 2788 2619 2842 sed
2650 2786 2777 2856 quid
2808 2787 3021 2843 deesset
3050 2790 3231 2845 subtili
3262 2770 3453 2846 admo-l

1867 2873 1994 2930 dum
2019 2875 2356 2933 discussione
2392 2878 2764 2944 considerans,
2786 2881 3145 2951 episcopalem
3177 2882 3449 2938 sarcinam

1867 2966 2042 3022 modis
2089 2967 2340 3023 omnibus
2384 2956 2584 3025 exuere
2625 2971 2999 3039 desiderabat;
3032 2989 3138 3045 qua
3177 2975 3446 3030 sententia

1869 3059 1952 3114 vel
1994 3059 2286 3125 desiderio,
2330 3061 2468 3117 sicut
2499 3063 2551 3117 in
2579 3064 2846 3134 principio
2885 3065 3150 3130 diximus,
3197 3067 3266 3121 ab
3295 3064 3451 3122 initio

1869 3162 1979 3204 sure
2008 3151 2364 3219 promotionis
2382 3136 2461 3207 ad
2485 3162 2714 3209 mortem
2742 3171 2913 3227 usque
2941 3172 3046 3211 non
3069 3158 3267 3213 caruit.

1939 3238 2027 3294 24.
2065 3240 2175 3296 Hac
2197 3242 2359 3329 igitur
2374 3243 2645 3300 voluntate
2664 3244 2715 3299 in
2736 3246 2850 3302 dies
2869 3255 3155 3319 augmenta
3178 3257 3452 3323 sumente,

1868 3332 2096 3388 Remam
2132 3330 2338 3405 legatos
2368 3344 2423 3391 et
2466 3336 2678 3393 litteras
2728 3338 2780 3392 in
2827 3339 2931 3394 hn'c
2961 3338 3136 3408 ipsum
3178 3340 3245 3394 ad
3288 3354 3457 3397 vene-

1868 3424 2050 3478 randae
2082 3426 2358 3482 memoria:
2403 3443 2597 3499 papam
2647 3428 2796 3484 misit
2826 3427 3123 3486 llonorium
3168 3429 3306 3502 (27).
3343 3416 3455 3486 Sed

1867 3531 1990 3570 cum
2022 3514 2185 3587 legati
2218 3518 2488 3588 postulata
2521 3535 2626 3575 non
2670 3521 3085 3592 impetrassent,
3130 3524 3238 3579 imo
3280 3522 3455 3595 magis

1866 3605 2077 3661 litteras
2113 3607 2183 3662 ad
2218 3622 2340 3663 eum
2378 3611 2773 3666 consolator-ias
2803 3623 2856 3667 et
2897 3612 2963 3667 ad
2993 3613 3450 3683 perseverandum

1865 3697 2271 3756 exhortatorias
2293 3702 2656 3772 accepissent,
2692 3704 2943 3774 ipsemet,
2972 3697 3453 3774 quamvismorbis

1868 3802 1931 3844 ac
1961 3799 2241 3846 senectute
2273 3804 2552 3861 gravatus,
2584 3809 2680 3862 spe
2708 3805 2886 3849 tamen
2917 3797 2968 3850 iu
2995 3808 3269 3866 posterum
3303 3799 3453 3873 quit:-

1866 3881 2049 3936 sccndi
2102 3882 2413 3950 roboratus,
2472 3886 2720 3941 eumdem
2780 3886 3084 3943 Romanum
3136 3888 3451 3960 pontificem

1866 3974 2019 4028 adire
2062 3974 2300 4040 curavit,
2351 3990 2547 4047 rogans
2578 3977 2900 4048 Suppliciter
2937 3987 2989 4033 et
3022 3980 3301 4035 obtestans
3335 3981 3450 4036 dari

1864 4067 2131 4123 senectuti
2161 4083 2272 4123 sua:
2298 4066 2572 4123 licentiam
2601 4070 2934 4141 quiescendi,
2964 4080 3020 4126 et
3040 4071 3296 4128 Ecclesia:
3317 4072 3454 4129 Gri»

1868 4158 2275 4232 tianopolitaua:
2320 4159 2599 4217 meliorem
2647 4161 2701 4216 in
2752 4178 2909 4219 suum
2959 4164 3134 4219 locum
3180 4177 3452 4236 pastorem

1865 4251 2246 4308 substituendi.
2278 4250 2383 4308 Sed
2410 4267 2511 4309 nec
2536 4252 2649 4324 ipse
2677 4252 2949 4324 (quamvis
2972 4255 3187 4323 multas,
3218 4268 3276 4312 ut
3298 4244 3454 4329 puta-

1865 4336 1981 4413 bat,
2004 4344 2181 4416 justas
2208 4352 2257 4400 et
2293 4345 2460 4425 animi
2486 4352 2541 4400 et
2569 4335 2812 4415 carperis
2834 4344 3092 4418 allegaret
3116 4352 3452 4421 occasiones)

1865 4437 2166 4508 impetrare
2195 4436 2385 4504 valuit,
2414 4446 2475 4492 ut
2504 4436 2605 4492 sibi
2642 4445 2849 4492 tantmu
2881 4448 2934 4493 et
2969 4439 3077 4494 Deo
3109 4455 3303 4496 vacare
3330 4456 3454 4510 per-

156 4536 457 4604 monacho,
510 4550 611 4590 nos
654 4533 985 4605 audivimus,
1036 4530 1128 4601 qui
1158 4530 1303 4585 beati
1332 4529 1433 4586 viri
1462 4543 1560 4601 per
1583 4522 1759 4585 annos
1789 4534 1838 4596 D
1865 4531 2199 4588 mitteretur.
2227 4529 2504 4586 Creditum
2537 4538 2620 4585 est
2641 4530 2786 4601 enim
2816 4531 2958 4600 quod
2989 4532 3102 4586 sola
3129 4531 3452 4587 auctoritate

157 4626 451 4698 plusquam
476 4623 665 4697 viginti
693 4637 880 4680 comes
903 4620 1116 4678 exstitit
1143 4619 1474 4679 individuus.

228 4719 329 4775 25.
369 4716 479 4774 Sed
506 4715 725 4789 quando
746 4730 846 4771 nos
867 4714 1052 4770 omnia
1078 4712 1220 4769 bona
1246 4712 1384 4784 ejus,
1412 4712 1500 4769 vel
1522 4711 1762 4767 breviter

160 4810 463 4884 tangendo,
478 4809 754 4867 memoriae
771 4808 1030 4865 mandare
1046 4805 1383 4879 poterimus?
1403 4796 1764 4879 Congesserat

158 4923 404 4979 namque
431 4909 485 4964 in
511 4908 662 4963 illum
694 4922 863 4963 unum
892 4904 1071 4962 divina
1105 4905 1282 4976 gratia
1303 4905 1569 4977 virtutum
1594 4918 1762 4959 orna-

158 5007 353 5056 menta
367 4998 621 5069 plurima,
638 5013 759 5068 qua:
780 4997 1060 5070 dispertita
1093 5008 1188 5066 per
1210 4980 1480 5067 singulos,
1500 4992 1763 5062 plurimos

158 5092 407 5149 illustres
416 5089 752 5171 sufﬁcienter
771 5089 957 5147 facere
976 5090 1208 5160 possent
1229 5096 1394 5157 atque
1415 5084 1760 5156 conspicuos.

161 5186 223 5242 Si
244 5186 401 5241 enim
426 5184 680 5240 laudatur
710 5183 956 5248 castitas,
982 5181 1108 5252 quis
1129 5179 1222 5236 illo
1258 5176 1546 5257 mundior?
1577 5175 1623 5230 si
1648 5190 1764 5232 ser-

161 5277 343 5337 monis
370 5275 603 5342 veritas.
628 5274 754 5348 quis
774 5274 839 5329 in
869 5266 1423 5345 loquendocautior?
1452 5266 1497 5324 si
1525 5265 1620 5351 Dei
1642 5264 1763 5322 cha-

160 5370 324 5438 ritas,
354 5368 480 5439 quis
520 5367 856 5441 ferventior?
883 5365 930 5424 si
963 5363 1227 5441 pronimi,
1268 5362 1392 5435 quis
1433 5356 1762 5435 benignior?

182 5523 192 5527 ﬁ
235 5546 361 5617 (26)
406 5526 726 5617 Yinnaicum
768 5550 1030 5617 castrum,
1071 5512 1233 5617 vulgo
1259 5514 1444 5617 ΔῩὶιιιιξι
1480 5516 1757 5617 oppidum,

162 5609 260 5675 sei
288 5609 362 5673 Μ’.
409 5614 471 5671 P.
514 5617 582 5671 ab
608 5613 920 5671 Antoniano
946 5609 1196 5675 emnohio
1238 5609 1468 5667 distans.
1495 5611 1552 5664 In
1583 5609 1760 5665 altero
1812 5670 1813 5673 η

164 5705 269 5745 ms.
323 5688 523 5759 legitur
566 5682 914 5751 Insuaicum;
957 5692 1012 5739 et
1037 5683 1198 5739 Surio
1238 5682 1510 5747 adipatum
1550 5688 1633 5737 est
1660 5679 1764 5735 Ju-

164 5773 706 5902 ‘mt‘écﬁméuccessit‘
728 5801 945 5883 Cali'xto
986 5824 1033 5885 Il
1074 5804 1320 5918 pontiﬁci
1372 5820 1647 5884 Honorius
1690 5819 1755 5890 ll,

410 5918 952 6007 ΡΑτιιοιο-Οωιιυ

1865 4632 1920 4681 et
1949 4632 2160 4679 sanctae
2189 4622 2623 4678 conversationis
2657 4623 2905 4693 exemplo
2942 4623 3060 4692 plus
3096 4632 3277 4694 posset
3306 4625 3450 4693 plebi

1862 4714 2126 4787 prodesse
2170 4712 2428 4785 subjecta:
2458 4712 2649 4770 debilis
2680 4722 2735 4768 et
2786 4722 3036 4785 aegrotus,
3071 4731 3235 4785 quam
3272 4716 3450 4786 quivis

1863 4803 2024 4871 alius,
2056 4804 2312 4860 robustus
2335 4803 2462 4860 licet
2486 4813 2541 4860 et
2566 4819 2751 4858 sanus.
2778 4800 3064 4858 Coucessis
3093 4802 3274 4872 itaque
3296 4790 3452 4860 cmte-

1864 4896 1941 4953 ris
1969 4912 2091 4970 qua:
2119 4898 2365 4968 petebat,
2388 4894 2794 4966 honoratusque
2822 4910 2850 4949 a
2880 4910 3092 4951 summo
3119 4895 3370 4966 pontifice
3396 4909 3453 4952 et

1863 4990 2176 5050 consolatus
2195 5001 2255 5047 ut
2278 4990 2475 5063 p0tuit,
2499 4988 2566 5045 ad
2589 4991 2806 5061 propria
2831 4990 3118 5058 remeavit;
3144 4992 3455 5048 dimittendi

1867 5095 2049 5145 tamen
2090 5087 2465 5158 episcopatum
2507 5084 2633 5142 olim
2677 5092 3000 5167 conceptum
3050 5101 3157 5141 non
3202 5084 3459 5165 deposuit

1863 5177 2220 5237 desiderium.
3418 5258 3425 5263 ι

1876 5326 1883 5331 ,
1931 5266 2025 5327 25.
2064 5268 2332 5327 Defuncto
2355 5275 2537 5323 autem
2554 5264 2791 5321 Honorio
2814 5263 2951 5338 (28),
2982 5281 3105 5321 cum
3142 5282 3240 5338 per
3268 5277 3449 5339 tyran-

1864 5360 2046 5421 nicam
2067 5356 2544 5423 ct‘scbismaticatn
2570 5360 2800 5427 rabiem,
2822 5375 2926 5414 non
2957 5361 3072 5415 suis
3095 5360 3325 5428 meritis,
3351 5362 3446 5417 sed

1862 5524 2005 5623 anno
2245 5536 2313 5594 14
2354 5534 2612 5593 Decemb.
2661 5530 2730 5589 Et
2774 5518 2905 5590 obiit
2939 5546 3124 5588 mense
3158 5530 3444 5588 Februarii

1862 5611 2050 5809 ﬁnal?!)
2066 5610 2364 5758 1gll’c'cessit
2385 5677 2499 5754 jam
2517 5676 2908 5757 _diclis'mcnse
2938 5680 2995 5731 et
3016 5666 3163 5729 anno
3180 5670 3463 5757 lunoccns'

1862 5762 1972 5812 tius
2046 5792 2060 5808 .
3137 5795 3154 5807 .
3182 5801 3195 5807 -

1887 5767 1972 5812 tus
1995 5767 2060 5809 ιι.

2831 5884 2945 5972 ξιὶ
