3984 6398
563 399 669 458 779

1345 400 1671 459 GUlGONlS
1705 400 1726 458 1
1757 396 2177 460 CARTIIUSME
2213 397 2506 461 MAIORIS
2546 397 2821 458 ΡΝοΠιὸ
2860 400 2901 456 γ

3749 405 3849 465 780

565 523 918 590 cognatorum
941 526 996 572 ct
1019 515 1246 572 fratrum
1279 516 1442 574 fultus
1471 518 1760 589 prmsidiis,
1791 518 1986 576 Petrus
2008 519 2146 574 Leo-
2176 523 2222 579 A
2257 519 2432 575 tinens
2479 520 2702 574 formas.
2740 519 2811 574 Ea
2857 533 2990 587 ergo
3042 518 3318 576 memoria:
3355 525 3517 592 parte
3557 517 3845 577 obliterata

565 608 652 663 nis
679 607 796 678 (‘29)
827 609 1089 664 adversus
1111 617 1345 664 vestram
1389 609 1781 676 innocentiam,
1826 625 1948 680 quae
1976 613 2147 667 bealm

563 701 844 756 memoria:
867 700 1106 756 llouorio
1124 711 1483 767 successerat,
1507 703 1841 771 emersisset,
1863 713 2027 775 atque
2045 704 2149 759 hoc

563 793 652 847 vir
680 793 775 848 Dei
802 793 1103 849 certissime
1125 793 1500 863 comperisset,
1529 795 1736 850 morbis
1759 795 1906 861 licet,
1933 804 1993 852 ut
2012 796 2151 852 dixi-

565 900 711 950 mus,
741 893 798 940 et
830 893 988 940 aetate
1018 893 1392 954 consumptus,
1423 886 1537 942 zelo
1570 895 1748 942 tamen
1794 887 1987 942 domus
2027 883 2148 951 Dei,

573 975 729 1045 cujus
765 976 1020 1048 diligebat
1053 976 1326 1044 decorem,
1371 978 1613 1047 perrexit
1641 978 1892 1035 Anicium
1924 978 2060 1051 ('56),
2089 986 2150 1032 ut

563 1065 810 1121 eumdem
853 1081 973 1121 cum
1021 1066 1139 1121 aliis
1167 1067 1435 1138 episcopis
1476 1070 1973 1126 excommunicaret
2003 1069 2146 1125 schi-

562 1155 870 1210 smaticum.
923 1155 1053 1222 Quae
1099 1157 1344 1226 profecto
1388 1159 1898 1224 excommunicatio,
1932 1167 2152 1230 propter

562 1249 942 1304 auctoritatem
966 1251 1098 1304 tanti
1120 1250 1244 1314 viri,
1268 1250 1497 1305 contulit
1520 1251 1747 1306 multum
1777 1261 1829 1307 et
1849 1251 2148 1322 profectum

559 1339 854 1394 Catholicis
880 1349 934 1394 et
957 1339 1344 1394 detrimentum
1369 1341 1752 1397 schismaticis.
1777 1342 1843 1396 Et
1867 1351 2014 1397 certe
2038 1351 2146 1396 tam

558 1429 704 1484 idem
742 1429 955 1494 Petrus,
989 1445 1151 1499 quam
1197 1441 1350 1500 pater
1393 1430 1534 1501 ejus,
1579 1441 1768 1487 sancto
1807 1433 1925 1488 viro
1953 1433 2150 1487 multas

557 1521 686 1578 olim
712 1522 1090 1576 veneratioues
1104 1530 1159 1575 et
1180 1521 1440 1591 obsequia
1464 1523 1863 1592 praestiterant;
1898 1524 1991 1578 sed
2016 1525 2142 1580 bea-

559 1621 649 1668 tus
688 1613 852 1667 homo
896 1614 948 1666 in
981 1612 1070 1666 tali
1121 1613 1360 1682 negotio,
1404 1613 1585 1680 idest,
1619 1614 1707 1670 ubi
1736 1615 2147 1686 periclitabatur

552 1703 787 1773 justitia,
820 1719 921 1759 nec
944 1703 1180 1758 amicitia
1205 1703 1547 1770 flectebatur,
1580 1722 1680 1762 nec
1702 1708 1939 1777 potentia
1977 1717 2148 1764 terre-

558 1792 740 1845 batur.
773 1791 906 1846 Nam
951 1803 1005 1847 et
1052 1802 1178 1849 ante
1220 1793 1425 1865 aliquot
1467 1812 1662 1864 annos,
1709 1812 1832 1852 cum
1881 1797 2147 1854 Henricus

2255 609 2372 664 sive
2392 608 2638 672 confusa,
2664 623 2793 678 pars
2815 609 2906 664 illa
2929 623 3050 680 qua:
3065 609 3317 666 veritatis
3328 619 3387 666 et
3398 608 3640 679 jnstltia:
3663 612 3847 667 totius-

2255 713 2363 770 que
2388 699 2557 756 divini
2599 700 2777 756 cultus
2807 700 3072 771 impressa
3105 699 3263 758 lineis
3290 701 3343 757 in
3370 699 3695 759 hominibus
3725 718 3842 758 san-

2253 794 2358 848 ctls
2384 801 2440 848 et
2462 792 2670 863 angelis
2695 799 2903 848 tantum
2928 793 3180 864 congruit
3204 793 3426 863 pietatis
3468 792 3721 860 actibus,
3746 810 3844 851 non

2255 881 2427 938 solum
2454 897 2607 952 aeque
2630 892 2690 938 ut
2715 884 2889 954 prius,
2921 899 3110 938 verum
3125 884 3291 940 etiam
3313 885 3668 942 constantior
3686 885 3844 942 inter-

2255 973 2380 1028 dum
2403 973 2811 1044 ferventiorque
2835 975 3093 1040 innotuit,
3128 974 3269 1030 adeo
3295 984 3355 1029 ut
3383 974 3598 1032 litaniis
3618 983 3678 1032 et
3713 977 3845 1046 psal-

2257 1065 2360 1121 mis
2400 1065 2750 1136 pectorisque
2777 1066 3212 1132 contusionibus,
3255 1065 3448 1123 diebus
3485 1081 3554 1124 ac
3601 1068 3846 1125 noctibus

2255 1157 2451 1214 divina:
2477 1157 2784 1214 clementia:
2805 1171 2968 1214 aures
2990 1157 3405 1228 interpellando,
3432 1156 3740 1230 religiosis,
3763 1159 3844 1230 qui

2254 1250 2357 1306 sibi
2387 1250 2721 1316 serviebant,
2749 1265 3014 1306 onerosus
3034 1249 3355 1322 plerumque
3381 1250 3542 1306 fieret
3567 1248 3843 1306 fratribus.

2324 1342 2416 1398 27.
2455 1343 2700 1398 Aderant
2731 1356 2968 1413 namque
2988 1343 3055 1398 ad
3075 1341 3420 1398 serviendum
3443 1341 3522 1406 ei,
3542 1349 3667 1397 tam
3685 1356 3751 1398 ex
3769 1357 3846 1399 so-

2254 1431 2355 1488 ciis
2380 1431 2617 1502 prOpriis
2641 1445 2807 1501 quam
2843 1444 2910 1486 ex
2941 1438 3126 1486 nostra
3157 1438 3213 1487 et
3237 1429 3570 1496 Calesiensi,
3614 1443 3720 1487 nec
3750 1447 3842 1486 non

2255 1527 2310 1576 et
2335 1520 2666 1577 Excuhiensi
2693 1520 2968 1585 domibus,
2992 1529 3120 1574 octo
3140 1519 3227 1576 vel
3253 1533 3475 1587 novem,
3501 1528 3562 1575 et
3584 1520 3842 1575 interdum

2253 1610 2420 1667 etiam
2451 1611 2662 1676 decem,
2693 1610 2892 1680 partim
2938 1609 3190 1676 litterati,
3220 1610 3419 1680 partim
3464 1610 3595 1667 sine
3638 1609 3844 1676 litteris,

2253 1715 2444 1758 omnes
2490 1700 2730 1772 religiosi
2779 1700 3008 1766 fratres;
3048 1715 3148 1756 nec
3185 1699 3292 1755 ulla
3337 1714 3577 1771 prorsus
3625 1715 3844 1771 persona

2254 1791 2533 1848 szecularis
2552 1792 2618 1846 ad
2653 1790 2821 1862 ipsius
2844 1791 3235 1847 admittebatur
3257 1790 3617 1862 obsequium.
3642 1789 3707 1845 lli
3732 1805 3845 1846 vero

558 1882 854 1950 imperator
881 1899 1070 1954 papam
1108 1884 1445 1951 Paschalem,
1493 1903 1614 1942 cum
1644 1887 1859 1945 clericis
1895 1897 1950 1944 et
1991 1900 2145 1960 parte
2179 1879 2220 1936 Β
2250 1884 2337 1940 die
2373 1893 2646 1954 noctuque
2687 1883 3068 1954 corporalibus
3103 1899 3170 1940 ac
3200 1883 3593 1956 spiritualibus
3615 1883 3844 1941 accessio

555 1971 780 2036 civium,
818 1972 868 2026 in
911 1975 1142 2030 ecclesia
1185 1976 1245 2030 Β.
1278 1976 1422 2034 Petri
1455 1977 1688 2034 nefanda
1716 1981 2024 2050 proditione
2059 1996 2149 2037 ce-

555 2061 758 2130 pisset,
791 2073 844 2118 et
871 2078 1058 2118 eorum
1103 2065 1195 2136 qui
1227 2081 1410 2122 secum
1455 2079 1613 2124 erant
1643 2071 1808 2140 capti,
1843 2071 2046 2142 pietate
2073 2073 2149 2126 vi—

554 2164 727 2220 ctum,
757 2157 824 2210 ad
872 2156 1054 2212 illicita
1088 2167 1245 2229 pacta
1287 2161 1577 2231 coegisset,
1612 2162 1729 2232 ipse
1770 2178 1883 2233 prm
1909 2164 2147 2230 cunctis,

554 2255 616 2302 ut
650 2248 790 2318 apud
843 2247 1102 2304 Viennam
1144 2251 1258 2322 ('51)
1299 2242 1889 2319 excommuniearetur,
1934 2253 2143 2322 effecit;

555 2355 664 2410 qua
689 2343 1278 2409 exeommnnieatione,
1306 2344 1562 2400 Ecclesiae
1585 2363 1696 2402 suae
1724 2347 1954 2404 Domino
1979 2349 2141 2404 robo-

554 2442 713 2488 rantc
742 2435 1088 2498 sententiam,
1141 2437 1354 2508 tyranni
1405 2437 1549 2494 illius
1597 2439 1650 2493 in
1700 2441 2034 2497 contrarium
2065 2450 2149 2497 est

555 2534 764 2579 mutata
808 2527 1159 2596 prosperitas,
1215 2537 1270 2582 et
1316 2527 1580 2598 imperiali
1625 2529 1891 2602 dignitate
1933 2533 2145 2603 privata

549 2619 866 2687 posteritas.
911 2617 1228 2674 Declinante
1274 2619 1440 2690 igitur
1479 2623 1890 2690 persecutiones
1935 2625 2144 2696 praefati

556 2709 893 2764 schismatici
938 2712 1232 2781 serenitate
1279 2722 1486 2780 vestra,
1534 2724 1588 2769 et
1631 2714 1837 2772 Gallias
1881 2717 2145 2789 ingressa,

556 2801 797 2853 occurrit
822 2799 868 2854 ei
899 2798 1198 2856 Valentiam
1227 2802 1287 2857 Β.
1312 2802 1490 2874 llugo,
1517 2819 1640 2860 cum
1673 2805 1928 2879 lacrymis
1949 2823 2148 2878 rogans

552 2900 610 2947 et
640 2892 936 2947 obsecrans
968 2895 1133 2964 (quod
1160 2903 1215 2951 et
1247 2896 1457 2965 pridem
1489 2898 1558 2952 ab
1589 2908 1942 2958 antecessore
1964 2908 2149 2961 vestro

553 2981 829 3051 petierat),
855 2991 914 3036 ut
937 2984 1149 3038 scilicet
1171 2985 1382 3042 cunctis
1403 2989 1635 3044 sarcinis
1657 2999 1713 3044 et
1738 2989 2038 3049 honoribus
2059 3005 2150 3050 ec-

555 3073 886 3129 clesiasticis
924 3075 1315 3142 absolveretur,
1357 3087 1412 3133 et
1453 3079 1636 3134 utilior
1664 3080 1716 3134 in
1746 3079 1983 3138 Ecclesia
2010 3082 2148 3140 Gra-

555 3167 942 3238 tian0politana
963 3178 1150 3238 pastor
1163 3169 1454 3242 eligeretur
1471 3187 1485 3236 ;
1507 3172 1599 3227 sed
1618 3186 1761 3227 nunc
1778 3182 1904 3230 tunc
1925 3175 2144 3246 quidem

2256 1975 2458 2031 tatibus
2486 1974 2604 2044 ejus
2629 1975 2984 2033 devotissime
3007 1975 3339 2032 serviebant.
3368 1974 3516 2044 Erga
3543 1991 3712 2046 quos,
3740 1991 3838 2032 ser-

2252 2069 2458 2125 vitores
2487 2068 2745 2125 videlicet
2771 2083 2918 2134 suos,
2944 2077 3209 2140 quantum
3242 2071 3296 2124 in
3326 2068 3652 2128 humilitate
3673 2069 3841 2142 (quam

2251 2160 2394 2216 inter
2434 2168 2664 2216 caeteras
2691 2159 2921 2216 virtutes
2962 2158 3236 2230 prarcipue
3265 2166 3540 2214 sectatum
3574 2173 3741 2229 supra
3765 2174 3842 2213 re-

2252 2250 2498 2321 tulimus)
2523 2250 2852 2324 prol'eccrat,
2883 2265 3158 2322 quamque
3203 2249 3474 2321 profunde
3506 2251 3636 2320 puri
3677 2250 3842 2306 cordis

2251 2345 2422 2401 sacris
2440 2359 2563 2400 eam
2589 2343 2948 2414 impresserat
2974 2342 3304 2407 recessibus,
3335 2341 3658 2399 manifestis
3677 2353 3837 2398 osten-

2251 2435 2330 2492 dit
2359 2435 2595 2494 iudiciis.
2640 2435 2778 2492 Nam
2819 2437 2864 2493 si
2907 2435 3038 2508 quid
3064 2449 3201 2508 opus
3226 2433 3486 2501 habebat,
3518 2451 3634 2491 non
3659 2451 3686 2490 a
3712 2449 3837 2508 quo-

2250 2541 2412 2598 quam
2438 2541 2625 2582 eorum
2635 2524 2878 2597 jubendo
2899 2536 3158 2598 tanquam
3175 2526 3452 2592 dominus,
3468 2526 3569 2582 sed
3595 2526 3840 2598 rogando;

2253 2633 2350 2676 nec
2383 2619 2700 2686 humanam,
2733 2619 2828 2676 sed
2857 2620 3097 2675 divinam
3127 2619 3308 2691 potius
3339 2620 3838 2677 remunerationem

2247 2709 2625 2782 imprecando,
2667 2711 2991 2783 suppliciter
3039 2709 3392 2781 exposcebat,
3440 2710 3600 2767 verbi
3634 2711 3838 2782 gratia:

2257 2824 2274 2856 ι
2307 2803 2518 2860 Exhibe
2562 2803 2647 2860 vel
2693 2803 2779 2859 fac
2809 2801 2941 2858 mihi
2976 2801 3082 2858 hoc
3113 2810 3210 2858 aut
3237 2801 3370 2857 illud
3399 2810 3638 2872 propter
3665 2801 3839 2865 Deum,

2249 2903 2310 2951 ut
2348 2895 2490 2951 Deus
2533 2894 2636 2950 hoc
2674 2895 2771 2950 tibi
2816 2893 3084 2950 retribuat
3123 2894 3176 2948 in
3196 2891 3408 2948 futuro.
3440 2911 3460 2946 ι
3514 2891 3843 2948 Mirabatur

2251 2999 2435 3047 autem
2466 2998 2524 3046 et
2549 2989 2903 3047 vehementer
2930 2987 3224 3060 stupebant
3255 2987 3402 3060 quod
3445 2986 3543 3058 qui
3578 2985 3843 3056 subjectos

2249 3095 2460 3149 omnes,
2503 3090 2560 3138 et
2603 3081 2882 3152 propriam
2913 3079 3216 3153 praesertim
3248 3079 3517 3134 familiam
3565 3087 3718 3135 tanta
3754 3094 3842 3133 au-

2253 3169 2510 3226 ctoritate
2559 3177 2820 3240 tantaque
2861 3167 3157 3225 severitate
3199 3181 3391 3239 regere
3431 3169 3747 3234 consuerit,
3791 3167 3838 3223 in

554 3233 848 3328 impetrare
879 3233 1076 3331 potuit,
1099 3233 1386 3332 quodvtam
1420 3233 1714 3320 efﬁcaciter
1755 3233 2145 3338 humiliterque
2177 3233 2218 3292 δ
2244 3260 2594 3332 wgritudine,
2643 3233 2862 3331 quando
2915 3258 3095 3315 solent
3141 3233 3482 3326 alii,"morbi
3527 3233 3839 3315 stimulante

557 3353 770 3422 petivit.

1175 3447 1405 3506 CAPUT
1446 3450 1535 3506 Vl.

560 3537 812 3599 Morbus,
861 3538 1188 3593 t'i-silnntibus
1223 3542 1421 3595 monita
1451 3544 1611 3608 data,
1641 3558 1783 3598 mors
1804 3583 1820 3609 ,
1851 3544 2143 3615 sepultura.

631 3629 722 3686 ‘26.
758 3631 840 3685 Ab
873 3631 974 3686 hoc
1004 3639 1246 3702 tempore
1270 3634 1436 3702 cmpit
1459 3633 1510 3688 in
1535 3635 1652 3690 dies
1676 3636 1846 3708 magis
1870 3636 2148 3709 magisque

558 3721 816 3778 deucere.
851 3731 906 3776 ct
936 3723 1094 3778 morti
1129 3723 1602 3782 crebrescentibus
1628 3727 1894 3783 molestiis
1925 3729 2148 3799 propin-

557 3831 749 3884 quare.
779 3815 822 3870 E
846 3815 1056 3871 duobus
1085 3831 1319 3885 namque
1342 3814 1561 3871 Satanae
1585 3819 1813 3888 angelis,
1845 3835 1983 3890 quos
2005 3821 2056 3876 ei
2079 3821 2147 3878 ad

559 3907 1038 3975 colaphizandum,
1071 3923 1138 3963 ne
1166 3908 1539 3977 extolleretur,
1571 3911 1728 3967 datos
1757 3927 1922 3983 supra
1959 3913 2148 3970 retuli-

560 4015 702 4062 mus,
733 4000 1032 4054 teutatione
1063 3998 1314 4054 videlicet
1345 4008 1510 4070 atque
1534 4002 1870 4069 infirmitate,
1899 4004 2061 4073 alter,
2093 4004 2148 4061 id

565 4098 654 4144 est
695 4089 942 4156 tentatio,
970 4089 1043 4143 ita
1074 4089 1383 4144 exstinctus
1405 4101 1489 4146 est
1513 4101 1572 4146 ut
1595 4107 1696 4148 nec
1719 4094 2006 4166 vestigium
2030 4097 2149 4167 ejus

559 4179 768 4232 nultum
795 4178 1190 4248 relinqueretur
1209 4179 1388 4248 ;,alter
1407 4194 1557 4246 vero,
1581 4182 1686 4238 hoc
1726 4191 1810 4239 est
1831 4183 2145 4252 infirmitas,

560 4283 880 4325 excrescere
901 4269 1229 4340 quotidiauis
1250 4285 1358 4326 non
1379 4272 1617 4326 cessavit
1633 4275 1960 4344 augmentis,
1975 4277 2148 4334 donec

559 4361 654 4416 illo
679 4361 934 4428 abeunte,
970 4362 1082 4430 ipse
1106 4376 1318 4433 quoque
1341 4363 1546 4434 pariter
1565 4364 1841 4422 finiretur.
1865 4366 1981 4424 'Sed
2019 4384 2146 4425 cum

559 4465 616 4510 ct
659 4465 817 4510 antea
847 4467 1062 4525 semper
1097 4455 1278 4512 verbis
1318 4464 1375 4512 et
1421 4456 1696 4527 operibus,
1740 4459 1796 4514 in
1840 4459 1958 4529 ejus
1986 4461 2144 4517 beata

560 4550 744 4605 anima
805 4549 972 4604 Deum
1013 4546 1261 4605 habitare
1319 4548 1597 4617 claruerit,
1649 4559 1760 4606 tum
1789 4553 2060 4626 pra3cipue
2090 4554 2146 4610 in

557 4644 668 4699 hac
690 4643 1024 4699 infirmitatis
1044 4642 1345 4699 afflictione
1381 4654 1678 4714 postrema,
1708 4646 1832 4717 quis
1853 4647 1938 4703 vel
1958 4649 2149 4720 quanti

559 4735 702 4790 foret
729 4735 930 4801 meriti,
961 4746 1018 4792 et
1037 4753 1199 4806 quam
1231 4738 1447 4793 sincero
1474 4737 1762 4794 Dominum
1791 4750 2152 4796 veneraretur

559 4831 781 4899 affectu,
813 4840 867 4886 et
889 4847 1051 4900 quam
1081 4849 1208 4888 vera
1231 4833 1523 4889 dilectione
1549 4833 1602 4887 in
1626 4843 1734 4887 tam
1759 4833 2016 4892 diuturna
2038 4833 2151 4889 vita

561 4937 657 4973 sua
696 4920 964 4988 justitiam
996 4924 1394 4994 veritatemque
1423 4922 1786 4990 defensasset,
1829 4922 2004 4980 latere
2043 4941 2150 4982 non

561 5012 767 5077 potuit;
800 5028 923 5066 nam
949 5029 1044 5084 per
1071 5013 1310 5084 ejusdem
1344 5015 1676 5072 intirmitatis
1695 5015 1920 5072 nimiam
1946 5017 2154 5080 violens

565 5102 717 5165 tiam,
749 5103 923 5158 deleta
957 5107 1038 5162 vel
1071 5109 1401 5177 perturbata.
1418 5117 1503 5165 est
1537 5123 1678 5180 pene
1704 5117 1828 5165 tota
1857 5109 2150 5180 memoria,

565 5193 706 5247 inea
730 5194 994 5252 duntaxat
1043 5210 1196 5264 parte
1223 5217 1344 5273 quae
1368 5201 1526 5258 bonis
1547 5201 1816 5273 malisque
1843 5203 2152 5259 communis

559 5293 671 5352 est,
709 5296 764 5342 et
785 5286 946 5342 bonis
976 5291 1042 5344 ad
1080 5291 1269 5360 bonos,
1300 5294 1458 5350 malis
1484 5295 1551 5350 ad
1581 5294 1754 5351 malos
1779 5292 2152 5352 indifferenter

561 5393 694 5436 usus
724 5378 984 5443 deservit,
1015 5381 1268 5439 localium
1295 5393 1352 5440 et
1394 5384 1773 5456 temporalium
1805 5401 1992 5443 rerum
2020 5400 2154 5443 con-

637 5491 753 5562 (29)
794 5492 987 5548 Petrus
1018 5493 1216 5550 Leonis
1244 5495 1544 5562 Romanus,
1570 5511 1715 5554 anno
1745 5493 1903 5562 nso,
1935 5505 2154 5555 creatus

565 5564 881 5640 cardinalis,
915 5566 1169 5640 antipapa
1194 5565 1690 5640 dictus___Anac_letus
1716 5565 1783 5640 ll.
1813 5569 1882 5625 de
1903 5583 2012 5639 quo
2034 5570 2156 5640 egi-

563 5650 687 5704 mus
711 5635 949 5691 lOFebr.
967 5637 1018 5692 in
1035 5635 1161 5691 ’Vi’ta
1191 5635 1248 5691 S.
1275 5635 1552 5692 Guilielmi
1575 5639 1838 5704 eremitaa,
1863 5635 2154 5698 occasione

564 5700 839 5778 Guilielmi
871 5707 1044 5762 ultimi
1077 5707 1231 5763 ducis
1259 5707 1585 5778 Aquitanim,
1619 5723 1648 5762 a
1680 5707 1741 5764 S.
1771 5700 2052 5766 Bernardo
2079 5713 2151 5766 ab

565 5775 725 5842 lmjns
772 5778 1064 5834 schismate
1110 5781 1175 5836 ad
1225 5775 1520 5837 Innocentii
1566 5779 1610 5837 ll
1655 5779 2022 5838 obedientiam
2067 5794 2153 5837 re-

565 5843 732 5900 dttcli.
1045 5899 1068 5936 ι(
1125 5890 1138 5918 ε
1350 5915 1358 5923 ξ
1736 5893 1779 5927 ,ἢ

1055 5927 1153 5948 ""‘I

2252 3353 2524 3419 molestia,
2573 3353 2641 3409 ad
2683 3353 2890 3408 irarum
2932 3361 2990 3408 et
3032 3351 3468 3422 indignationum
3510 3361 3696 3408 motus
3729 3365 3838 3408 esse

2250 3446 2626 3518 prociiviores,
2658 3453 2863 3502 tantam
2892 3444 3390 3508 mansuetudinem,
3416 3452 3634 3499 tantam
3660 3444 3839 3500 indm»

2252 3550 2339 3596 rat
2369 3538 2752 3596 humilitatem.
2792 3536 2950 3604 Nam,
2985 3537 3202 3594 etiamsi
3234 3536 3358 3608 quis
3399 3535 3488 3593 vel
3519 3537 3733 3593 modice
3761 3550 3836 3592 re-

2251 3629 2632 3701 prehendisset
2668 3644 2818 3694 eum,
2863 3628 2949 3685 vel
2997 3628 3236 3699 aliquam
3283 3627 3598 3685 molestiam
3637 3629 3692 3685 in
3732 3629 3838 3700 ejus

2252 3723 2516 3781 famulatu
2546 3739 2605 3781 se
2637 3723 2928 3796 pertulisse
2949 3723 3200 3788 dixisset,
3229 3722 3483 3794 protinus
3506 3721 3710 3794 pugnis
3725 3735 3837 3792 grao

2251 3817 2393 3872 viter
2416 3825 2607 3886 pectus
2635 3817 2955 3882 verberans,
2987 3829 3047 3871 se
3077 3829 3229 3871 reum
3256 3813 3557 3878 clamabat,
3590 3824 3648 3870 et
3674 3813 3837 3884 virga-

2251 3925 2374 3966 rum
2404 3909 2749 3981 disciplinam
2779 3909 2984 3980 imponi
3030 3909 3134 3966 sibi
3164 3906 3525 3964 devotissime
3549 3904 3834 3979 ﬂagitabat.

2251 4003 2408 4073 Quod
2436 4003 2565 4075 quia
2597 4002 2781 4059 cuncti
2823 4010 3047 4072 propter
3087 3999 3318 4058 multam
3344 3999 3495 4056 circa
3521 4014 3652 4057 eum
3697 4013 3838 4054 rere-

2251 4096 2488 4154 rentiam
2507 4094 2854 4160 recusabant,
2873 4092 3039 4150 flebat
3059 4092 3316 4158 ubertim,
3333 4090 3836 4160 confessionemque

2251 4189 2431 4257 illam,
2462 4202 2570 4259 qua
2599 4185 2858 4258 mysteria
2888 4185 3260 4243 celebraturus
3299 4183 3378 4240 uti
3417 4181 3604 4239 fuerat
3633 4183 3832 4243 solitus,

2252 4279 2727 4336 innumerabiliter
2764 4277 3064 4350 repetebat.
3103 4275 3351 4332 Psalmos
3380 4289 3605 4346 quoque
3628 4282 3683 4330 et
3705 4271 3834 4328 diri-

2251 4383 2446 4425 narum
2489 4367 2896 4439 Scripturarum
2936 4366 3262 4430 sententias,
3314 4363 3536 4421 litanias
3580 4365 3743 4420 etia
3783 4369 3834 4415 et

2251 4461 2530 4520 orationes
2559 4459 2961 4518 ecclesiasticas
2987 4459 3074 4516 die
3114 4466 3388 4529 noctuque
3418 4456 3724 4514 incredibili
3751 4455 3832 4510 in-

2177 4578 2226 4639 ι)
2253 4554 2454 4613 stantia
2493 4552 2898 4624 frequentabat,
2942 4549 3018 4606 ita
3055 4559 3117 4605 ut
3157 4558 3320 4605 nocte
3357 4562 3464 4639 una
3495 4548 3663 4619 (sicut
3689 4544 3832 4639 nobis

2253 4645 2435 4703 veraci
2468 4643 2784 4700 narratione
2811 4642 3046 4698 relatum
3086 4639 3192 4712 est)
3221 4638 3540 4696 Dominicas
3573 4637 3832 4695 orationes

2257 4744 2534 4795 trecentas
2550 4735 2872 4808 expleverit.
2899 4734 3145 4803 Cumque
3161 4747 3198 4787 a
3220 4731 3587 4788 servientibus
3605 4729 3702 4784 sibi
3720 4741 3831 4783 eor-

2254 4833 2544 4903 riperetur,
2573 4829 2718 4899 quod
2739 4829 2856 4884 haec
2877 4827 3088 4898 agendo
3114 4841 3222 4882 non
3245 4823 3422 4880 solum
3444 4838 3550 4878 suo
3575 4819 3832 4892 fatigatio-

2255 4938 2379 4980 nem
2421 4921 2670 4992 corpori,
2708 4919 2804 4975 sed
2845 4919 3011 4974 etiam
3053 4921 3345 4988 augmenta
3381 4913 3656 4983 prabet-et
3691 4907 3829 4964 inﬁr—

2258 5016 2465 5084 mitati,
2498 5010 2863 5084 respondebat
2909 5011 3019 5076 ille,
3044 5024 3154 5066 non
3191 5007 3367 5064 solum
3409 5021 3523 5060 non
3563 5006 3687 5058 hinc
3726 4999 3830 5055 suis

2257 5108 2597 5164 incrementa
2638 5103 2898 5170 miseriis,
2933 5101 3030 5159 sed
3060 5101 3281 5172 insuper
3320 5111 3518 5169 magna
3567 5090 3830 5168 provenire

2257 5199 2517 5258 remedia.

2324 5293 2417 5350 28.
2455 5291 2538 5347 ita
2569 5290 2769 5363 quippe
2803 5288 2889 5346 his
2912 5294 3230 5345 assueverat
3253 5283 3472 5350 studiis,
3493 5291 3553 5339 et
3573 5282 3647 5339 ita
3662 5276 3828 5335 dulce

2255 5386 2436 5444 dinem
2463 5384 2660 5441 divinae
2686 5382 2862 5440 laudis
2899 5390 2956 5438 et
2984 5377 3378 5438 obsecrationis
3403 5373 3708 5433 medullitus
3731 5370 3825 5424 in—

2331 5500 2449 5575 (39)
2488 5499 2741 5575 Anicium
2769 5513 2864 5575 se_u
2892 5496 3118 5575 Pedium
3153 5493 3216 5575 B_.
3254 5491 3527 5575 hilarizein
3558 5483 3827 5575 Artemii.

2255 5563 2348 5628 ubi
2382 5563 2661 5628 Gerardus
2686 5563 3661 5641 ep.iEngolismensisdepositnscst.
3673 5623 3727 5641 ψ

2329 5623 3095 5715 (δῖ)ᾞίιῇι’[ιεζβῖωειιις
3120 5623 3366 5715 quiqop'e
3396 5634 3645 5715 archiep:
3673 5623 3822 5715 fig-

2255 5695 2651 5778 nen'...etvalde
2670 5695 3042 5767 collaborante
3061 5707 3122 5764 S.
3139 5705 3472 5774 Godefredo,
3496 5695 3824 5774 ep.'Ambia-

2257 5787 2432 5850 nensi,
2461 5785 2550 5846 nui
2585 5784 2781 5841 colitur
2801 5783 2836 5838 8
2871 5780 3131 5838 Novemb.
