3984 6404
183 421 299 481 ’181
1263 419 1425 479 VITA
1466 422 1528 481 S.
1570 422 1770 482 HUGOl

1913 425 2422 487 GRATIANOPOL.
3367 440 3466 498 789

181 535 430 598 biberat,
459 541 520 589 ut
545 547 670 590 cum
703 540 902 590 emtera
944 546 1082 604 pene
1115 535 1297 589 omnia
1331 549 1431 606 per
1453 537 1782 607 passionem,
1814 542 1861 600 Α
1890 538 2088 596 divinis
2115 541 2394 599 beneficiis
2437 557 2542 599 non
2574 545 2690 602 sine
2725 547 2962 618 pectoris
2989 551 3306 610 contuslone
3333 570 3468 612 con-

181 625 651 698 ut.pnediximus,
673 625 870 696 capitis
893 625 964 682 de
991 626 1255 689 memoria
1281 626 1640 698 diffugissent,
1667 628 1783 684 haec
1886 637 2113 687 testans.
2137 631 2378 700 Quadam
2403 645 2584 692 autem
2610 637 2728 694 vice
2755 639 2976 708 quidam
3001 656 3069 697 ex
3091 643 3276 711 sociis,
3301 648 3470 704 tantis

177 729 414 789 prorsus
454 717 522 773 de
558 715 906 776 sanctissima
949 714 1066 786 ejus
1105 726 1287 772 mente
1330 717 1477 772 nulla
1507 717 1588 774 vel
1616 717 1779 789 phre-

177 811 338 866 nesis
372 808 457 864 vel
491 808 715 865 alterius
755 807 930 864 morbi
979 807 1032 862 vi
1083 808 1360 876 potuerint
1405 809 1628 865 aboleri.
1667 808 1780 864 lmo

176 907 342 954 tanto
394 899 514 955 haec
566 898 862 954 instantius
908 906 964 954 et
1008 898 1384 955 delectabilius
1449 900 1776 970 revolvebat,

175 1000 394 1062 quanto
416 997 638 1057 caetera,
670 989 945 1046 oblivione
971 1004 1190 1061 quoque
1205 989 1455 1060 iuvante,
1485 992 1665 1047 rarius
1693 991 1776 1046 in-

177 1083 506 1145 cursabant.
551 1083 772 1140 Etcum
815 1083 1156 1154 plerumque,
1201 1083 1307 1139 hac
1349 1082 1464 1154 ipsa
1509 1083 1780 1140 oblivione

174 1187 434 1250 cogente,
450 1174 541 1233 ubi
557 1185 723 1246 esset,
747 1176 831 1233 vel
852 1191 976 1232 cum
997 1175 1378 1248 quibusjesset,
1405 1185 1664 1244 nesciret,
1697 1177 1781 1233 in.

172 1276 492 1339 terrogatus
507 1276 687 1324 tamen
713 1268 782 1324 de
804 1267 890 1325 his
910 1282 1032 1338 quae
1055 1267 1122 1323 ad
1142 1266 1414 1340 justitiam
1437 1268 1780 1340 religionem-

171 1372 288 1430 que
306 1359 672 1430 pertinebant,
693 1359 814 1416 sine
831 1360 1178 1418 cunctatione
1191 1360 1544 1418 veracissime
1562 1361 1779 1432 sapien-

172 1433 502 1524 tissimeque
562 1452 948 1524 respondebat.
1013 1451 1149 1509 Nam
1199 1468 1322 1509 cum
1372 1451 1544 1510 falsus
1591 1470 1779 1510 rumor

169 1543 388 1600 exisset
443 1543 586 1615 quod
653 1544 842 1601 comiti
907 1544 1149 1602 Amedeo
1203 1545 1323 1618 (32)
1348 1587 1363 1616 ,
1420 1546 1510 1616 qui
1563 1547 1776 1603 comitis

172 1635 453 1705 Umberti,
476 1635 648 1709 patris
669 1635 916 1695 videlicet
939 1639 1045 1704 sui,
1069 1646 1292 1695 secutus
1313 1638 1643 1709 exemplum,
1661 1653 1771 1695 non

1881 720 2000 790 ejus
2025 719 2242 779 fletibus
2273 734 2439 793 atque
2481 727 2732 796 suspiriis
2761 738 2958 796 motus,
2987 731 3141 800 quasi
3165 734 3469 792 consolatu-

1883 823 1976 864 rus
2009 827 2024 863 :
2063 829 2082 862 ι
2111 810 2274 878 Quid,
2300 813 2498 885 inquit,
2524 815 2707 883 Pater,
2730 826 2937 874 tantum
2965 821 3196 891 plangis,
3228 837 3351 879 cum
3368 839 3467 882 nec

1882 899 2254 969 homicidium,
2282 918 2384 960 nec
2406 907 2727 978 perjurium,
2753 924 2854 966 nec
2875 910 3018 967 aliud
3040 913 3166 983 quid
3185 915 3468 974 criminale

1880 992 2263 1050 commiseris?
2306 1013 2325 1048 ι
2371 995 2623 1055 Protinus
2669 1001 2757 1057 ille
2793 1017 2808 1056 :
2861 1022 2879 1054 ι
2917 1001 3054 1071 Quid
3089 1004 3210 1070 hoc,
3267 1007 3466 1080 inquit,

1881 1082 2074 1151 refert,
2107 1099 2233 1140 cum
2260 1087 2375 1142 sola
2403 1089 2675 1159 cupiditas
2701 1100 2757 1147 et
2792 1094 3029 1157 vanitas.
3066 1096 3112 1151 si
3149 1097 3328 1152 divina
3357 1114 3466 1154 non

1879 1174 2023 1230 adsit
2039 1175 2344 1245 clementia,
2357 1180 2646 1250 perditioni
2671 1184 2877 1252 possint
2894 1185 3144 1242 humana:
3159 1186 3459 1244 sullicere?»

1880 1262 2020 1332 Quid
2039 1265 2374 1335 [prudentius
2410 1277 2504 1324 aut
2541 1273 2976 1341 compendiosius
3012 1275 3080 1331 ab
3124 1275 3378 1333 incolumi
3409 1289 3468 1334 et

1881 1353 2104 1426 integra:
2129 1358 2408 1414 memorize
2437 1361 2614 1431 potuit
2635 1365 2990 1433 responderi?
3015 1365 3208 1423 Omnia
3232 1383 3352 1439 quas
3379 1371 3465 1425 vel

1880 1445 2008 1502 boni
2036 1448 2140 1518 piis
2169 1449 2362 1506 studiis
2386 1461 2730 1519 aversantur,
2761 1455 2844 1510 vel
2873 1456 2998 1510 mali
3029 1459 3350 1526 perniciosis
3380 1461 3466 1516 ni-

1879 1539 2030 1596 sibus
2057 1552 2465 1613 consectantur,
2500 1545 2708 1603 duobus
2726 1546 2926 1615 verbis,
2951 1550 3265 1619 cupiditatis
3285 1560 3342 1608 et
3364 1568 3463 1608 va-

1879 1633 2087 1700 nitatis,
2115 1633 2358 1692 inclusit.

169 1728 435 1801 exiguam
474 1727 636 1786 beato
671 1729 790 1786 seni
839 1731 1203 1788 reverentiam
1255 1731 1584 1800 exhibebat,
1633 1732 1775 1788 filius
1811 1725 1824 1734 ’
1946 1725 3464 1806 5LDiensisetiamepiscopusdominusOdolricus(35).

169 1829 343 1878 natus
381 1819 594 1892 fugisset,
636 1830 1053 1894 quaterentque
1087 1822 1180 1893 qui
1222 1823 1553 1880 assistebant
1592 1825 1644 1880 ei
1700 1839 1768 1880 an
1874 1831 2019 1872 unus
2061 1831 2128 1873 ex
2157 1816 2276 1888 ejus
2317 1819 2572 1888 alumnis,
2603 1830 2661 1877 et
2699 1822 2755 1877 in
2793 1823 3036 1880 Ecclesia
3061 1823 3468 1896 Gratianopoli-

169 1926 302 1969 eum
345 1911 514 1970 vellet
558 1913 673 1985 ipse
704 1913 1007 1986 baptizare,
1049 1912 1195 1969 illico
1225 1929 1332 1970 non
1360 1915 1775 1986 sine'asperua-
1809 1899 1849 1960 Β
1881 1917 2008 1963 lana
2049 1923 2147 1979 per
2179 1923 2369 1966 omnes
2404 1911 2643 1969 honores
2679 1928 2848 1984 usque
2882 1915 2949 1970 ad
2990 1915 3315 1970 decanatum
3347 1917 3467 1986 (qui

168 2005 326 2063 tione
355 2005 734 2079 respondens:
772 2024 791 2060 ι
827 2005 968 2075 Νοη,
1007 2006 1205 2078 inquit,
1235 2023 1265 2063 a
1297 2022 1404 2079 quo
1447 2009 1570 2080 quis
1596 2008 1772 2078 bapti-

169 2104 335 2153 zetur
355 2098 659 2154 curandum
681 2105 766 2154 est
787 2097 928 2170 (33),
959 2112 1082 2154 cum
1114 2099 1437 2168 baptismus,
1469 2114 1501 2154 a
1528 2113 1774 2170 quocun-

169 2204 282 2264 que
318 2190 507 2257 datus,
545 2190 619 2248 sit
650 2205 870 2263 semper
907 2191 1072 2247 idem.
1108 2211 1128 2246 ι
1170 2191 1304 2248 item
1345 2192 1775 2261 disceptantibus

171 2279 323 2340 inter
354 2295 415 2341 se
441 2283 534 2355 qui
562 2282 791 2339 aderant
818 2283 942 2355 quis
969 2297 1344 2342 successorem
1381 2285 1518 2358 ejus,
1561 2301 1628 2344 eo
1655 2287 1774 2357 ipso

168 2381 405 2447 petente
443 2373 558 2445 jam
603 2375 864 2444 electum,
915 2377 970 2432 in
1016 2378 1357 2434 sacerdotem
1402 2391 1770 2448 consecraret,

171 2464 441 2521 similiter
470 2464 780 2538 indignatus
812 2467 1089 2538 respondit
1130 2484 1238 2525 non
1292 2469 1597 2541 eligendum
1629 2471 1772 2527 intra

171 2553 485 2611 Ecclesiam
517 2555 838 2612 catholicam
862 2557 1254 2626 ordinatorem,
1277 2575 1422 2626 cum,
1445 2561 1572 2617 licet
1592 2561 1772 2619 diver-

169 2644 248 2703 sis
269 2653 338 2702 et
365 2658 398 2701 a
424 2645 656 2703 diversis
679 2646 864 2704 datum
898 2648 1290 2717 sacerdotium,
1322 2665 1430 2708 non
1454 2653 1626 2722 possit
1651 2668 1771 2710 esse

170 2735 481 2794 diversum.
523 2735 912 2808 Indignabatur
937 2747 1121 2796 autem
1151 2739 1206 2795 in
1237 2741 1438 2797 talibus
1473 2741 1690 2798 facilius
1717 2751 1773 2798 et

167 2826 577 2894 vehementius,
613 2827 740 2899 quia
773 2826 858 2886 vel
886 2829 1136 2887 dubitare
1164 2829 1218 2886 in
1243 2831 1328 2888 his
1377 2831 1768 2903 blasphemiam

168 2917 497 2990 deputahat.

236 3011 338 3068 ΞΘ.
381 3009 809 3071 Accurrentibus
841 3014 1007 3071 etiam
1048 3015 1116 3073 ad
1151 3016 1483 3073 visitandum
1511 3031 1636 3074 eum
1661 3018 1769 3076 cle-

168 3101 302 3160 ricis
333 3111 394 3160 et
419 3083 589 3171 laici},
628 3107 763 3164 satis
795 3107 1022 3164 multum
1055 3110 1437 3165 venerabiliter
1464 3126 1529 3166 ac
1554 3111 1765 3178 devote,

166 3207 266 3265 pro
288 3197 545 3266 personis
568 3204 625 3254 et
645 3195 856 3268 ciliciis,
883 3199 1122 3256 monitus
1166 3200 1552 3257 saluberrimos
1579 3202 1764 3258 infun-

169 3283 365 3342 debat.
410 3285 557 3344 lnter
596 3300 734 3359 quos
784 3289 1084 3363 Guigonem
1135 3291 1426 3358 Desiderii,
1480 3309 1644 3348 unum
1701 3295 1767 3350 de

169 3377 481 3449 majoribus
523 3387 649 3451 post
687 3382 961 3448 comitem,
1002 3397 1132 3453 erga
1160 3397 1218 3439 se
1246 3398 1356 3453 pra:
1393 3383 1578 3440 multis
1609 3385 1769 3441 devo-

169 3475 314 3533 tum,
341 3482 465 3524 cum
484 3465 639 3526 ﬂexis
664 3471 892 3542 genibus
919 3473 1017 3542 (ita
1041 3473 1238 3543 quippe
1259 3487 1452 3530 omnes
1473 3472 1766 3549 faciebant)

168 3567 300 3616 ante
345 3558 544 3615 lectum
581 3560 699 3633 ejus
739 3562 1171 3620 benedictionem
1225 3562 1528 3636 flagitaret,
1579 3579 1767 3623 severa

168 3649 553 3724 increpatione
583 3655 865 3726 corripuit,
903 3655 1090 3714 dicens
1119 3672 1265 3725 eum,
1297 3656 1526 3727 injustas
1557 3659 1611 3714 in
1641 3660 1767 3717 sub-

170 3741 320 3797 ditos
349 3742 666 3800 exactiones
694 3743 968 3810 faciendo,
997 3747 1194 3802 animae
1221 3761 1333 3803 suae
1361 3757 1620 3818 perpetua
1653 3759 1768 3807 tor-

169 3842 362 3888 menta
395 3832 618 3890 lucrari.
657 3835 740 3892 Ad
779 3851 900 3908 quae
925 3835 1016 3894 ille
1045 3837 1380 3908 stupefactus
1407 3840 1486 3895 ait
1511 3853 1619 3896 non
1653 3841 1769 3897 haec

167 3923 272 3980 sibi
308 3923 384 3979 ab
431 3924 523 3982 illo
560 3924 653 3998 qui
695 3925 807 3998 iam
859 3943 999 3999 pone
1040 3928 1182 3986 inter
1231 3939 1478 3987 mortuos
1520 3931 1768 4002 deputari

167 4024 424 4086 poterat,
458 4017 554 4072 sed
587 4029 618 4072 a
656 4018 769 4076 Deo
801 4020 1002 4090 potius,
1041 4021 1135 4093 qui
1167 4021 1219 4079 ei
1242 4022 1600 4090 revelaverat,
1637 4021 1766 4090 dici,

169 4119 434 4162 asserens
477 4107 856 4178 gravissimam
909 4126 1098 4168 revera
1151 4123 1403 4170 recenter
1446 4122 1604 4171 terra
1656 4127 1771 4172 sua:

170 4197 408 4252 multam
439 4198 783 4280 imposuisse,
815 4203 1156 4274 necdumque
1189 4206 1486 4277 accepisse,
1518 4219 1620 4264 nec
1649 4215 1770 4280 post

169 4288 290 4346 haec
323 4289 446 4359 ejus
480 4292 681 4348 monita
709 4303 1059 4364 accepturum
1091 4297 1348 4369 deinceps
1374 4311 1517 4354 esse.

236 4381 338 4439 50.
375 4381 706 4442 Caniotinus
743 4387 910 4444 etiam
958 4389 1278 4461 episcopus,
1329 4391 1580 4448 dominus
1615 4389 1767 4448 Gau-

170 4475 354 4534 fridus
373 4477 513 4551 (54),
540 4493 700 4537 servo
719 4481 812 4538 Dei
827 4496 892 4538 ex
917 4497 1024 4554 quo
1047 4492 1210 4540 notus
1231 4484 1582 4555 singulariter
1603 4485 1768 4540 etiam

1878 2010 2002 2070 post
2028 2001 2402 2072 episcopatum
2433 2002 2608 2072 major
2630 2004 2828 2060 ibidem
2858 2015 2944 2062 est
2971 2007 3231 2079 dignitas)
3253 2008 3322 2064 ab
3346 2007 3467 2078 ipso

1877 2102 2201 2162 provectus,
2243 2095 2368 2151 vitae
2411 2095 2677 2167 regularis
2714 2097 2956 2153 habitum
2996 2114 3096 2170 per
3142 2100 3468 2156 reverendas

1878 2199 2072 2241 manus
2091 2185 2420 2243 sanctissimi
2455 2188 2602 2243 senis
2627 2188 2946 2246 desiderans
2971 2205 3206 2259 sumere,
3237 2192 3466 2248 devotus

1878 2277 2118 2344 advenit,
2153 2278 2271 2349 ipso
2298 2277 2414 2346 jam
2454 2278 2655 2346 multa,
2691 2280 2899 2337 morbis
2938 2282 3463 2353 ingravescentibus,

1876 2367 2158 2424 debilitate
2193 2377 2438 2440 gravato.
2480 2369 2647 2439 Cujus
2680 2371 2947 2430 adventus
2983 2389 3166 2442 causa,
3197 2377 3466 2434 ministris

1876 2459 2285 2526 indicantibus,
2334 2462 2419 2516 vir
2460 2461 2654 2520 beatus
2705 2464 2913 2532 audita,
2969 2474 3121 2523 tanto
3174 2469 3466 2526 exsultavit

1875 2549 2091 2619 gaudio,
2145 2557 2407 2621 tantaque
2465 2553 2717 2622 protinus
2762 2562 2818 2609 et
2868 2555 3105 2626 repletus
3159 2557 3368 2625 laetitia,
3402 2570 3466 2616 ut

1873 2639 2074 2697 oblitus
2096 2640 2459 2712 infirmitatis,
2478 2645 2718 2702 venienti
2739 2659 3028 2705 occurrere
3044 2652 3303 2721 gestiens,
3326 2667 3466 2724 pene

1872 2748 1933 2789 se
1953 2734 2038 2790 de
2070 2733 2271 2791 lectulo
2305 2736 2752 2807 praecipitaverit.
2796 2740 3108 2798 Accedente
3135 2753 3317 2800 autem
3345 2744 3460 2810 illo,

1872 2825 2149 2884 osculatus
2175 2837 2261 2884 est
2292 2843 2438 2898 eum,
2459 2838 2514 2885 et
2541 2845 2652 2902 prae
2678 2832 2874 2904 gaudio
2896 2833 3166 2906 lacrymas
3187 2835 3460 2894 fundens:

1878 2937 1895 2970 ι
1926 2917 2136 2984 Exuat,
2182 2919 2386 2990 inquit,
2441 2927 2495 2976 te
2537 2920 2681 2977 Deus
2726 2930 2966 2981 veterem
3013 2925 3289 2982 hominem
3335 2941 3460 2982 cum

1870 3009 2082 3065 actibus
2121 3010 2272 3076 suis,
2324 3021 2382 3068 et
2429 3012 2620 3069 induat
2658 3022 2710 3072 te
2753 3030 2984 3084 novum,
3023 3017 3117 3088 qui
3157 3019 3458 3075 secundum

1873 3105 2042 3158 Deum
2068 3113 2288 3160 creatus
2313 3113 2399 3160 est
2425 3105 2477 3160 in
2503 3104 2716 3174 justitia
2743 3116 2798 3164 et
2826 3109 3118 3166 sanctitate
3142 3111 3384 3167 veritatis
3401 3129 3452 3177 ,ο

1871 3195 2158 3260 tremoris,
2192 3203 2250 3249 ut
2277 3193 2391 3264 jam
2437 3196 2644 3252 dictum
2695 3206 2798 3268 est,
2841 3200 2908 3255 ad
2959 3201 3270 3257 communia
3313 3202 3457 3259 ultra

1873 3282 2030 3338 fidem
2070 3285 2374 3354 deficiente,
2406 3286 2472 3341 ad
2504 3287 2684 3343 divina
2727 3289 2887 3347 solito
2907 3305 3296 3362 nonnunquam
3337 3307 3459 3350 am-

1870 3375 2012 3446 plius
2039 3379 2390 3434 exuberante.
2424 3377 2560 3434 Nam
2591 3389 2646 3436 et
2675 3390 2797 3452 post
2832 3381 3000 3439 multa
3029 3385 3375 3441 sanctissima
3400 3394 3463 3443 et

1870 3463 2226 3521 saluberrima
2243 3467 2449 3522 monita
2473 3481 2595 3524 cum
2618 3469 2817 3538 abiret,
2837 3471 3069 3527 necdum
3093 3473 3232 3529 atria
3254 3483 3454 3532 cuncta

1873 3554 2185 3622 transisset,
2220 3556 2274 3612 id
2308 3558 2474 3612 etiam
2507 3560 2767 3616 mandare
2810 3562 3026 3618 curavit
3081 3572 3141 3620 ut
3169 3565 3236 3621 de
3269 3565 3458 3638 caligis

1871 3647 2094 3718 pedules
2130 3650 2502 3718 ahscinderet,
2551 3661 2821 3724 quatenus
2873 3665 3075 3726 prater
3102 3658 3266 3728 pedes
3309 3667 3460 3715 totus

1867 3739 2078 3810 jaceret
2101 3741 2359 3810 vestitus;
2391 3743 2608 3800 dolebat
2636 3745 2782 3800 enim
2810 3746 3096 3802 nonnullos
3126 3746 3178 3802 in
3203 3747 3459 3818 religioso

1871 3831 2084 3904 habitu,
2125 3833 2194 3889 ad
2236 3836 2549 3893 sanctitatis
2585 3837 2865 3908 injuriam,
2903 3838 3052 3895 tibiis
3093 3839 3332 3898 dormire
3356 3857 3460 3897 nu-

1872 3924 2038 3981 datis.
2069 3923 2199 3982 Post
2223 3926 2362 3993 11330,
2381 3925 2698 3997 juvantibus
2725 3929 3010 3996 ministris,
3039 3930 3094 3985 in
3119 3929 3337 4002 planum
3366 3933 3461 3989 de.

1872 4015 2084 4072 scendit
2107 4015 2305 4088 solum,
2330 4027 2743 4091 prostratusque
2765 4021 2818 4076 in
2838 4020 3054 4091 faciem,
3083 4037 3308 4095 magnas
3323 4024 3459 4090 Deo.

1871 4117 1972 4175 pro
2004 4117 2072 4161 eo
2105 4106 2250 4176 quod
2294 4106 2500 4164 factum
2538 4106 2752 4176 fuerat,
2793 4124 2916 4166 cum
2957 4110 3217 4183 lacrymis
3256 4113 3460 4183 gratias

1871 4194 2220 4265 obtulit;‘his
2261 4196 2505 4265 indiciis,
2545 4207 2809 4270 quantum
2849 4200 3078 4257 salutem
3118 4202 3461 4259 desideraret

1872 4287 2191 4356 humanam,
2231 4304 2370 4360 pene
2393 4288 2508 4360 jam
2538 4289 2828 4348 defunctus
2857 4293 3167 4350 ostendens.

1941 4379 2034 4436 32.
2076 4380 2278 4438 Ridere
2315 4390 2518 4448 autem,
2551 4382 2637 4440 vel
2669 4378 2860 4441 otiosis
2892 4399 3092 4442 vacare
3126 4385 3328 4452 verbis,
3364 4393 3458 4440 aut

1872 4486 2124 4530 rumores
2163 4473 2384 4530 inutiles
2421 4475 2674 4540 recitare,
2721 4476 3020 4532 servitores
3062 4491 3214 4543 suos,
3253 4490 3458 4545 nequa-

169 4568 404 4636 charus,
443 4577 566 4639 post
601 4571 967 4628 visitationem
996 4572 1180 4644 (quam
1210 4573 1262 4629 ei
1300 4581 1454 4629 tanto
1476 4573 1768 4645 gratiorem

1878 4577 2036 4634 quam
2080 4565 2354 4634 patienter
2400 4565 2674 4633 habebat;
2729 4567 2915 4624 statim
2953 4567 3097 4624 enim
3146 4567 3249 4622 hoc
3280 4567 3456 4638 ipsum

170 4669 384 4733 quanto
424 4663 596 4734 magis
629 4665 991 4722 desideratam
1038 4667 1388 4738 exhibuerat)
1430 4665 1764 4734 Valentiam,

171 4755 261 4810 ubi
307 4764 443 4812 tunc
483 4757 684 4824 eratis,
721 4757 788 4812 ad
827 4758 991 4814 vestri
1035 4759 1377 4829 praesentiam
1425 4770 1766 4825 reversurus,

170 4862 327 4916 cum,
363 4849 494 4920 quid
519 4863 586 4906 ex
613 4865 711 4908 sua
736 4851 890 4909 vobis
926 4860 1082 4924 parte
1113 4851 1218 4908 dici
1244 4851 1586 4922 praeciperet,
1615 4862 1767 4920 quar-

173 4950 346 5009 reret,
387 4943 466 4997 ait
505 4943 596 4998 ille
624 4951 683 4999 ut
719 4959 820 5016 pro
854 4957 914 5000 se
956 4952 1135 5000 vestra
1173 4943 1480 5016 benignitas
1519 4941 1615 4998 Dei
1655 4940 1767 4998 cle-

171 5032 442 5087 mentiam
463 5044 736 5090 exoraret.
764 5034 870 5090 Sed
893 5044 944 5090 et
965 5035 1052 5091 hic
1075 5049 1200 5091 cum
1230 5041 1500 5107 qumrerct
1520 5031 1648 5103 quid
1669 5047 1770 5103 pro

172 5134 234 5178 se
260 5122 592 5180 velletorari
619 5141 633 5180 :
669 5145 688 5178 ι
720 5125 790 5182 Ut
816 5126 972 5192 Deus,
1005 5127 1204 5196 inquit,
1239 5127 1294 5182 in
1323 5141 1412 5182 me
1434 5124 1766 5181 mundanum

175 5217 524 5288 exstinguat,
567 5227 622 5274 et
667 5233 823 5275 suum
873 5220 1136 5276 accendat
1175 5233 1436 5275 amorem.
1469 5239 1488 5273 ι
1534 5217 1766 5288 ldipsum

175 5305 466 5378 religiosos
493 5307 707 5376 fratres,
741 5311 832 5381 qui
864 5311 1109 5366 sedulum
1135 5310 1236 5366 sibi
1256 5311 1586 5366 exhibebant
1611 5309 1768 5364 obse-

176 5398 394 5466 quium,
425 5400 721 5471 szepissime
755 5404 1100 5474 precabatur,
1137 5419 1287 5460 reum
1324 5413 1458 5460 seet
1487 5401 1766 5472 indignum

251 5554 383 5641 (δῇ
409 5555 623 5641 liic'est
646 5557 916 5641 Amedeus
950 5559 1018 5641 ll,
1036 5574 1242 5641 comes
1281 5559 1592 5641 Sabaudiae,
1613 5556 1768 5641 filius

178 5623 467 5696 Hu‘mberti
518 5627 582 5694 ll,
632 5631 742 5695 cui,
775 5645 919 5686 anno
963 5623 1122 5696 1105,
1150 5640 1364 5688 mortuo
1391 5623 1676 5694 successit,
1711 5627 1763 5680 in

179 5694 257 5766 Cy
303 5710 362 5749 ro
398 5697 573 5752 insula
611 5694 897 5758 defunctus
923 5694 1182 5757 Kalendis
1215 5701 1434 5772 Aprilis,
1469 5715 1560 5755 an.
1601 5696 1766 5754 1119.

215 5835 231 5844 _
259 5711 373 5837 F33)
415 5767 637 5844 Scilicet
679 5771 792 5828 sive
819 5773 865 5828 is
911 5773 1198 5843 episcopus
1241 5772 1426 5841 fuerit,
1457 5772 1572 5829 sive
1601 5785 1768 5844 paro-

182 5835 323 5892 chus
342 5835 616 5896 sacerdos.

1871 4673 2062 4716 severa
2087 4659 2463 4730 increpatione
2488 4659 2762 4729 frenabat,
2799 4676 3051 4718 asserens
3097 4671 3342 4733 tempora
3363 4661 3460 4718 tle-

1874 4749 2017 4807 tibus
2042 4749 2224 4807 debita
2256 4759 2312 4807 et
2340 4751 2697 4821 paenitentiae,
2721 4753 3035 4823 occupanda
3058 4752 3334 4822 lamentis,
3356 4769 3459 4812 nec

1870 4842 2174 4910 cachinnis,
2213 4856 2315 4899 nec
2355 4844 2652 4916 nugacibus
2703 4844 3090 4914 relationibus,
3128 4861 3229 4904 nec
3267 4847 3461 4906 otiosis

1873 4933 2094 4988 terenda
2125 4933 2490 4989 sermonibus.
2522 4931 2699 5001 Unde,
2721 4949 3057 5004 quaesumus,
3077 4934 3242 4991 etiam
3269 4936 3460 4992 etiam-

1869 5039 1976 5095 que
2003 5025 2370 5091 considei'ent,
2395 5025 2485 5094 qui
2517 5025 2703 5081 mirari
2727 5025 2829 5082 nisi
2861 5025 3077 5082 insolita
3101 5042 3206 5082 non
3229 5037 3455 5093 norunt,

1871 5127 2052 5174 utrum
2081 5118 2164 5176 vel
2197 5119 2250 5174 in
2278 5117 2600 5190 Scripturis,
2632 5117 2713 5174 vel
2738 5119 2792 5174 iu
2821 5119 3075 5176 humanis
3105 5119 3458 5178 relationibus

1872 5213 1977 5270 tale
1997 5214 2291 5285 quidquam
2317 5229 2476 5270 nosse
2496 5213 2793 5285 potuerint,
2815 5223 2871 5270 et
2891 5223 3074 5271 utrum
3098 5230 3205 5271 non
3234 5217 3458 5272 omnino

1872 5304 2206 5374 impossibile
2247 5313 2304 5359 et
2335 5314 2525 5360 contra
2553 5313 2828 5372 naturam,
2875 5313 2930 5361 ct
2972 5305 3092 5362 ideo
3140 5306 3459 5364 incredibile

1869 5397 2035 5452 etiam
2075 5396 2342 5463 videatur,
2391 5396 2630 5466 potuisse
2673 5397 2950 5454 hominem
2995 5399 3297 5469 ecrporalia
3326 5407 3382 5454 et
3421 5415 3454 5453 a

1941 5555 2057 5628 ('54)
2098 5554 2250 5628 Sedit
2277 5555 2570 5612 Gaufridus
2593 5553 2665 5628 ab,
2688 5565 2830 5628 anno
2861 5554 2999 5610 1116
3023 5553 3091 5609 ad
3127 5550 3456 5628 ll_?gS_,Alega-

1873 5621 1960 5684 tus
2001 5626 2332 5696 apostolicus
2373 5627 2671 5683 Innocentii
2698 5625 2760 5691 ll,
2793 5640 2952 5696 quem
2986 5640 3132 5696 anno
3176 5621 3315 5679 1150
3359 5621 3455 5678 ex-

1870 5693 2260 5774 cepitLCarn‘uti
2288 5696 2472 5774 etjam
2496 5697 2790 5774 reducebat
2810 5693 2872 5774 in
2904 5693 3135 5749 Italiam.
3159 5764 3173 5774 .
3227 5771 3235 5774 _
3324 5760 3359 5774 η

1941 5761 2058 5840 (55)
2115 5768 2249 5823 Aliis
2299 5761 2563 5840 Odoricus
2617 5765 3012 5840 et_Dldricus,
3083 5764 3177 5836 qui
3223 5761 3455 5822 traditur

1871 5835 2074 5896 vixisse
2104 5854 2272 5911 usque
2298 5839 2364 5894 ad
2387 5853 2587 5893 annum
2620 5835 2776 5891 1141.
