3984 6412
572 367 677 425 783

1397 355 1720 418 GUIGONIS
1759 357 1781 412 Ι
1831 355 2264 416 CARTHUSUE
2302 355 2594 418 MAIORIS
2633 354 2910 414 PRIORIS
2949 354 3008 410 ν.
3739 357 3826 418 781
3859 427 3862 436 Ι

519 513 526 526 -.
573 494 744 554 puero
775 484 1030 536 consueta
1069 477 1136 534 de
1176 473 1436 531 memoria
1471 472 1718 542 perdere,
1757 477 1813 528 et
1837 469 2018 548 divina
2053 483 2158 523 non
2187 473 2235 532 Δ
2265 465 2422 531 feria,
2451 465 2595 520 circa
2629 464 2981 535 gallicinium,
3015 463 3074 518 B.
3111 461 3286 534 llugo,
3319 463 3462 519 inter
3489 463 3574 520 sui
3601 470 3830 538 temporis

573 571 842 645 potuisse,
881 583 1005 624 cum
1053 566 1109 624 id
1155 563 1332 638 potius
1375 572 1586 618 natura;
1629 561 1715 618 vel
1756 559 2164 618 consuetudinis

575 664 759 732 exigat
784 660 949 726 ratio,
974 669 1034 714 ut
1058 655 1360 728 spiritualia
1391 663 1446 709 et
1473 653 1678 720 divina,
1711 660 1969 722 tanquam
1993 650 2164 707 subti-

575 755 716 809 liora
757 753 810 808 in
842 752 1022 806 minus
1051 756 1302 814 assueta,
1337 754 1606 817 captoque
1635 743 1980 809 difﬁciliora,
2015 741 2165 814 prius

579 846 906 910 abscedant;
942 843 1030 898 illa
1051 856 1201 906 vero,
1233 849 1418 912 utpote
1445 838 1800 895 familiariora
1829 846 1886 894 et
1911 836 2165 892 humana:

579 935 882 991 inlirmitati
905 932 970 989 ad
994 930 1339 1003 cogitandum
1363 929 1630 997 faciliora,
1653 928 1856 986 diutius
1883 935 2164 984 maneant.

581 1029 734 1098 Quod
763 1027 810 1082 si
832 1041 917 1090 ea,
940 1039 1058 1096 quae
1078 1025 1224 1080 circa
1249 1031 1466 1079 sanctos
1485 1023 1805 1094 contingere
1827 1021 2028 1086 solent,
2053 1034 2161 1090 quo

581 1119 792 1175 rariora
827 1131 893 1171 eo
921 1125 1048 1171 sunt
1076 1115 1243 1170 etiam
1270 1113 1604 1171 mirabiliora
1627 1153 1643 1181 ,
1689 1114 1822 1184 quid
1847 1128 1913 1169 eo
1945 1110 2164 1166 mirabi-

579 1212 706 1277 lius,
769 1208 923 1278 cujus
985 1223 1086 1278 pro
1139 1207 1220 1264 sui
1285 1207 1554 1274 raritate,
1616 1220 1719 1262 nec
1781 1205 1834 1260 in
1883 1201 2167 1274 scripturis

580 1303 784 1370 ullum,
837 1317 939 1358 nec
981 1301 1034 1356 in
1095 1300 1348 1356 humanis
1395 1299 1558 1355 rebus
1603 1305 1783 1354 exstat
1826 1295 2165 1368 exemplum?

577 1397 647 1452 Et
702 1395 905 1452 sentiat
951 1394 1184 1464 quisque
1231 1393 1374 1464 quod
1425 1391 1568 1456 vult,
1628 1391 1786 1448 nobis
1842 1397 2023 1444 autem
2091 1389 2168 1444 vi-

578 1487 739 1542 detur
777 1490 900 1560 (nec
940 1486 1098 1540 aliter
1134 1485 1457 1556 peritiores,
1487 1498 1582 1540 eos
1631 1483 1866 1538 maxime
1905 1482 1995 1552 qui
2037 1481 2168 1552 phy-

579 1579 752 1635 sicam
808 1587 1050 1645 norunt,
1108 1591 1366 1656 sensuros
1431 1574 1839 1644 existimamus)
1901 1589 2005 1628 non
2061 1574 2166 1628 mi-

581 1687 694 1725 nus.
729 1669 1028 1740 singulare,
1067 1669 1315 1726 minusve
1341 1710 1356 1733 ,
1403 1667 1512 1724 imo
1539 1667 1681 1722 forte
1724 1666 1955 1738 amplius
2002 1665 2168 1722 fuisse

583 1761 854 1826 mirabile,
898 1761 1040 1815 inter
1083 1767 1162 1816 tot
1190 1768 1405 1832 tamque
1430 1760 1714 1816 diuturnas
1741 1769 1796 1815 et
1825 1759 2050 1814 acerbas
2077 1773 2167 1814 ce-

2271 557 2559 628 episcOpos
2591 554 2848 624 operibus
2876 563 2930 610 et
2951 551 3094 608 fama
3127 553 3445 624 singularis,
3469 564 3662 624 pacata
3696 555 3830 616 domo

2269 655 2325 702 et
2354 647 2565 702 cunctis
2594 645 2799 702 referta
2827 646 3004 725 bonis,
3029 646 3318 703 commissa
3343 648 3509 704 etiam
3537 649 3760 706 Ecclesia
3779 669 3830 710 ac

2269 737 2427 810 plebe
2451 736 2742 806 tranquilla
2767 751 2901 808 pace
2921 736 3156 802 fruente,
3181 739 3433 811 migravit
3457 741 3528 796 ad
3551 741 3828 812 Dominum,

2269 846 2640 888 successorem
2689 830 3042 886 substitutum
3099 829 3213 900 jam
3255 831 3364 888 sibi
3415 830 3828 890 Carthasiensem

2269 921 2436 992 (sicut
2455 923 2547 978 diu
2570 920 2908 992 multumque
2929 903 3330 978 desideraverat
3355 923 3506 995 ante)
3529 923 3826 996 relinquens.

2271 1013 2560 1070 Servatum
2587 1022 2674 1070 est
2703 1022 2885 1069 autem
2914 1027 3114 1084 corpus
3140 1011 3258 1084 ejus
3289 1013 3658 1085 insepultum,
3691 1032 3832 1088 usque

2271 1109 2337 1164 ad
2389 1108 2607 1164 tertiam
2661 1105 2943 1178 sequentis
2989 1107 3344 1163 hebdomadas
3389 1107 3606 1173 feriam,
3651 1112 3832 1167 serenis

2272 1199 2462 1256 diebus
2496 1207 2551 1254 et
2581 1197 2802 1264 calidis,
2845 1198 2920 1252 ita
2951 1205 3011 1252 ut
3038 1211 3197 1254 nemo
3231 1196 3568 1254 desideraret
3595 1207 3830 1268 aestatem,

2273 1293 2596 1350 mirantibus
2619 1291 2889 1364 plurimis,
2921 1291 3069 1363 quod
3097 1306 3198 1348 nec
3233 1291 3526 1348 clementia
3563 1293 3724 1362 aeris,
3749 1309 3830 1352 nec

2271 1385 2680 1442 circumstantis
2701 1383 3024 1456 constipatae
3059 1383 3424 1440 multitudinis
3453 1392 3614 1450 astu,
3639 1398 3736 1440 nec
3753 1400 3828 1441 ce-

2273 1493 2490 1535 reorum
2519 1477 2702 1535 calore
2732 1477 3057 1533 tabesceret.
3094 1475 3176 1530 Ad
3210 1474 3368 1546 cujus
3389 1476 3726 1532 venerandas
3757 1491 3830 1532 ex-

2273 1571 2490 1642 sequias
2537 1559 3053 1626 tres'accurrerunt
3077 1567 3342 1639 episcopi,
3391 1567 3624 1634 Diensis,
3651 1567 3830 1624 Gratia-

2273 1661 2640 1734 nopolitanus,
2682 1657 3052 1726 Carnotinus;
3089 1657 3182 1730 qui
3223 1657 3554 1728 praecedenti
3594 1659 3696 1724 die,
3735 1669 3832 1728 post

2274 1743 2594 1820 secundam,
2619 1768 2780 1823 quam
2805 1752 2854 1808 ei
2884 1753 2939 1808 in
2962 1751 3068 1810 hac
3088 1765 3185 1807 sua
3211 1749 3404 1806 ultima
3431 1749 3704 1806 debilitate
3727 1753 3834 1806 visi-

586 1855 730 1910 rehri
761 1854 1060 1923 passiones,
1093 1853 1330 1908 divinam
1361 1851 1726 1924 cognitionem
1751 1861 1914 1922 atque
1943 1852 2165 1907 invoca-
2201 1837 2244 1894 Β
2273 1835 2536 1903 tatiOuem
2574 1845 2927 1910 exhibuerat,
2975 1844 3064 1898 vix
3113 1835 3330 1898 tandem
3385 1851 3718 1910 recesserat;
3761 1860 3834 1901 ro-

584 1946 788 2002 tioncm
831 1955 886 2000 et
933 1945 1240 2016 religiosam
1301 1959 1408 2000 non
1457 1943 1756 2014 perdidisse
1801 1943 2166 2008 devotionem,

583 2050 744 2106 quam
767 2036 907 2091 inter
927 2037 1140 2091 eculeos
1152 2037 1516 2106 ardentesque
1539 2035 1768 2090 laminas
1798 2042 1853 2089 et
1878 2048 2169 2090 succensas

581 2129 878 2188 craticulas
915 2129 1264 2200 insuperabili
1306 2128 1610 2186 constantia
1648 2126 2016 2184 Christianam
2061 2141 2167 2182 non

583 2236 810 2294 negasse
838 2220 1016 2276 fidem.
1053 2221 1124 2274 lbi
1163 2221 1330 2288 enim,
1365 2220 1508 2290 quod
1541 2219 1784 2286 infestat,
1813 2220 2055 2276 exterius
2085 2227 2169 2272 to-

585 2321 697 2366 tum
727 2312 1020 2382 ingeritur;
1055 2312 1144 2366 hic
1167 2311 1282 2380 ipsa
1311 2311 1542 2366 rationis
1565 2312 1925 2367 instrumenta
1949 2311 2172 2380 ipsaque

584 2401 888 2456 divinorum
915 2411 970 2456 et
991 2402 1350 2456 humanorum
1387 2415 1670 2467 sensuum,
1714 2399 1868 2476 quasi
1892 2399 2170 2454 cellarium

585 2492 872 2556 memoria,
903 2477 1232 2548 intrinsecus
1268 2491 1686 2562 impugnantur;
1725 2499 1780 2546 et
1812 2491 1904 2560 qui
1931 2490 2010 2546 eis
2035 2505 2172 2560 prae--

583 2585 724 2639 sidet
753 2585 990 2650 animus,
1029 2599 1134 2639 non
1175 2583 1393 2640 aliunde
1424 2599 1522 2638 nec
1556 2582 1682 2638 alibi
1708 2597 1872 2652 quam
1907 2596 1973 2638 ex
2006 2582 2086 2638 eis
2119 2590 2172 2638 et

585 2676 638 2731 in
669 2677 748 2732 eis
775 2677 974 2748 quibus
991 2674 1172 2745 juvari
1211 2676 1494 2740 debuerat,
1529 2673 1864 2744 dignioribus
1889 2673 2094 2728 scilicet
2118 2681 2173 2728 et

585 2769 1016 2834 sublimioribus,
1046 2767 1257 2840 sibique
1278 2783 1376 2840 pro
1396 2769 1481 2842 sui
1505 2766 1804 2822 subtilitate
1825 2765 2169 2838 conjunctio-

583 2859 842 2926 tibussui
874 2861 1117 2930 corporis
1141 2861 1406 2930 partibus,
1436 2866 1752 2914 attentatur.
1784 2856 1990 2913 Horum
2029 2856 2168 2914 alte-

585 2961 705 3006 rum
739 2951 792 3005 in
825 2952 1138 3007 reverendis
1163 2951 1522 3022 martyribus,
1557 2949 1788 3004 alterum
1824 2948 2087 3004 miramur
2114 2947 2168 3003 in

583 3040 646 3098 Β.
688 3040 931 3112 llugone.
975 3041 1366 3096 Verumtamen
1409 3040 1512 3096 hoc
1559 3038 1631 3094 illi
1672 3053 1772 3094 nec
1819 3053 2018 3095 novum
2069 3053 2170 3096 nec

589 3119 780 3190 recens
827 3132 1026 3202 fuerat,
1076 3133 1128 3188 in
1171 3149 1284 3188 suae
1327 3148 1558 3203 namque
1599 3131 1797 3188 mentis
1833 3131 2167 3198 excessibus,

587 3242 723 3297 quos
739 3227 922 3296 tttiquc
945 3228 1168 3283 crebros
1189 3233 1245 3282 et
1270 3194 1529 3282 sublimes
1550 3224 1804 3290 habebat,
1831 3224 2036 3280 relictis
2060 3238 2165 3280 non
2197 3194 2244 3257 Ο

587 3301 760 3372 solum
789 3318 1022 3384 caeteris,
1047 3318 1140 3373 sed
1171 3325 1224 3372 ct
1249 3311 1422 3372 semet
1447 3317 1546 3372 sub
1563 3331 1644 3380 se,
1669 3331 1959 3386 supernam
1990 3316 2173 3371 dulce-

589 3408 768 3462 dinem
819 3408 1208 3464 delectabiliter
1251 3416 1472 3478 gustare
1533 3405 1724 3462 solitus
1770 3406 1984 3473 fuerat;
2033 3408 2174 3460 umle

589 3501 846 3570 etiamad
883 3502 932 3554 id
971 3499 1282 3556 recurrebat
1310 3499 1562 3565 aﬂlictus,
1593 3499 1736 3569 quod
1766 3498 2024 3554 incolumi
2058 3496 2175 3554 fuc-

590 3603 674 3648 rat
699 3592 931 3648 dulcius.
990 3595 1226 3662 Apparet
1269 3591 1434 3662 igitur
1483 3591 1541 3643 B.
1594 3590 1915 3659 llugonem,
1953 3589 2094 3644 sicut
2121 3597 2175 3644 et

587 3693 836 3740 sanctum
860 3683 982 3748 Job,
1006 3683 1126 3738 ideo
1149 3681 1313 3736 tantis
1341 3678 1750 3736 tribulationum
1773 3679 2024 3748 procellis
2045 3694 2175 3733 exa-
2205 3695 2210 3700 λ

585 3777 838 3846 gitatum,
883 3773 1157 3844 tantisque
1201 3771 1447 3828 dolorum
1491 3769 1802 3826 fornacibus
1853 3770 2026 3824 instar
2057 3771 2172 3824 auri

587 3871 896 3933 decet-tum,
929 3876 987 3922 ut
1023 3877 1076 3923 et
1103 3866 1170 3922 ad
1205 3866 1521 3922 societatem
1558 3873 1872 3920 sanctorum
1903 3864 2090 3934 purior
2121 3873 2177 3916 et

587 3962 788 4016 clarior
816 3961 942 4015 hinc
963 3959 1158 4024 exiret,
1179 3965 1236 4015 et
1257 3958 1400 4028 quod
1425 3973 1532 4014 non
1563 3957 1851 4028 superficie
1877 3967 2056 4024 tenus,
2081 3956 2176 4012 sed

587 4068 654 4108 ex
691 4053 818 4108 totis
853 4051 1105 4107 medullis
1138 4053 1308 4108 Deum
1335 4050 1620 4118 dilexerat,
1651 4051 1886 4106 mundus
1912 4065 2176 4122 agnosce-

589 4143 850 4210 ret,_dum
891 4144 960 4197 ab
994 4143 1113 4214 ejus
1143 4143 1485 4198 invocatione
1520 4158 1620 4198 nec
1647 4143 1850 4200 doloris
1885 4157 1988 4198 nec
2007 4143 2174 4212 phre-

589 4233 737 4287 nesis
767 4232 849 4286 vis
885 4247 1008 4288 eum
1050 4232 1153 4286 ulla
1197 4241 1588 4304 compesceret.
1616 4233 1756 4298 Quid
1789 4233 1983 4303 plura?
2009 4233 2064 4288 ιιι
2093 4235 2178 4289 his

589 4341 760 4395 usque
787 4328 854 4382 ad
886 4325 1132 4382 ultimum
1156 4327 1528 4396 perseveravit
1554 4327 1828 4398 spiritum.
1855 4327 1993 4398 Erga
2021 4343 2175 4384 suam

588 4418 956 4482 Carthusiam,
999 4417 1224 4489 ejusque
1263 4417 1502 4490 priorem
1549 4419 1825 4489 indignum
1859 4419 2026 4489 (quod
2057 4421 2176 4474 sine

584 4510 842 4584 lacrymis
868 4526 974 4566 non
997 4511 1308 4581 scribimus)
1345 4511 1635 4580 specialem
1681 4511 2054 4578 dilectionem,
2083 4529 2176 4568 eo-

2272 1952 2437 2008 gans,
2476 1946 2536 1992 ut
2563 1936 2609 1992 si
2649 1935 2801 1992 brevi
2842 1935 3130 2002 deficeret,
3177 1943 3300 2005 post
3335 1947 3458 1988 eum
3498 1935 3660 2006 (quod
3689 1943 3746 1990 et
3769 1935 3832 1990 fa-

2273 2041 2420 2088 ctum
2448 2033 2552 2104 est)
2595 2032 2843 2104 protinus
2873 2031 3205 2088 mitteretur.

2343 2124 2433 2181 54.
2479 2123 2674 2180 Statim
2720 2139 2848 2182 vero
2891 2135 2950 2180 ut
2979 2125 3098 2196 ejus
3143 2124 3326 2180 obitus
3355 2123 3500 2178 fama
3537 2123 3830 2195 percrebuit,

2273 2227 2650 2296 accurrerunt,
2685 2231 2792 2274 non
2829 2232 2895 2272 ex
2941 2231 3039 2274 suo
3069 2225 3276 2274 tantum
3305 2219 3644 2290 epise0patu,
3671 2219 3764 2274 sed
3781 2235 3832 2274 et

2273 2309 2499 2364 remotis
2543 2323 2764 2378 quoque
2805 2307 3119 2380 regionibus
3169 2309 3598 2382 innumerabiles
3641 2311 3830 2380 populi,

2273 2416 2464 2458 cereos
2525 2416 2590 2457 ac
2659 2401 2863 2456 diversi
2918 2402 3135 2472 generis
3191 2401 3499 2457 oblationes
3555 2401 3830 2458 merentes.

2274 2493 2464 2550 Omnis
2497 2503 2651 2561 tetas,
2689 2507 2852 2550 sexus
2893 2503 3057 2564 atque
3097 2493 3340 2550 conditio
3386 2493 3734 2550 devotissime
3765 2508 3836 2548 os-

2273 2584 2596 2641 culabantur
2648 2585 2820 2657 pedes
2851 2583 2988 2655 ejus,
3021 2585 3290 2640 intantum
3323 2593 3385 2638 ut
3425 2583 3670 2640 sandalia
3720 2583 3832 2652 ipsa,

2276 2683 2533 2746 tanquam
2557 2677 2724 2733 tincta
2753 2676 2928 2748 pellis,
2971 2676 3140 2734 saliva
3169 2677 3374 2748 pariter
3401 2686 3456 2732 et
3489 2676 3738 2746 Iacrytnis
3761 2675 3834 2729 ob»

2275 2777 2662 2834 scurarentur;
2702 2781 2828 2824 nam
2855 2776 2910 2824 et
2944 2768 3210 2825 lactentes
3239 2766 3606 2824 oﬂerebantur
3631 2765 3832 2838 parvuli,

2273 2873 2384 2930 quo
2405 2867 2518 2914 tam
2542 2858 2714 2914 sancti
2742 2859 2990 2930 corporis
3019 2868 3167 2914 tactu
3196 2859 3460 2915 adversus
3480 2858 3664 2913 omnia
3689 2856 3834 2912 muni-

2278 2959 2470 3010 rentur
2505 2952 2756 3008 adversa.
2805 2950 3058 3007 Nonnulli
3085 2951 3254 3007 etiam
3301 2932 3549 3008 sandalia
3601 2951 3734 3021 ipsa,
3768 2963 3834 3002 ar-

2275 3042 2511 3100 dentiori
2537 3042 2644 3099 ﬁde
2671 3042 2988 3111 osculando,
3023 3043 3374 3109 mordebant;
3411 3041 3616 3113 aliquid
3647 3040 3760 3096 inde
3781 3040 3834 3096 ob

2276 3135 2761 3193 sanctificationem
2817 3150 3003 3192 secum
3049 3135 3197 3190 ferre
3243 3134 3512 3191 volentes.
3556 3133 3746 3191 Annuli
3783 3147 3834 3188 ac

2275 3229 2482 3286 nummi
2513 3238 2566 3284 et
2592 3243 2679 3283 res
2713 3227 2831 3282 aliae
2855 3236 3044 3284 sancto
3077 3227 3500 3300 applicabantur
3535 3229 3759 3300 corpori,
3789 3239 3832 3282 ut

2276 3333 2342 3374 eo
2390 3316 2602 3390 sepulto
2665 3333 2763 3389 pro
2809 3317 3054 3388 reliquiis
3103 3317 3463 3374 haberentur.
3509 3316 3742 3373 Aderant
3779 3331 3830 3370 ex

2277 3411 2477 3468 nostris
2504 3419 2558 3465 et
2587 3410 2991 3466 Calesiensibus
3015 3419 3184 3482 atque
3223 3410 3658 3480 Excubiensibus
3687 3411 3832 3480 plures

2276 3503 2546 3567 conversi,
2573 3500 2936 3558 sanctissima:
2961 3500 3134 3573 glebae
3155 3503 3413 3558 custodes
3435 3502 3660 3568 assidui,
3683 3514 3832 3556 mona-

2274 3593 2501 3648 chorum
2554 3606 2770 3662 quoque
2820 3600 2875 3646 et
2927 3590 3250 3648 clericorum
3311 3584 3436 3648 cum
3485 3591 3832 3650 ecclesiasticis

2277 3683 2626 3755 apparatibus
2643 3697 2836 3754 greges
2847 3697 3006 3754 quam
3029 3682 3282 3754 plurimi;
3309 3693 3498 3740 tantus
3523 3694 3699 3740 autem
3727 3697 3830 3738 con-

2275 3789 2470 3830 cursus
2504 3775 2740 3844 undique
2767 3775 2944 3830 fuerat
2971 3774 3175 3846 populi,
3217 3784 3270 3832 et
3309 3785 3420 3830 tam
3461 3785 3620 3846 grata
3659 3773 3832 3830 cunctis

2275 3866 2440 3920 etiam
2471 3864 2709 3921 defuncti
2755 3866 3068 3936 praesentia,
3106 3875 3164 3920 ut
3191 3866 3282 3920 vix
3327 3869 3550 3924 tandem
3593 3881 3710 3921 eum
3735 3878 3830 3933 per-

2279 3959 2528 4014 miserint
2555 3959 2798 4029 sepeliri.
2841 3959 3087 4029 Denique
3121 3959 3311 4032 quinta
3355 3959 3714 4018 dcfunctionis
3743 3957 3830 4018 die.

2281 4053 2459 4118 tertia,
2505 4061 2563 4106 ut
2607 4051 2868 4118 diximus,
2919 4061 3042 4122 post
3089 4051 3308 4108 Palmas
3349 4051 3511 4121 feria,
3542 4055 3832 4124 deceperunt

2280 4145 2488 4210 turbas,
2541 4145 2924 4216 promittentes
2969 4145 3112 4214 quod
3161 4145 3334 4216 ipsum
3383 4154 3542 4201 extra
3587 4141 3830 4202 ecclesiae:

2279 4237 2558 4304 eﬂ‘crrent,
2609 4247 2667 4292 ut
2705 4253 2828 4293 eum
2879 4237 3102 4294 liberius
3141 4246 3198 4294 et
3229 4237 3578 4295 intuerentur
3605 4247 3654 4295 et
3677 4247 3830 4305 tange-

2279 4340 2420 4386 rent.
2469 4329 2583 4384 llac
2637 4330 2823 4400 itaque
2867 4345 2964 4400 spe
3011 4330 3368 4396 exeuntibus,
3429 4339 3488 4385 et
3530 4332 3604 4386 ita
3637 4325 3828 4385 ecclesia

2281 4422 2460 4478 Beata:
2490 4436 2706 4492 semper
2739 4422 2968 4494 virginis
2993 4421 3199 4488 Mariae,
3241 4423 3332 4478 ubi
3363 4423 3700 4494 sepeliendus
3718 4429 3826 4474 erat.

2288 4527 2354 4567 ex
2383 4523 2536 4582 parte
2561 4521 2818 4578 vacuata;
2855 4511 3126 4568 obseratis
3167 4513 3414 4583 protinus
3451 4512 3744 4566 firmissime
3760 4508 3826 4576 ja-

584 4619 708 4660 rum
747 4604 802 4660 in
844 4603 1009 4660 tantis
1037 4601 1418 4676 afﬂictionibus
1461 4603 1724 4684 memoria
1767 4619 1874 4660 non
1915 4605 2170 4670 carendo,
2206 4637 2251 4697 ο
2287 4606 2430 4670 nuis,
2473 4605 2613 4660 sacri
2644 4605 2890 4674 corporis
2920 4605 3240 4660 veneranda:
3285 4603 3555 4673 reliquiae.
3583 4605 3632 4658 in
3655 4615 3826 4672 parpa-

584 4699 989 4770 demonstrans.

653 4789 747 4845 55.
787 4791 947 4845 Anno
983 4790 1165 4861 itaque
1209 4789 1277 4845 ab
1325 4787 1705 4843 lncaruatione
1753 4786 1964 4842 Domini
2002 4787 2175 4842 mille-

586 4877 727 4934 simo
749 4880 1045 4935 centesimo
1075 4879 1354 4951 trigesimo
1385 4879 1642 4944 secundo,
1672 4878 1850 4932 aetatis
1871 4892 2032 4948 porro
2059 4893 2174 4933 suae

587 4970 656 5024 ad
687 4970 866 5026 minus
893 4973 1250 5042 octogesimo,
1281 4986 1470 5028 mense
1491 4980 1708 5041 quarto,
1749 4970 2176 5026 consecrationis

589 5067 774 5114 autem
819 5061 1006 5118 itidem
1061 5062 1128 5117 ad
1176 5065 1355 5118 minus
1405 5063 1860 5135 quinquagesimo
1915 5067 2172 5128 secundo,

543 5149 847 5242 .,Kaleudis
869 5153 1093 5226 Aprilis,
1139 5164 1293 5212 sexta
1322 5166 1450 5213 ante
1488 5157 1794 5212 l‘almarum
1839 5155 2173 5210 Dominlcam

2285 4709 2404 4752 rato
2433 4697 2791 4774 sarcophago,
2839 4712 2962 4752 cum
3010 4696 3178 4752 multa
3225 4696 3532 4751 reverentia
3573 4705 3624 4750 et
3659 4685 3826 4762 ingenti

2286 4788 2697 4844 lamentantium
2748 4790 2953 4860 pariter
2995 4798 3050 4844 et
3099 4787 3446 4859 psallentium
3491 4787 3828 4848 clamore,po-

2285 4892 2505 4938 nuntur.
2542 4881 2868 4952 Frequentia
2897 4897 3060 4951 porro
3082 4883 3363 4936 turbarum
3393 4879 3538 4935 circa
3567 4875 3826 4947 sepulcrum

2284 4973 2424 5044 ejus,
2451 4973 2612 5028 modo
2637 4973 2812 5028 rarior
2843 4975 3001 5028 modo
3027 4971 3267 5036 densior,
3307 4972 3377 5027 ob
3401 4985 3555 5042 spem
3586 4967 3758 5024 divina
3785 4963 3825 5016 in

2285 5081 2345 5122 se
2367 5065 2758 5130 miserationis,
2791 5072 3016 5136 propter
3049 5063 3291 5134 ingentia
3326 5063 3474 5120 beati
3517 5061 3612 5118 viri
3643 5057 3828 5118 merita:

2287 5174 2432 5214 nunc
2458 5176 2629 5228 neque
2655 5165 2987 5228 pm‘SCVCl‘al.
