3984 6402
177 337 298 396 789

1122 330 1327 390 LIBER
1357 332 1444 388 DE
1484 329 1852 388 EXERCITIO
1889 329 2155 390 αειιίιε.
2188 329 2510 404 -ιῐδιιΑῑικ

3353 335 3468 391 790

183 454 363 523 frater
391 451 602 506 humilis
627 465 918 522 pauperum
943 447 1196 518 Majoreui
1215 449 1361 518 prior
1391 458 1623 516 uocatus,
1657 465 1774 504 cum
1809 452 1849 512 Α
1881 447 2135 519 priorem,
2169 446 2312 503 datis
2340 447 2407 502 ad
2439 462 2642 502 annum
2668 447 3022 521 “85,,testcs
3069 449 3456 517 inscribuntur,

180 547 391 601 eisdem
447 543 800 616 pauperibus,
848 551 1101 597 teternam
1153 557 1184 596 a
1248 540 1472 595 Domino
1530 540 1771 595 salutem.

187 638 267 696 Ut
290 637 512 694 minime
543 636 764 690 dubium
790 636 866 692 sit
914 635 1047 706 quin
1074 635 1423 691 Carthusiani
1454 636 1632 706 prisco
1660 651 1775 690 mvo

181 745 448 802 pauperes
491 729 649 801 vulgo
690 728 1054 800 cognominati
1097 725 1333 792 fuerint;
1375 727 1519 796 quod
1568 726 1777 783 scilicet

179 834 381 875 eorum
405 819 580 874 victus
607 835 673 874 ac
714 817 943 874 vestitus
989 815 1072 872 vel
1121 816 1356 871 tenuitas
1385 815 1469 869 vel
1509 816 1776 887 aSperitas

180 925 303 980 prae
334 909 552 966 caeteris
572 909 839 964 emineret
857 927 870 962 :
887 923 1048 979 quam
1078 907 1130 962 in
1150 922 1284 974 rem,
1302 906 1562 962 videndus
1581 917 1776 978 praeter

178 1005 327 1060 alios
352 1002 548 1059 Petrus
580 1001 937 1068 Venerabilis,
985 1001 1078 1058 lib.
1105 999 1146 1056 ll
1175 1001 1250 1057 De
1289 1000 1584 1068 miraculis,
1619 1016 1667 1055 c.
1707 999 1777 1056 28

177 1101 241 1146 et
267 1091 361 1160 29,
393 1091 486 1163 qui
515 1100 570 1148 et
598 1092 786 1162 quanti
829 1090 1020 1147 fecerit
1046 1091 1440 1148 Carthusiense
1467 1091 1773 1148 institutum

179 1199 331 1256 saepe
376 1185 513 1245 alias
575 1186 851 1254 declarat;
909 1185 1210 1256 praesertim
1273 1199 1401 1240 vero
1465 1183 1588 1240 libri
1635 1185 1774 1241 sexti

177 1276 417 1345 epistola
446 1278 765 1335 duodecima
815 1278 884 1333 ad
919 1276 1219 1349 Eugenium
1264 1292 1482 1347 papam,
1512 1277 1773 1333 vicesima

177 1373 384 1436 quarta
423 1366 490 1421 ad
537 1365 736 1423 fratres
786 1364 1081 1436 Majorevi,
1127 1374 1181 1421 et
1243 1366 1660 1438 quadragesima
1707 1367 1776 1422 ad

177 1455 447 1511 Basilium
474 1457 710 1528 priorem
725 1457 1047 1514 Carthasim.
1065 1457 1109 1514 Ν
1115 1472 1218 1513 unc
1234 1472 1396 1526 porro
1415 1459 1777 1527 procedamus

178 1548 256 1604 ad
297 1548 684 1620 inquirendum
719 1549 878 1615 hujus
901 1559 1180 1606 auctorem
1209 1549 1430 1618 operis:
1465 1565 1629 1621 quem
1674 1551 1777 1607 etsi

178 1649 386 1695 neuter
403 1639 571 1696 codex
586 1640 652 1697 de
666 1640 884 1697 nomine
905 1641 1220 1712 appellavit,
1244 1643 1570 1713 quibusdam
1595 1652 1775 1699 tamen

181 1729 464 1799 inspersis
491 1745 678 1787 rerum
723 1731 1018 1805 adjunctis,
1069 1732 1136 1788 ad
1164 1731 1464 1804 Guigonem
1490 1746 1558 1788 ex
1592 1731 1778 1803 priore

1880 540 2065 608 priore
2110 540 2228 594 loco
2267 538 2414 594 Bovo
2443 538 2747 595 Carthasim
2777 539 3098 604 monachus,
3130 551 3242 595 tum
3284 543 3460 613 Gnigo

1877 647 1939 685 ex
1974 631 2150 698 priore
2188 630 2381 686 domus
2409 627 2674 697 ejusdem.
2720 628 2786 682 Et
2840 628 2954 684 haec
2984 629 3202 698 quidem
3244 629 3462 698 imprae-

1878 723 2176 777 sentiarum
2205 737 2270 777 ex
2301 722 2640 790 conjectura.
2671 719 2726 774 ln
2751 729 3027 790 posterum
3051 721 3095 774 si
3120 720 3248 789 quid
3285 717 3461 777 diver-

1879 830 1995 869 sam
2033 815 2086 869 iu
2118 814 2440 869 sententiam
2472 829 2624 870 nova:
2653 812 2789 868 lucis
2815 811 3096 878 alfulserit,
3127 828 3226 869 nos
3253 813 3309 868 in
3339 829 3462 870 eam

1878 907 2022 962 ultro
2055 921 2120 961 ac
2140 905 2387 962 lubentes
2413 906 2792 962 concedemus.

1950 999 2218 1056 Caeterum
2245 997 2296 1053 in
2327 998 2430 1054 hoc
2457 1012 2620 1068 opere
2650 989 2834 1053 mirari
2861 996 2982 1068 quis
3009 995 3180 1067 pessit
3209 995 3351 1066 quod
3385 994 3464 1050 ait
3500 1017 3505 1038 ι

1879 1101 2071 1148 auctor
2095 1135 2110 1159 ,
2141 1106 2260 1162 cap.
2283 1088 2383 1157 28,
2417 1091 2679 1160 reprobos
2711 1089 2933 1161 angelos
2961 1088 3285 1144 charitatem
3325 1103 3465 1141 nun-

1878 1199 2040 1253 quam
2071 1182 2358 1249 habuisse,
2384 1181 2627 1252 adeoque
2650 1181 2937 1236 charitatis
2969 1180 3184 1250 quidem
3233 1191 3463 1246 capaces

1881 1278 2067 1339 fuisse,
2099 1291 2206 1331 non
2235 1285 2416 1330 tamen
2444 1275 2766 1330 charitatem
2794 1273 3103 1344 capientes;
3126 1268 3464 1326 Ezccliiclem

1881 1383 1980 1438 pro
2020 1383 2081 1423 se
2119 1367 2384 1439 allegans,
2413 1380 2534 1436 cap.
2567 1381 2757 1428 xxvnt,
2780 1380 2936 1421 versu
2969 1365 3054 1430 l3,
3079 1364 3264 1433 juncta
3297 1360 3466 1414 inter-

1880 1459 2191 1529 pretatione
2261 1457 2440 1514 sancti
2515 1455 2760 1527 Gregorii
2825 1470 2998 1525 papae.
3051 1455 3274 1525 Ruperti
3333 1469 3465 1509 sane

1881 1550 2147 1606 institisse
2173 1549 2389 1605 videtur
2423 1547 2686 1618 vestigiis,
2717 1546 2825 1602 hoc
2853 1547 3029 1616 ipsum
3055 1546 3346 1602 asserentis
3367 1543 3462 1599 lib.

1881 1661 1918 1709 I,
1951 1643 2026 1699 De
2054 1642 2312 1714 operibus
2343 1640 2628 1697 Trinitatis
2646 1679 2663 1707 ,
2687 1654 2812 1710 cap.
2841 1638 2930 1704 16,
2960 1645 3016 1693 et
3041 1638 3228 1694 eodem
3257 1652 3322 1693 ex
3346 1637 3466 1692 loco

1882 1734 2203 1804 Ezechielis,
2236 1734 2348 1791 imo
2377 1742 2434 1790 et
2459 1731 2706 1804 Gregorii
2738 1745 2911 1802 papae,
2939 1744 3098 1800 quem
3122 1728 3211 1784 hic
3235 1727 3468 1797 sublegit

174 1821 512 1888 Carthasim,
549 1822 668 1894 ejus
721 1823 961 1880 nominis
1005 1824 1263 1890 secundo,
1296 1838 1396 1880 nos
1426 1823 1580 1894 quasi
1608 1838 1774 1878 manu
1807 1809 1849 1866 η
1880 1842 1943 1882 ac
1964 1841 2102 1899 pene
2127 1825 2496 1896 transcripsit.
2522 1825 2593 1880 At
2618 1825 2750 1880 istos
2769 1839 2862 1879 seu
2892 1822 3082 1877 Patres
3108 1835 3202 1876 seu
3215 1820 3468 1875 doctores

176 1913 414 1968 deduxit
435 1914 524 1984 qui
559 1914 814 1970 nimirum
855 1914 1106 1972 abdicato
1133 1915 1468 1987 generalatu,
1510 1914 1578 1970 ad
1604 1930 1778 1970 annos

176 2002 472 2058 duodecim
509 2013 811 2074 superstes,
845 2004 1116 2076 privatam
1167 2005 1222 2060 in
1267 2004 1556 2060 Carthusia
1607 2005 1775 2060 vitam

174 2091 326 2159 egit;
355 2090 490 2147 obiit
517 2102 696 2148 autem
733 2109 761 2148 v
786 2093 1054 2150 Kalendas
1079 2093 1352 2160 Octobris,
1397 2111 1540 2152 anno
1575 2095 1776 2152 Christi

177 2179 364 2249 1188,
415 2197 541 2239 cum
589 2181 705 2254 jam
756 2193 883 2240 ante
939 2185 1216 2241 biennlum
1269 2186 1417 2242 Bovo
1459 2186 1778 2243 Wittheami

106 2308 110 2311 -
177 2271 426 2341 priorem
472 2287 635 2343 agere
695 2275 968 2345 cmpisset.
1024 2275 1158 2332 Nam
1207 2277 1263 2332 in
1308 2278 1500 2348 primis
1549 2285 1779 2342 auctor,

175 2361 367 2432 capite
407 2361 509 2430 15,
549 2373 606 2419 et
651 2365 854 2434 passim
897 2365 1018 2422 aliis
1070 2365 1204 2422 locis
1249 2367 1671 2424 Carthusianum
1718 2383 1780 2425 se

176 2454 391 2525 prodit.
441 2454 646 2513 Deinde
696 2471 817 2514 cum
863 2458 998 2515 citet
1049 2460 1255 2530 pluries
1302 2460 1458 2532 juxta
1499 2464 1778 2533 antiquam

177 2544 424 2602 formam
450 2555 650 2604 statuta
695 2548 976 2622 Guigonis,
1028 2567 1149 2623 quae
1178 2563 1362 2625 postea
1401 2571 1540 2611 anno
1575 2556 1779 2612 Christi

178 2638 352 2708 I259,
400 2639 557 2697 aliter
617 2642 826 2713 digesta
869 2654 1036 2711 sunt;
1095 2647 1272 2702 medio
1330 2657 1572 2718 tempore
1636 2650 1780 2704 inter

175 2730 486 2803 Guigonem
515 2733 748 2803 primum
779 2737 910 2807 (qui
941 2738 1164 2807 scripsit
1193 2740 1336 2794 circa
1367 2755 1567 2796 annum
1598 2741 1778 2812 1150)

176 2831 240 2884 et
261 2839 468 2880 annum
498 2825 637 2882 1:259
665 2829 948 2899 scripsisse
975 2829 1123 2885 illum
1163 2846 1386 2888 necesse
1415 2847 1519 2891 ρει.
1558 2834 1638 2890 Ad
1666 2835 1782 2890 haec

178 2916 378 2974 eodem
406 2915 500 2972 illo
519 2918 695 2988 capite
725 2919 885 2986 15,et
909 2920 1044 2978 locis
1073 2922 1219 2988 aliis,
1256 2922 1496 2994 loquitur
1524 2935 1781 2995 tanquam

181 3017 517 3079 potestatem
568 3011 809 3079 habens,
848 3027 913 3070 ac
953 3015 1162 3086 priores
1189 3016 1333 3088 ipsos
1375 3018 1538 3074 totius
1577 3019 1783 3074 ordinis

182 3098 595 3158 Carthasiensis
631 3103 776 3158 velut
809 3104 862 3159 in
915 3107 1154 3177 generali
1201 3108 1438 3179 capitulo
1487 3119 1784 3180 praesentes

183 3189 504 3261 alloquitur,
530 3201 584 3251 et
616 3209 678 3249 ea
723 3197 1116 3254 sententiarum
1163 3200 1432 3271 gravitate
1470 3203 1781 3274 compellat,

182 3295 315 3352 qua:
342 3291 436 3336 aut
464 3283 731 3354 generalis
747 3287 1020 3358 praepositi
1053 3290 1565 3358 auctoritatem,aut
1592 3292 1782 3348 saltem

183 3369 310 3444 ejus
351 3372 701 3445 magistratus
730 3375 858 3431 olim
891 3377 1027 3447 gesti
1078 3377 1338 3457 reliquias
1388 3381 1615 3438 redolet.
1660 3381 1785 3439 Fuit

185 3463 360 3534 igitur
387 3474 580 3522 auctor
606 3476 662 3522 et
688 3465 987 3524 Carthasim
1016 3469 1214 3539 incola,
1255 3482 1310 3527 et
1336 3473 1622 3544 praecipua:
1643 3474 1696 3528 in
1720 3490 1784 3531 ea

187 3552 496 3626 dignitatis.
537 3556 714 3627 Atque
753 3557 868 3614 haec
903 3559 1086 3614 omnia
1122 3561 1212 3616 vix
1252 3562 1500 3620 invenias
1531 3565 1586 3620 in
1621 3579 1783 3634 quem

185 3652 320 3714 apte
341 3645 687 3713 conveniant,
700 3663 824 3703 cum
845 3647 914 3704 ab
938 3665 1045 3706 uno
1063 3651 1166 3707 hoc
1179 3650 1422 3724 Guigone
1435 3654 1780 3713 discesseris:

193 3736 259 3790 .le
301 3750 411 3805 quo
464 3737 580 3793 hzec
617 3739 785 3794 tradit
829 3730 1050 3811 quidam
1101 3741 1218 3812 ejus
1255 3746 1463 3804 ordinis
1510 3750 1781 3819 scriptor:

189 3823 426 3898 Magnus
453 3844 580 3884 sane
611 3829 718 3896 vir,
758 3830 1058 3890 admirabili
1098 3834 1390 3901 docilitate,
1437 3849 1482 3892 et
1507 3839 1785 3908 prudentia

188 3921 307 3974 sine
333 3920 494 3976 dubio
523 3922 754 3978 humana
793 3925 1015 3995 majore,
1065 3927 1492 3997 contemplationi
1522 3946 1585 3984 at:
1626 3932 1786 4001 quieti

188 4013 427 4083 impense
473 4014 718 4081 deditus,
762 4033 795 4070 a
832 4017 1062 4087 capitulo
1114 4019 1349 4090 generali
1403 4022 1785 4082 absolutionem

191 4105 345 4173 petiit
373 4113 422 4158 et
470 4105 696 4176 accepit,
734 4123 866 4162 onus
909 4107 1044 4168 illud
1094 4110 1194 4166 sibi
1237 4109 1390 4182 longe
1421 4113 1785 4183 grauissimum

190 4197 482 4264 excutiens,
533 4199 671 4269 quod
713 4217 768 4255 se
811 4201 985 4257 minus
1020 4203 1267 4259 idoneum
1305 4215 1533 4276 putaret,
1570 4217 1789 4278 propter

189 4289 621 4359 inexperientiam
675 4308 850 4346 rerum
893 4293 1268 4362 humanarum,
1290 4314 1421 4366 quas
1456 4298 1623 4353 multa
1650 4301 1783 4354 dini»

194 4397 389 4438 narum
415 4383 848 4454 contemplatione
873 4386 1192 4457 neglexerat.
1219 4389 1351 4446 Pius
1379 4393 1591 4448 tandem
1613 4391 1790 4479 C.uiga

191 4472 442 4537 spiritum
492 4472 563 4528 ad
607 4475 775 4530 lucem
824 4478 1012 4533 emittit
1061 4490 1391 4550 perpetuam,
1439 4499 1472 4537 v
1508 4472 1786 4541 Kalandas
1821 4501 1863 4555 ο

195 4561 444 4619 Octobris
473 4563 633 4631 1188,
665 4582 807 4621 anno
839 4567 906 4622 l2
935 4578 1048 4636 post
1086 4571 1465 4627 absolutionem
1497 4589 1515 4627 ε
1546 4589 1650 4630 non
1678 4583 1788 4629 tam

193 4655 402 4710 uiuendi
417 4657 621 4713 ratione
639 4659 1088 4725 commendabilis,
1111 4679 1267 4732 quam
1290 4664 1604 4735 quibusdam
1627 4682 1789 4735 supra

194 4749 488 4805 humanum
511 4757 717 4804 natura:
742 4765 953 4805 cursum
977 4751 1130 4806 dictis
1153 4753 1410 4823 factisque
1436 4755 1786 4811 admirabilis.

197 4837 584 4907 Appellabatur
597 4840 716 4896 ideo
735 4859 766 4896 a
779 4841 1039 4914 plerisque
1054 4847 1226 4901 omine
1239 4863 1341 4901 non
1355 4849 1503 4902 inani
1523 4849 1787 4920 Angelus;

193 4927 287 4998 qui
314 4925 380 4982 ob
404 4927 523 4982 vita:
560 4929 933 4996 innocentiam,
985 4934 1290 5004 angelorum
1327 4936 1490 5005 ferias
1526 4949 1732 5008 postera
1757 4957 1790 4994 a

196 5027 367 5072 morte
395 5017 511 5075 luce
533 5021 676 5094 apud
711 5039 928 5093 superos
955 5042 1109 5095 agere
1146 5028 1354 5082 meruit.
1388 5029 1488 5094 Ita,
1518 5030 1564 5085 si
1591 5038 1791 5086 nostra:

196 5107 534 5178 conjectura:
565 5116 716 5169 locus
741 5125 853 5182 est,
885 5117 1137 5185 ediderit,
1170 5117 1344 5190 Guigo
1388 5135 1525 5190 Oplls
1551 5121 1692 5176 istud
1722 5120 1789 5175 ad

198 5200 474 5260 Bovonem
506 5203 840 5264 Witthamim
879 5208 1116 5280 priorem
1165 5213 1310 5268 circa
1353 5229 1552 5268 annum
1589 5211 1789 5268 Christi

200 5295 365 5364 1187,
397 5296 660 5366 spiritalis
675 5299 792 5369 ejus
814 5303 952 5358 uteri
971 5303 1138 5358 lilium
1157 5318 1216 5360 se
1239 5304 1539 5376 appellans,
1560 5304 1791 5360 fortasse

199 5388 349 5458 quod
402 5387 494 5445 illo
539 5390 793 5461 prml'ecto
839 5393 1086 5463 spiritus,
1137 5406 1233 5450 aut
1272 5396 1622 5452 conscientiae
1679 5411 1792 5452 sua:

201 5497 531 5540 arcanorum
572 5485 791 5541 conscio
819 5488 1136 5558 arbitroque
1167 5504 1296 5544 usus
1345 5488 1534 5546 fuisset
1571 5490 1624 5544 in
1659 5489 1792 5545 Car-

204 5572 404 5626 tlmsia.
472 5572 615 5629 Sane
678 5575 912 5633 Bovonis
972 5593 1084 5647 pra:
1144 5575 1390 5647 Guigone
1460 5578 1791 5635 chellcntitc

204 5664 521 5722 nonnullius
539 5678 916 5736 argumentum
937 5678 1040 5737 cst,
1060 5668 1204 5739 quod
1237 5669 1290 5723 in
1317 5669 1510 5727 tabulis
1535 5671 1608 5726 rei
1630 5678 1792 5742 gesta:

205 5755 350 5816 inter
388 5756 642 5819 abbatem
666 5757 985 5819 Bonaevallis
1025 5768 1086 5820 ct
1138 5759 1438 5819 Jocclinum
1493 5761 1790 5820 Carthasim

1879 1927 2003 1974 sunt
2031 1918 2125 1988 qui
2145 1917 2427 1989 explicant
2447 1916 2514 1972 de
2538 1915 2808 1971 charitate
2828 1913 3226 1981 actuali,quam
3248 1909 3466 1979 angelos

1883 2011 2144 2080 reprobos
2175 2021 2454 2078 nunquam
2500 2004 2764 2062 habuisse
2805 2004 2948 2060 haud
2977 2000 3332 2072 improbabile
3359 2009 3464 2066 est,

1880 2101 2181 2172 prmsertim
2213 2099 2393 2171 posita
2427 2097 2787 2170 quorumdam
2801 2091 3468 2160 sententia,asserentium

1880 2209 1974 2249 eos
2019 2207 2128 2249 uno
2175 2200 2381 2248 tantum
2434 2189 2715 2248 instantia
2755 2187 2930 2258 primo
2974 2199 3074 2242 suo
3121 2182 3344 2240 conditu
3399 2180 3470 2236 ad

1881 2282 2090 2354 lapsum
2131 2296 2306 2353 usque
2352 2279 2683 2351 perstitisse.
2714 2277 2852 2346 Quia
2903 2285 3082 2331 tamen
3125 2270 3470 2344 probabilius

1880 2383 1966 2428 est
1995 2382 2102 2428 tam
2125 2371 2343 2427 brevem
2397 2385 2504 2426 non
2532 2369 2700 2424 fuisse
2726 2367 3040 2438 arigelorum
3068 2365 3232 2430 viam,
3262 2372 3316 2418 et
3342 2360 3472 2431 quia

1882 2465 2082 2519 frustra
2119 2463 2281 2520 inlusi
2311 2463 2628 2518 viderentur
2666 2460 2883 2516 habitus
2916 2453 3384 2528 supernaturales,
3423 2450 3471 2506 si

1881 2554 2084 2610 nullum
2113 2569 2348 2625 unquam
2373 2553 2617 2608 iunctum
2643 2550 3051 2622 prorupissent;
3083 2547 3262 2603 malim
3289 2544 3472 2600 dicere

1882 2660 2005 2700 cum
2051 2643 2260 2700 Joanne
2302 2642 2600 2705 Martinon,
2645 2641 2786 2712 disp.
2816 2641 2908 2705 43,
2950 2639 3016 2694 de
3051 2635 3299 2708 Angelis,
3334 2642 3470 2689 sect.

1883 2736 1937 2799 5,
1971 2752 2026 2790 n.
2053 2734 2146 2802 41,
2189 2734 2530 2791 Ezechielem
2585 2749 2711 2790 cum
2749 2731 3012 2802 Gregorio
3039 2728 3220 2801 potius
3263 2723 3472 2782 intelli-

1883 2828 2093 2898 gendos
2123 2828 2188 2882 de
2223 2828 2515 2893 charitate,
2561 2842 2665 2880 non
2707 2824 3035 2892 simpliciter,
3068 2819 3159 2875 sed
3183 2826 3342 2872 aucta
3380 2831 3473 2886 per

1891 2920 2114 2984 merita;
2143 2929 2198 2972 ut
2223 2917 2419 2972 indicat
2447 2917 2655 2972 uerbum
2685 2914 2880 2986 repleri
2907 2931 2925 2981 ;
2949 2912 3023 2967 vel
3052 2912 3208 2965 etiam
3231 2922 3475 2962 consum-

1885 3021 2028 3064 mata
2061 3027 2154 3080 per
2189 3011 2566 3066 beatitudinem
2610 3019 2658 3065 et
2696 3009 2956 3080 gloriam,
3001 3006 3088 3060 ubi
3141 3004 3374 3060 cltaritas
3415 3003 3476 3058 in

1887 3116 2009 3159 actu
2065 3105 2293 3160 secundo
2336 3115 2483 3159 tanto
2530 3103 2701 3175 major
2733 3113 2782 3158 et
2828 3101 3083 3156 intensior
3125 3108 3232 3167 est,
3273 3105 3472 3169 quanto

1886 3195 2012 3251 cisio
2041 3195 2136 3250 Dei
2165 3205 2378 3266 prmstat
2415 3196 2559 3250 actui
2597 3194 2743 3265 ﬁdei.
2776 3193 2952 3248 Minus
2985 3199 3165 3246 autem
3193 3186 3483 3260 probabile

1885 3293 1970 3340 est
2009 3285 2151 3354 quod
2199 3285 2352 3357 aiunt
2391 3284 2543 3356 llugo
2571 3285 2640 3341 de
2670 3283 2876 3340 Sancto
2910 3283 3128 3338 Victore
3165 3280 3218 3335 in
3246 3278 3474 3334 Summa

1888 3375 2136 3432 Sentent.
2187 3386 2348 3432 tract.
2399 3376 2456 3442 2,
2493 3394 2542 3432 c.
2585 3375 2658 3443 2;
2693 3376 2889 3431 Petrus
2931 3372 3273 3430 Lombardus
3323 3371 3378 3426 in
3402 3371 3473 3435 2,

1887 3468 2012 3522 dist.
2040 3467 2096 3534 5,
2123 3478 2242 3539 part
2270 3485 2340 3535 tt;
2373 3468 2752 3526 Bonaventura
2785 3468 3005 3532 ibidem,
3038 3465 3240 3532 dist.4,
3282 3474 3389 3518 art.
3417 3463 3471 3528 1,

1888 3568 2077 3628 quaest.
2109 3559 2166 3625 2,
2216 3569 2272 3615 et
2318 3558 2408 3614 alii
2453 3558 2715 3625 nonnulli,
2766 3557 2986 3630 angelos
3035 3557 3206 3611 malos
3243 3555 3298 3610 in
3329 3563 3475 3610 statu

1888 3667 2039 3724 pura;
2066 3663 2273 3708 naturae
2297 3663 2511 3709 creatos
2541 3653 2730 3718 fuisse,
2757 3667 2856 3707 nec
2877 3652 2987 3706 ulla
3011 3650 3186 3722 gratia
3214 3663 3308 3704 seu
3340 3647 3474 3704 cha-

1891 3745 2051 3800 ritate
2107 3745 2368 3800 babituali
2435 3743 2730 3816 praeditos;
2766 3743 2910 3813 quod
2955 3741 3216 3811 angelico
3254 3737 3480 3797 Doctor't

1890 3840 2227 3905 adversatur,
2251 3847 2444 3910 qurest.
2459 3837 2552 3904 62,
2575 3847 2680 3892 art.
2707 3838 2761 3902 3,
2789 3837 2963 3892 imoet
2987 3835 3191 3889 sanctis
3217 3832 3474 3894 Patribus

1889 3928 2094 3986 Grmcis
2136 3945 2291 4002 atque
2353 3945 2417 3987 ac
2466 3930 2704 3996 Latinis,
2765 3929 2814 3984 si
2861 3928 3000 3984 bene
3050 3926 3266 3986 illorum
3315 3941 3475 3982 mens

1889 4023 2238 4095 percipiatur.
2273 4023 2408 4080 Vide
2457 4023 2786 4093 interpretes
2823 4019 3122 4077 Ezechielis
3138 4058 3163 4085 ,_
3198 4017 3266 4076 ad
3292 4017 3476 4076 locum

1890 4117 2258 4187 propositum,
2291 4125 2348 4173 et
2373 4117 2650 4190 theologos
2684 4115 3038 4172 scholasticos
3076 4114 3129 4171 in
3155 4113 3330 4172 citata
3353 4111 3475 4169 loca

1891 4207 2136 4279 Magistri
2165 4218 2220 4264 et
2250 4207 2309 4264 S.
2357 4209 2617 4276 Thomas,
2654 4224 2865 4264 necnon
2907 4206 3212 4276 Pctavium,
3246 4215 3381 4262 tom.
3407 4203 3475 4260 lll

1891 4297 2342 4369 Theologicorum
2371 4301 2700 4372 dogmatum,
2730 4299 2824 4355 lib.
2860 4315 2898 4363 ι,
2939 4314 3059 4368 cap.
3098 4297 3185 4352 16.

1893 4409 1976 4464 11.
2051 4409 2310 4467 Bernardi
2366 4410 2664 4468 Carthasim
2729 4407 3014 4464 Portarum
3067 4407 3226 4478 primi
3282 4405 3474 4477 prioris

2489 4480 2723 4552 epistolae
2761 4491 2884 4536 tres.
2907 4481 2914 4488 ’

1964 4570 2133 4640 llujus
2169 4570 2450 4639 Bcrnardi,
2503 4571 2791 4627 Portarum
2823 4569 2984 4639 primi
3020 4567 3247 4639 prioris,
3281 4574 3336 4621 et
3357 4563 3474 4634 ejus

1892 4664 2277 4735 discipulorum
2306 4664 2532 4721 Joannis
2546 4679 2610 4719 ac
2625 4662 2912 4733 Stephani,
2945 4677 3082 4730 quas
3109 4659 3198 4715 hic
3223 4659 3474 4714 dedimus

1891 4759 2170 4829 epistolas,
2218 4757 2308 4810 nui
2359 4757 2622 4812 debemus
2656 4755 3007 4811 membraneo
3047 4761 3103 4807 et
3138 4753 3293 4807 bona:
3332 4759 3475 4804 notm

1893 4868 1994 4908 ms.
2027 4851 2198 4908 codici
2239 4849 2423 4921 inclyti
2483 4847 2799 4904 monasterii
2843 4845 3129 4909 Jurieusis,
3167 4843 3309 4913 quod
3343 4842 3472 4896 olim

1893 4959 1922 4998 a
1951 4945 2130 5014 primo
2165 4959 2265 4999 suo
2317 4951 2509 4998 exortu
2567 4939 3004 5002 Condatescense,
3053 4936 3249 4991 exinde
3288 4935 3473 4990 Sancti

1892 5037 2133 5107 Augendi
2188 5037 2301 5092 sive
2359 5035 2630 5107 Eugendi,
2685 5033 2979 5090 novissime
3041 5029 3226 5087 Sancti
3262 5029 3476 5091 Claudii

1892 5135 2256 5195 nuncupatum
2296 5136 2401 5182 est.

1961 5217 2004 5271 A
2035 5215 2257 5272 fundata
2294 5216 2582 5271 l’ortarum
2614 5213 2934 5280 Cartliusia,
2967 5213 3074 5270 hoc
3100 5223 3212 5282 est,
3235 5215 3306 5272 ab.
3333 5229 3478 5270 anno

1892 5308 2094 5365 Christi
2123 5308 2261 5364 1115
2289 5321 2459 5376 usque
2484 5305 2550 5362 ad
2581 5322 2782 5361 annum
2806 5307 3031 5366 circiter
3055 5307 3213 5372 1260,
3237 5307 3478 5378 quinque

1891 5400 2112 5457 omnino
2135 5399 2439 5456 Bernardos
2481 5398 2691 5468 priores
2721 5399 2768 5452 ei
2805 5396 2988 5452 domui
3022 5396 3302 5467 prmfuisse
3327 5410 3476 5451 com-

1894 5499 2105 5561 pertum
2155 5491 2312 5547 nobis
2358 5499 2478 5557 est,
2528 5489 2609 5544 vel
2657 5489 2932 5544 admonitu
2974 5487 3176 5542 domini
3229 5484 3472 5555 llugonis

1895 5581 2057 5647 lluat,
2122 5581 2175 5636 in
2243 5579 2529 5635 Carthusia
2614 5579 2863 5648 Majorevi
2940 5575 3296 5644 coadjutoris,
3367 5572 3470 5630 viri

1893 5673 2308 5738 humanissimi,
2359 5682 2414 5728 et
2457 5672 2535 5728 sui
2588 5671 2824 5726 maxime
2867 5668 3075 5724 ordinis
3123 5664 3472 5720 historiarum

1896 5765 2289 5836 scientissimi;
2340 5763 2422 5822 vel
2475 5761 2806 5834 inspectione
2852 5761 2964 5832 ipsa
3015 5756 3472 5830 autographarum
