3984 6444
498 349 596 409 791

1335 352 1660 412 CUIGONIS
1695 353 1757 426 ll,
1778 354 2198 415 CARTHUSUE
2236 357 2537 418 MAJORIS
2575 359 2851 420 PRIORIS

3668 369 3784 427 792

494 453 750 523 νθιθιιιιιι
798 467 1120 525 tabularum.
1171 467 1227 524 in
1288 482 1486 540 quarto
1531 471 1823 543 et_'quinto
1872 474 2076 532 discer-
2108 478 2155 536 A
2181 478 2365 533 nensis
2398 477 2728 534 Bernardum
2769 478 3185 535 Morienncnse'm
3215 481 3535 551 episcopum,
3566 483 3621 540 in
3657 488 3782 557 pri-

494 561 687 617 nendis
720 562 851 616 nihil
893 562 1180 618 admodum
1214 564 1413 633 negotii
1452 563 1567 619 iuit.
1602 566 1864 632 Quartum
1901 566 2076 634 enim,

494 660 857 720 cognomento
885 653 949 706 de
980 652 1165 719 Turre,
1183 667 1251 708 ex
1280 653 1462 724 priore
1485 653 1771 711 Portarum
1797 655 2079 727 prmfuisse

496 750 715 797 constat
760 743 853 797 toti
913 742 1089 798 ordini
1132 741 1505 799 Carthusiensi
1554 745 1624 801 ab
1660 761 1805 803 anno
1838 747 1975 803 1255
2010 749 2077 803 ad

498 834 658 890 1258.
716 835 915 901 Quinto
964 816 1262 905 cognomen
1312 836 1411 890 fuit
1448 837 1514 892 de
1554 838 1759 902 Samia,
1801 840 1895 909 qui
1930 841 2078 897 etab

496 943 641 981 anno
665 929 888 982 circiter
913 928 1048 982 12511
1079 929 1145 983 ad
1183 928 1341 997 1260,
1372 929 1658 986 Portarum
1682 933 1918 1002 priorem
1946 934 2080 1005 egit.

494 1020 565 1071 At
620 1019 756 1075 alios
807 1020 1112 1077 Bernardos
1153 1031 1264 1077 tres
1306 1024 1608 1092 superioris
1647 1026 1747 1080 teri
1788 1025 2077 1081 Portarum

497 1117 706 1184 priores
735 1116 891 1186 (quos
912 1116 1156 1186 plerique
1179 1118 1473 1188 scriptorcs
1488 1120 1541 1173 in
1562 1136 1728 1175 unum
1744 1122 2076 1191 conﬂaruut)

496 1208 829 1279 dis‘iugnere
878 1224 1008 1263 sane
1043 1226 1202 1279 quam
1249 1226 1534 1280 operosum
1568 1223 1669 1266 est.
1722 1211 1917 1269 Paucis
1966 1228 2078 1268 rem

496 1313 785 1367 exsequar,
815 1300 992 1367 quoad
1027 1309 1203 1353 tamen
1230 1303 1533 1369 argumenti
1573 1302 1714 1357 ratio
1741 1303 1898 1358 feret.

566 1389 780 1444 Primus
821 1389 1127 1445 Bernardus
1174 1391 1457 1446 Portarum
1484 1393 1651 1462 prior,
1690 1394 1835 1450 idem
1867 1402 1922 1450 et
1958 1394 2080 1450 fun-

494 1480 654 1535 datur
679 1480 798 1546 fuit,
829 1497 894 1536 ex
925 1484 1190 1539 monacho
1217 1484 1571 1540 Benedictino
1599 1486 2078 1554 Ambroniaceusi,

495 1587 638 1625 anno
681 1573 884 1627 Christi
926 1573 1083 1637 ms,
1136 1576 1278 1630 unde
1320 1584 1375 1630 et
1429 1575 1715 1632 Portarum
1767 1576 2076 1642 Carthusia,

497 1664 992 1735 primumamajore
1012 1665 1563 1752 Carthqsiacisdlpes
1588 1670 1712 1740 jure
1740 1669 2082 1740 antiquitatis

496 1755 675 1809 locum
700 1755 925 1818 obtinet,
959 1764 1014 1811 et
1062 1766 1145 1813 est
1197 1759 1404 1814 ordinis
1449 1761 1611 1815 totius
1641 1762 2082 1832 postsccundam

499 1845 838 1900 Calabrieam
883 1849 1060 1902 tertia.
1102 1848 1270 1917 llujus
1317 1851 1525 1904 obitum
1569 1823 1671 1907 hac
1700 1851 1873 1908 forma
1908 1853 2081 1909 adno-
2111 1823 2156 1882 Β

501 1946 672 1991 tatum
703 1936 801 2007 legi
832 1937 884 1992 in
908 1937 1229 2010 Neerologio
1255 1939 1508 2009 Majorevi
1529 1942 1703 2012 (cujus
1721 1945 1958 2000 nominis
1974 1945 2084 2000 ori-

496 2029 674 2096 ginem
694 2030 1052 2085 indicabimus
1067 2031 1118 2085 in
1137 2032 1432 2101 appendiee
1447 2032 1604 2101 hujus
1624 2033 1911 2102 Manualis,
1931 2050 2079 2089 nmn.

494 2120 597 2188 51)
627 2164 641 2175 .
676 2118 859 2176 Pridie
887 2121 1017 2176 Idus
1046 2120 1327 2179 Februarii
1366 2126 1490 2178 obiit
1523 2124 1850 2188 Bernartius,
1881 2126 2083 2194 primus

493 2212 640 2280 prior
717 2211 1027 2277 Portarum,
1082 2211 1315 2269 MCLH.
1388 2215 1494 2270 Sed
1551 2215 1664 2285 jam
1741 2216 1911 2272 multo
1957 2226 2084 2271 ante

496 2303 865 2359 abdicaverat.
913 2305 1123 2360 Etenim
1181 2321 1248 2360 ex
1325 2307 1523 2362 tabulis
1590 2306 1883 2376 Majorevi,
1941 2324 2084 2364 anno

495 2393 699 2448 Christi
747 2394 907 2459 1H7,
951 2395 1039 2449 die
1087 2395 1227 2451 festo
1272 2396 1328 2451 S.
1381 2396 1603 2452 Thoante
1650 2399 1899 2469 apostoli,
1965 2415 2081 2455 me-

499 2484 655 2537 minit
687 2484 998 2541 Bellicensis
1027 2488 1108 2541 sui
1143 2490 1485 2558 episcopatus
1515 2490 1748 2546 abdicati
1779 2490 2083 2566 Bernardus

498 2576 565 2630 de
592 2575 794 2639 Portis,
852 2577 1100 2648 idemque
1142 2579 1427 2635 Portarum
1470 2592 1596 2638 tunc
1636 2584 1802 2652 prior.
1853 2586 1923 2640 At
1966 2594 2083 2640 erat

491 2667 604 2734 jam
620 2668 904 2738 episcopus
918 2669 1225 2726 Bellicensis
1238 2673 1543 2730 Willehnus
1558 2674 1820 2731 Kalendis
1839 2676 2084 2747 Septem-

498 2759 613 2814 bris
644 2759 796 2814 11-11.
832 2759 1085 2819 Testatur
1114 2764 1257 2817 enim
1284 2764 1446 2820 Falco
1471 2766 1847 2837 Lugdunensis
1873 2770 2084 2826 archie-

498 2852 771 2922 piscopus,
797 2869 862 2907 eo
890 2869 1035 2910 anno
1068 2856 1271 2912 Christi
1296 2858 1453 2923 1111,
1478 2860 1772 2916 indictione
1800 2876 1872 2928 tv,
1904 2863 2084 2934 ponti-

494 2946 691 3016 .ticatus
720 2947 1014 3003 Innocentii
1068 2965 1217 3020 papa:
1242 2950 1286 3006 11
1314 2967 1461 3008 anno
1497 2953 1615 3025 xu},
1650 2954 1734 3008 sui
1772 2968 1934 3024 porro
1963 2955 2081 3025 epi-

498 3051 752 3111 scopatus
787 3057 930 3096 anno
957 3044 1216 3108 secundo,
1248 3042 1502 3101 Kalendis
1536 3042 1900 3115 Septembris,
1954 3045 2080 3101 luna

2181 568 2382 641 vilegio
2416 570 2589 625 eidem
2630 570 2889 626 Ecclesiae
2918 584 3198 638 concesso,
3222 587 3253 627 a
3285 571 3538 632 Conrado
3572 575 3783 634 Roma-

2178 675 2372 716 norum
2417 671 2568 727 rege,
2637 676 2782 715 anno
2820 660 2975 732 regni
3010 661 3128 734 ejus
3173 672 3385 733 octavo,
3410 666 3787 740 die‘Appaﬁ-

2182 751 2344 806 tionis
2399 750 2610 806 Domini
2655 751 2872 822 (nempe
2922 752 2957 807 6
2995 752 3284 826 Januarii),
3345 772 3490 814 anno
3531 774 3672 815 vero
3715 759 3791 817 ab

2178 839 2556 898 lncarnatione
2603 843 2814 897 Domini
2867 842 3030 898 1146.
3087 843 3370 902 Abdicarit
3401 859 3587 906 autem
3632 867 3791 907 anno

2179 931 2392 997 eodem,
2415 932 2496 989 vel
2521 933 2766 1003 proxime
2787 930 3036 1005 sequenti
3058 935 3215 1004 1147,
3233 951 3343 1007 quo
3366 939 3517 995 illum
3544 940 3792 1000 vidimus

2181 1023 2465 1079 Portarmn
2514 1026 2778 1080 duntaxat
2814 1028 3072 1096 priorem,
3116 1029 3204 1086 die
3234 1031 3439 1087 mensis
3466 1031 3791 1090 Decembris

2179 1113 2271 1168 21.
2304 1115 2402 1170 Hie
2427 1124 2510 1171 est
2555 1114 2863 1172 Bernardus
2889 1117 2957 1173 de
2994 1117 3180 1185 Porta,
3217 1133 3313 1176 seu
3360 1120 3431 1177 de
3481 1120 3685 1188 Portis,
3718 1123 3791 1179 ad

2180 1218 2343 1274 quem
2390 1206 2570 1260 adhuc
2607 1207 2879 1276 privatum
2927 1216 3058 1263 sunt
3108 1209 3354 1279 epistola:
3406 1209 3468 1265 S.
3517 1209 3787 1267 Bemardi

2181 1292 2593 1350 Clarevallensis
2622 1296 2837 1352 abbatis
2866 1297 2972 1354 155
3000 1306 3057 1354 et
3101 1297 3210 1354 154
3229 1338 3244 1365 ,
3280 1299 3335 1354 in
3364 1298 3568 1369 quibus
3613 1307 3789 1355 testa-

2183 1396 2272 1443 tur
2317 1402 2376 1444 se
2416 1386 2535 1455 ejus
2561 1388 2780 1444 hortatu
2815 1396 2872 1444 et
2904 1388 3118 1446 crebris
3168 1390 3419 1461 epistolis
3474 1391 3790 1457 incitatum,

2182 1490 2462 1532 sermones
2482 1476 2691 1547 aliquot
2713 1480 3108 1551 conscripsisse
3153 1479 3209 1535 in
3257 1479 3487 1537 Cantica
3540 1478 3792 1537 Salomo-

2183 1573 2289 1628 nis.
2319 1572 2690 1643 Eumdemque
2718 1573 3054 1630 Bernardum
3084 1573 3153 1630 de
3187 1572 3792 1630 Portisahlnnocentio

2181 1674 2320 1731 papa
2375 1660 2419 1715 11
2476 1668 2728 1716 vocatum
2785 1659 2957 1718 fuisse
3003 1662 3072 1718 ad
3121 1661 3359 1733 aliquem
3404 1661 3791 1732 episcopatum

2184 1754 2237 1808 in
2265 1751 2663 1824 Longobardia,
2697 1752 3153 1811 Mediolanensem
3182 1753 3371 1811 dicunt
3401 1753 3677 1820 nonnulli,
3699 1769 3795 1810 ne-

2186 1844 2300 1899 scio
2328 1859 2437 1915 quo
2470 1854 2622 1902 certo
2648 1853 2702 1901 et
2737 1845 2843 1902 ﬁde
2891 1847 3056 1918 digno
3080 1856 3302 1904 auctore
3357 1856 3604 1905 testatur
3651 1848 3793 1905 idem

2187 1936 2244 1993 S.
2280 1937 2612 2005 Bernardus,
2640 1939 2885 2009 sequenti
2909 1940 3141 2011 epistola
3170 1939 3297 2006 155,
3323 1956 3432 2011 qua
3480 1949 3647 2012 rogat
3689 1940 3790 1995 im-

2186 2043 2353 2098 pense
2372 2028 2766 2096 lnnoceutium,
2782 2039 2842 2086 ut
2864 2029 3174 2087 Bernardus
3193 2031 3259 2087 de
3280 2030 3461 2087 Portis
3481 2047 3790 2102 coagmen-

2188 2121 2312 2175 tiori
2358 2118 2479 2175 loco
2509 2127 2678 2190 atque
2722 2121 2878 2176 alteri
2906 2120 3103 2193 populo
3140 2133 3473 2178 reservetur.
3528 2121 3645 2179 Nec
3675 2124 3788 2178 fru-

2186 2221 2300 2267 stra
2326 2229 2340 2280 ;
2365 2227 2490 2267 nam
2525 2210 2615 2267 ille
2634 2226 2735 2283 pro
2759 2212 3138 2284 Longobardio
3184 2213 3506 2284 episcopatu
3562 2214 3792 2269 sortitus

2185 2314 2269 2361 est
2295 2304 2648 2362 Bellicensem
2676 2318 2775 2375 per
2801 2305 2854 2360 id
2885 2313 3099 2374 tempus
3155 2304 3297 2374 quod
3344 2305 3772 2377 designavimns.

2186 2398 2373 2454 Dictus
2400 2406 2483 2454 est
2512 2406 2693 2452 autem
2723 2396 2788 2450 de
2827 2393 3026 2461 Portis,
3058 2411 3087 2450 a
3119 2395 3373 2467 quopiam
3401 2394 3573 2465 hujus
3611 2397 3788 2451 nomi-

2188 2490 2272 2547 nis
2305 2490 2509 2561 praedio
2533 2490 2559 2543 ?
2582 2489 2784 2545 Eodem
2817 2488 2938 2559 ipso
2967 2487 3235 2553 fortassis,
3269 2488 3324 2543 in
3353 2503 3465 2558 quo
3495 2487 3790 2544 Portamm

2186 2581 2470 2636 Carthusia
2499 2580 2721 2635 fundata
2742 2588 2845 2646 est,
2871 2578 2958 2635 cui
2982 2593 3105 2635 sese
3133 2578 3366 2635 addixit.
3392 2578 3616 2635 Saltum
3643 2580 3792 2634 enim

2188 2674 2340 2728 illum
2367 2673 2480 2744 jam
2506 2672 2634 2729 olim
2663 2671 2855 2727 Portus
2895 2671 3261 2743 appellabant,
3289 2673 3436 2742 quod
3467 2673 3524 2727 in
3584 2687 3655 2728 eo
3701 2687 3793 2727 na-

2190 2768 2310 2822 tiva:
2346 2768 2479 2836 ipsae
2528 2780 2710 2836 rupes,
2750 2765 2916 2820 certis
2957 2763 3107 2821 'locis
3148 2764 3295 2821 velut
3337 2764 3575 2821 artiﬁcis
3627 2780 3791 2820 manu

2186 2859 2392 2914 excitas
2412 2865 2602 2928 portas
2631 2857 3047 2913 ementirentur.
3087 2857 3239 2912 Dicet
3288 2856 3592 2927 quispiam,
3619 2857 3791 2914 veteri

2185 2965 2246 3008 se
2275 2958 2336 3006 ut
2384 2948 2697 3006 Bernardus
2750 2948 3186 3005 Mauriennensis
3212 2963 3242 3003 a
3283 2948 3575 3004 Bellicensi
3630 2948 3792 3004 fuerit

2186 3045 2344 3116 plane
2365 3043 2612 3100 diversus
2640 3058 2655 3108 ;
2688 3050 3006 3114 argumento
3070 3041 3369 3112 necrologii
3418 3040 3708 3110 Majoreri,
3737 3043 3792 3098 in

497 3134 591 3202 27,
627 3136 840 3193 venisse
885 3139 951 3192 ad
1002 3154 1060 3193 se
1109 3139 1442 3195 Bernardum
1474 3139 1759 3196 Portarum
1814 3142 2078 3213 priorem,
2110 3167 2156 3229 ο
2186 3161 2294 3216 quo
2319 3145 2386 3201 ad
2408 3159 2520 3199 xvn
2548 3143 2818 3199 Kalendas
2866 3141 3107 3198 Januarii
3137 3142 3242 3199 hoc
3292 3151 3502 3198 tantum
3555 3143 3788 3199 ascribi-

496 3242 620 3285 cum
649 3228 869 3296 Poneio,
912 3229 1149 3298 Bosone,
1183 3240 1239 3286 et
1278 3232 1558 3302 Stephano
1604 3231 1845 3303 ejusdem
1892 3235 2085 3293 domus

496 3321 805 3386 monachis,
851 3320 942 3390 qui
988 3323 1056 3377 ab
1102 3338 1245 3378 anno
1295 3323 1495 3379 Christi
1542 3325 1699 3392 lll5,
1754 3340 1851 3397 per
1895 3328 2084 3399 viginti

497 3410 739 3480 quinque
766 3411 997 3481 amplius
1027 3427 1198 3467 annos
1232 3413 1283 3466 in
1313 3428 1499 3468 eremo
1540 3413 1828 3470 Portarum
1864 3415 2086 3473 Christo

499 3503 727 3556 Domino
753 3503 1126 3559 deservierant
1149 3544 1164 3570 ,
1205 3515 1264 3560 ut
1304 3505 1372 3559 de
1420 3519 1532 3561 sua:
1561 3506 1782 3564 ditionis
1820 3508 2085 3564 limitibus

498 3603 615 3648 orta
668 3594 811 3650 inter
861 3596 1068 3652 vicinos
1138 3599 1544 3665 controversia,
1594 3600 1765 3668 ipsius
1833 3600 2087 3658 Faleonis

497 3685 918 3757 archiepiseOpi,
944 3702 1149 3744 necnon
1172 3687 1443 3744 Guillelmi
1477 3688 1795 3747 Bellicensis
1822 3690 2081 3762 episcopi,

496 3790 659 3848 atque
716 3778 968 3835 lsmionis
1035 3781 1521 3837 Ambroniacensis
1580 3781 1796 3837 abbatis
1857 3781 2084 3838 arbitrio

495 3870 862 3927 dirimeretur.
883 3870 1005 3926 Fuit
1029 3879 1207 3926 autem
1225 3872 1423 3927 exinde
1437 3871 1758 3929 Cuillelmus
1773 3872 2085 3930 Bellicensis

493 3964 779 4034 episcopus
803 3965 996 4031 saltem
1027 3979 1198 4036 usque
1229 3966 1296 4019 ad
1327 3981 1528 4021 annum
1560 3965 1720 4022 1157.
1752 3965 1888 4023 Cum
1920 3967 2086 4039 igitur

495 4061 805 4116 Bcrnardus
842 4061 918 4115 'de
954 4060 1121 4116 Porta
1171 4063 1364 4132 (quem
1423 4077 1452 4116 a
1492 4061 1775 4118 Bernardo
1815 4063 1884 4118 de
1906 4061 2086 4119 Portis

497 4166 605 4206 non
618 4150 1025 4221 distinguimus)
1039 4159 1248 4205 tantum
1264 4153 1561 4207 monachus
1571 4152 1859 4207 Portarum
1874 4153 2086 4224 legatur

496 4243 556 4296 in
597 4241 889 4311 diplomate
941 4240 1224 4307 Portensi,
1274 4242 1401 4297 dato
1448 4243 1515 4297 ad
1570 4259 1770 4297 annum
1813 4244 1976 4312 1155,
2022 4261 2082 4300 ιιι

501 4334 688 4391 Nonas
717 4334 841 4389 Maii
872 4333 891 4396 (
913 4335 980 4389 de
1010 4349 1117 4401 quo
1156 4343 1211 4388 et
1256 4349 1359 4390 nos
1412 4333 1574 4401 inira,
1611 4337 1664 4390 in
1712 4334 1989 4406 Stephano
2019 4338 2084 4395 de

492 4426 831 4496 Chalmeto),
877 4425 1027 4480 illum
1082 4425 1263 4481 medio
1310 4434 1556 4496 tempore
1602 4427 1748 4482 inter
1796 4443 1855 4482 ιιι
1900 4427 2082 4486 Nonas

2191 3248 2280 3291 tur
2310 3254 2323 3289 :
2365 3234 2506 3289 Obiit
2526 3233 2833 3289 Bernartius
2868 3235 2933 3287 de
2965 3230 3164 3301 Portis,
3200 3234 3493 3289 monachus
3516 3244 3568 3288 et
3592 3236 3789 3304 episco—

2187 3343 2284 3397 pus
2337 3325 2565 3391 Bellicii,
2624 3323 2861 3380 MCLII.
2911 3324 3271 3380 Adnotaudus
3311 3328 3460 3380 enim
3506 3325 3788 3381 videbatur

2187 3416 2353 3473 etiam
2391 3416 2735 3486 episcopatus
2776 3412 3211 3469 Mauriennensis
3259 3413 3303 3471 si
3348 3412 3528 3469 eidem
3576 3427 3787 3484 quoque

2187 3509 2489 3581 obtigisset.
2518 3505 2718 3561 Verum
2749 3522 2871 3562 cum
2896 3505 3133 3560 moriens
3154 3504 3467 3560 Bernardus
3496 3505 3568 3560 de
3590 3504 3782 3569 Portis,

2187 3616 2288 3657 nec
2310 3610 2454 3658 esset
2480 3598 2914 3654 Manriennensis
2942 3597 3254 3667 episcopus,
3304 3611 3405 3652 nec
3446 3595 3782 3658 Bellicensis,

2187 3692 2282 3747 sed
2316 3700 2519 3747 tantum
2555 3690 2841 3746 Portarum
2879 3689 3048 3759 prior,
3084 3704 3115 3743 a
3142 3688 3427 3743 Bellicensi
3456 3689 3642 3758 potius
3674 3687 3784 3757 cpio

2188 3793 2409 3855 scopatu
2456 3785 2813 3856 appellamlus
2858 3784 2982 3853 fuit,
3040 3785 3106 3840 ad
3136 3784 3293 3856 cujus
3344 3782 3564 3838 titulum
3612 3783 3784 3855 primo

2187 3887 2540 3934 consecratus
2595 3880 2795 3934 fuerat.
2853 3877 3007 3932 Nunc
3084 3861 3290 3947 reliqua
3358 3890 3777 3947 prosequamur.

2188 3970 2347 4027 Prior
2371 3982 2489 4027 erat
2518 3971 2805 4027 Portarnm
2837 3970 3144 4025 Bernartius
3160 3970 3226 4024 de
3251 3969 3432 4024 Portis
3458 3985 3609 4024 anno
3630 3968 3778 4032 1117,

2186 4074 2251 4114 ex
2282 4059 2536 4130 episcopo
2563 4058 2847 4115 Bellicensi
2881 4068 2937 4113 et
2990 4056 3414 4112 Mauriennensi.
3442 4055 3620 4127 Igitur
3661 4054 3781 4110 Ber-

2188 4148 2393 4205 nardus
2423 4149 2711 4204 Portarum
2739 4150 2946 4219 primus
2977 4147 3127 4218 prior
3156 4161 3221 4202 ac
3270 4146 3556 4210 fundator,
3583 4145 3676 4216 qui
3702 4145 3778 4199 ri-

2186 4242 2267 4296 xit
2295 4253 2465 4311 usque
2486 4241 2554 4294 ad
2584 4255 2785 4294 annum
2822 4238 2981 4305 1152,
3012 4237 3346 4293 Bernardom
3372 4237 3439 4292 de
3464 4236 3651 4293 Portis
3675 4234 3777 4304 jam

2187 4332 2257 4389 ab
2310 4347 2455 4388 anno
2485 4330 2676 4387 saltem
2730 4329 2868 4384 1M7
2918 4329 3023 4385 sibi
3065 4325 3376 4384 sull‘eeerat.
3403 4326 3557 4383 Obiit
3606 4336 3776 4381 autem

2188 4433 2415 4494 uterque
2452 4421 2544 4478 hic
2581 4420 2892 4476 Bernardus
2931 4434 3075 4481 anno
3108 4418 3269 4485 1152,
3319 4417 3589 4474 Ῑυιιάειιοι·
3613 4416 3777 4488 pridie

494 4518 663 4572 Maias
690 4517 925 4582 ll55,et
954 4516 1224 4573 Kalemlas
1243 4517 1591 4588 Septembres
1617 4519 1746 4575 anni
1782 4521 1945 4588 ll“,
1967 4522 2079 4591 epi-
2111 4515 2156 4575 ἱ)
2184 4514 2307 4570 ldus
2343 4511 2660 4579 Februarii,
2685 4512 2825 4566 alter
2881 4526 2994 4565 xm
3027 4508 3300 4565 Kalendas
3344 4507 3596 4564 Januarii
3630 4525 3647 4573 ;
3689 4506 3774 4562 sed

493 4621 714 4678 scopum
747 4606 1101 4664 Bellicensem
1129 4607 1296 4662 fuisse
1340 4622 1562 4664 necesse
1603 4616 1728 4675 est;
1765 4609 1874 4665 imo
1905 4610 2085 4668 medio

493 4714 735 4772 tempore
784 4701 924 4757 inter
949 4717 1125 4756 annos
1157 4700 1291 4768 1155
1316 4710 1372 4756 et
1413 4701 1570 4758 1158.
1604 4701 1739 4757 Nam
1771 4702 2081 4759 Bernardus

490 4796 556 4849 de
609 4790 789 4850 Portis
838 4794 1008 4849 fuisse
1053 4807 1270 4864 quoque
1326 4796 1592 4850 asseritur
1646 4793 2083 4852 Maurienncnsis

490 4887 778 4960 ιιβίεεοιηιε
813 4898 935 4956 ιιοει
961 4888 1262 4953 Airaldum,
1290 4886 1447 4957 cujus
1469 4887 1675 4943 obitmn
1707 4902 1850 4942 anno
1874 4887 2078 4943 Christi

494 4977 630 5031 1158
710 4980 993 5041 ascribunt
1069 4977 1533 5033 Maurieunenses.
1618 4976 1861 5031 Meminit
1935 4989 2082 5034 certe

490 5069 693 5123 Airaldi
735 5079 792 5124 et
841 5070 1098 5124 Bernardi
1140 5070 1519 5140 episcoporum
1581 5067 2079 5124 Mauriennensium

499 5176 563 5215 ex
612 5161 923 5225 monachis,
1000 5162 1292 5217 Ganl‘ridus
1375 5161 1542 5216 abbas
1624 5159 1957 5215 Altccumbte
2024 5161 2076 5215 in

505 5251 624 5324 Vita
668 5251 840 5308 sancti
885 5252 1029 5307 Petri
1090 5253 1525 5309 Tarentasiensis
1571 5252 1804 5324 episcopi
1851 5252 1871 5321 (
1886 5261 1944 5307 ut
1996 5261 2081 5308 est

503 5347 554 5399 in
631 5360 734 5399 ms.
818 5359 940 5399 meo
998 5345 1337 5415 exemplari)
1407 5344 1502 5399 lib.
1570 5361 1626 5410 ι,
1684 5359 1805 5413 cap.
1880 5342 1965 5409 l6,
2025 5353 2083 5398 et

500 5449 789 5509 utrumque
837 5453 867 5492 e
904 5436 1188 5493 Portarum
1231 5437 1519 5507 carthusia
1567 5445 1903 5508 assumptum
1934 5436 2079 5491 alIir-

498 5541 649 5587 mant
697 5530 1158 5587 illauriennenses.
1208 5529 1434 5584 Videtur
1470 5545 1597 5598 ergo
1650 5529 1955 5585 Bernardns
2014 5529 2080 5584 de

498 5612 677 5678 l'ortis
704 5624 871 5677 fuisse
918 5621 1347 5677 Mauriennensis
1373 5621 1656 5689 episcopus
1681 5637 1745 5674 cx
1768 5621 2076 5685 Bellicensi,

499 5717 567 5770 ab
614 5730 756 5769 anno
798 5714 931 5771 1158
982 5728 1153 5784 usque
1180 5712 1247 5767 ad
1297 5726 1497 5767 annum
1546 5710 1735 5767 saltem
1772 5710 1929 5777 1116,
1956 5727 2075 5767 cum

499 5806 819 5878 appellatum
851 5809 1138 5878 legerimus
1168 5808 1219 5862 in
1250 5822 1382 5864 mss.
1423 5805 1616 5863 tabulis
1638 5805 1895 5861 Ecclesia:
1923 5805 2079 5860 Vien-

2186 4616 2365 4661 tamen
2392 4604 2481 4660 hic
2509 4604 2658 4674 prius
2688 4602 2808 4669 illo;
2847 4603 2974 4673 quia
3018 4616 3168 4657 more
3196 4600 3479 4656 Gallorum
3512 4608 3770 4662 veterum,

2184 4708 2360 4750 annus
2384 4693 2472 4749 hic
2496 4692 2636 4748 1152
2660 4692 2939 4748 ducendus
2966 4699 3052 4746 est
3088 4705 3117 4745 a
3155 4689 3445 4755 Paschate,
3476 4688 3562 4744 rel
3593 4689 3661 4745 ab
3695 4688 3770 4741 ln-

2183 4787 2526 4851 carnatione,
2584 4786 2688 4841 hoc
2741 4795 2841 4848 est,
2879 4800 2908 4838 a
2957 4784 3031 4838 25
3075 4782 3280 4848 Martii,
3324 4797 3432 4838 non
3487 4788 3817 4883 autem,ut'

2182 4894 2354 4946 nunc,
2382 4895 2412 4933 a
2458 4877 2716 4933 Kalendis
2766 4875 3060 4932 Januariis.
3108 4877 3191 4932 Ah
3235 4875 3386 4931 obitu
3419 4873 3817 4929 Bernardide

2183 4972 2380 5039 Portis,
2409 4987 2583 5042 usque
2606 4972 2672 5025 ad
2698 4971 2905 5026 obitum
2942 4968 3209 5025 Bernardi
3258 4969 3453 5023 domus
3491 4966 3767 5022 Portamm
3796 5017 3803 5049 ἵ

2182 5069 2510 5134 fundatoris,
2555 5074 2683 5122 sunt
2726 5065 2841 5120 dies
2879 5063 3101 5119 omnino
3142 5061 3231 5118 58.
3262 5060 3368 5115 Per
3410 5061 3518 5115 hoc
3568 5069 3767 5128 tetnpus

2182 5170 2456 5232 superstes
2494 5159 2808 5214 Bernardus
2844 5157 3098 5211 fundator
3143 5154 3459 5211 Antelmum
3505 5169 3603 5209 seu
3633 5152 3765 5207 Nan.

2183 5253 2430 5316 telmum,
2455 5266 2611 5307 suum
2637 5250 2766 5304 olim
2811 5248 3097 5313 novititnn,
3141 5256 3269 5301 tunc
3295 5255 3479 5301 autem
3502 5263 3569 5302 ex
3601 5246 3763 5315 priore

2180 5346 2504 5409 Carthusize,
2543 5343 2826 5399 Bernardo
2875 5342 2943 5395 de
2992 5339 3171 5395 Portis
3205 5339 3259 5393 in
3298 5338 3589 5394 Portarum
3636 5338 3763 5407 prio-

2183 5447 2299 5493 ratu
2328 5436 2629 5493 substituit.
2654 5434 2913 5503 Unusque
2935 5440 2990 5485 et
3014 5433 3154 5487 idem
3183 5446 3266 5487 ρει
3292 5432 3602 5486 Bernardus
3628 5432 3761 5499 prior

2184 5525 2492 5590 Portarum,
2515 5523 2582 5580 de
2607 5539 2716 5595 quo
2744 5534 2936 5577 auctor
2963 5521 3186 5591 aequalis
3229 5520 3363 5575 Vitae
3404 5519 3469 5575 S.
3513 5517 3754 5581 Antelnzi,

2181 5635 2300 5690 cap.
2330 5620 2388 5686 2,
2414 5620 2544 5674 dicit
2568 5617 2714 5688 quod
2737 5615 3054 5672 ’Antelmum
3087 5612 3139 5668 in
3170 5611 3459 5668 Carthusia
3484 5610 3754 5667 Portarum

2181 5712 2473 5781 receperit;
2508 5720 2561 5766 et
2590 5709 2828 5779 cap.l0,
2858 5707 3001 5778 quod
3036 5706 3147 5776 jam
3174 5706 3325 5760 senio
3347 5702 3545 5775 gravis,
3578 5704 3754 5756 (ionius

2183 5806 2460 5862 Portarum
2492 5803 2869 5876 pra‘l'ecturam
2906 5801 2959 5856 in
2990 5798 3296 5854 Antclmnm
3330 5796 3600 5855 derivarit.
3621 5792 3751 5846 Pro:-
