3894 6298
149 339 239 399 793

1023 305 1226 367 LIBER
1261 304 1351 363 DE
1384 297 1753 360 EXERCITIO
1790 323 1860 339 —
1894 295 2127 353 PREF.
2166 293 2440 353 CELLE.

3260 289 3367 349 795

152 451 240 509 fuit
260 437 526 502 Antelmus
557 431 671 489 fere
712 422 959 489 biennio',
982 436 1155 492 usque
1187 419 1257 475 ad
1301 433 1505 484 annum
1535 418 1694 487 1151,
1728 424 1771 484 Α
1803 411 2233 509 numeramusja
2272 410 2556 509 nativitate
2586 406 2786 509 Christi
2820 404 2901 462 vel
2930 419 2961 460 a
3000 405 3384 509 Kalendis-Ja-

149 541 351 606 indeque
373 530 437 586 ad
467 539 618 584 suam
643 518 891 579 cellulam
920 516 974 572 in
1002 513 1355 606 Carthasiam
1374 512 1688 606 primariam

149 604 303 689 rediit.
331 624 452 678 Post
481 613 836 688 fnovennium,
889 622 1083 678 nempe
1131 620 1274 671 anno
1304 604 1463 669 1165,
1492 618 1684 659 conse-

147 731 304 781 cratus
323 723 403 772 est
427 714 479 769 in
506 709 810 781 episcopum
839 702 1188 757 Bellicensem
1219 698 1289 754 ab
1312 698 1430 768 ipso
1454 697 1690 757 Alcm“-

146 816 229 870 dm
253 821 375 879 papa
406 801 497 866 111,
527 800 613 855 die
664 793 974 851 Nalivitatis
1008 792 1181 848 beatte
1227 789 1414 848 Marias
1439 789 1685 860 virginis,

144 916 245 974 quae
282 906 387 951 tum
443 894 493 947 in
543 886 874 944 Dominicam
920 882 1277 939 incurrebat:
1320 897 1457 953 cum
1496 896 1689 950 nempe

144 970 264 1045 esset
289 985 454 1038 littera
482 975 827 1033 Dominicalis
864 972 923 1028 Ε.
956 973 1092 1028 obiit
1131 983 1311 1028 autem
1344 986 1488 1028 anno
1520 970 1681 1038 1178,

142 1077 445 1148 episcopatus
472 1069 552 1124 sui
576 1083 668 1131 xv,
699 1074 851 1121 sexto
884 1062 1155 1120 Kalendas
1190 1061 1339 1129 Julii,
1375 1070 1498 1133 post
1525 1061 1687 1120 Com-

142 1165 389 1238 pletorium
414 1179 430 1217 :
457 1169 512 1217 et
534 1159 655 1229 ejus
679 1157 965 1228 depositio,
1007 1171 1103 1212 seu
1131 1155 1248 1212 dies
1290 1154 1584 1226 sepulturae
1607 1155 1705 1211 sic

141 1268 210 1316 est
230 1257 462 1312 adnotata
491 1252 545 1307 in
575 1250 893 1320 Necrologio
914 1248 1169 1317 Majorevi
1193 1264 1208 1302 :
1235 1264 1269 1303 v
1292 1246 1563 1303 Kalendas
1582 1246 1687 1302 Ju-

140 1350 188 1405 lii
216 1347 326 1404 obiit
369 1343 680 1400 Nantelmus
714 1341 1024 1399 Bellicensis
1071 1340 1363 1411 episcOpus.
1396 1338 1468 1393 At
1492 1339 1546 1394 in
1577 1338 1681 1394 Ec-

141 1439 275 1499 desia
298 1436 572 1492 Bellicensi
601 1433 799 1491 colitur
821 1433 939 1503 ipso
959 1432 1045 1487 die
1072 1431 1279 1498 obitus,
1303 1439 1458 1488 sexto
1485 1429 1686 1487 Kalen—

138 1535 218 1589 das
238 1529 373 1595 Julii,
412 1526 510 1582 sub
541 1526 760 1580 nomine
799 1523 1059 1590 Autelmi,
1087 1532 1421 1581 cumtamen
1454 1532 1512 1580 et
1557 1540 1681 1580 eum

138 1619 462 1681 Farthusiani,
495 1627 551 1670 et
582 1616 697 1686 ipse
733 1632 793 1670 se
825 1615 1168 1673 Nautelmum
1199 1615 1518 1690 appellaret.
1550 1616 1684 1673 Vide

137 1713 472 1787 appendicem,
502 1726 653 1764 num.
685 1711 744 1766 2.
1090 1736 1095 1739 .
1556 1712 1562 1717 .

189 1801 450 1857 Nantelmo
496 1800 782 1856 excedenti
814 1816 846 1856 e
893 1800 1179 1858 Portarnm
1231 1800 1500 1872 prioratu,
1539 1816 1683 1857 anno

138 1895 266 1960 1154.
291 1893 541 1950 successit
567 1894 896 1958 Bernartius,
925 1895 1115 1951 tertius
1138 1891 1255 1963 ejus
1284 1895 1523 1951 nominis
1551 1895 1685 1950 Por-

137 1997 283 2040 tarum
321 1985 482 2054 prior,
510 1992 567 2039 et
617 1986 815 2041 exinde
867 1984 1080 2042 Diensis
1123 1986 1442 2057 episcopus,
1471 1988 1540 2044 de
1574 2003 1683 2058 quo

134 2077 497 2132 nomenclatura
544 2077 790 2148 priorum
840 2077 1166 2145 Carthasim,
1195 2078 1432 2148 antiquis
1464 2081 1683 2136 statutis

132 2180 176 2224 et
194 2167 446 2238 impressis
466 2169 855 2239 manuscriptis
869 2169 1103 2238 adnexa,
1120 2169 1219 2226 sub
1236 2168 1480 2241 Guigone
1503 2172 1683 2243 priore

134 2259 418 2325 Carthasim,
470 2256 630 2327 hujus
688 2259 925 2317 nominis
968 2260 1230 2327 secundo,
1280 2261 1428 2317 circa
1479 2276 1680 2317 annum

132 2349 299 2406 Christi
322 2350 483 2405 H76:
510 2349 589 2404 Eo
615 2359 846 2421 tempore
870 2351 1049 2422 ﬂoruit
1076 2352 1323 2407 dominus
1354 2351 1681 2421 Bernardus,

131 2442 232 2495 olim
269 2441 405 2511 prior
445 2438 760 2509 Portarnm,
799 2454 980 2515 postea
1017 2445 1288 2515 episcopus
1323 2444 1555 2511 Diensis,
1592 2448 1683 2516 qui

129 2542 326 2587 mortuos
368 2533 661 2598 suscitavit,
697 2533 926 2605 leprosos
966 2535 1270 2604 mandauit,
1305 2546 1355 2592 et
1394 2538 1684 2593 innumeris

125 2625 223 2678 aliis
273 2623 455 2678 claruit
498 2625 799 2680 miraculis.
827 2627 895 2682 Et
930 2627 983 2682 in
1029 2629 1218 2686 codice
1263 2645 1362 2686 ms.
1395 2629 1682 2686 Portarnm

126 2716 285 2784 Irgisse
302 2730 359 2772 se
381 2717 607 2785 asserit,
621 2718 733 2788 jam
760 2734 924 2791 supra
939 2735 971 2775 a
998 2722 1153 2778 nobis
1178 2722 1433 2777 laudatus
1454 2722 1682 2778 domnus

128 2804 253 2874 llugo
282 2806 443 2873 Buat,
471 2808 593 2863 haec
642 2809 757 2879 ipsa
797 2808 962 2865 verba
995 2810 1064 2866 ad
1107 2813 1360 2884 paginam
1407 2811 1480 2867 42
1519 2829 1534 2865 :
1573 2811 1682 2867 Sub

126 2898 245 2953 beato
268 2900 503 2971 pontiﬁce
528 2902 841 2958 Alexandro
870 2905 1042 2973 tertio,
1071 2906 1218 2962 nobis
1255 2917 1459 2978 ereptus
1485 2916 1559 2962 est
1582 2907 1682 2960 do-

126 3007 251 3045 mnus
273 2991 570 3050 Bernardus
638 2996 786 3066 prior
821 2997 1085 3067 quondam
1125 3007 1317 3068 noster,
1350 3016 1464 3055 vere
1482 3000 1561 3055 uir
1585 2998 1684 3055 Dei

124 3093 159 3134 et
179 3093 390 3151 sanctus,
413 3096 467 3142 ut
488 3089 766 3159 episcopus
790 3087 999 3144 Diensis
1021 3091 1394 3160 praeficeretur.
1419 3092 1554 3148 Tum
1581 3108 1681 3162 pa-

125 3173 225 3244 gina
248 3179 483 3248 sequenti
513 3195 528 3234 :
554 3180 749 3252 Itaque
771 3191 985 3238 sanctus
1029 3185 1108 3239 uir
1138 3184 1447 3242 Bernardus
1483 3189 1680 3259 episco—

121 3275 270 3332 patum
291 3268 531 3325 Diensem
557 3273 700 3327 mira
722 3276 1001 3345 patientia,
1038 3278 1234 3348 majori
1255 3281 1467 3350 pietate,
1495 3291 1544 3336 et
1575 3283 1685 3353 fer-

123 3355 381 3412 ventissimo
436 3361 702 3416 charitate
738 3365 1061 3432 gubernavit,
1096 3383 1314 3439 ovesque
1348 3369 1562 3437 propria
1586 3371 1682 3424 mi-

121 3445 250 3499 rabili
272 3449 585 3523 dexteritate
630 3458 695 3509 de
719 3455 874 3523 fauce
904 3458 1095 3513 tartari
1123 3442 1317 3530 eripuit
1342 3470 1391 3515 et
1422 3461 1680 3517 liberavit.

122 3533 359 3595 Bernardo
399 3541 524 3600 huic
558 3547 744 3611 tertio,
781 3561 902 3601 cum
932 3548 998 3602 ad
1029 3549 1395 3620 episcopatum
1430 3552 1680 3609 Diensem

121 3637 312 3685 vocatus
355 3641 461 3699 est,
520 3637 857 3692 successisse
915 3638 1130 3693 videtur
1177 3639 1483 3711 Stephanus
1533 3643 1683 3713 prior

118 3715 392 3787 Portarnm,
421 3725 582 3795 cujus
632 3729 836 3784 mentio
865 3730 931 3785 ad
962 3745 1162 3786 annum
1196 3732 1398 3789 Christi
1430 3735 1588 3800 1171,
1629 3737 1681 3790 in

115 3806 235 3865 bulla
277 3812 574 3872 Alexandri
606 3833 757 3889 papa:
794 3818 880 3874 111.
910 3820 989 3876 Ac
1044 3821 1274 3878 fortasse
1310 3825 1395 3880 hic
1432 3826 1547 3896 ipse
1599 3836 1680 3881 est

114 3897 391 3970 Stephanus
448 3911 517 3965 de
572 3910 979 3979 Chalmeto,de
1025 3928 1133 3984 quo
1182 3915 1344 3972 infra.
1405 3917 1682 3989 Stephano

111 3995 346 4050 successit
403 3998 797 4066 Bosthaunns,
838 4018 999 4072 quem
1052 4005 1287 4076 appellat
1337 4005 1479 4061 bulla
1529 4008 1680 4063 Lucii

111 4097 240 4154 papa:
266 4088 348 4154 lll,
378 4091 505 4147 data
546 4093 617 4148 ad
672 4110 731 4150 Ill
771 4093 953 4151 Nonas
982 4097 1309 4154 Februarias
1334 4099 1493 4165 1182,
1536 4100 1678 4156 indi-

108 4176 265 4235 ctione
307 4197 345 4236 l.
398 4183 739 4241 Bernardum
803 4202 933 4242 vero
982 4190 1200 4244 tertium
1256 4191 1383 4261 quia
1438 4192 1682 4264 plerique

106 4282 271 4327 omnes
310 4276 656 4345 scriptores,
706 4279 868 4333 etiam
915 4279 1260 4337 Carthusiani
1312 4284 1678 4353 recentiores,

106 4370 153 4413 ut
178 4360 365 4422 Petrus
401 4367 598 4434 Sutor,
629 4367 820 4425 Petrus
866 4371 1191 4439 Dorlandus,
1221 4371 1542 4430 Theodorus
1581 4375 1682 4432 Pe-

1793 508 1998 563 nuariis
2047 504 2208 570 1155,
2239 504 2330 575 qui
2365 511 2543 558 tamen
2595 499 2772 556 adhuc
2809 507 2928 554 erat
2970 506 3175 552 tantum
3219 498 3381 577 1152,

1791 598 1962 657 Gallis
1990 614 2021 654 a
2042 597 2114 652 25
2152 595 2331 652 Martii
2364 599 2626 665 sequente
2670 607 2827 649 suum
2854 605 3057 645 annum
3109 588 3248 645 1155
3281 604 3382 645 au-

1789 691 2098 765 Spicaturis.
2216 746 2219 749 .

1859 782 1992 843 Post
2030 781 2369 838 Bernardum
2412 777 2738 845 secundum,
2768 778 3226 849 cognomentode
3253 776 3385 833 Por-

1792 875 1882 943 tis,
1907 874 2009 931 l‘uit
2036 872 2357 931 Nantelmus
2384 872 2534 942 prior
2584 870 2873 925 Portarnm
2906 868 3118 935 tertius,
3147 870 3263 937 fere
3288 883 3387 940 per

1790 966 2090 1033 biennium,
2118 967 2227 1041 hoc
2252 975 2341 1025 est
2365 965 2439 1020 ab
2465 978 2608 1019 anno
2632 961 2771 1017 1152
2808 961 2875 1016 ad
2914 961 3071 1017 1154.
3102 960 3209 1031 Cui
3233 961 3388 1018 abdi-

1790 1059 1958 1126 canti,
1991 1066 2053 1115 ut
2082 1058 2135 1115 in
2165 1074 2321 1119 suam
2356 1054 2657 1115 Carthusize
2703 1054 3050 1115 solitudinem
3092 1066 3152 1109 se
3174 1053 3387 1126 recipe-

1789 1161 1895 1218 ret,
1925 1151 2191 1209 successit
2223 1150 2535 1209 Bernartius
2569 1150 2800 1206 tertius:
2828 1148 2921 1217 qui
2945 1145 3141 1202 deinde
3167 1152 3388 1201 creatus

1789 1243 2195 1308 abAlexandro
2222 1257 2361 1314 papa
2399 1242 2467 1298 lll
2501 1242 2714 1301 Diensis
2759 1242 3067 1313 episcopus,
3094 1237 3387 1303 virtutibus

1786 1344 1843 1390 et
1871 1332 2148 1389 miraculis
2168 1332 2384 1389 claruit.
2654 1390 2657 1393 λ
2692 1360 2695 1367 ν
3158 1368 3162 1375 η

1861 1427 1938 1481 De
1967 1425 2243 1481 Bernardo
2270 1425 2450 1497 primo
2477 1425 2596 1481 hanc
2635 1425 2690 1478 in
2732 1424 2922 1480 codice
2964 1439 3067 1479 ms.
3096 1423 3385 1478 Portarnm

1786 1533 1847 1574 se
1898 1517 2101 1587 legisse
2143 1516 2277 1572 mihi
2324 1524 2551 1578 testatus
2594 1523 2680 1570 est
2732 1515 2964 1571 domnus
3018 1514 3171 1586 llugo
3204 1515 3381 1568 Buat:

1788 1607 2092 1663 Nonnullas
2121 1608 2369 1677 epistolas
2416 1607 2485 1661 ad
2512 1607 2752 1661 uirtutem
2789 1616 2837 1660 et
2877 1606 2946 1659 ad
2985 1609 3146 1660 vitam
3176 1606 3388 1674 religio-

1787 1718 1899 1756 sam
1920 1712 2304 1756 commonentes
2324 1700 2552 1771 scripsit,
2574 1715 2798 1770 quorum
2816 1699 3080 1767 prazcipue
3096 1699 3383 1762 habentur,

1714 1780 1760 1839 Β
1787 1795 1857 1847 ad
1888 1791 2177 1847 Falconem
2220 1793 2475 1847 decanum
2511 1789 2934 1862 Lugdunensem,
2965 1798 3015 1842 et
3045 1787 3117 1841 ad
3144 1786 3388 1842 eumdem

1784 1885 1893 1954 iam
1925 1885 2224 1955 episcopatu
2273 1884 2495 1953 factum,
2533 1885 2606 1937 ad
2636 1880 2968 1952 Aymondum
2999 1879 3063 1933 de
3110 1876 3385 1943 Rohieres,

1784 1979 1854 2032 ad
1877 1976 2206 2033 Rainaldum
2230 1977 2514 2043 inclusum,
2544 1975 2614 2030 ad
2648 1973 2902 2029 moniales
2925 1973 2989 2029 de
3011 1970 3292 2042 Lugdune,
3315 1969 3386 2024 ad

1785 2070 2083 2126 Berlionem
2144 2070 2444 2140 episcopum
2489 2066 2865 2132 Bellicensem,
2906 2065 2977 2120 ad
3022 2062 3277 2147 moniales
3318 2059 3391 2118 ds

1784 2166 1981 2233 Blesio,
2005 2167 2077 2223 ad
2126 2165 2423 2237 Eugenium
2464 2174 2689 2235 papam,
2717 2164 2785 2219 ad
2822 2163 3000 2219 diuum
3047 2160 3388 2219 Bernardum

1785 2256 2092 2314 Clarevallis
2120 2256 2381 2320 abbatem,
2406 2264 2455 2310 et
2477 2254 2547 2309 ad
2576 2254 2859 2309 Ismionem
2895 2251 3135 2312 abbatem
3159 2249 3391 2315 Ambro-

1789 2351 2103 2415 niacensem,
2134 2364 2253 2418 qua:
2280 2347 2513 2402 omnium
2547 2356 2623 2400 est
2653 2343 3031 2415 pulcherrima,
3061 2343 3115 2396 in
3142 2336 3246 2412 qua
3293 2340 3388 2395 de—

1784 2441 2059 2496 clarantur
2088 2457 2264 2495 caustu
2295 2455 2393 2494 cur
2428 2439 2803 2494 monasterium
2841 2435 3276 2506 dereliquerit,,et
3313 2435 3387 2488 ad

1784 2549 2014 2589 eremum
2069 2530 2356 2587 Portarnm
2416 2529 2808 2601 transfugerit;
2853 2527 3108 2598 incipiens
3159 2526 3216 2581 in
3272 2526 3388 2582 lucc

1785 2626 1939 2681 verba
1971 2640 1991 2678 :
2024 2625 2104 2698 [In
2153 2634 2396 2681 montem
2430 2624 2642 2679 salvum
2673 2632 2726 2679 te
2760 2622 2865 2689 lae,
2899 2636 2969 2677 ne
3012 2630 3069 2678 et
3119 2628 3179 2675 tu
3224 2617 3390 2675 simul

1785 2720 2022 2794 pereas]
2055 2716 2133 2776 Ex
2162 2721 2248 2776 his
2281 2718 2529 2791 epistolis
2550 2726 2662 2774 tres
2691 2718 2899 2773 tantum
2932 2715 3001 2772 ad
3047 2728 3148 2771 nos
3184 2725 3379 2784 perve-

1786 2821 2004 2868 nerunt.

1857 2903 2040 2958 Prima
2095 2902 2164 2958 ad
2209 2903 2512 2974 Aymonem
2542 2902 2611 2958 de
2643 2901 2945 2965 Varennes,
2978 2906 3036 2956 et
3080 2899 3417 2971 Aymonem

1786 2993 1856 3049 de
1889 2991 2149 3058 Rohoria,
2193 2991 2270 3046 De
2306 2990 2431 3063 fuga
2461 2990 2667 3046 saeculi.
2696 2991 2771 3044 De
2796 2989 2993 3059 quibus
3021 2988 3157 3043 viris
3195 2987 3395 3047 memi-

1788 3083 1870 3138 nit
1891 3083 1979 3138 his
2003 3083 2184 3139 verbis
2208 3082 2537 3138 tabularium
2582 3081 2849 3145 Arverite,
2872 3080 3016 3137 inter
3042 3078 3164 3150 ejus
3190 3080 3389 3136 domus

1787 3170 2182 3230 benefactores.
2209 3175 2379 3245 Aymo
2413 3184 2462 3228 et
2490 3172 2649 3242 Hugo
2677 3173 2744 3227 de
2788 3168 3056 3227 Varennes
3090 3169 3389 3239 wdiﬁcaoe~

1788 3278 1911 3322 runt
1952 3265 2263 3330 Ecclesium,
2311 3280 2506 3337 nempe
2546 3263 2811 3339 Arverias.
2845 3264 3012 3334 Aymo
3052 3262 3117 3319 de
3166 3260 3390 3318 Riuoria

1786 3357 1910 3428 fecit
1947 3360 2316 3414 dormitorium
2361 3358 2609 3428 fratrum.
3101 3420 3106 3426 _

1857 3442 2113 3507 Secunda}
2128 3460 2213 3507 est
2244 3452 2327 3507 ad’
2342 3449 2783 3507 sanctimoniales
2812 3448 3222 3521 Lugdunenses,
3252 3445 3390 3505 hor.

1787 3544 1985 3600 tatoria
2012 3544 2079 3599 ad
2104 3544 2496 3615 capessendam
2536 3558 2734 3614 magno
2769 3542 2973 3608 animo,
2995 3546 3162 3612 quam
3191 3555 3390 3599 recens

1784 3642 2161 3705 susceperant,
2208 3634 2513 3706 regularem
2548 3634 2910 3705 disciplinam.
2940 3635 3059 3690 Duo
3085 3634 3388 3705 puellarum

1786 3731 2050 3789 aseeleria
2104 3727 2482 3797 Lugdunensis
2533 3736 2802 3781 memorat
2830 3726 3128 3783 Leidradus
3168 3726 3391 3797 L‘ngdu-
3432 3772 3441 3779 κ

1786 3819 1972 3874 uensis
2000 3817 2463 3889 archiepiscopus,
2495 3820 2549 3875 in
2598 3819 2825 3891 epistola
2876 3819 2947 3873 ad
2964 3817 3219 3874 Carolum
3274 3816 3386 3873 Ila-

1785 3925 1948 3980 gnum
1984 3924 1998 3962 :
2029 3908 2098 3963 In
2124 3910 2330 3975 eadem,
2358 3910 2554 3981 inquit,
2580 3912 2787 3966 civitate
2811 3910 2948 3965 alias
2989 3910 3283 3966 restauraui
3298 3923 3391 3965 ec-

1784 4001 1990 4056 clesias.
2027 4000 2202 4057 Unam
2242 4001 2455 4073 quidem
2507 4004 2563 4058 in
2593 4007 2843 4059 honorem
2900 4002 3114 4063 Sancta!
3151 4000 3389 4058 Eulalia:

1785 4094 1896 4165 (ubi
1922 4094 2024 4164 fuit
2054 4095 2432 4152 monasterium
2461 4094 2783 4167 puellarum)
2806 4096 2863 4150 in
2896 4095 3147 4150 honorem
3193 4091 3254 4148 S.
3279 4091 3389 4149 Ge-

1783 4185 1918 4255 orgii
1946 4203 1966 4243 :
1996 4201 2156 4256 quam
2189 4186 2255 4241 de
2301 4201 2431 4240 novo
2467 4186 2669 4257 operui,
2718 4195 2767 4241 et
2820 4200 2887 4240 ea:
2931 4195 3082 4255 parte
3128 4184 3391 4239 macerias

1782 4278 1898 4348 ejus
1934 4277 2000 4333 de
2041 4279 2399 4350 fundamentis
2433 4280 2595 4335 erexi.
2630 4276 2767 4334 Tum
2804 4280 2993 4350 paucis
3036 4276 3338 4349 interiectis
3368 4295 3385 4333 :

1790 4370 2174 4427 Monasterium
2200 4389 2405 4445 quoque
2445 4373 2783 4444 puellarum,
2811 4375 2866 4427 in
2914 4373 3163 4428 honorem
3217 4372 3389 4427 sancti

104 4461 245 4509 trans
265 4465 316 4511 et
340 4458 678 4516 Laurentius
701 4462 893 4518 Surius
924 4464 975 4517 in
1003 4462 1121 4519 Vita
1147 4463 1205 4519 S.
1231 4464 1492 4536 Stephani
1521 4467 1680 4524 Dien-
1712 4477 1759 4532 Ι)
1786 4463 1934 4520 Petri
1963 4466 2286 4535 dedicatum,
2314 4468 2402 4521 ubi
2441 4485 2632 4539 corpus
2662 4468 2834 4521 sancti
2872 4465 3208 4521 Annemundi
3237 4480 3385 4519 mar-

101 4541 164 4597 sis
186 4547 440 4619 episcopi,
478 4566 604 4606 cum
629 4551 845 4607 Canisio
874 4563 1081 4621 nostro,
1109 4564 1164 4609 et
1196 4553 1468 4629 Saussayo
1490 4556 1543 4611 in
1568 4558 1682 4613 suis

99 4630 504 4711 Martyrologiis,
531 4654 587 4697 et
616 4642 737 4698 aliis
761 4643 1054 4713 plerisque,
1081 4659 1223 4699 nunc
1252 4659 1375 4700 cum
1402 4644 1681 4702 Bernardo

96 4723 277 4794 primo,
326 4732 494 4787 modo
543 4746 666 4787 cum
714 4734 954 4790 secundo
985 4734 1377 4807 confuderunt,
1408 4736 1489 4793 sic
1523 4737 1680 4794 nobis

96 4814 158 4870 illi
186 4834 249 4873 ex
274 4820 440 4877 dictis
488 4824 832 4880 discernendi
871 4835 1019 4881 sunt.

154 4908 363 4969 Primus
385 4914 719 4981 Bernardus,
744 4915 1000 4972 luridator
1028 4916 1219 4974 domus
1233 4918 1518 4975 Portarnm
1536 4935 1680 4976 anno

96 4999 237 5069 1115,
265 5020 332 5060 ex
369 5008 644 5063 monacho
688 5009 1164 5077 Atnhrouiacensi,
1226 5012 1523 5082 prioratnm
1563 5011 1677 5080 jam

92 5092 430 5176 abdicaverat
480 5100 566 5155 die
612 5102 786 5156 sancti
820 5101 1039 5156 Thema:
1083 5103 1307 5171 apostoli
1361 5101 1520 5171 1147,
1550 5100 1678 5157 Ber-

91 5189 307 5244 nardum
357 5192 430 5248 de
461 5192 635 5248 Portis
663 5211 729 5248 ex
778 5194 1060 5253 Bellicensi
1093 5197 1348 5267 episcopo
1394 5197 1497 5251 sibi
1552 5197 1676 5252 sub-

87 5281 327 5338 stitucns.
355 5286 428 5340 At
485 5287 763 5345 Bernardo
793 5289 861 5345 de
908 5289 1087 5345 Portis
1117 5301 1330 5346 mortua
1377 5289 1536 5354 1152,
1565 5306 1674 5345 xvn

85 5369 349 5433 Kalendas
396 5379 667 5449 Januarii,
698 5380 749 5436 ei
783 5391 1058 5452 superstes
1111 5381 1419 5438 Bernartius
1468 5381 1674 5452 primus

86 5461 433 5525 Nantelmum
465 5489 528 5528 ex
573 5474 754 5545 priore
778 5474 1101 5541 Carthusim,
1125 5462 1412 5531 Portarnm
1441 5475 1673 5545 priorem

79 5560 380 5617 constituit.
419 5563 529 5620 Nec
564 5566 733 5621 multo
779 5576 919 5638 post,
961 5581 1155 5637 nempe
1197 5566 1386 5623 diebus
1435 5567 1504 5621 58
1554 5575 1675 5637 post

80 5651 283 5707 obitum
335 5653 599 5714 Bcrnardi
630 5659 695 5714 de
732 5658 931 5725 Portis,
964 5659 1195 5713 excessit
1222 5674 1252 5713 e
1281 5659 1415 5713 vivis
1442 5658 1671 5712 Bernar-

78 5738 440 5813 dusprimus,
489 5750 658 5819 pridie
701 5750 823 5807 ldus
871 5750 1175 5817 Februarii,
1225 5765 1369 5805 anno
1401 5752 1481 5821 (ut
1512 5750 1670 5807 hodie

1783 4559 1911 4629 tyris
1933 4558 2207 4614 humatum
2228 4570 2302 4614 est
2326 4558 2486 4629 (quod
2525 4565 2632 4629 ipse
2653 4568 2866 4612 sanctus
2888 4567 3092 4627 martyr
3112 4565 3163 4613 et
3184 4555 3390 4625 episco-

1782 4667 1880 4722 pus
1903 4652 2153 4720 instituit)
2188 4668 2282 4722 ego
2323 4668 2356 4705 a
2388 4651 2748 4721 fundamentis
2779 4660 2890 4705 tam
2933 4648 3199 4703 Ecclesiae
3226 4662 3386 4715 quam

1781 4744 1996 4797 domum
2021 4744 2308 4798 restauraui
2334 4758 2354 4797 :
2392 4744 2480 4797 ubi
2515 4759 2654 4797 nunc
2695 4740 3122 4797 sanctimoniales
3166 4754 3384 4793 numero

1780 4835 1852 4892 52
1869 4838 2158 4892 secundum
2180 4838 2558 4892 institutionem
2591 4837 2882 4908 regularem
2898 4826 3124 4890 uiuentes
3147 4834 3388 4893 habitare

1780 4920 2042 4984 videntur.
2067 4928 2201 4985 Cum
2240 4939 2420 4984 autem
2472 4942 2615 4983 nunc
2664 4935 2869 4983 scatent
2897 4926 3220 4997 Lugdunum
3268 4938 3387 4979 mo-

1781 5019 2006 5073 nialium
2045 5020 2331 5087 cmuobiis,
2357 5021 2423 5075 de
2465 5019 2523 5075 S.
2562 5018 2710 5074 Petri
2766 5018 3123 5073 monasterio.
3152 5016 3385 5073 Benedi-

1780 5108 2087 5173 ctiuarum,
2131 5111 2431 5165 etiamnum
2481 5110 2676 5180 opibus
2723 5124 2786 5165 ac
2837 5107 3103 5179 religione
3132 5102 3382 5179 linclyto,

1780 5200 2042 5255 Bernardi
2065 5199 2345 5256 Portcnsis
2365 5201 2648 5271 epistolam
2677 5196 2887 5272 accipio
2908 5214 2973 5256 ea
2997 5200 3213 5255 ratione
3236 5199 3384 5268 quod

1779 5293 1899 5363 ejus
1948 5309 2065 5350 navo
2095 5295 2315 5351 unicum
2363 5292 2608 5366 Lugduni
2660 5294 2832 5352 fuisse
2884 5294 3214 5350 existimem.
3242 5291 3381 5346 Nam

1779 5395 1937 5443 vetus
1987 5386 2117 5443 illud
2172 5388 2232 5444 S.
2279 5365 2501 5445 Eulaliae
2530 5388 2643 5461 (ubi
2698 5404 2842 5444 nunc
2868 5388 3014 5444 mdes
3040 5386 3101 5443 S.
3128 5365 3379 5454 Georgii)

1778 5493 1877 5535 suo
1920 5491 2163 5551 tempore
2193 5481 2306 5552 jam
2355 5481 2588 5537 desitum
2633 5480 2840 5536 indicat
2882 5475 3205 5535 Leidradus.
3258 5475 3379 5531 Alia

1778 5587 1940 5641 porro
1994 5572 2174 5629 omnia
2243 5582 2372 5645 puta
2429 5573 2825 5639 Clarissarum,
2877 5569 3374 5628 Carmelitanarum

1778 5666 2264 5732 Auunntiatarum,
2298 5675 2352 5721 et
2383 5675 2600 5737 caetera,
2632 5676 2751 5738 post
2785 5663 3121 5721 Bernardum
3154 5659 3375 5717 fundata

1777 5772 1898 5813 esse
1924 5775 2028 5812 non
2058 5757 2279 5815 dubium
2309 5768 2410 5815 est.
2472 5772 2477 5775 ‘
3072 5774 3077 5777 '
