3984 6402
195 308 301 366 797

1117 305 1323 366 usus
1361 306 1449 365 DE
1481 305 1858 388 exsncrrto
1897 305 2167 363 cum.
2208 336 2277 347 —
2310 304 2537 361 ranas.
2629 370 2636 382 _'

3372 302 3476 356 798

193 422 477 491 Quomodo
502 419 647 482 enim
694 417 992 490 disciplinae
1026 434 1154 480 suae
1184 420 1496 478 domesticae
1547 434 1776 476 arcanas
1805 423 1851 477 A
1886 419 1985 474 Vl.
2019 409 2325 492 Appendix,
2367 416 2715 492 probationes
2733 419 3003 476 continens
3047 436 3229 492 eorum
3251 437 3369 492 quin:
3398 421 3466 474 de

190 511 341 583 leges
389 511 592 580 homini
646 517 875 564 externo
914 513 1376 580 recognoscendas
1413 510 1497 566 vir
1543 509 1777 579 pruden-

192 603 438 656 tissimus
482 600 921 654 transmitteret?
947 609 1040 655 aut
1086 602 1355 670 quomodo
1393 615 1515 656 cum
1566 598 1777 656 duobus

188 691 571 747 Cal-thusianis
617 689 886 761 prioribus
923 692 1140 746 tertium
1187 691 1605 748 Cistercicnsem
1660 690 1777 744 illa-

188 799 310 838 rmu
377 781 661 836 arbitrium
715 797 836 837 esse
880 783 1198 852 pateretur?
1235 782 1406 851 Hujus
1456 782 1516 838 S.
1551 781 1775 852 Sulpicii

187 873 496 929 Carthusize
553 873 782 944 vestigia
846 873 1142 929 etiamnum
1197 888 1482 944 superesse
1534 873 1774 930 nonnulli

183 964 482 1030 amrmant,
506 963 649 1019 haud
680 964 866 1034 procul
889 965 1103 1021 abhatia
1124 965 1182 1021 S.
1210 965 1430 1036 Sulpicii
1455 965 1792 1039 Cistercien-i

182 1057 351 1124 sium,
381 1056 436 1110 in
489 1055 714 1111 dioecesi
767 1055 1074 1122 Bellicensi,
1120 1057 1239 1113 loco
1286 1055 1529 1127 ejusdem
1577 1054 1777 1111 montis

185 1145 532 1201 abditissimo
581 1160 646 1200 ac
677 1159 820 1215 pene
865 1145 1166 1212 inaccesso,
1213 1160 1374 1217 quem
1403 1145 1671 1214 hodieque
1705 1145 1775 1203 ab

181 1242 461 1312 indigenis
487 1240 809 1297 Carthosam
845 1241 1072 1296 vocitari
1113 1241 1318 1296 dicunt.
1363 1241 1437 1296 At
1470 1239 1774 1298 Guicheno-

180 1349 307 1398 nus,
339 1334 392 1387 in
415 1333 650 1388 Historia
673 1333 857 1397 citata,
881 1343 1098 1390 exstare
1123 1334 1200 1388 ait
1227 1333 1280 1388 in
1305 1333 1619 1403 episcopatu
1641 1330 1776 1387 Gra-

180 1423 580 1494 tianopolitano
605 1425 996 1480 monasterium
1036 1423 1307 1494 quoddam
1334 1422 1394 1478 S.
1413 1420 1648 1508 Sulpicii
1677 1434 1787 1508 nos

176 1517 368 1582 mine,
413 1518 557 1587 quod
612 1517 744 1574 olim
801 1515 1273 1573 Carthusiensium
1333 1506 1503 1570 fuisse
1553 1513 1771 1569 asserit.

175 1608 310 1664 llzec
341 1609 388 1663 si
425 1624 552 1664 vera
580 1617 726 1674 sunt,
752 1608 946 1664 harum
984 1607 1393 1663 Carthusiarum
1418 1605 1664 1661 alterutri
1686 1602 1774 1660 ille

176 1701 423 1774 (opinor)
450 1698 728 1769 praefuerit
775 1698 1105 1754 Humbertus
1132 1698 1303 1768 prior,
1343 1695 1497 1767 cujus
1522 1695 1576 1750 in
1602 1701 1773 1752 statu-

175 1798 365 1845 torum
387 1787 706 1860 pmlatione
748 1787 996 1843 meminit
1017 1785 1211 1858 Guigo.

182 1936 254 1993 V.
281 1939 578 1995 Alexandri
609 1938 775 2010 Papa:
796 1938 858 2010 11
866 1937 896 1994 1
923 1947 1140 2010 epistora
1165 1939 1235 1992 ad
1268 1938 1600 2010 Arthauaum
1627 1937 1777 2009 prio-‘

394 2027 500 2064 rem
525 2010 775 2076 Arverne,
803 2009 868 2064 de
892 2009 1169 2066 schismate
1193 2010 1276 2065 sui
1299 2009 1566 2080 temporis.

247 2145 422 2217 Hujus
443 2144 685 2216 epistolae
730 2144 1022 2216 pontiﬁcis:
1048 2144 1445 2216 autographum
1472 2151 1629 2198 vetus
1648 2155 1769 2212 per-

169 2238 409 2309 legimus
439 2238 537 2308 ipsi
563 2239 618 2294 in
639 2238 925 2295 Cartltusia
946 2237 1204 2294 Arveriae.
1227 2237 1513 2294 Celebrato
1532 2237 1768 2294 Turonis

163 2325 410 2383 concilio
457 2327 524 2382 ad
554 2341 754 2381 annum
775 2340 826 2382 c.
859 2325 1028 2393 1165,
1052 2326 1360 2384 Alexander
1385 2341 1524 2397 papa
1554 2327 1625 2381 ad
1644 2326 1768 2382 civi-

169 2427 337 2471 tatem
362 2417 717 2473 Senonensem
751 2427 1053 2474 moraturus
1084 2420 1335 2484 accessit,
1360 2418 1609 2489 quoniam
1651 2417 1767 2487 ipsa

168 2505 476 2576 metropolis
505 2506 655 2561 valde
679 2506 912 2577 formosa
943 2517 1056 2561 erat
1084 2518 1133 2562 et
1160 2509 1368 2578 fertilis.
1411 2504 1478 2562 In
1509 2524 1614 2578 quo
1650 2507 1764 2562 loco

172 2614 209 2651 α
260 2594 525 2651 Kalendis
555 2597 798 2654 Octobris
827 2615 989 2670 usque
1034 2600 1103 2652 ad
1135 2597 1341 2654 Pascha
1377 2597 1594 2654 secundi
1637 2598 1765 2652 anni

166 2705 379 2744 moram
405 2689 708 2743 diuturnam
733 2691 956 2760 faciens,
977 2690 1288 2745 universalis
1327 2691 1579 2745 Ecclesia:
1607 2707 1764 2760 nego-

167 2779 248 2832 tia
277 2778 411 2833 inibi
457 2794 553 2849 pro
605 2780 690 2835 sui
733 2780 904 2834 debito
931 2781 1083 2850 officii
1112 2781 1467 2850 pertractavit.
1500 2780 1590 2836 Sic
1624 2781 1764 2835 Acta

165 2871 338 2943 hujus
363 2873 656 2943 pontiﬁcis,
683 2888 749 2929 ex
781 2875 968 2930 codice
994 2873 1272 2937 Vaticano,
1303 2873 1444 2942 apud
1467 2872 1762 2928 Baronium

165 2982 320 3022 anno
351 2965 553 3023 Christi
578 2967 740 3044 1165,
769 2982 917 3022 num.
954 2968 1041 3024 18.
1073 2966 1208 3023 Cum
1237 2966 1402 3037 igitur
1427 2980 1491 3020 ex
1520 2965 1763 3036 his‘con-

163 3067 277 3115 stet
342 3059 712 3116 Alexandrum
773 3058 1087 3130 pontiﬁcem
1118 3060 1172 3114 in
1214 3059 1434 3114 civitate
1459 3057 1759 3113 Senonensi

162 3149 448 3205 habitasse
470 3191 486 3215 ,
517 3164 548 3205 a
578 3149 835 3206 Kalendis
862 3147 1114 3206 Octobris
1157 3150 1284 3205 anni
1328 3148 1464 3204 1163
1496 3163 1666 3218 usque
1691 3148 1759 3204 ad

162 3239 380 3297 Pascha
411 3242 538 3295 anni
566 3241 704 3296 1165
730 3284 745 3310 ,
793 3251 847 3296 et
875 3241 1002 3296 data
1049 3243 1120 3296 sit
1167 3241 1284 3295 hrec
1313 3241 1379 3294 ad
1409 3238 1755 3294 Arthaudum

162 3331 422 3402 epistola,
442 3333 675 3389 Scnonis
695 3343 891 3404 quarto
914 3333 1183 3388 Kalendas
1206 3331 1404 3397 Martii,
1432 3346 1595 3400 quam
1617 3330 1759 3386 diem

163 3424 373 3480 ibidem
408 3425 520 3495 egit
547 3425 705 3480 anuis
749 3425 959 3481 duobus
1005 3423 1502 3494 consequentibus;
1536 3422 1757 3478 dubium

160 3515 338 3570 lueret
369 3529 437 3569 an
464 3515 531 3569 ad
553 3531 756 3570 annuat
788 3514 950 3581 1164,
975 3515 1059 3570 vel
1084 3515 1242 3582 “65,
1268 3512 1550 3569 referenda
1573 3513 1679 3585 sit.

237 3604 317 3658 De
348 3604 648 3667 Arthaudo,
702 3604 817 3660 sive
843 3604 1106 3659 Artholdo
1139 3604 1319 3674 priore
1357 3601 1596 3658 Arvcria:
1630 3601 1757 3671 (qui

161 3707 228 3751 ut
259 3696 454 3751 beatus
483 3696 625 3765 apud
674 3711 800 3751 suos
829 3695 1025 3751 colitur
1054 3695 1228 3765 pridie
1255 3692 1438 3748 Nonas
1469 3692 1756 3764 Octobris)

159 3787 285 3841 haec
317 3787 368 3840 in
396 3786 568 3841 sacris
594 3785 750 3842 lastis
773 3787 1028 3841 adnotata
1060 3796 1185 3840 sunt
1218 3803 1232 3839 :
1266 3784 1361 3838 Vir
1386 3784 1483 3839 Dei
1525 3784 1756 3844 Arthau-

157 3880 288 3944 dus,
313 3893 378 3932 ex
401 3875 752 3931 Carthusiano
775 3893 926 3947 grege
946 3877 1015 3930 ad
1042 3875 1383 3930 Bellicensem
1406 3873 1755 3944 prwsulatum

160 3979 426 4037 arctatus,
460 3969 604 4023 senio
632 3968 897 4037 confectus
942 3969 1011 4022 ad
1057 3965 1276 4022 claustri
1311 3966 1396 4020 sui
1421 3965 1643 4035 quietem
1674 3981 1756 4018 re-

159 4062 337 4130 diens,
366 4062 420 4114 in
443 4059 672 4114 Arueria:
698 4075 869 4114 eremo
892 4061 947 4113 in
965 4075 1091 4129 pace
1110 4057 1218 4111 Deo
1240 4057 1480 4128 spiritum
1505 4055 1754 4110 reddidit.

162 4158 465 4226 Episcopus
493 4154 811 4210 Bellicensis
839 4162 961 4224 post
1007 4153 1328 4208 Rainaldum
1364 4151 1528 4207 fuisse
1557 4151 1753 4207 scribi-

159 4261 270 4313 tur,
309 4251 377 4304 ad
408 4264 552 4305 anno
577 4248 781 4304 Christi
827 4247 965 4303 1184
993 4249 1061 4302 ad
1094 4246 1247 4302 1190.
1280 4244 1488 4300 Exinde
1510 4245 1753 4314 privatus

157 4344 301 4398 vixit
339 4341 409 4396 ad
450 4341 696 4396 ultimam
735 4355 904 4410 usque
930 4348 1142 4394 aetatem
1169 4378 1184 4403 ,
1234 4346 1289 4393 ct
1315 4352 1516 4392 annum
1547 4335 1752 4392 Christi

1960 485 2144 558 primis
2168 489 2334 558 tribus
2362 485 2650 540 Bernardis
2669 487 2958 558 (Portarum
2981 485 3275 556 prioribus,
3294 501 3341 544 et
3379 492 3460 543 his

1955 555 2161 629 illigato
2188 555 2472 629 Nantelmo
2499 596 2514 621 ,
2559 559 2629 608 ad
2656 557 2816 628 hujus
2839 559 3165 629 prafationis
3189 555 3460 615 numerum

1957 627 2244 683 secundum
2264 626 2532 684 disputata
2552 636 2690 682 sunt.

1953 783 2057 840 Ηιι.
2082 798 2296 840 moram
2315 787 2496 840 tacere
2514 783 2703 854 possit,
2724 771 2966 853 ιιιΓιιιῃιιε
2981 781 3302 852 Appendicts
3323 798 3377 834 n.
3402 795 3460 847 4,

1878 877 2115 947 diploma
2146 875 2394 930 Rainaldi
2429 873 2808 945 Lugdunensis
2836 873 3249 944 archiepiscopi,
3280 874 3345 927 de
3366 889 3463 928 no-

1878 969 2022 1024 mine
2063 977 2119 1024 et
2145 967 2358 1038 origine
2379 965 2634 1036 Majorevi
2652 1007 2665 1030 ,
2690 975 2746 1022 et
2772 981 2891 1036 qua)
2916 965 2970 1020 in
2993 980 3057 1019 eo
3081 965 3463 1020 describuntur

1877 1059 2126 1128 superius
2150 1073 2322 1114 aevum
2356 1057 2679 1128 spectantia.
2715 1055 2955 1111 Vidimus
2984 1065 3132 1111 certe
3178 1055 3261 1110 his
3287 1054 3460 1109 oculis

1878 1150 1934 1206 in
1965 1149 2186 1204 arcltivo
2222 1148 2505 1220 Majorevi,
2533 1148 2744 1203 tabulas
2769 1146 3020 1201 Rainaldi
3052 1145 3415 1215 autographas
3439 1184 3457 1210 ,

1877 1243 2032 1298 datas
2062 1240 2235 1310 Aprili
2254 1255 2441 1296 mense
2465 1239 2590 1294 anni
2610 1239 2766 1304 1215,
2785 1248 2841 1294 et
2870 1237 2986 1306 ejus
3003 1237 3179 1309 sigillo
3201 1237 3456 1290 munitas.

1877 1330 1950 1388 Ut
1978 1331 2201 1385 minime
2237 1330 2455 1385 dubium
2485 1331 2595 1395 sit,
2638 1328 2767 1398 quin
2798 1327 2842 1382 si
2886 1328 2942 1383 in
2986 1327 3264 1396 probando
3293 1341 3460 1381 exeu-

1879 1421 2167 1492 tiendoque
2197 1418 2556 1476 Valentiniani
2589 1417 2867 1487 privilegio
2890 1429 3172 1489 peccatum
3223 1425 3306 1470 est
3336 1457 3351 1481 ,
3404 1413 3456 1468 id

1875 1512 2080 1568 erroris
2106 1510 2370 1567 Rainaldo
2407 1510 2506 1582 ipsi
2539 1509 2968 1579 archiepiscopo,
3000 1518 3091 1562 aut
3113 1509 3228 1579 ejus
3250 1506 3458 1562 cant-el-

1877 1604 2014 1660 lario
2044 1604 2392 1660 tribuendum
2424 1602 2514 1657 sit.
2547 1599 2659 1656 Nec
2692 1609 2871 1655 tamen
2900 1616 2928 1652 a
2961 1599 3226 1652 Rainatdo
3246 1597 3456 1654 deseri-

1876 1697 2080 1752 buntur
2106 1684 2464 1749 Valentiniani
2495 1681 2666 1762 ipsius
2699 1688 2914 1756 tabulae,
2942 1688 3037 1743 sed
3066 1688 3309 1757 quaedam
3339 1695 3460 1740 tan-

1803 1766 1848 1822 Β
1875 1795 1988 1840 tum
2025 1785 2270 1842 beneﬁcii
2301 1783 2371 1838 ah
2399 1797 2467 1839 eo
2493 1771 2548 1837 in
2580 1779 2906 1850 Majorevum
2933 1778 3111 1834 collati
3141 1777 3456 1842 declaratio,

1868 1891 1992 1948 qua:
2012 1875 2256 1945 pluribus
2277 1882 2397 1943 post
2413 1872 2850 1930 Valentinianum
2875 1871 3088 1926 saeculis
3109 1885 3138 1922 a
3171 1867 3458 1924 tabellione

1870 1966 2123 2036 quopiam
2151 2003 2167 2030 ,
2220 1965 2360 2032 apud
2407 1963 2702 2028 lsernoros,
2743 1962 2858 2016 sive
2905 1960 3282 2014 lsarnodorum
3318 1973 3452 2012 con-

1870 2058 2035 2114 scribi
2067 2057 2241 2127 potuit
2269 2073 2284 2123 ;
2317 2071 2382 2111 ac
2407 2055 2722 2110 meminisse
2754 2052 3021 2124 privilegii
3049 2051 3452 2122 Majorevojam

1869 2145 1996 2202 olim
2030 2145 2296 2202 concessi.
2326 2145 2481 2212 Quod
2505 2143 2673 2199 refert
2718 2143 3009 2197 adnotasse
3037 2182 3052 2206 ,
3101 2155 3171 2195 ne
3213 2140 3336 2210 quis
3366 2139 3455 2195 hic

1868 2239 2266 2310 ascriptioncm'
2300 2236 2638 2303 consulatus,
2677 2245 2771 2290 aut
2793 2245 3042 2290 caeterum
3067 2235 3451 2304 rescriptorum

1868 2329 2232 2400 imperialium
2264 2327 2495 2384 formam
2527 2326 2800 2382 desideret
2828 2341 2843 2392 ;
2874 2325 2959 2379 vel
2983 2334 3237 2379 causetur
3265 2322 3456 2382 abseno

1871 2418 1998 2474 tiam
2033 2418 2394 2474 Valentiniani
2422 2419 2490 2473 ab
2515 2416 2837 2471 lsarnodoro
2888 2413 3110 2486 (Insulae
3150 2413 3372 2470 Gallicae
3399 2423 3456 2468 et

1869 2509 2292 2565 Sehnsianorum
2321 2548 2336 2574 ,
2397 2522 2492 2563 seu
2541 2507 2714 2561 mavis
2751 2504 3177 2576 Segusianorum
3223 2504 3454 2576 oppido)

1868 2614 2012 2655 anno
2032 2599 2169 2666 585,
2201 2615 2324 2655 eum
2357 2597 2560 2655 Gallias
2583 2598 2864 2654 obtinente
2905 2595 3139 2650 Maximo
3168 2605 3400 2668 tyranno
3427 2636 3443 2660 ,

1868 2691 2280 2748 Valentinianus
2309 2707 2428 2748 sese
2458 2692 2513 2746 in
2561 2690 2716 2746 Italia
2743 2688 3066 2744 contineret.
3098 2687 3234 2743 Nam
3265 2689 3443 2744 datum

1865 2797 1985 2840 esse
2031 2785 2202 2854 potuit
2247 2800 2276 2838 a
2326 2783 2707 2839 Valentiniano
2727 2780 3068 2852 privilegium
3097 2779 3286 2834 Romae
3308 2820 3322 2844 ,
3356 2789 3442 2840 aut

1865 2875 2170 2943 Mediolani,
2185 2876 2358 2931 aliove
2374 2874 2540 2930 italiae
2565 2872 2860 2942 loco,quod
2889 2872 3046 2944 longo
3066 2875 3186 2941 post
3209 2879 3452 2940 tempore

1865 2969 2008 3026 datis
2037 2969 2342 3030 lsantodori
2367 2967 2562 3023 tabulis
2582 2966 2974 3022 declararetur.
3001 2961 3169 3033 llujus
3194 2977 3326 3018 vero
3358 2962 3451 3017 de-

1864 3066 2178 3124 clarationis
2221 3067 2266 3122 si
2309 3064 2606 3120 Rainaldus
2632 3063 3025 3134 archiepiscop.
3052 3061 3201 3117 aurei
3230 3057 3389 3131 sigilli
3418 3074 3449 3115 a

1867 3174 1926 3214 se
1957 3158 2056 3213 visi
2079 3157 2401 3212 emblemata
2428 3155 2809 3226 descripsisset
2834 3194 2849 3219 ,
2875 3153 2940 3206 de
2981 3153 3086 3207 ﬁde
3117 3148 3260 3205 illius
3286 3159 3449 3219 atque

1864 3251 2187 3321 antiquitate
2207 3250 2394 3305 liberet
2431 3247 2766 3304 ratiocinari.
2789 3247 2845 3300 In
2883 3244 3113 3313 caeteris,
3147 3245 3289 3314 quod
3314 3241 3450 3296 scri-

1862 3354 2010 3415 ptum
2051 3342 2169 3396 l'alsi
2201 3341 2513 3412 redarguat,
2541 3339 2674 3394 nihil
2701 3354 2955 3408 agnoseo.
2989 3336 3172 3392 Caesus
3206 3343 3289 3390 est
3324 3331 3449 3388 dolo
3481 3381 3489 3385 .

1862 3434 2177 3505 Arbogastis
2217 3432 2626 3489 Valentinianus
2669 3429 2874 3501 junior,
2923 3442 3064 3482 anno
3119 3425 3330 3497 imperii
3358 3425 3447 3479 sui

1863 3524 1930 3579 17
1957 3564 1974 3590 ,
2026 3523 2260 3578 Arcadio
2305 3521 2348 3576 ll
2384 3530 2440 3577 et
2491 3519 2698 3575 ltuﬁino
2750 3517 3062 3574 consulibus
3090 3533 3105 3585 ;
3139 3527 3194 3573 et
3227 3516 3445 3587 quidem

1867 3617 1966 3688 (ut
1992 3626 2143 3670 notat
2174 3612 2505 3684 Epiphanius
2534 3612 2586 3666 in
2622 3611 2804 3668 libello
2831 3612 2898 3667 de
2925 3610 3194 3665 mensuris
3223 3617 3278 3663 et
3305 3623 3447 3678 pon-

1862 3707 2109 3776 deribus)
2139 3707 2320 3761 ldihus
2344 3705 2491 3769 Maii,
2519 3705 2606 3758 die
2628 3704 2867 3768 Sabbati,
2900 3701 3071 3772 pridie
3099 3699 3448 3754 Pentecostcs

1860 3814 1980 3868 qua:
2020 3807 2131 3851 tuttt
2163 3795 2215 3850 in
2257 3810 2366 3849 xvn
2415 3791 2684 3849 Kalendas
2711 3791 2898 3846 Junias
2927 3787 3272 3853 incurrebat,
3325 3801 3445 3856 qua:

1862 3887 2042 3943 omnia
2088 3887 2293 3941 annum
2318 3885 2601 3955 designant
2647 3899 2770 3937 εει-ιιι
2815 3880 3138 3938 Christiana:
3164 3879 3289 3934 399..
3333 3878 3444 3933 Sed

1854 3979 2179 4050 jampridem
2211 3978 2355 4032 inter
2387 3977 2744 4045 Arbogastem
2775 3983 2830 4029 et
2869 3971 3306 4028 Valentinianum
3353 3969 3441 4024 in-

1860 4070 2142 4124 valuerant
2167 4069 2288 4124 odia
2312 4077 2368 4124 et
2391 4067 2728 4138 suspiciones
2751 4105 2765 4130 ,
2801 4075 2860 4120 ut
2882 4063 3134 4135 colligere
3159 4071 3242 4118 est
3268 4061 3352 4118 vel
3374 4075 3442 4116 ex

1859 4163 2076 4218 Zosimo
2102 4203 2118 4228 ,
2162 4162 2300 4218 libro
2339 4171 2551 4232 quarto.
2603 4158 2803 4215 lnicrat
2848 4156 3257 4211 Valentinianus
3299 4155 3439 4211 idem

1858 4264 1981 4327 post
2013 4263 2242 4309 mortem
2274 4252 2445 4324 patris
2473 4250 2808 4321 cognominis
2835 4291 2851 4316 ,
2892 4264 2922 4302 a
2976 4247 3064 4301 die
3109 4263 3139 4301 x
3172 4247 3442 4303 Kalendas

1859 4345 2173 4403 Decembris
2201 4385 2216 4413 ,
2274 4360 2418 4400 anno
2442 4345 2643 4402 Christi
2679 4342 2806 4408 575,
2834 4341 2896 4395 P.
2927 4341 2989 4396 C.
3020 4341 3264 4397 Gratiani
3297 4355 3355 4394 Ill
3386 4347 3444 4394 et

163 4434 328 4509 1206.
375 4431 522 4489 Sane
563 4447 686 4488 cum
719 4431 867 4486 illum
916 4431 970 4484 in
1015 4445 1199 4486 eremo
1228 4429 1469 4484 Arveriae
1497 4427 1748 4483 latentem

1868 4440 2059 4510 Equitii
2107 4438 2323 4493 decimo
2374 4446 2494 4507 post
2547 4451 2692 4490 anno
2723 4477 2738 4502 ,
2793 4433 2997 4490 Christi
3026 4431 3150 4489 585.
3186 4431 3442 4503 Majorevi

160 4526 351 4580 invisit
383 4524 440 4579 S.
467 4523 621 4594 litigo
648 4523 935 4593 episcopus
966 4520 1361 4574 Lincolnicnsis
1405 4518 1625 4588 (aestate
1666 4517 1752 4573 ni-

159 4617 359 4670 mirum
385 4615 512 4669 anni
540 4614 722 4686 1200),
739 4621 1058 4681 processerat
1088 4612 1140 4664 in
1163 4611 1346 4665 diebus
1372 4613 1501 4676 suis,
1533 4621 1592 4666 ut
1614 4612 1752 4667 Vita:

158 4710 218 4764 S.
249 4707 494 4780 llugonis
517 4715 726 4774 auctor,
751 4704 868 4773 ejus
898 4703 1144 4774 aequalis,
1177 4703 1268 4772 qui
1310 4711 1365 4758 et
1396 4703 1544 4757 addit
1575 4720 1589 4758 :
1628 4703 1740 4758 Nec

157 4797 444 4852 dissimiles
468 4806 614 4851 erant
646 4798 810 4850 animi
844 4793 1080 4865 pontiﬁci
1107 4804 1283 4847 nostro
1307 4834 1322 4860 ,
1352 4793 1468 4847 licet
1501 4793 1556 4848 in
1595 4804 1750 4850 (elate

157 4887 427 4942 dissimili.
462 4887 726 4941 Nimirum
758 4883 1144 4955 sexagenarius
1173 4893 1283 4937 tum
1312 4894 1430 4938 erat
1467 4884 1526 4939 S.
1557 4884 1745 4954 llugo,

155 4986 400 5048 quatuor
425 4978 540 5032 fere
568 4987 694 5032 ante
715 4978 921 5033 obitum
949 4992 1106 5031 suum
1149 4971 1448 5041 mensibus,
1478 4993 1601 5032 cum
1628 4990 1750 5035 erat

158 5071 369 5127 affecta:
397 5070 510 5141 jam
548 5069 724 5124 aetatis
756 5069 813 5122 Β.
853 5069 1183 5135 Arthaudus,
1219 5084 1284 5123 ac
1314 5068 1543 5125 fortasse
1573 5086 1746 5125 nona-

159 5162 390 5232 genario
417 5163 610 5230 major.
657 5161 876 5217 Interim
900 5162 984 5217 vel
1005 5177 1070 5217 ex
1114 5159 1275 5230 hujus
1322 5162 1563 5230 epistolae
1585 5179 1745 5234 argu-

157 5263 344 5310 mento
361 5253 814 5326 intelligis,quam
839 5269 966 5310 vere
986 5253 1211 5308 allirmct
1231 5253 1487 5323 antiquus
1510 5253 1745 5324 scriptor

157 5345 298 5399 Vita:
320 5344 382 5399 S.
407 5345 672 5410 Anselmi,
711 5359 832 5414 cap.
863 5345 952 5409 15,
992 5343 1231 5414 adjutum
1264 5345 1496 5401 maxime
1544 5341 1577 5401 ει
1611 5345 1744 5402 Car-

158 5436 432 5493 thusianis
473 5445 640 5507 atque
678 5451 708 5491 a
759 5435 1210 5494 Cistercicnsibus
1250 5437 1616 5494 Alexandrum
1649 5455 1744 5509 pa-

157 5543 282 5598 pam
302 5569 319 5595 ,
369 5528 431 5581 in
455 5527 672 5596 negotio
702 5527 1016 5583 schismatis
1043 5543 1304 5597 perquam
1331 5526 1528 5583 diﬁlcili
1555 5546 1571 5583 :-
1599 5531 1742 5598 quod

156 5631 211 5676 et
235 5638 302 5674 ex
329 5619 592 5676 Ganl'rido
613 5620 959 5676 Allzecnmbm
1003 5622 1199 5678 abbate
1236 5622 1491 5693 colligere
1544 5627 1736 5696 possis,

157 5712 212 5768 in
239 5713 360 5769 Vita
384 5711 445 5768 S.
468 5711 612 5768 Petri
645 5713 1032 5786 archiepiscopi
1065 5711 1513 5773 Tarcntasiensis.

1861 4529 2244 4587 Valentiniano
2267 4542 2297 4581 a
2328 4525 2614 4590 cubiculis,
2646 4526 2840 4580 tentari
2861 4525 2972 4595 jam
3000 4522 3176 4593 potuit
3207 4523 3339 4575 ﬁdes
3369 4522 3438 4575 ab

1856 4621 2160 4689 ArbogaSIe
2183 4659 2198 4682 ,
2257 4633 2321 4672 ac
2355 4618 2597 4687 probata:
2645 4616 2792 4686 regia
2831 4604 3046 4671 merces
3083 4613 3324 4668 decerni.
3361 4611 3438 4666 De

1853 4711 2045 4768 Jovino
2075 4711 2219 4780 Popa
2252 4709 2431 4779 templi
2459 4707 2654 4764 Montis
2678 4724 2943 4779 agrorum
2962 4748 2977 4773 ,
3011 4707 3164 4777 cujus
3191 4707 3256 4760 ad
3287 4721 3438 4760 coer-

1856 4803 2024 4858 cenda
2078 4798 2360 4854 latrocinia
2418 4798 2746 4868 Majorcvum
2804 4806 3044 4853 castrum
3096 4806 3434 4851 exstructum

1855 4894 2074 4958 dicitur,
2108 4891 2256 4946 illum
2280 4905 2380 4962 ego
2409 4907 2515 4946 non
2542 4891 2706 4946 alium
2739 4891 2907 4946 fuisse
2933 4906 3130 4946 censeo
3166 4906 3195 4944 a
3219 4889 3432 4954 Jovino,

1854 4987 1944 5058 qui
1987 4985 2187 5039 dudum
2220 4995 2487 5055 promotus
2512 5003 2544 5038 a
2580 4985 2803 5040 Iuliano
2843 5003 2934 5052 per
2958 4984 3162 5039 Gallias
3189 4987 3436 5054 magister

1849 5092 2117 5131 armorum
2143 5074 2232 5146 (ut
2259 5073 2336 5129 ait
2355 5075 2672 5130 Ammianus
2699 5076 2792 5130 lib.
2825 5080 2982 5147 χχιιι)
3007 5075 3059 5129 in
3100 5076 3288 5131 eodem
3316 5092 3431 5131 mu-

1848 5183 1978 5224 nere
2006 5167 2252 5239 magistri
2281 5167 2564 5236 utriusque
2587 5166 2811 5234 militiae,
2843 5167 3194 5238 sequentibus
3227 5167 3432 5237 aliquot

1848 5259 2267 5330 imperatoribus
2294 5258 2459 5314 ﬁdam
2498 5273 2720 5328 operam
2753 5261 2992 5315 navavit.
3029 5260 3130 5327 Qui
3157 5268 3213 5315 et
3239 5259 3430 5316 consul

1846 5365 1969 5406 cum
2001 5349 2265 5420 Lupicino
2289 5350 2357 5405 ad
2381 5355 2585 5404 annum
2616 5365 2738 5404 atrae
2765 5350 3092 5407 Christianae
3134 5351 3240 5407 567
3271 5392 3286 5413 ,
3319 5365 3432 5420 quo

1844 5443 2010 5498 etiam
2041 5457 2184 5498 anno
2203 5441 2388 5498 Remis
2417 5441 2551 5498 data’
2573 5451 2700 5498 sunt
2725 5443 2796 5498 ad
2824 5458 2948 5498 eum
2997 5443 3104 5498 duo
3159 5441 3426 5511 rescripta

1847 5531 2203 5588 Valentiniani
2227 5541 2281 5586 ct
2305 5531 2546 5588 Valentis
2568 5531 2738 5604 l-mpp.
2757 5532 2862 5604 leg.
2887 5533 2920 5588 9
2943 5542 2998 5588 et
3029 5532 3096 5587 10
3123 5531 3256 5587 Cod.
3299 5531 3421 5596 Th.,

1844 5624 1920 5678 De
1937 5641 1989 5677 re
2007 5625 2240 5678 militari.
2262 5625 2305 5678 Λ
2319 5641 2426 5694 quo
2437 5635 2491 5679 ct
2513 5625 2775 5695 originem
2794 5624 2946 5678 duxit
2970 5639 3106 5676 uxor
3121 5623 3419 5690 Couscntii,

1845 5717 1910 5773 tle
1939 5722 2044 5788 qua
2072 5715 2150 5772 sic
2183 5715 2439 5774 Sidonius.
2460 5716 2510 5771 in
2542 5715 2791 5770 Narbone
2822 5715 3008 5782 (carm.
3033 5711 3124 5777 25)
3152 5730 3164 5766 :
