3894 6298
1403 375 1728 437 GUIGONIS
1760 368 2263 446 II‘CARTHUSIJE
2297 367 2591 429 MAIORIS
2630 367 2905 425 PIIIOIIlS
3659 377 3740 436 θοι

579 497 716 557 VIII.
757 501 836 557 De
873 498 1190 572 quibusdam
1225 493 1352 550 viris
1394 491 1592 547 sanctis
1629 489 1718 560 qui
1762 487 1976 558 fuerunt
2023 485 2089 540 ab
2121 490 2169 550 Α
2261 483 2452 542 XXVI.
2498 483 2573 539 De
2602 484 2818 553 septimo
2843 482 3196 536 meditationis
3227 484 3417 548 modo,
3450 485 3740 560 q'uistupoyi;

507 590 660 655 Isaia
685 609 850 664 usque
890 593 960 647 ad
985 589 1248 646 Christum
1277 599 1296 637 :
1341 593 1390 638 et
1426 584 1492 637 de
1514 579 1827 658 quibusdam
1855 578 1946 649 qui
1982 577 2098 645 fue-

510 693 635 737 runt
666 692 782 753 post
811 683 1088 737 adventum
1116 674 1332 743 Christi,
1361 671 1590 745 qualiter
1615 686 1711 742 per
1743 685 1832 725 eos
1866 669 2100 740 figurata

511 774 580 827 sit
606 771 754 829 cellae
771 773 942 842 quies.

583 864 678 918 IX.
719 863 796 917 De
827 861 997 931 quiete
1020 857 1197 920 cella;
1222 863 1273 910 et
1306 853 1447 924 quod
1474 868 1577 906 non
1604 851 1810 922 expedit
1841 849 1890 905 ei
1920 848 2013 920 qui
2045 849 2100 904 in

461 986 468 992 η
513 973 576 1010 ea
615 955 848 1021 habitat,
878 964 933 1006 ut
962 949 1264 1005 curiositate
1306 945 1586 1000 temeraria
1621 944 1778 998 nimis
1813 943 1907 997 diu
1950 951 2102 996 extra

515 1065 631 1103 eant
667 1057 920 1100 moretur.
1599 1106 1608 1114 .

586 1138 654 1192 X.
676 1136 753 1189 De
775 1150 835 1189 eo
859 1131 998 1204 quod
1021 1130 1174 1197 cella,
1200 1130 1264 1183 ab
1294 1144 1354 1184 eo
1381 1128 1473 1199 qui
1501 1123 1624 1182 eam'
1645 1127 1930 1189 inhabitat,
1953 1125 2103 1196 jugi-

516 1237 596 1283 ter
639 1223 864 1280 tenenda
907 1232 1017 1288 est;
1065 1231 1112 1275 et
1161 1221 1302 1291 quod
1349 1220 1398 1274 ei
1453 1217 1750 1289 periculum
1805 1218 2005 1272 eveniat
2058 1217 2106 1271 si

515 1316 789 1370 temerarie
815 1314 879 1369 ab
901 1330 964 1368 ea
999 1313 1158 1382 fuerit
1183 1327 1444 1382 egressus.

585 1407 678 1462 XI.
703 1407 781 1462 De
801 1405 1004 1477 magnis
1025 1405 1304 1474 multisque
1349 1401 1594 1473 periculis
1626 1417 1746 1469 qua
1767 1399 1859 1455 ille
1884 1399 2106 1454 incurrit

513 1501 604 1571 qui
631 1501 896 1555 habitator
922 1508 996 1554 est
1023 1497 1197 1565 cellte,
1234 1506 1284 1552 et
1305 1497 1369 1550 de
1394 1495 1488 1550 illa
1513 1494 1652 1549 male
1684 1494 1825 1558 exit;
1861 1503 1909 1547 et
1949 1491 2014 1546 de
2045 1505 2106 1545 eo

515 1593 658 1664 quod
690 1609 936 1664 magnam
963 1591 1156 1646 anima:
1192 1599 1390 1644 sancta:
1447 1587 1645 1657 confert
1683 1585 1907 1657 quietem
1953 1585 2109 1654 plena

517 1693 568 1738 et
597 1683 829 1754 perfecta
857 1682 1078 1751 objectio
1102 1679 1438 1734 saecularium
1461 1693 1660 1749 rerum.

594 1773 710 1829 XII.
750 1774 828 1828 De
853 1773 1191 1829 stecularium
1239 1771 1348 1841 (cui
1388 1771 1630 1840 precipue
1668 1767 1946 1822 intendunt
1977 1763 2109 1822 Car-

2202 576 2256 630 in
2285 574 2463 645 mentd
2487 572 2787 626 meditantis
2812 588 3026 625 causam
3065 571 3230 642 gignit
3285 582 3334 626 et
3389 573 3740 636 admirationis:

2215 675 2262 718 et
2294 665 2359 718 de
2389 678 2448 716 eo
2475 661 2615 730 quod
2647 677 2740 728 per
2767 677 2828 716 ea
2863 677 2980 731 qua:
3013 661 3156 731 facta
3190 671 3312 716 sunt
3343 664 3637 732 conspicitur
3661 672 3742 741 ipso

2200 758 2292 828 qui
2317 755 2462 825 fecit.

2272 846 2487 903 XXVII.
2537 846 2615 903 De
2634 847 2844 902 vocibus
2902 856 2952 902 et
3011 845 3364 900 locationibus
3422 864 3548 917 quas
3604 857 3744 912 anima

2201 938 2548 1010 spiritualiter
2585 939 2734 992 audit
2771 951 2791 990 :
2831 947 2879 993 et
2916 938 3144 1010 qualiter
3186 940 3367 992 anima
3413 939 3482 992 ad
3511 941 3741 1014 imaginem

2203 1031 2304 1086 Dei
2337 1031 2479 1101 facta
2509 1031 2608 1097 sit,
2635 1040 2682 1084 et
2721 1047 2875 1100 quem
2900 1040 3097 1084 motum
3124 1031 3408 1101 suscipiat,
3437 1043 3480 1085 et
3503 1033 3635 1102 cujus
3655 1053 3739 1092 mo-

2203 1131 2288 1178 tus
2315 1121 2658 1192 susceptibilis
2691 1139 2794 1177 non
2821 1123 2908 1176 sit.

2278 1214 2514 1270 XXVIII.
2555 1213 2632 1269 De
2677 1215 2785 1269 illis
2830 1213 2995 1269 beatis
3035 1214 3347 1285 spiritibus,
3401 1232 3516 1285 qui:
3556 1218 3746 1276 videlicet

2205 1305 2301 1362 illa
2324 1309 2428 1361 sint
2458 1323 2575 1378 qua:
2596 1307 2666 1360 ad
2691 1323 2779 1361 eos
2807 1308 3097 1377 pertinent;
3127 1317 3174 1361 et
3204 1308 3333 1378 quid
3360 1309 3424 1361 de
3453 1307 3550 1363 illis
3573 1311 3620 1365 in
3642 1330 3745 1380 pm

2206 1397 2548 1454 meditatione
2577 1415 2697 1464 sua,
2725 1398 2872 1454 cellte
2890 1398 3072 1454 debeat
3093 1400 3235 1453 intra
3259 1416 3316 1454 se
3341 1400 3591 1455 habitator
3614 1405 3740 1460 πνοι.

2207 1508 2323 1548 vere
2329 1530 2346 1547 ο

2279 1584 2473 1640 XXIX.
2512 1585 2592 1640 De
2621 1585 2714 1641 illo
2753 1586 3108 1642 meditationis
3135 1602 3322 1658 genere
3357 1586 3498 1658 quod
3525 1587 3649 1641 intra
3675 1606 3747 1646 nos

2209 1679 2264 1733 in
2291 1679 2419 1741 ipsis
2443 1679 2641 1733 intimis
2664 1679 2838 1733 cordis
2867 1680 3032 1734 nostri
3055 1678 3301 1734 debemus
3335 1679 3552 1744 habere,
3582 1695 3680 1734 cum
3700 1683 3748 1737 de

2213 1768 2322 1825 Deo
2351 1770 2621 1825 studemus
2639 1771 2870 1842 cogitare
2897 1786 2917 1826 :
2938 1781 2986 1826 et
3011 1770 3238 1842 qualiter
3259 1770 3326 1827 de
3355 1769 3448 1825 illo
3492 1787 3578 1825 nos
3608 1771 3748 1827 deceat

521 1869 833 1937 thusienses)
859 1867 1188 1937 negotiorum
1215 1874 1263 1919 et
1290 1862 1710 1918 sollicitudinum
1734 1870 1797 1914 ac
1818 1860 2108 1930 possessio-
2136 1860 2182 1920 Β
2209 1871 2257 1917 et
2290 1861 2447 1917 liceat
2470 1867 2687 1917 sentire.

521 1974 646 2013 num
683 1957 994 2026 abjectione.

592 2046 729 2100 XIII.
771 2046 846 2099 De
887 2045 1001 2099 loco
1040 2052 1236 2099 sancta:
1281 2043 1594 2114 voluptatis,
1642 2050 1691 2097 et
1734 2041 1800 2096 de
1840 2039 2107 2112 spirituali

521 2140 650 2210 fuga
676 2138 847 2192 sancti
870 2136 905 2190 Ι
911 2138 996 2192 ob.

594 2229 732 2284 XIV.
774 2227 1050 2294 Quomodo
1073 2225 1418 2296 spiritualiter
1435 2224 1800 2296 egrediebatur
1822 2223 2017 2294 ﬂuvius
2039 2223 2106 2276 de

523 2320 640 2375 loco
670 2320 946 2390 voluptatis
977 2319 1046 2372 ad
1073 2317 1399 2388 irrigandum
1424 2315 1734 2388 paradisum
1755 2331 1774 2369 :
1799 2325 1848 2369 et
1875 2315 1992 2382 quis
2020 2312 2110 2368 ille

523 2413 715 2482 ﬂuvius
741 2413 832 2467 sit.

599 2502 716 2558 XV.
758 2501 913 2568 Quod
957 2502 1047 2572 qui
1088 2501 1159 2554 ad
1196 2515 1434 2554 annuum
1483 2497 1792 2554 conveniunt
1821 2494 2106 2567 capitulum

525 2595 761 2668 priores,
795 2594 996 2648 ordinis
1033 2592 1218 2647 debent
1261 2590 1540 2660 diligenter
1582 2586 1852 2642 intendere
1892 2602 2114 2640 renova-

525 2689 660 2742 tioni
689 2700 709 2740 :
737 2695 787 2742 et
825 2687 889 2741 de
913 2695 1142 2758 quatuor
1173 2683 1438 2739 exercitiis
1472 2681 1702 2748 sanctis,
1740 2679 1928 2751 quibus
1964 2678 2113 2734 solli-

523 2779 628 2834 cite
663 2779 871 2834 studere
908 2777 1055 2832 debet
1099 2775 1268 2830 omnis
1298 2773 1390 2844 qui
1428 2772 1484 2826 in
1529 2770 1662 2826 cella
1691 2769 1798 2825 vult
1846 2770 2112 2839 fructuose

527 2868 863 2924 commorari.

598 2957 740 3014 XVI.
782 2958 858 3012 De
889 2954 1340 3012 commendatione
1368 2951 1543 3018 cellar,
1582 2961 1632 3006 et
1669 2951 1736 3005 de
1763 2959 1994 3021 quatuor
2018 2965 2111 3003 ca-

525 3051 722 3122 pitibus
752 3049 857 3104 illis
892 3051 946 3104 in
984 3065 1102 3120 qua:
1143 3047 1332 3118 ﬂuvius
1367 3045 1619 3100 dividitur
1657 3043 1854 3122 qui'ad
1883 3041 2113 3111 irrigan-

525 3142 654 3196 dum
684 3143 992 3214 paradisum
1023 3143 1086 3195 de
1106 3139 1220 3194 loco
1244 3138 1524 3210 voluptatis
1549 3135 1816 3206 egreditur

2278 1951 2450 2007 XXX.
2492 1951 2570 2008 De
2600 1951 2858 2008 Trinitate
2899 1969 3284 2024 personarum,
3326 1954 3391 2008 de
3436 1952 3624 2008 unitate
3658 1954 3750 2008 sub-

2207 2047 2417 2101 stantiae
2444 2061 2560 2116 quae
2590 2045 2730 2100 Deus
2767 2055 2876 2111 est,
2917 2054 2966 2100 et
2994 2047 3134 2116 quod
3162 2047 3527 2116 pra’judicium
3571 2047 3746 2118 aliquod

2209 2152 2303 2191 nec
2331 2135 2562 2190 Trinitas
2598 2135 2813 2204 unitati,
2839 2152 2932 2191 nec
2955 2137 3131 2191 unitas
3162 2137 3291 2206 facit
3326 2137 3589 2192 Trinitati.

2280 2227 2474 2283 XXXI.
2511 2227 2589 2282 De
2616 2228 2858 2298 diligenti
2896 2227 3287 2293 sollicitudine,
3325 2239 3376 2284 et
3416 2229 3634 2284 sollicita
3657 2230 3752 2284 dili-

2209 2321 2386 2390 gentia
2422 2336 2579 2390 quam
2609 2319 2839 2375 orationi
2884 2329 3079 2374 nostra:
3118 2320 3333 2391 quando
3367 2321 3415 2376 ei
3450 2322 3754 2377 incumbimus

2213 2411 2461 2466 debemus
2490 2413 2786 2482 impendere
2836 2424 2854 2464 .'
2889 2421 2936 2466 et
2978 2413 3044 2466 de
3079 2429 3272 2483 magna
3311 2414 3643 2468 instabilitate
3678 2431 3755 2484 qsa

2212 2503 2270 2556 in
2311 2503 2488 2567 corde,
2517 2502 2772 2557 orationis
2803 2513 3055 2574 tempore,
3085 2521 3177 2572 per
3201 2505 3370 2558 otiosa
3408 2514 3456 2559 et
3488 2506 3674 2571 nociva,
3695 2507 3756 2558 tli-

2211 2593 2402 2662 spersis
2455 2591 2855 2662 cogitationibus
2898 2593 3088 2648 nostris
3129 2595 3318 2648 misere
3347 2610 3412 2648 ac
3444 2594 3757 2649 miserabiliter

2212 2684 2551 2753 fluctuamus,
2581 2695 2630 2739 et
2656 2701 2749 2756 per
2776 2685 3054 2740 innumera
3076 2701 3383 2756 evagamur.

2287 2775 2498 2830 XXXII.
2528 2775 2606 2831 De
2622 2777 2808 2832 mentis
2829 2778 3150 2850 evagatione,
3176 2795 3338 2848 quam
3373 2778 3520 2833 nobis
3552 2776 3757 2832 orationis

2214 2876 2445 2936 tempore
2493 2867 2664 2922 inesse
2707 2867 2960 2921 sentimus
2995 2881 3014 2922 :
3058 2875 3107 2922 et
3141 2866 3376 2937 qualiter
3425 2876 3474 2921 et
3515 2881 3663 2937 quare
3691 2881 3760 2934 per

2213 2957 2425 3010 tertium
2450 2957 2540 3027 qui
2579 2956 2643 3010 de
2667 2955 2780 3011 loco
2815 2955 3094 3024 voluptatis
3119 2955 3391 3026 egreditur
3422 2955 3659 3024 fluvium,
3691 2955 3758 3026 qui

2215 3057 2270 3101 et.
2295 3047 2468 3118 Tigris
2506 3057 2744 3113 vocatur,
2774 3047 3027 3101 orationis
3053 3046 3365 3118 accipienda
3385 3047 3587 3101 devotio
3610 3046 3684 3101 sit.

2289 3138 2530 3195 XXXIII.
2571 3139 2769 3205 Quales
2794 3155 2887 3193 nos
2916 3139 3156 3194 exhibere
3184 3139 3470 3194 debeamus
3497 3139 3757 3210 priusquam

599 3207 760 3290 XVII-
803 3235 956 3301 Ωιιοά
983 3235 1071 3305 σαί
1096 3207 1462 3286 λαθίεαίοννεεί
1487 3229 1657 3295 “tua,
1685 3243 1891 3283 οηιηεπι
1925 3226 2110 3282 debet"
2140 3207 2186 3268 c
2219 3234 2288 3290 ad
2309 3235 2595 3289 orationem
2620 3232 2962 3298 accedamus,
3000 3240 3054 3285 ut
3089 3247 3208 3286 cum
3243 3231 3314 3284 ad
3346 3246 3464 3284 eam
3498 3207 3758 3292 venerimus,

527 3329 770 3383 illicitam
793 3328 1015 3383 devitarc
1037 3326 1350 3380 locutionem
1381 3337 1396 3377 :
1425 3332 1610 3393 etquae
1639 3321 1734 3375 illa
1758 3321 1860 3376 sint
1887 3319 2021 3375 bona
2043 3321 2113 3374 ad

528 3437 649 3494 qua:
674 3438 766 3476 nos
793 3437 946 3475 sacra
976 3417 1130 3474 lectio
1153 3417 1407 3488 provehit.

601 3512 785 3568 XVIII.
801 3511 877 3566 De
894 3510 1165 3582 generibus
1175 3517 1478 3563 sanctarum
1495 3506 1912 3573 meditationum,
1926 3506 2124 3578 quibus,

529 3607 798 3664 intendere
824 3605 968 3660 debet
1005 3605 1095 3674 qui
1135 3604 1189 3656 in
1232 3601 1365 3656 cella
1405 3600 1676 3656 solitarius
1705 3601 1846 3655 sedet
1889 3616 1909 3654 :
1960 3609 2008 3655 et
2049 3599 2116 3655 de

529 3699 767 3754 studiosa
795 3711 962 3750 saera:
985 3694 1272 3762 Scriptum
1297 3689 1678 3744 recordatione.

602 3788 745 3845 XIX.
786 3788 865 3842 De
887 3785 980 3840 illo
1010 3783 1362 3838 meditationis
1399 3781 1553 3836 modo
1575 3781 1666 3851 qui
1704 3779 1760 3834 in
1801 3779 1980 3834 animo
2007 3794 2118 3834 med

529 3883 750 3936 ditantis
767 3921 782 3947 ,
815 3876 1015 3932 timoris
1036 3875 1199 3946 gignit
1221 3887 1436 3927 causam
1462 3880 1510 3928 et
1539 3870 1766 3936 doloris,
1807 3871 1898 3942 qui
1923 3871 1980 3923 in
2001 3879 2116 3925 octo

529 3975 714 4030 modos
743 3971 1019 4026 dividitur.

604 4062 723 4116 XX.
777 4060 854 4114 De
923 4055 1154 4130 generali
1207 4056 1584 4112 resurrectione
1636 4063 1965 4109 mortuorum
1991 4093 2006 4121 ,
2067 4065 2116 4109 et

529 4157 696 4227 poenis
739 4153 1146 4216 damnatorum,
1201 4160 1248 4204 et
1293 4149 1520 4219 qualiter
1565 4147 1724 4217 repeti
1767 4145 1988 4200 debeant
2035 4145 2118 4201 illi

533 4257 648 4303 octo
670 4245 831 4310 modi,
861 4243 914 4298 in
935 4243 1123 4314 quibus
1149 4243 1352 4296 timoris
1375 4241 1550 4296 existit
1579 4255 1740 4293 causa
1765 4248 1812 4292 et
1833 4237 2053 4293 doloris.

607 4337 748 4392 XXI.
787 4336 1026 4402 Qualiter
1055 4337 1108 4389 in
1139 4334 1314 4388 animo
1345 4333 1680 4397 meditantis,
1711 4332 1872 4386 timor
1903 4331 2117 4402 expellit

533 4429 840 4494 elationem;
883 4437 930 4483 et
957 4427 1022 4482 de
1047 4427 1198 4481 tertio
1231 4421 1586 4478 meditationis
1607 4425 1796 4489 modo,
1838 4422 1928 4492 qui
1965 4437 2120 4475 occa-

534 4524 732 4578 sionem
765 4520 1100 4575 administrat
1129 4516 1326 4572 amoris
1352 4525 1401 4570 et
1431 4513 1830 4570 consolationis.

607 4612 769 4668 XXII.
810 4611 888 4667 De
927 4622 1115 4683 quarto
1155 4609 1512 4666 meditationis
1548 4605 1734 4672 modo,
1769 4605 1862 4676 qui
1898 4619 2119 4659 causam

534 4711 698 4780 gignit
725 4709 780 4761 in
807 4706 983 4760 animo
1010 4705 1311 4759 meditantis
1329 4745 1345 4770 ,
1378 4701 1588 4773 pietatis
1615 4711 1663 4756 et
1703 4696 2075 4770 compassionis
2098 4710 2119 4749 .'

537 4811 586 4856 et
625 4801 764 4871 quod
810 4799 1055 4868 quendam
1093 4812 1212 4865 qua:
1250 4795 1483 4850 videmus
1525 4793 1592 4847 ab
1635 4791 1756 4848 aliis
1783 4791 1928 4846 mala
1970 4789 2119 4860 fieri,

539 4896 707 4964 magis
735 4893 1015 4946 debeamus
1054 4889 1194 4942 intra
1221 4904 1316 4942 nos
1348 4887 1648 4959 plerumque
1686 4899 1938 4941 excusare
1963 4899 2123 4954 quam

540 4999 731 5042 temere
759 4985 1019 5050 iudicare.

613 5078 798 5132 XXIII.
842 5075 1086 5141 Qualiter
1120 5073 1361 5146 quintum
1389 5072 1743 5129 meditationis
1775 5070 1990 5126 modum
2031 5083 2126 5140 op-

541 5183 731 5238 ponere
763 5165 1040 5220 debeamus
1071 5163 1126 5218 in
1165 5173 1334 5218 mente
1378 5173 1592 5227 nostra,
1635 5172 1819 5216 contra
1845 5160 1994 5215 illam
2019 5175 2126 5231 qua

543 5262 734 5332 iugiter
778 5257 1054 5329 pulsamur
1081 5257 1422 5312 tentationem
1466 5255 1673 5320 carnis,
1705 5263 1754 5308 et
1793 5253 2026 5322 diaboli,
2074 5260 2124 5308 et

545 5356 751 5408 mundi.

613 5444 802 5500 XXIV.
848 5444 920 5500 De
965 5443 1122 5500 taedio
1170 5440 1313 5514 quod
1359 5438 1554 5510 aliquis
1596 5437 1800 5508 patitur
1847 5437 1935 5509 qui
1981 5435 2128 5491 cellte

545 5538 806 5592 habitator
843 5551 914 5593 est
941 5549 960 5590 :
989 5547 1038 5592 et
1071 5536 1332 5608 quomodo
1355 5532 1491 5588 illud
1515 5549 1547 5586 a
1581 5548 1636 5587 se
1667 5531 1942 5602 repellere,
1971 5545 2126 5602 seque

545 5646 792 5684 renovare
817 5640 863 5683 et
895 5645 1143 5699 reparare
1171 5629 1355 5698 possit.

616 5721 782 5777 XXV.
824 5722 901 5777 De
921 5725 1000 5778 his
1027 5739 1145 5794 qua:
1184 5723 1239 5775 in
1271 5735 1430 5776 carne
1471 5727 1718 5791 operatus
1753 5729 1828 5774 est
1855 5715 2128 5783 Christus;

545 5822 590 5867 et
619 5812 683 5866 dc
711 5812 976 5866 laboribus
1005 5823 1307 5867 sanctorum
1333 5826 1572 5866 suorum.

2215 3327 2292 3382 sic
2321 3342 2437 3380 eam
2474 3324 2585 3379 Deo
2615 3324 2898 3392 offeramus
2919 3363 2933 3389 ,
2984 3333 3041 3376 ut
3075 3323 3185 3393 ipse
3219 3337 3340 3376 eam
3368 3321 3470 3376 sibi
3509 3330 3759 3391 acceptant,

2215 3430 2262 3474 et
2291 3419 2437 3474 nobis
2465 3417 2877 3471 misericorditer
2898 3416 3080 3486 efﬁciat
3109 3414 3464 3478 fructuosam.

2286 3509 2525 3566 XXXIV.
2559 3508 2634 3564 De
2659 3525 2718 3564 eo
2748 3508 2886 3579 quod
2917 3524 3037 3562 cum
3065 3510 3135 3561 ad
3157 3507 3452 3560 orationem
3477 3503 3754 3566 accedimus,

2215 3612 2261 3655 et
2283 3599 2390 3654 illis
2419 3599 2508 3670 qui
2534 3599 2588 3651 in
2628 3613 2722 3652 nos
2751 3597 3108 3667 deliquerunt,
3134 3609 3199 3648 ex
3225 3609 3359 3663 puro
3389 3594 3550 3647 corde
3578 3591 3764 3645 dimitte-

2217 3708 2293 3754 re,
2323 3700 2370 3745 et
2394 3690 2439 3744 si
2461 3699 2583 3744 sunt
2606 3689 2696 3759 qui
2731 3688 2921 3741 habent
2953 3685 3156 3756 aliquid
3193 3685 3475 3739 adversum
3505 3699 3626 3748 nos,
3651 3681 3765 3751 plene

2216 3784 2292 3838 eis
2319 3796 2381 3837 ac
2405 3781 2632 3852 perfecte
2656 3777 2990 3842 reconciliari
3013 3776 3282 3830 debemus.

2290 3873 2508 3928 XXXV.
2547 3871 2625 3926 De
2655 3879 2885 3940 quatuor
2923 3870 3298 3939 cogitationum
3345 3865 3642 3937 generibus,
3678 3877 3766 3934 qu

2219 3965 2367 4020 nobis
2398 3963 2747 4018 necessarium
2769 3971 2844 4016 est
2871 3962 2926 4014 in
2951 3969 3120 4014 mente
3139 3959 3362 4024 habere,
3392 3960 3440 4014 si
3465 3975 3613 4029 pure,
3632 3967 3676 4012 et
3693 3957 3761 4010 de-

2218 4069 2365 4121 vote,
2401 4067 2554 4128 atque
2586 4056 2852 4126 fructuose
2873 4053 3160 4108 Dominum
3189 4051 3430 4106 volumus
3461 4067 3627 4106 orare.

2294 4149 2535 4206 XXXVI.
2575 4147 2651 4201 De
2674 4161 2825 4216 opere
2854 4159 3140 4208 manuum,
3178 4143 3264 4197 cui
3295 4143 3446 4197 debet
3478 4141 3617 4196 cella
3648 4139 3768 4194 inia-

2221 4242 2412 4302 bitatqr
2432 4239 2698 4294 intendere
2717 4278 2730 4303 ,
2767 4245 2816 4291 et
2863 4236 3052 4305 quibus
3083 4234 3228 4288 horis
3257 4233 3624 4302 spiritualibus
3653 4245 3768 4287 exer-

2220 4333 2393 4395 citiis,
2435 4339 2484 4385 et
2515 4328 2702 4398 quibus
2743 4326 2984 4381 insistere
3016 4323 3196 4380 debeat
3237 4339 3497 4378 manuum
3537 4323 3768 4394 operibus,

2222 4433 2272 4477 et
2301 4422 2367 4477 de
2412 4421 2652 4492 pluribus
2691 4419 2811 4475 aliis
2847 4434 2966 4486 quia
3005 4417 3075 4472 ad
3121 4418 3361 4472 eumdem
3405 4416 3551 4472 cellce
3586 4415 3769 4470 incolam

2149 4551 2199 4614 ο
2222 4515 2501 4588 pertinent.

2950 4633 3094 4647 α*

2641 4697 3046 4756 CAPITULUM
3085 4693 3379 4753 PRIMUM.

2224 4811 2304 4869 De
2333 4810 2490 4866 modo
2522 4818 2571 4865 el
2602 4826 2763 4864 causa
2795 4807 3047 4862 adventus
3082 4807 3320 4874 priorum
3353 4803 3560 4858 ordinis
3585 4799 3774 4874 Cartha.

2292 4883 2477 4937 siensis
2503 4881 2572 4934 ad
2602 4895 2840 4934 annuum
2879 4871 3164 4948 capitulum
3183 4916 3199 4942 ,
3229 4884 3276 4930 et
3305 4876 3369 4928 de
3406 4873 3600 4944 triplici
3636 4871 3775 4924 fructs

2296 4953 2548 5008 adventus
2578 4965 2783 5035 eorum.

2295 5066 2374 5122 De
2398 5063 2631 5120 adventu
2665 5061 3054 5118 venerabilium
3085 5059 3308 5115 Patrum
3335 5066 3678 5122 nostrorum,
3704 5065 3776 5107 or-

2227 5159 2368 5217 dinis
2394 5155 2802 5215 Carthusiensis
2829 5154 3073 5226 priorum
3103 5153 3172 5207 ad
3211 5165 3457 5206 annuum
3487 5144 3777 5218 capitulum.

2227 5265 2454 5322 magnus
2492 5249 2702 5307 ordinis
2738 5247 2980 5318 ejusdem
3022 5243 3363 5300 universitati
3403 5241 3652 5314 provenit
3696 5235 3780 5290 frn-

2229 5355 2368 5403 ctus.
2408 5343 2554 5400 Sane
2587 5341 2919 5399 conveniunt
2947 5340 2999 5394 in
3026 5353 3212 5393 eremo
3252 5333 3631 5392 Carthnsiensi
3666 5331 3780 5384 sicut

2227 5452 2418 5496 omnes
2447 5451 2516 5492 ex
2551 5435 2686 5490 locis
2714 5433 2977 5496 diversis,
3003 5432 3082 5487 sic
3108 5439 3165 5485 et
3195 5429 3352 5484 multi
3383 5443 3574 5484 eorum
3602 5441 3664 5482 ex
3689 5423 3780 5477 lon-

2227 5531 2464 5604 ginquis.
2515 5529 2586 5584 Et
2629 5535 2685 5582 ut
2734 5541 2844 5582 non
2893 5523 3218 5580 dilﬁteamur
3265 5521 3409 5590 quod
3461 5533 3645 5575 verum
3689 5521 3777 5604 est.

2231 5599 2563 5679 conueniunt
2613 5635 2722 5674 non
2776 5617 2896 5672 sine
2943 5629 3137 5686 magno
3183 5611 3343 5684 [Cod.
3383 5610 3575 5676 Parci,
3623 5599 3780 5671 multo]

2232 5716 2448 5778 laboro,
2493 5725 2617 5768 cum
2660 5708 2864 5782 ingenti
2895 5707 3213 5770 devotione,
3254 5703 3350 5759 sed
3385 5700 3687 5761 hilaritate,
3710 5692 3783 5749 sed

2233 5805 2512 5864 alacritate
2531 5844 2546 5874 ,
2574 5803 2667 5861 scd
2699 5800 3030 5871 humilitate,
3063 5798 3156 5856 sed
3191 5795 3570 5868 simplicitate,
3598 5789 3687 5850 sed
3709 5787 3783 5843 be-
