3984 6420
181 398 308 466 805

1270 391 1484 494 LIBER
1517 403 1608 462 DE
1645 400 2021 466 EXERCITIO
2055 407 2326 466 CELLE.

182 520 490 591 nignitatc,
539 517 644 574 sed
674 514 888 588 pietate
914 515 1073 591 (cod.
1119 517 1308 587 Parci,
1344 520 1632 595 puritate],
1675 522 1770 579 sed
1803 525 1845 584 Α
1947 523 2192 580 Diximus
2217 525 2397 595 aliqua
2421 525 2490 581 de
2524 525 2686 582 modo
2713 537 2768 584 et
2803 543 2969 588 causa
2998 533 3264 594 adventus
3288 539 3463 598 domi-

181 613 476 668 charita'te.
494 609 563 666 Et
583 611 697 665 lucc
717 610 932 680 quidem
949 611 1212 668 adventus
1236 612 1452 669 illorum
1475 622 1560 669 est
1578 629 1771 670 causa.

182 701 430 756 Primum
463 698 679 768 quidem
719 709 777 752 ut
805 700 1103 754 ostendant
1129 700 1329 758 debere
1367 717 1430 758 se
1465 715 1770 772 promptam
1805 693 1810 696 ’

179 803 242 847 et
288 791 550 847 humilem
581 790 746 862 (sicut
794 792 952 846 decet
1001 800 1110 846 tam
1153 792 1383 849 sincerze
1423 793 1772 850 conscientiae

176 884 356 954 viros)
384 884 621 954 antiquae
645 883 854 939 ordinis
877 884 1202 940 institutioni
1233 886 1597 942 obedientiam
1623 887 1772 943 exhi-

172 975 338 1030 bere.
373 975 489 1044 Ipsa
523 974 777 1028 nimirum
805 983 888 1029 est
907 991 1012 1044 qua
1043 983 1298 1031 tenentur
1324 977 1484 1031 annis
1511 977 1768 1046 singulis,

179 1076 431 1136 tempore
458 1066 548 1120 illo
576 1081 684 1137 quo
711 1067 965 1137 generale
1011 1068 1184 1124 teneri
1229 1067 1388 1124 debet
1439 1068 1766 1138 capitulum,

99 1139 104 1142 ⁷
180 1155 239 1208 ἰη
289 1156 549 1226 przedicto
594 1155 714 1210 loco
775 1156 1087 1211 convenire.
1141 1157 1505 1226 Excipiuntur
1549 1172 1769 1228 quoque

171 1246 258 1300 illi
319 1246 410 1316 qui
463 1261 530 1301 ne
577 1247 716 1302 forte
767 1247 1087 1317 plerumque
1137 1249 1346 1319 possint
1399 1249 1624 1315 adesse,
1674 1249 1766 1320 ju-

174 1348 326 1391 stam
378 1337 664 1392 habuerint
694 1339 1036 1393 occasionem
1079 1347 1135 1394 et
1171 1354 1428 1406 causam,
1473 1340 1662 1410 eisque
1709 1350 1768 1396 ut

175 1435 527 1494 remaneant,
557 1426 626 1480 ab
655 1428 769 1497 ipso
795 1427 958 1482 fuerit
987 1429 1222 1486 discreto
1251 1430 1486 1501 capitulo
1516 1445 1582 1486 ac
1603 1431 1766 1487 misc-

176 1517 433 1572 rabiliter
475 1518 766 1574 indultum.
797 1517 1049 1576 Secundo
1082 1535 1244 1588 vero,
1281 1531 1342 1577 ut
1376 1538 1498 1580 sese
1531 1524 1586 1578 in
1615 1525 1762 1580 omni

169 1608 522 1678 iucunditate
564 1612 834 1683 spiritali,
885 1614 1048 1668 etiam
1103 1613 1460 1685 corporaliter
1512 1615 1762 1684 videant,

174 1712 540 1772 mutuamquc
571 1703 621 1757 in
670 1704 898 1759 invicem
937 1705 1263 1762 dulcissimae
1301 1707 1355 1762 in
1383 1708 1611 1764 Domino
1653 1707 1764 1762 fra-

169 1793 454 1847 ternitatis
496 1793 818 1849 cliaritatem
872 1797 1046 1867 magis
1091 1812 1156 1852 ac
1215 1799 1388 1870 magis
1433 1800 1758 1870 atlaugeant.

1875 629 2070 670 norum
2105 631 2170 672 ac
2191 615 2414 672 Patrum
2451 628 2786 690 nostrorum,
2813 624 3056 693 priorum
3079 628 3365 698 videlicet.
3390 635 3461 690 ad

1872 703 2126 775 generale
2153 707 2450 777 capitulum
2470 747 2486 773 ,
2535 718 2592 765 et
2620 711 2743 780 quis
2773 713 2841 768 de
2871 713 2975 770 hoc
2999 729 3188 772 eorum
3222 720 3458 779 adventu

1872 793 2154 864 proveniat
2191 795 2420 852 fructus.
2451 797 2706 869 Nunquid
2728 801 2809 856 eis
2838 803 2935 858 tali
2967 806 3128 862 modo
3161 807 3365 880 talique
3390 807 3457 868 ett

1876 894 2042 938 causa
2072 885 2522 942 convenientibus
2551 889 2837 945 dicendum
2863 906 2988 948 esse
3008 904 3280 964 putamus,
3314 905 3459 969 quod

1871 974 2192 1044 quibusdam
2223 976 2630 1035 Corinthiorum
2658 982 2790 1038 dicit
2821 984 3148 1054 Apostolus,
3194 991 3457 1048 videlicet

1870 1066 2012 1135 quod
2051 1067 2171 1137 jam
2212 1085 2314 1123 non
2351 1079 2426 1124 est
2476 1070 2808 1128 Dominicam
2856 1091 3054 1131 canam
3101 1080 3460 1139 manducare?

1871 1155 1922 1226 (ι
1951 1155 2077 1212 Cor.
2107 1173 2186 1225 XI,
2215 1159 2331 1229 eo.)
2356 1160 2531 1216 Absit.
2569 1161 2680 1218 lmo
2707 1163 2785 1220 sic
2811 1167 3260 1226 convenientibus
3287 1172 3368 1226 eis
3402 1173 3456 1228 in
3541 1161 3552 1170 '

1871 1261 2035 1301 unum
2057 1247 2170 1318 jam
2205 1258 2288 1304 est
2314 1249 2650 1308 Dominicam
2688 1269 2899 1311 ctenam
2934 1259 3302 1318 manducare!
3333 1261 3430 1320 Cm

1869 1354 1994 1393 nam
2011 1340 2246 1398 diximus
2268 1341 2748 1411 Dominicam,non
2763 1346 3273 1422 llolophernis,qua2
3296 1354 3456 1426 plena

1869 1440 1956 1486 est
2006 1431 2284 1502 voluptate
2323 1451 2338 1488 :
2380 1434 2476 1490 sed
2515 1449 2617 1492 nec
2667 1437 2898 1496 Herodis
2922 1479 2939 1506 ,
2983 1455 3105 1511 quae
3136 1443 3338 1514 polluta
3373 1455 3459 1502 est

1867 1524 2158 1594 sanguine;
2203 1526 2298 1581 sed
2345 1541 2559 1583 ctenam
2604 1529 2854 1598 Domini,
2921 1532 2974 1587 in
3023 1549 3132 1604 qua
3177 1539 3457 1596 munditiae

1863 1611 2032 1668 linteo
2061 1615 2339 1683 praecincti
2359 1656 2376 1679 ,
2408 1619 2570 1688 pedes
2593 1634 2816 1674 suorum
2836 1619 3018 1677 lavent
3039 1624 3452 1697 discipulorum,

1865 1705 1958 1773 qui
1988 1714 2115 1759 sunt
2144 1706 2462 1764 atl‘ectiones
2487 1719 2546 1764 ct
2589 1711 2918 1769 intentiones
2961 1728 3172 1771 eorum.
3216 1718 3282 1773 Et
3317 1735 3455 1774 con-

1865 1805 2150 1867 surgentes
2176 1797 2442 1865 diluculo,
2479 1811 2642 1872 atque
2674 1802 2968 1862 oti‘erentes
3003 1806 3321 1865 holocausta
3350 1825 3452 1880 per

170 1882 368 1939 Tertio
396 1892 612 1956 quoque
650 1897 707 1942 ut
737 1889 983 1943 ordinem
1015 1904 1175 1958 quem
1205 1869 1330 1944 sunt
1358 1869 1623 1961 professi,
1664 1908 1763 1964 pro
1798 1869 1839 1927 Β
1868 1884 2137 1954 singulos,
2173 1887 2392 1943 obstent
2418 1869 2674 1948 omnibus
2703 1893 2899 1962 quibus
2928 1897 3204 1966 potuerint
3237 1869 3449 1966 modis,

161 1990 343 2031 nosse
365 1991 430 2032 ac
457 1993 613 2048 posse
637 1995 766 2045 suo,
813 1995 936 2036 cum
969 1980 1086 2035 zelo
1113 1981 1409 2036 secundum
1437 1984 1723 2039 scientiam
1743 2027 1758 2050 ,

169 2066 504 2123 discretione
533 2071 728 2140 pnevia
768 2086 833 2125 ex
865 2073 1138 2144 communi
1177 2073 1405 2130 consilio
1439 2086 1496 2130 et
1535 2091 1759 2133 assensu

165 2167 464 2228 reparent,
493 2161 630 2215 etin
673 2171 815 2218 statu
855 2162 996 2218 bono
1041 2163 1275 2220 solident
1315 2180 1380 2221 ac
1409 2166 1756 2224 conﬁrment.

168 2249 243 2302 Et
274 2260 382 2304 tam
411 2252 463 2305 in
493 2252 819 2308 destruendo
852 2255 1046 2320 noxia,
1091 2264 1254 2326 quam
1286 2256 1348 2311 in
1387 2261 1761 2315 construendo

167 2341 354 2407 utilia,
384 2343 617 2400 intentos
650 2361 708 2401 se
733 2347 784 2400 in
814 2347 962 2402 omni
993 2349 1289 2403 secundum
1318 2349 1490 2404 Deum
1520 2360 1576 2406 et
1612 2353 1760 2408 solli-

167 2433 418 2489 citudine
451 2435 702 2502 fer-vida,
753 2449 816 2493 et
863 2437 1078 2494 fervore
1122 2439 1358 2496 sollicito
1409 2443 1754 2500 exhibeant:

167 2523 364 2594 sicque
397 2526 542 2582 illum
591 2529 642 2582 in
687 2529 792 2584 hoc
833 2531 1050 2599 gemino
1091 2533 1286 2589 salutis
1315 2549 1479 2604 opere
1519 2537 1760 2595 studiose

168 2615 484 2683 imitentur,
521 2634 682 2688 quem
719 2620 787 2675 ad
829 2621 933 2677 hoc
967 2622 1252 2678 constituit
1287 2623 1550 2681 Dominus
1596 2641 1759 2696 super

165 2716 363 2776 gentes
389 2717 442 2762 et
469 2724 652 2779 regna,
683 2719 742 2764 ut
782 2711 1072 2776 evelleret,
1104 2721 1160 2768 et
1187 2714 1522 2781 destrueret,
1563 2725 1619 2772 et
1646 2717 1758 2773 dis-

167 2796 462 2863 perderet,
490 2806 546 2852 et
577 2798 884 2868 dissiparet,
927 2809 981 2855 et
1025 2800 1348 2868 aediﬁcaret,
1388 2805 1756 2874 etplantaret.

165 2887 241 2942 Et
259 2897 348 2944 est
369 2888 643 2947 funiculus
672 2891 888 2962 triplex,
910 2908 1023 2963 quo
1049 2893 1196 2965 ligati
1233 2896 1286 2950 in
1318 2895 1535 2953 Christo
1562 2897 1756 2954 Patres

163 2990 228 3036 et
268 2983 482 3039 Domini
537 2985 708 3040 nostri
738 2987 1097 3054 conveniunt;
1138 2987 1396 3044 fortitudo
1433 2990 1756 3047 humilitatis

165 3069 485 3140 profundae,
529 3073 756 3129 dulcedo
786 3074 1073 3130 charitatis
1108 3073 1405 3142 fraternas,
1449 3077 1756 3135 sollicitudo

166 3176 319 3218 cura:
347 3163 451 3218 sibi
476 3166 807 3221 commissae.
858 3167 960 3233 Qui
996 3166 1252 3222 nimirum
1289 3167 1505 3223 difﬁcile
1547 3169 1753 3238 rumpi-

169 3262 285 3316 tur,
347 3255 456 3310 imo
504 3257 720 3326 penitus
774 3258 1104 3328 impossibile
1155 3268 1216 3314 ut
1257 3257 1316 3314 in
1377 3259 1579 3315 sanctis
1622 3261 1754 3316 dun-

169 3357 327 3402 taxat
356 3350 486 3404 viris
518 3360 815 3421 rumpatur,
847 3351 1137 3406 roborante
1164 3367 1287 3407 eum
1322 3353 1571 3420 Domino,
1603 3368 1668 3408 ac
1696 3353 1750 3409 in

165 3452 266 3490 sua
305 3438 475 3508 magis
512 3453 576 3493 ac
621 3441 793 3510 magis
838 3441 1148 3511 integritate
1185 3450 1568 3498 conscrvante.
1615 3443 1752 3499 Cum

162 3529 316 3582 etiim
344 3528 456 3598 ipse
483 3530 627 3584 dicat
650 3532 968 3586 humilitatis
986 3542 1198 3590 amator
1218 3542 1274 3588 et
1293 3543 1482 3590 auctor
1507 3553 1520 3588 :
1555 3535 1753 3592 Discite

164 3637 201 3672 α
239 3635 344 3684 nte,
388 3621 514 3691 quia
549 3622 687 3676 mitis
728 3639 844 3676 sum
869 3633 916 3677 et
942 3623 1155 3678 Ituinilis
1189 3624 1346 3679 corde
1373 3623 1592 3696 (Matth.
1625 3642 1748 3691 xm,

162 3711 260 3784 29)
283 3752 300 3776 ,
333 3713 588 3767 nimirum
617 3729 755 3783 quos
784 3724 998 3770 constat
1035 3726 1447 3785 perseveranter
1491 3731 1663 3788 usque
1694 3718 1749 3773 in

164 3805 332 3856 tinem
364 3804 610 3859 veritatis
650 3820 772 3860 esse
806 3805 1130 3876 discipulos,
1160 3815 1308 3877 patet
1346 3817 1402 3862 et
1443 3822 1539 3864 eos
1562 3823 1755 3864 conse-

160 3905 404 3964 quenter
434 3896 588 3950 suavi
625 3896 950 3952 humilitatis
975 3912 1105 3952 esse
1127 3896 1342 3952 vinculo
1371 3897 1583 3968 ligatos.
1617 3899 1749 3953 ltem

164 4001 291 4040 cum
322 3983 482 4054 juxta
513 3986 825 4056 Apostolum
857 4005 870 4040 :
901 3986 1006 4054 Qui
1034 3989 1331 4058 proximum
1365 3990 1556 4060 diligit,
1588 3991 1751 4061 legem

162 4077 396 4146 implevit
420 4065 591 4148 (Rom.
625 4094 744 4144 xm,
773 4078 850 4149 8);
880 4089 936 4134 ct
959 4087 1016 4134 ut
1040 4080 1187 4136 idem
1219 4082 1272 4135 in
1294 4082 1590 4137 continenti
1615 4097 1751 4138 con-

163 4167 356 4232 cludit,
384 4167 653 4236 plenitudo
677 4185 798 4240 ergo
828 4169 954 4240 legis
985 4179 1060 4226 est
1099 4171 1308 4226 dilectio
1337 4173 1462 4246 (Job
1530 4175 1654 4248 10);
1689 4175 1751 4230 li-

147 4270 297 4329 quot
333 4269 520 4331 aperte
563 4259 720 4329 hujus
751 4263 892 4333 apud
926 4262 1075 4318 illum
1107 4262 1330 4320 funiculi
1377 4266 1749 4339 integritatem

162 4353 219 4408 in
265 4351 413 4407 nullo
439 4366 598 4422 posse
621 4351 875 4416 dissolvi,
905 4354 1046 4424 apud
1076 4369 1236 4424 quem
1263 4356 1375 4412 imo
1409 4359 1553 4414 intra
1587 4374 1748 4430 quem

161 4444 421 4499 fraterna:
450 4452 660 4499 constat
681 4445 968 4501 charitatis
996 4446 1383 4517 perfectionem
1412 4465 1516 4505 non
1552 4453 1746 4508 minui.

1865 1991 1934 2031 ne
1979 1976 2122 2032 forte
2162 1989 2427 2050 peccent,
2480 1993 2535 2036 et
2573 1982 2896 2039 benedicant
2948 1987 3058 2042 Deo
3101 1988 3156 2043 in
3199 1989 3458 2045 cordibus

1864 2069 1997 2124 suis.
2031 2069 2230 2140 Sicque
2257 2072 2404 2143 digni
2440 2082 2600 2130 erunt
2623 2083 2681 2129 ut
2717 2076 2786 2130 ad
2813 2076 2960 2131 illam
2993 2093 3208 2134 coenam
3230 2119 3248 2146 ,
3288 2095 3454 2150 quam

1863 2161 2025 2217 homo
2052 2162 2272 2232 quidam
2301 2163 2433 2220 fecit
2461 2180 2735 2237 magnam,
2764 2169 3103 2238 perveniant.
3134 2170 3251 2241 Ipsa
3281 2170 3453 2226 estad

1862 2266 2026 2322 quam
2057 2266 2124 2306 ne
2154 2251 2321 2308 velint
2359 2255 2573 2320 venire,
2624 2256 2803 2312 adhuc
2844 2257 3005 2314 hodie
3033 2259 3233 2314 multos
3271 2260 3451 2330 impe-

1862 2340 2041 2408 diunt,
2077 2349 2136 2397 ct
2163 2342 2289 2398 villa
2319 2343 2596 2406 vanitatis,
2627 2343 2894 2416 et'jugum
2929 2347 3196 2416 quinariae
3219 2349 3454 2403 curiosi-

1859 2431 2017 2500 tatis,
2047 2439 2103 2486 et
2125 2445 2263 2487 uxor
2293 2432 2604 2504 voluptatis.
2627 2433 2797 2505 Igitur
2827 2435 3032 2490 faciant
3062 2436 3116 2490 hi
3146 2436 3244 2492 viri
3269 2437 3448 2493 sancti

1861 2540 2026 2595 quam
2055 2525 2289 2582 sollicite
2308 2566 2326 2592 ,
2359 2535 2523 2597 prout
2549 2536 2802 2596 possunt,
2828 2535 3056 2598 prepter
3080 2529 3222 2598 quod
3250 2544 3451 2585 convc-

1862 2615 2042 2669 niunt.
2073 2613 2294 2671 Ordinis
2321 2615 2646 2671 institutioni
2677 2617 2939 2672 obediunt
2967 2617 3022 2672 in
3057 2631 3126 2672 eo
3153 2619 3452 2688 quodcun-

1860 2705 2084 2761 veniunt
2109 2724 2122 2760 :
2143 2709 2546 2763 convenienter
2573 2722 2702 2762 vero
2727 2722 2790 2762 se
2831 2709 3060 2763 invicem
3092 2709 3454 2780 corporaliter

1862 2798 2114 2865 visitant,
2161 2801 2349 2870 sicque
2391 2809 2639 2854 mutuum
2677 2801 2730 2854 in
2777 2815 2838 2854 se
2872 2799 3128 2864 fraternae
3167 2801 3452 2859 charitatis

1861 2903 2098 2944 amorem
2146 2888 2525 2959 multiplicant.
2561 2888 2820 2958 Superest
2841 2890 2956 2957 jam
2988 2899 3046 2945 ut
3079 2891 3298 2946 tertiam
3346 2908 3447 2963 pro

1857 2993 1963 3048 qua
1991 2979 2318 3035 conveniunt
2351 2995 2570 3035 causam
2610 2981 2961 3050 adimpleant.
2993 2981 3148 3048 Quod
3190 2982 3448 3038 nimirum

1861 3071 2088 3138 faciunt,
2120 3087 2242 3127 cum
2267 3073 2332 3127 de
2356 3073 2545 3127 ordine
2572 3072 2970 3143 colloquentes,
3003 3081 3114 3128 tam
3143 3075 3449 3145 exstirpare

1859 3178 1980 3234 quae
2003 3163 2082 3218 eis
2103 3164 2454 3234 apparuerint
2480 3164 2638 3227 mala,
2666 3181 2827 3235 quam
2848 3181 3118 3236 apponere
3141 3184 3261 3239 qua:
3282 3171 3448 3236 bona,

1859 3264 1916 3311 et
1947 3255 2000 3309 in
2034 3255 2318 3311 devotione
2341 3256 2570 3312 sollicita
2591 3297 2607 3322 ,
2639 3266 2691 3313 et
2717 3257 3079 3316 sollicitudine
3108 3259 3334 3327 devota,
3374 3261 3450 3316 si-

1857 3347 1969 3402 mul
1994 3348 2234 3404 universi
2283 3349 2524 3404 student.
2573 3348 2741 3420 Igitur
2785 3349 3100 3420 egrediatur
3144 3349 3341 3406 ﬂuvius
3370 3352 3440 3406 de

1857 3437 1975 3493 loco
2028 3438 2350 3508 voluptatis,
2399 3440 2466 3493 ad
2517 3438 2854 3510 irrigandum
2910 3439 3241 3509 paradisum.
3305 3439 3446 3508 Quid

1855 3539 2112 3600 putamus
2145 3545 2244 3585 nos
2271 3545 2437 3600 posse
2477 3531 2866 3587 convenienter
2893 3546 2990 3601 per
3026 3531 3170 3588 hunc
3195 3531 3446 3602 accipere

1856 3619 2162 3690 paradisum
2184 3619 2343 3690 juxta
2375 3621 2788 3691 tropologicum,
2817 3624 3112 3677 secundum
3142 3638 3305 3692 quem
3354 3622 3440 3676 in-

1851 3712 2048 3766 cedere
2079 3713 2462 3782 proponimus,
2501 3712 2755 3768 sensum?
2794 3711 3138 3783 Accipiamus
3156 3728 3255 3786 per
3275 3727 3398 3768 emn
3423 3752 3442 3782 ,

1853 3804 2059 3859 ordinis
2088 3820 2250 3874 quem
2275 3804 2508 3874 professi
2542 3821 2731 3861 sumus
2756 3805 3082 3860 suavitatem
3115 3805 3169 3859 in
3208 3805 3440 3884 Domino

1853 3896 2177 3963 sublimem,
2227 3905 2282 3952 et
2333 3897 2720 3952 sublimitatem
2778 3897 3132 3952 nihilominus
3185 3912 3438 3962 suavem,

1853 3990 1959 4045 nisi
1998 3989 2140 4044 forte
2179 3990 2340 4045 alicui
2389 3990 2532 4044 aliud
2597 3990 2771 4045 visum
2815 3989 2979 4044 fuerit
3029 3989 3172 4060 quod
3211 3989 3438 4056 melius,

1854 4083 2036 4144 verius
2080 4093 2136 4138 et
2166 4084 2552 4153 congruentius
2579 4083 2672 4138 sit.
2711 4082 2871 4138 Certe
2897 4069 3096 4151 siquid
3131 4081 3290 4137 aliter
3316 4082 3441 4152 quis

1853 4177 1993 4234 alius
2021 4177 2185 4248 sapit,
2218 4187 2275 4232 et
2305 4179 2409 4232 hoc
2435 4177 2486 4232 ei
2515 4177 2659 4235 Deus
2694 4175 2978 4232 revelavit.
3008 4176 3076 4232 Et
3103 4176 3259 4234 nobis
3283 4177 3440 4234 vide--

1854 4277 1945 4322 tur
1985 4267 2204 4338 quidem
2249 4268 2330 4324 sic
2373 4281 2532 4338 posse
2573 4281 2682 4322 non
2730 4265 2947 4322 interim
2981 4266 3186 4321 sentire
3234 4265 3440 4336 absque

1849 4358 2164 4430 priejudicio
2204 4357 2473 4413 duntaxat
2505 4357 2790 4413 sententia:
2845 4355 3104 4412 melioris.
3151 4355 3440 4412 lntuemur

1848 4453 1995 4508 enim
2019 4467 2160 4522 quae,
2188 4460 2243 4506 et
2272 4451 2471 4522 qualis,
2499 4466 2564 4506 ac
2588 4459 2789 4520 quanta
2819 4450 3101 4521 utriusque
3119 4450 3246 4506 boni
3279 4451 3438 4522 hujus

163 4536 232 4590 Et
259 4537 327 4592 de
353 4550 418 4591 eo
444 4537 572 4606 quid
599 4551 909 4606 possmnus,
941 4537 1056 4592 sive
1083 4537 1211 4606 quid
1241 4539 1497 4595 debemus
1525 4543 1740 4609 dicere,
1775 4552 1822 4608 ι)
1852 4543 1905 4597 in
1953 4557 2019 4596 eo
2054 4543 2407 4611 praerogativa
2436 4544 2507 4596 sit
2537 4558 2550 4594 :
2590 4543 2732 4596 unde
2769 4549 2852 4596 est
2881 4543 3022 4610 quod
3063 4543 3144 4596 sic
3173 4541 3437 4598 audemus

160 4629 254 4696 qui
294 4637 491 4698 praeest
516 4628 570 4682 in
607 4627 1008 4684 sollicitudine?
1040 4628 1228 4685 Nonne
1262 4633 1570 4700 pastoribus
1615 4634 1750 4704 vigi-

160 4720 431 4785 lantibus,
459 4729 514 4773 ct
543 4720 970 4776 custodientihus
997 4721 1212 4792 vigilias
1237 4723 1412 4778 noctis
1438 4737 1598 4794 supra
1628 4741 1752 4795 grc-

158 4827 283 4882 gem
313 4827 503 4878 suum,
539 4812 762 4884 angelus
791 4820 901 4866 stat
919 4812 1074 4882 juxta
1107 4812 1259 4876 illos,
1301 4824 1357 4869 ct
1398 4815 1622 4871 claritas
1654 4816 1746 4871 Dei

156 4902 541 4974 circumfulget
555 4904 696 4958 illos?
719 4905 873 4959 Patet
890 4905 1018 4975 quia
1036 4920 1139 4960 non
1159 4905 1350 4961 timent
1365 4906 1464 4962 sibi
1484 4907 1552 4961 ab
1569 4907 1747 4978 aliqua

160 4995 415 5061 Ιευεὶοιιο,
441 4995 705 5065 quijuxta
738 5011 795 5050 se
821 4996 1022 5050 habent
1046 4995 1295 5066 angelum
1326 5007 1597 5064 stantem;
1639 5015 1747 5053 non

159 5087 230 5141 ab
273 5085 450 5155 aliqua
503 5086 865 5150 obscuritate,
911 5086 1002 5156 qui
1033 5085 1340 5141 claritatem
1394 5087 1748 5144 nihilominus

161 5178 258 5233 Dei
306 5178 509 5233 habent
548 5193 608 5232 se
645 5177 1164 5246 circumtulgentem.
1216 5175 1284 5230 Et
1333 5179 1474 5232 unde
1513 5179 1592 5234 eis
1633 5179 1746 5234 lliBC

160 5273 271 5325 duo
303 5271 504 5325 eximia
540 5271 714 5325 bona?
757 5270 885 5325 Inde
930 5270 1114 5339 utique
1143 5274 1285 5340 quod
1323 5271 1648 5342 vigilabant,
1691 5282 1748 5328 et

93 5381 96 5384 δ
161 5362 380 5433 vigilias
429 5361 605 5416 noctis
656 5377 819 5429 supra
875 5375 1093 5432 gregem
1131 5376 1289 5415 suum
1343 5361 1740 5417 custodiebant.

1853 4631 2078 4688 sentire.
2102 4629 2218 4684 Non
2244 4630 2418 4684 solum
2449 4639 2654 4695 autem,
2677 4629 2770 4685 sed
2795 4639 2850 4684 et
2873 4629 3000 4684 illud
3021 4644 3432 4700 nonnunquam,

1851 4722 1952 4777 etsi
1979 4735 2221 4791 perraro,
2247 4719 2330 4774 vel
2361 4720 2590 4774 tenuiter
2609 4718 2765 4774 nobis
2787 4719 3024 4788 experiri
3047 4719 3258 4774 datum.
3282 4721 3432 4777 Sane

1852 4813 2100 4868 consistit
2127 4810 2284 4879 lmjus
2313 4811 2511 4883 gemini
2543 4810 2670 4865 boni
2721 4810 3075 4880 praerogativa
3130 4810 3183 4865 in
3219 4811 3304 4866 his
3334 4813 3432 4867 tri-

1851 4905 1950 4959 bus
1985 4919 2003 4960 :
2033 4905 2085 4959 in
2133 4915 2360 4960 externa
2404 4901 2828 4967 exercitatione,
2879 4903 2931 4956 in
2977 4900 3090 4972 jugi
3141 4901 3432 4959 solitudine

1847 4995 2016 5059 cellae,
2044 4995 2095 5050 in
2127 4994 2282 5066 plena
2308 4994 2466 5064 hujus
2494 4992 2673 5048 saeculi
2707 4991 3030 5060 alijectione.
3066 4992 3250 5062 Itaque
3275 5009 3428 5049 com-

1850 5087 2107 5140 niendant
2150 5086 2417 5156 praecipue
2470 5099 2685 5156 quoque
2713 5084 2947 5150 ordinis,
2993 5098 3154 5155 quem
3175 5087 3429 5157 paradiso

1831 5179 2288 5247 "assimilavimus,
2324 5177 2710 5234 sublimitatem
2737 5193 2988 5247 suavem,
3025 5187 3082 5234 et
3101 5180 3426 5236 suavitatem

1847 5271 2200 5326 nihilominus
2216 5269 2525 5334 sublimem,
2549 5271 2690 5326 inter
2710 5279 2904 5325 caetera
2933 5270 3102 5325 multa
3128 5280 3184 5327 et
3205 5287 3424 5344 magna,

1845 5378 1966 5433 quae
2005 5362 2055 5417 ei
2098 5362 2280 5417 insunt
2312 5361 2468 5424 bona,
2501 5362 2794 5432 probabilis
2817 5369 3043 5418 externa
3075 5363 3424 5432 exercitatio,

160 5453 336 5509 Porro
363 5453 443 5509 sic
487 5452 711 5523 vigilare
751 5452 937 5521 sicque
973 5453 1278 5517 custodire,
1329 5453 1454 5522 quid
1487 5462 1572 5506 est
1599 5454 1743 5510 aliud
1837 5455 1984 5527 jugis
2026 5453 2173 5510 cella:
2203 5453 2470 5518 solitudo,
2522 5453 2761 5523 perfecta
2798 5453 2980 5510 sa:culi
3008 5453 3259 5523 abjectio.
3293 5452 3419 5509 Tria

160 5561 325 5618 quam
355 5545 496 5601 mala
524 5545 823 5611 destruere,
858 5545 992 5600 bona
1026 5560 1154 5600 vero
1182 5546 1531 5602 construere?

703 5657 1102 5714 CAPITULUM
1148 5658 1210 5714 ll.

160 5755 242 5811 De
282 5755 540 5808 suavitate
575 5753 818 5818 sublimi,
866 5763 915 5806 rt
965 5752 1300 5822 sublimitate,
1332 5753 1481 5806 suavi
1525 5768 1641 5822 quia
1687 5754 1740 5809 in

154 5885 158 5888 ,
232 5828 418 5896 ordine
443 5825 796 5888 Carthasieusi
829 5829 881 5878 in
923 5827 1085 5878 tribus
1109 5821 1404 5892 specialiter
1431 5821 1686 5879 couriuit.

1845 5549 1980 5603 lia-.c.
2013 5547 2180 5618 Major
2203 5556 2382 5602 autem
2414 5547 2605 5602 horum
2627 5555 2713 5603 est
2742 5531 2890 5603 cellae
2915 5545 3184 5602 solitudo:
3212 5553 3269 5601 et
3302 5545 3423 5601 ideo

1844 5639 2040 5708 major,
2064 5638 2188 5706 quia
2213 5636 2326 5708 ipsa
2355 5646 2440 5692 est
2491 5652 2612 5707 qua:
2641 5651 2740 5692 nec
2769 5637 2914 5690 utilis
2941 5649 3063 5691 esse
3090 5633 3237 5689 valet
3261 5648 3421 5689 exer-

1843 5729 2031 5782 citatio
2090 5735 2348 5792 externa,
2399 5742 2496 5781 nec
2543 5726 2724 5780 saeculi
2773 5723 3007 5792 abjectio
3047 5723 3311 5792 perfecta.
3359 5722 3420 5778 Si

1840 5823 2058 5894 quidem
2097 5832 2155 5875 ut
2202 5819 2287 5875 illa
2325 5829 2434 5874 tam
2476 5819 2586 5874 Deo
2627 5833 2786 5892 quam
2821 5815 3131 5874 hominibus
3161 5815 3421 5887 placere,
