3894 6298
506 363 610 422 8οῚ

510 486 568 534 et
617 488 738 530 eam
783 470 1062 529 exerceuti
1112 467 1370 539 prodesse
1397 471 1600 532 queat,
1653 455 1996 512 occasionem
2050 462 2103 506 ct

505 582 732 626 causam
787 573 1046 638 praestat,
1099 571 1156 617 et
1201 561 1358 616 istam
1423 556 1628 623 absque
1687 548 2101 616 consumptione

507 666 876 718 consummat.
921 655 1032 712 Nos
1080 661 1282 714 autem,
1317 657 1376 702 ut
1427 646 1662 716 primunt
1707 641 1810 696 hoc
1849 652 2101 710 magnum

507 753 715 808 bonum
747 750 838 806 vel
867 748 1102 804 breviter
1129 742 1484 808 attingamus,
1519 737 1586 790 ad
1625 744 1914 790 externam
1941 745 2104 786 exer-

511 842 830 900 citationem
863 837 1148 892 referimus
1173 831 1464 894 vilitatem,
1505 824 1857 896 asperitatem
1880 863 1894 887 ,
1925 822 2106 894 parci-

512 939 684 998 tatem
701 947 717 998 ;
737 931 999 986 vilitatem
1025 925 1077 978 in
1103 923 1318 984 habitu,
1343 919 1698 990 asperitatem
1724 915 1776 972 itt
1800 915 1962 972 cilicii
1983 929 2104 980 usu,

513 1025 840 1094 parcitatem
867 1019 922 1073 in
945 1018 1114 1072 victu.

1046 1124 1447 1184 CAPITULUM
1485 1124 1572 1179 III.

514 1245 594 1301 De
632 1243 892 1316 spirituali
932 1239 1320 1316 conversatione
1350 1237 1575 1308 fratrum
1621 1236 2106 1316 Ctt‘rthusieusium,‘

585 1306 786 1384 in'qua
844 1323 966 1368 eunt
1007 1321 1120 1382 post
1169 1306 1468 1375 Christum,
1537 1325 1630 1379 per
1670 1307 1973 1373 Christum,
2039 1306 2108 1360 tul

581 1385 870 1440 Christum.
961 1451 966 1454 _

585 1493 658 1550 Et
685 1509 832 1549 nunc
853 1495 1206 1550 obsecramus
1236 1507 1348 1556 vos,
1379 1491 1572 1546 Patres
1602 1490 1655 1544 in
1683 1489 1914 1545 Domino
1938 1501 2110 1543 vene-

515 1584 698 1650 randi,
729 1593 786 1640 et
817 1583 1014 1638 fratres
1044 1583 1262 1648 dilecti,
1288 1591 1348 1638 ut
1370 1581 1752 1651 aequanimiter
1785 1579 1982 1635 sinatis
2013 1593 2114 1634 nos

517 1677 576 1733 in
605 1675 844 1733 medium
873 1675 1119 1744 proferre
1140 1715 1154 1740 ,
1199 1685 1252 1730 et
1283 1676 1334 1728 in
1369 1675 1538 1730 altum
1564 1672 1760 1728 efferre
1807 1671 2112 1742 religiosam

521 1775 580 1822 et
630 1775 876 1822 sanctam
927 1765 1402 1820 conversationem
1458 1771 1718 1818 vestram.
1773 1762 1840 1816 Et
1895 1761 2002 1816 hoc
2047 1761 2114 1816 ad

521 1867 766 1914 vestram
810 1858 1028 1928 quidem
1074 1856 1608 1925 quantulumcunque
1651 1853 2113 1918 consolationem,

529 1951 624 2004 sed
651 1957 734 2002 est
765 1949 834 2002 ad
865 1949 1010 2003 illius
1041 1948 1378 2017 potissimum
1403 1945 1632 2013 gloriam
1661 1953 1718 2000 et
1747 1945 1960 2000 laudem
1979 1985 1994 2008 ,
2025 1943 2116 2013 qui

521 2038 576 2094 ei
599 2047 684 2094 est
722 2051 886 2093 causa
915 2038 1122 2107 pariter
1149 2045 1208 2091 ut
1235 2038 1338 2102 sit,
1383 2045 1440 2090 et
1485 2036 1657 2090 forma
1687 2034 2039 2090 nihilominus
2062 2041 2121 2088 ut

529 2126 658 2182 talis
691 2126 782 2182 sit.
807 2125 926 2196 Ipse
945 2135 1030 2182 est
1047 2141 1200 2196 quem
1225 2123 1390 2180 Pater
1421 2125 1786 2194 sanctiﬁcavit.
1817 2133 1864 2178 et
1901 2123 2042 2178 misit
2065 2123 2120 2176 in

523 2215 782 2270 mundum
813 2215 998 2287 (Joan.
1028 2232 1082 2280 tt,
1114 2215 1208 2286 '56)
1233 2255 1248 2279 ,
1279 2224 1340 2271 ut
1373 2215 1621 2272 vivamus
1663 2231 1760 2283 per
1787 2231 1932 2268 euut.
1963 2213 2119 2282 Quod

533 2313 666 2362 tunc
692 2307 753 2362 ﬁt
781 2323 902 2362 cum
925 2308 1174 2378 sapientis
1216 2307 1354 2361 oculi
1373 2347 1388 2374 ,
1433 2315 1493 2362 ιιι
1533 2308 1608 2361 ait
1635 2307 1996 2363 Ecclesiastes
2017 2347 2032 2374 ,
2063 2307 2120 2361 in

525 2397 703 2465 capite
729 2397 842 2466 ejus
867 2397 1066 2469 (Eccle.
1093 2414 1157 2464 ιι,
1187 2399 1312 2470 id);
1355 2407 1413 2454 ut
1443 2398 1610 2470 (sicut
1649 2409 1834 2454 monet
1861 2397 2118 2469 Joannes)

527 2489 620 2558 qui
641 2505 694 2544 se
721 2490 776 2544 in
795 2505 856 2544 eo
895 2505 1106 2546 manere
1141 2490 1296 2556 dixit,
1324 2491 1554 2544 ambulet
1593 2491 1726 2545 sicut
1756 2490 1846 2545 ille
1879 2490 2122 2546 ambula-

529 2580 604 2634 uit
638 2581 819 2652 (Joau.
849 2597 918 2647 ιι,
947 2580 1034 2652 6);
1069 2582 1212 2637 unde
1237 2591 1294 2636 et
1320 2581 1436 2636 haec
1469 2597 1575 2636 vox
1603 2581 1718 2651 ejus
1750 2599 1762 2634 :
1793 2581 1962 2636 Nemo
1985 2583 2149 2646 venit,

529 2674 604 2728 ad
635 2673 848 2730 Patrem
871 2675 970 2730 nisi
997 2691 1090 2745 per
1109 2689 1210 2742 me,
1241 2677 1334 2731 sed
1361 2686 1414 2730 et
1445 2676 1546 2732 ista
1569 2683 1796 2744 estquae
1827 2684 1956 2732 tunc
1983 2685 2115 2732 tem-

529 2763 680 2834 poris
705 2764 845 2820 dicta
873 2776 994 2821 est:
1029 2765 1154 2820 Non
1193 2765 1348 2822 vultis
1379 2767 1553 2822 venire
1595 2767 1664 2821 ad
1703 2783 1815 2834 me,
1865 2777 1926 2822 ut
1963 2768 2122 2823 vitam

532 2854 769 2912 habeatis
789 2857 815 2910 Ρ
857 2857 1040 2928 (Joan.
1067 2873 1184 2922 xiv,
1211 2858 1288 2929 6.)
1327 2857 1548 2914 Duobus
1573 2873 1791 2929 quoque
1823 2859 2086 2916 fratribus
2104 2904 2118 2928 ,

531 2961 670 3017 quos
713 2939 994 3004 hominum
1037 2950 1166 3006 fecit
1203 2951 1542 3020 piscatores,
1587 2954 1795 3020 uenite,
1854 2954 1962 3019 ait,
2007 2965 2120 3024 post

531 3053 616 3092 me
643 3038 860 3111 (Matth.
889 3057 968 3108 χι,
999 3041 1118 3112 28),
1139 3057 1194 3108 o,
1217 3051 1340 3112 post
1367 3058 1474 3108 me,
1500 3057 1554 3111 o,
1585 3059 1686 3116 per
1707 3059 1814 3112 me,
1837 3061 1892 3114 ο,
1919 3047 1987 3101 ad
2014 3059 2120 3110 me,

533 3131 636 3188 His
655 3133 830 3189 tribus
854 3134 958 3190 viis
987 3135 1278 3192 ambulatis
1297 3147 1354 3194 et
1377 3151 1491 3204 vos,
1511 3139 1794 3196 venientes
1824 3149 1946 3210 post
1973 3155 2120 3204 eum,
2154 3163 2197 3221 (ς

533 3227 818 3283 venientes
852 3243 950 3297 per
983 3243 1130 3294 eum,
1157 3230 1438 3287 venientes
1479 3231 1712 3302 denique
1755 3231 1820 3286 ad
1868 3247 2015 3286 eum.
2037 3231 2131 3286 Ait

537 3316 746 3384 itaque,
789 3327 914 3387 post
953 3333 1062 3384 me,
1102 3333 1200 3389 per
1245 3335 1353 3386 me,
1389 3319 1456 3375 ad
1501 3335 1607 3376 me.
1635 3320 1816 3388 Quare
1865 3321 2040 3388 nobis,
2095 3335 2130 3377 ο

537 3404 716 3462 dulcis
733 3417 788 3462 et
812 3407 950 3464 bone
974 3407 1123 3476 Jesu,
1154 3411 1388 3465 eundum
1415 3417 1500 3466 est
1519 3419 1642 3480 post
1673 3411 1758 3467 te?
1781 3409 1978 3483 Utique
2003 3413 2131 3482 quia

535 3497 628 3552 via
667 3515 745 3554 es.
779 3500 846 3555 Et
885 3515 1055 3571 quare
1096 3517 1193 3571 per
1230 3503 1316 3556 te?
1347 3503 1603 3558 nimirum
1640 3504 1772 3574 quia
1811 3505 2016 3560 veritas
2048 3521 2128 3562 es.

539 3589 722 3657 Quare
745 3592 910 3647 etiam
942 3593 1008 3648 ad
1052 3594 1148 3648 te?
1175 3601 1326 3649 certe
1361 3594 1486 3664 quia
1518 3595 1630 3650 vita
1660 3609 1741 3650 es.
1773 3593 1910 3666 Ego,
1935 3595 2128 3666 inquit,

537 3697 656 3736 sum
701 3683 806 3750 via,
835 3685 1026 3738 veritas
1070 3693 1119 3740 et
1164 3687 1268 3740 vita
1310 3683 1496 3756 (Joan.
1533 3701 1646 3750 xtv,
1673 3685 1761 3758 Β).
1797 3687 1998 3743 Verum
2048 3695 2134 3742 cst

539 3773 664 3839 hoc,
703 3777 828 3845 quia
855 3785 912 3831 ttt
941 3778 1050 3844 via,
1089 3786 1145 3832 tu
1185 3779 1409 3844 veritas,
1435 3788 1486 3834 et
1517 3787 1572 3834 tu
1598 3781 1736 3846 vita;
1767 3781 1854 3836 via
1892 3781 2052 3852 plane
2079 3781 2132 3837 in

539 3863 808 3933 exetnplo,
840 3865 1042 3920 veritas
1083 3866 1136 3919 in
1175 3866 1472 3935 promisso,
1511 3867 1621 3921 vita
1661 3868 1713 3922 in
1761 3869 2006 3938 praemio.
2031 3865 2134 3923 V’ia

539 3951 700 4008 nobis
725 3967 855 4017 es,o
881 3953 1145 4010 mediator
1168 3954 1262 4009 Dei
1293 3963 1347 4009 et
1375 3955 1677 4022 hominum,
1695 3956 1836 4011 Deus
1861 3965 1918 4012 ct
1949 3956 2129 4020 homo,

541 4045 762 4101 Christe
811 4044 962 4112 Jesu,
1014 4046 1066 4100 in
1123 4047 1464 4103 humanitate
1507 4057 1619 4115 tua,
1649 4063 1812 4118 quam
1865 4049 1933 4105 de
1979 4048 2135 4105 nobis

543 4137 828 4206 sumpsisti
857 4151 964 4208 pro
984 4137 1163 4204 nobis,
1191 4137 1319 4208 quia
1359 4147 1560 4194 sancta:
1588 4139 1746 4194 nobis
1785 4139 1839 4193 in
1875 4153 1940 4194 ea
1983 4153 2136 4194 mon-

547 4229 738 4284 strasti
765 4231 1196 4286 conversationis
1235 4231 1566 4302 exemplum.
1610 4229 1732 4285 Vita
1775 4231 1931 4287 nobis
1979 4247 2040 4287 es
2081 4231 2136 4287 iu

548 4319 834 4374 divinitate
861 4329 970 4386 tua,
997 4323 1052 4375 in
1081 4319 1388 4391 qua‘Patris
1405 4335 1464 4376 es
1482 4320 1792 4390 coaequalis,
1808 4327 2133 4388 coaeternus,

545 4416 604 4464 et
621 4410 1118 4466 consubstantialis.
1147 4411 1286 4479 Quia
1309 4413 1442 4466 sicut
1472 4413 1622 4467 habet
1651 4414 1760 4479 ipse
1785 4411 1950 4468 Pater
1977 4415 2138 4468 vitam

1389 343 1712 408 GUIGONIS
1751 343 1792 398 II
1827 334 2252 398 CARTHUSIE
2293 331 2584 388 ΜΛ]οΒΙὸ
2617 326 2892 384 PRIORIS

3647 335 3726 394 808

2137 459 2175 516 Α
2209 449 2350 503 dedit
2377 457 2423 502 et
2451 445 2595 500 Filio
2621 445 2810 499 habere
2835 443 2890 496 in
2916 441 3186 508 semetipso
3217 439 3392 512 (Iona.
3415 441 3583 514 v,26),
3607 447 3727 506 intcl.

2207 540 2424 610 ligimus
2450 536 2576 608 quia
2605 551 2774 590 unum
2819 539 2949 588 sunt
2989 539 3044 585 et
3081 531 3398 600 conuiuales»
3427 541 3477 588 θι
3501 543 3726 610 “mminit

2205 639 2260 688 et
2285 626 2668 686 substantiales
2709 623 2872 680 Pater
2898 633 2954 679 et
2991 623 3183 678 Filius.
3217 621 3270 676 In
3307 621 3420 677 sola
3451 638 3567 678 vero
3607 629 3728 700 hujus

2207 723 2331 778 vita:
2353 721 2562 777 visione
2588 728 2645 774 et
2665 717 3108 790 participatione,
3133 723 3188 770 et
3214 715 3390 786 gaudii
3419 718 3575 771 nostri
3599 720 3730 790 pleni.

2211 814 2358 879 tudo,
2387 823 2442 870 et
2463 821 2574 868 tota
2589 822 2774 869 nostra
2802 808 3054 866 consistit
3079 809 3374 864 beatitudo.
3400 808 3558 864 Porro
3579 816 3732 872 veritas

2207 921 2290 971 es,
2317 921 2351 960 ο
2379 906 2518 960 bone
2552 913 2609 958 et
2639 903 2870 974 benigne
2897 900 3049 966 .Iesu,
3092 901 3148 954 in
3191 893 3420 970 atraque
3455 912 3623 958 natura
3651 915 3730 970 tua,

2211 1004 2266 1050 ct
2295 1003 2606 1050 assumente
2629 1003 2686 1050 et
2701 1000 3000 1062 assumpta,
3021 991 3150 1060 quia
3175 991 3318 1060 quod
3351 992 3500 1047 nobis
3518 997 3734 1062 promittis

2213 1087 2395 1152 homo,
2430 1087 2614 1143 reddis
2639 1085 2799 1142 Deus.
2831 1086 2942 1140 Vos
2971 1085 3184 1154 itaque,
3221 1099 3255 1139 ο
3287 1083 3485 1138 domini
3513 1096 3566 1139 et
3589 1086 3734 1146 fratres

2213 1177 2406 1244 nostri,
2430 1191 2552 1242 vos,
2575 1175 2821 1246 inquam,
2849 1175 2938 1230 itis
2961 1185 3080 1245 post
3097 1175 3272 1245 ipsum
3289 1191 3304 1240 ;
3320 1175 3412 1229 itis
3425 1183 3573 1246 etper
3586 1177 3734 1248 ipsum,

2215 1279 2275 1324 ut
2303 1269 2635 1340 perveniatis
2665 1269 2734 1322 ad
2779 1269 2977 1338 ipsum.
3011 1267 3106 1324 Sic
3141 1268 3224 1322 ire
3279 1267 3602 1324 desiderabat
3639 1273 3734 1342 ipse,

2215 1359 2368 1430 cujus
2394 1370 2514 1416 erat
2541 1360 2717 1414 oratio
2747 1359 2891 1414 hunc
2913 1360 3120 1415 habens
3149 1359 3370 1414 modum
3395 1373 3410 1412 :
3439 1358 3599 1414 Deduc
3623 1367 3737 1418 meilt

2215 1453 2299 1506 uia
2347 1461 2459 1518 tua,
2511 1463 2560 1506 et
2590 1451 2865 1522 ingrediar
2915 1452 2972 1505 in
3025 1452 3240 1506 veritate
3289 1460 3404 1504 tua.
3435 1450 3634 1506 Ltrtetur
3677 1473 3738 1510 cor

2216 1563 2389 1602 meum
2418 1543 2590 1618 (Psal.
2621 1561 2828 1610 Lxxxv,
2857 1544 2968 1614 II).
3013 1543 3072 1598 In
3124 1543 3226 1612 hac
3281 1542 3367 1596 via
3417 1543 3664 1602 sinceritas
3683 1559 3742 1604 est

2219 1639 2274 1695 in
2307 1639 2666 1706 rectitudine;
2699 1638 2753 1692 in
2787 1639 2892 1694 hac
2919 1635 3402 1694 verilateclarilas
3431 1646 3510 1691 est
3539 1637 3583 1692 in
3605 1641 3740 1710 cogni-

2221 1732 2394 1796 tione;
2427 1731 2480 1785 in
2514 1731 2618 1786 hac
2658 1729 2875 1796 latitia,
2907 1743 3036 1784 vera
3081 1727 3318 1783 felicitas
3350 1735 3434 1782 est
3469 1728 3520 1782 in
3559 1730 3684 1784 beata
3704 1743 3744 1788 et

2147 1813 2192 1872 Β
2221 1823 2569 1880 beatiﬁcante
2594 1824 2688 1880 Dei
2717 1822 2946 1878 visione.
2971 1821 3119 1876 Ident
3151 1821 3320 1874 etiam
3355 1819 3586 1874 eumdem
3608 1820 3650 1874 in
3669 1821 3743 1875 alio

2223 1916 2435 1986 psalmo
2480 1915 2761 1985 alloquens
2799 1931 2812 1968 :
2848 1912 3104 1976 Tenuisti,
3143 1913 3242 1978 ait,
3277 1929 3494 1966 manum
3533 1913 3741 1967 dexteram

2221 2025 2412 2072 meam,
2446 2017 2490 2061 et
2515 2008 2568 2061 in
2598 2006 2810 2062 veritate
2828 2005 2933 2076 [tua
2965 2003 3240 2058 deduxisti
3265 2019 3372 2069 me,
3395 2014 3442 2056 et
3481 2019 3584 2056 cum
3623 2003 3744 2072 gloria

2222 2098 2496 2166 suscepisti
2546 2113 2627 2150 me
2655 2093 2830 2166 (Psal.
2860 2109 3034 2160 Lxxtt,
3054 2093 3171 2162 24).
3205 2091 3478 2156 Tenuisli,
3517 2091 3743 2156 deduxisti,

2223 2189 2528 2258 suscepisti.
2563 2188 2732 2242 Tenet
2761 2197 2998 2244 vestram
3027 2186 3314 2242 dexteram
3347 2199 3556 2238 manttm
3583 2184 3656 2252 qui
3688 2185 3744 2238 ria

2223 2291 2328 2346 est,
2365 2291 2426 2336 ut
2469 2279 2605 2338 eatis
2651 2289 2774 2351 post
2825 2280 3036 2350 ipsum;
3093 2279 3148 2332 in
3197 2277 3344 2332 bona
3398 2275 3642 2330 voluntate
3678 2289 3747 2330 sua

2225 2375 2442 2432 deducit
2476 2390 2592 2442 vos,
2625 2375 2718 2444 qui
2749 2373 2951 2429 veritas
2986 2381 3091 2440 est,
3119 2378 3181 2424 ut
3217 2370 3365 2424 catis
3399 2378 3454 2423 et
3485 2383 3571 2437 per
3603 2369 3746 2437 ipsum,

2223 2483 2346 2524 cum
2373 2468 2544 2538 gloria
2582 2481 2802 2538 quoque
2843 2465 3074 2536 suscipit
3109 2473 3206 2519 vos
3245 2462 3346 2533 qui
3373 2463 3484 2516 vita
3507 2467 3598 2526 est,
3633 2469 3676 2514 ut
3710 2461 3747 2514 in

2226 2560 2330 2614 fine
2365 2549 2696 2630 perveniatis
2747 2557 2814 2612 ad
2862 2555 3060 2627 ipsum,
3109 2563 3165 2610 et
3211 2555 3339 2610 sine
3385 2554 3490 2610 fine
3531 2553 3634 2608 sitis
3663 2567 3750 2607 cum

2225 2651 2360 2724 ipso.
2391 2651 2458 2706 Et
2499 2650 2720 2722 quidem
2754 2665 2882 2706 vera
2911 2665 3036 2706 esse
3063 2648 3230 2704 verba
3273 2647 3398 2704 haec
3437 2647 3642 2704 clamare
3677 2661 3752 2702 non

2225 2755 2404 2802 cessat
2441 2743 2714 2800 excellens
2757 2741 2950 2811 religio
2987 2751 3194 2798 vestra.
3227 2739 3442 2796 V'olita‘t
3467 2740 3526 2794 de
3549 2753 3606 2794 ea
3639 2739 3752 2806 longe

2227 2837 2440 2908 lateque
2465 2835 2609 2890 fama
2653 2835 2819 2890 bona.
2851 2831 2962 2888 Vos
3005 2841 3185 2888 autem
3219 2832 3404 2886 modis
3429 2828 3653 2886 omnibus
3675 2837 3755 2882 stu-

2225 2931 2350 2986 dete
2407 2939 2468 2984 ut
2513 2943 2620 2988 non
2665 2928 2736 2982 sit
2789 2925 3020 2982 inferior
3073 2924 3186 2990 illa,
3242 2931 3440 2980 sancta
3477 2919 3754 2977 conversatio

2225 3033 2430 3080 vestra.
2463 3022 2712 3093 Alioquin
2759 3021 2804 3076 si
2851 3019 2988 3074 falsa
3015 3017 3200 3085 fuerit,
3237 3015 3386 3087 quod
3415 3017 3566 3080 absit,
3589 3029 3684 3084 qua:
3710 3013 3758 3066 dc

2227 3116 2382 3170 vobis
2427 3115 2756 3184 dispergitur
2805 3110 2973 3176 fama,
3005 3109 3136 3180 quid
3179 3107 3235 3164 tti
3275 3107 3504 3163 infamia
3527 3103 3751 3162 eritiit'on

2231 3209 2405 3266 solum
2433 3217 2636 3272 autem,
2662 3205 2758 3261 sed
2788 3213 2842 3260 et
2873 3203 3090 3258 ruboris
3118 3201 3350 3256 maximi
3395 3199 3498 3256 erit
3520 3195 3698 3256 occasio
3724 3203 3762 3248 et

2231 3299 2416 3357 causa.
2447 3299 2518 3356 Ut
2562 3298 2706 3355 enim
2737 3297 2964 3352 Boetius
2999 3295 3133 3352 dicit
3171 3312 3185 3348 :
3229 3313 3250 3346 ι
3299 3293 3409 3362 Qui
3451 3293 3576 3348 falso
3613 3289 3760 3362 przetli-

2231 3403 2444 3456 cantur,
2479 3392 2592 3448 suis
2644 3391 2746 3460 ipsi
2795 3403 3022 3444 necesse
3061 3395 3145 3444 est
3197 3385 3456 3442 laudibus
3500 3384 3762 3440 erubescant

2233 3487 2336 3557 (De
2363 3483 2512 3540 cons.’
2533 3482 2719 3554 phil.l.
2751 3497 2833 3548 tu,
2857 3499 2940 3552 pr.
2969 3481 3080 3554 6).t
3109 3462 3326 3536 Idcirco
3355 3477 3618 3549 providete
3640 3473 3763 3542 utqui

2233 3583 2302 3637 de
2330 3579 2484 3634 vobis
2516 3577 2742 3634 audiunt
2773 3591 2894 3646 quae
2925 3573 3228 3646 probabilia
3260 3581 3412 3638 sunt,
3445 3571 3544 3626 hoc
3561 3569 3620 3624 de
3651 3564 3762 3620 vobis

2233 3672 2418 3728 dicere
2439 3671 2678 3741 possint;
2711 3668 2856 3740 quod
2887 3669 2954 3724 de
2991 3681 3054 3722 se
3077 3665 3282 3721 dudum
3329 3661 3572 3719 confessa
3609 3669 3680 3713 est
3707 3671 3767 3710 rc-

2235 3769 2361 3836 gina
2404 3763 2546 3818 Saba
2597 3763 2672 3816 illi
2723 3759 3016 3832 magnifico
3065 3758 3181 3829 regi
3229 3749 3764 3811 SalomonizProbau',

2237 3856 2434 3924 inquit,
2483 3853 2620 3924 quod
2657 3852 2832 3908 media
2893 3865 3019 3921 pars
3059 3849 3190 3904 mihi
3231 3847 3482 3902 nuntiata
3523 3859 3616 3898 non
3655 3839 3768 3910 fuerit

2239 3947 2354 4018 (ιιι
2389 3946 2514 4018 Reg.
2543 3962 2598 4012 ιι,
2629 3946 2709 4016 7).

2791 4029 3194 4092 CAPITULUM
3229 4030 3321 4086 IV.

2240 4151 2382 4219 Quid
2429 4148 2776 4218 spiritttaliter
2835 4147 3016 4219 debeat
3065 4144 3286 4219 _acripi_
3319 4157 3416 4214 per
3467 4140 3694 4219 uilitatem
3739 4141 3771 4185 tt

2309 4212 2647 4303 asperitatem
2679 4219 2886 4273 habitus
2921 4212 3423 4279 Cartltusicnsium;
3448 4223 3496 4268 et
3520 4212 3580 4266 de
3597 4219 3773 4280 pauper-

2309 4305 2416 4348 tate
2449 4301 2612 4346 victus
2643 4305 2846 4344 eorum.

2313 4400 2764 4473 Superexcellens
2819 4413 3036 4471 quoque
3102 4399 3218 4453 haec
3254 4392 3600 4453 conversatio
3639 4395 3774 4445 vestra

546 4502 604 4556 in
627 4499 904 4572 semetipso
923 4499 1105 4572 (Joan.
1129 4517 1184 4567 v,
1217 4502 1337 4572 26),
1365 4505 1446 4560 sic
1487 4504 1636 4560 dedit
1664 4506 1759 4560 tibi
1799 4505 1936 4564 Filio
1967 4507 2136 4561 vitam
2169 4511 2217 4574 ο
2243 4496 2459 4567 penitus
2486 4503 2572 4550 est
2601 4509 2630 4547 θ
2664 4493 2868 4548 mundo
2902 4504 2956 4548 et
2995 4491 3082 4546 his
3115 4503 3237 4560 quae
3275 4496 3410 4544 sum
3437 4483 3616 4546 mundi
3643 4489 3778 4574 59%"?

547 4595 752 4651 habere
787 4598 841 4649 in
893 4594 1086 4663 teipso.
1133 4592 1311 4661 Dedit,
1361 4596 1488 4666 quia
1537 4598 1741 4669 genuit.
1784 4595 2138 4668 Nequaquam

549 4687 698 4744 dedit
723 4687 858 4742 Filio
887 4686 1032 4756 quod
1055 4694 1182 4742 ante
1215 4703 1320 4744 non
1346 4689 1536 4744 habuit
1563 4707 1577 4743 :
1617 4689 1710 4756 sed
1735 4687 1866 4744 illud
1889 4690 2043 4754 dare,
2073 4687 2141 4743 ab

549 4788 758 4834 {etet-no
799 4778 1023 4849 gignere
1069 4777 1193 4843 fuit,
1239 4779 1349 4833 into
1379 4789 1484 4834 est.
1519 4779 1586 4834 Et
1619 4779 1770 4834 dedit
1797 4779 1990 4844 vitam,
2032 4795 2138 4834 non

551 4871 771 4941 quidem
803 4871 966 4924 aliam
998 4885 1162 4941 quam
1189 4870 1336 4926 illam
1367 4885 1488 4939 quae
1533 4870 1648 4938 ipse
1681 4879 1786 4936 est,
1823 4879 1886 4924 ut
1931 4870 2003 4924 sit
2031 4877 2141 4924 vita

551 4965 678 5019 data
707 4981 736 5018 a
779 4964 915 5030 vita,
959 4963 1130 5019 Filius
1171 4964 1388 5034 genitus
1424 4977 1454 5017 a
1491 4961 1673 5026 Patre,
1709 4961 1854 5017 Deus
1895 4961 1966 5016 de
2011 4962 2138 5026 Deo,

552 5053 736 5108 lumen
767 5055 836 5110 de
886 5055 1122 5120 lumine;
1171 5063 1226 5110 et
1275 5069 1380 5108 una
1413 5053 1712 5122 eademque
1759 5053 1867 5106 vita
1921 5052 2011 5108 ille
2049 5052 2140 5123 qui

553 5149 725 5216 dedit,
786 5159 840 5204 et
879 5149 968 5204 ille
1005 5151 1091 5204 cui
1134 5149 1304 5212 dedit,
1357 5149 1496 5204 sicut
1536 5161 1640 5201 non
1691 5145 1830 5200 alius
1873 5155 1928 5200 et
1982 5144 2140 5210 alius,

554 5242 650 5297 sed
677 5255 817 5295 unus
843 5239 1096 5308 idemque
1126 5238 1290 5303 Deus,
1317 5247 1374 5292 et
1405 5239 1631 5309 gignens
1657 5245 1712 5290 ct
1741 5236 1977 5307 genitus.
2015 5234 2144 5290 Inde

554 5341 640 5388 est
666 5331 808 5402 quod
840 5329 972 5383 sicut
1010 5330 1162 5382 habet
1194 5327 1356 5382 Pater
1385 5329 1444 5381 in
1479 5327 1779 5397 semetipso,
1825 5326 1900 5380 sic
1923 5325 2065 5379 dedit
2093 5333 2144 5380 et

559 5424 702 5479 Filio
730 5424 922 5480 habere
949 5423 1002 5475 in
1033 5424 1326 5490 semetipsa,
1353 5429 1414 5474 ut
1436 5420 1723 5475 credamus
1754 5419 1880 5488 quia
1921 5432 2027 5472 non
2061 5423 2146 5474 est

557 5517 775 5591 genitus
804 5517 1059 5587 gignente
1089 5515 1381 5584 posterior,
1413 5514 1556 5568 sicut
1585 5527 1685 5567 nec
1711 5513 1941 5583 gignens
1962 5510 2146 5581 genito

559 5614 731 5685 prior,
761 5611 888 5666 licet
911 5625 942 5662 a
967 5608 1112 5663 nullo
1142 5605 1305 5663 Pater
1333 5608 1421 5673 sit,
1453 5607 1577 5676 quia
1605 5613 1691 5660 est
1729 5603 1924 5668 Pater;
1975 5603 2146 5660 Filius

561 5719 696 5760 vero
721 5717 751 5757 a
775 5701 938 5756 Patre
973 5697 1062 5765 sit,
1095 5699 1221 5770 quia
1253 5709 1334 5756 est
1359 5697 1548 5754 Filius.
1579 5697 1638 5751 In
1663 5709 1730 5751 eo
1769 5696 1914 5764 quod
1941 5693 2150 5749 audivi-

565 5809 713 5861 mus,
745 5793 880 5862 quia‘
906 5792 1040 5847 sicut
1072 5793 1222 5849 habet
1255 5791 1419 5849 Pater
1461 5790 1620 5846 vitam
1653 5789 1708 5842 in
1738 5785 2052 5857 semetipso;
2072 5785 2149 5841 sic

2243 4597 2365 4658 gata
2392 4603 2405 4638 :
2437 4585 2580 4640 unde
2601 4593 2658 4638 et
2696 4583 2820 4654 jure
2840 4583 3010 4649 valet,
3039 4589 3096 4638 et
3115 4582 3274 4635 debet
3309 4577 3598 4649 paradisus
3621 4568 3772 4630 videri.

2243 4678 2340 4734 sed
2360 4691 2480 4732 eam
2505 4676 2772 4731 duntaxat
2807 4673 3038 4740 amanti,
3069 4682 3126 4728 et
3157 4687 3282 4726 cum
3323 4669 3533 4740 ingenti
3569 4679 3676 4720 eam
3701 4659 3779 4714 fer-

2243 4783 2396 4835 vore,
2411 4767 2542 4824 totis
2563 4768 2850 4824 conatibus
2869 4765 3171 4822 exercenti.
3197 4765 3290 4818 Est
3312 4765 3500 4833 itaque
3519 4759 3700 4822 vilitas,
3723 4757 3782 4808 est

2239 4869 2302 4918 et.
2341 4859 2610 4932 asperitas
2658 4859 2712 4914 itt
2759 4858 2948 4914 habitu
2994 4866 3202 4912 vestro.
3234 4853 3376 4922 Quid
3429 4855 3484 4907 in
3533 4850 3614 4905 Itis
3649 4853 3782 4900 vester

2243 4953 2399 5008 vobis
2421 4951 2642 5008 habitus
2665 4950 2862 5015 innuit,
2889 4949 2994 5004 nisi
3011 4949 3120 5004 duo
3143 4947 3236 5002 illa
3259 4945 3468 5001 eximia
3493 4945 3644 5006 bona,
3660 4935 3784 4994 solius

2235 5059 2426 5102 autem
2478 5045 2571 5099 Dei
2611 5043 2792 5109 dona;
2842 5041 3202 5098 humilitatem
3241 5038 3510 5094 videlicet
3543 5033 3722 5096 cordis,
3747 5037 3787 5080 el

2245 5135 2720 5194 mortificationem
2759 5134 2980 5190 carnis?
3005 5133 3116 5190 Nos
3158 5132 3304 5188 enim
3351 5131 3422 5186 ad
3475 5125 3784 5184 humilitatem

2247 5230 2536 5286 referimus
2561 5227 2848 5290 vilitatem,
2877 5225 3229 5296 asperitatem
3254 5235 3384 5278 vero
3423 5220 3494 5274 ad
3537 5211 3786 5273 mortiﬁca-

2247 5325 2472 5380 tionem.
2510 5323 2575 5378 Et
2619 5322 2708 5377 illa
2760 5322 2978 5390 quidem
3029 5327 3294 5372 tumorem
3337 5315 3394 5370 in
3426 5319 3608 5368 mente
3634 5301 3788 5377 premit

2249 5416 2522 5482 elationis,
2569 5416 2686 5470 hate
2723 5421 2906 5468 autem
2955 5409 3184 5466 fetorem
3231 5408 3286 5462 in
3337 5417 3572 5476 corpore
3613 5393 3791 5472 perimit

2249 5507 2636 5580 corruptionis.
2683 5506 2812 5562 Haec
2837 5503 3082 5575 profecto
3108 5510 3235 5557 sunt
3259 5501 3364 5555 duo
3409 5494 3790 5568 pravitatissun
3865 5539 3867 5556 λ

2249 5597 2480 5660 vincula,
2499 5596 2696 5664 quibus
2729 5594 2781 5648 in
2805 5591 3056 5665 reprobis
3078 5588 3330 5658 antiquus
3357 5585 3451 5640 ille
3479 5583 3646 5640 hostis
3663 5587 3792 5650 genus
3865 5625 3867 5665 ξ

2251 5691 2382 5763 ligat
2408 5689 2727 5746 humanum.
2752 5686 2872 5756 Ipse
2911 5683 3170 5740 nimirum
3205 5689 3291 5738 est
3316 5690 3562 5748 serpens,
3593 5671 3795 5763 veruset

2253 5761 2562 5854 tortuosos;
2591 5789 2814 5857 pectore
2847 5779 3008 5854 (utin
3038 5775 3394 5836 translatione
3420 5771 3593 5832 veteri
3611 5761 3793 5865 legitur)
