3984 6444
235 337 347 415 ώθ

1336 337 1538 418 item
1580 359 1668 416 DE
1705 350 2076 419 sxsnemo
2112 361 2384 440 cunne.

235 485 460 546 repens,
497 480 553 530 et
577 479 790 530 'ventre.
829 463 964 528 Nam
995 474 1177 530 mundi
1214 473 1302 532 ille
1347 485 1528 531 rector
1575 477 1824 532 tenebra—
1851 481 1892 540 Α

233 583 358 626 rum
396 567 610 632 harum,
648 564 778 621 hinc
807 566 1068 636 quosdam
1093 566 1252 636 erigit
1278 567 1514 624 inaniter
1539 583 1702 639 supra
1737 584 1818 634 se,

231 659 367 714 hinc
395 672 613 729 quoque
661 657 796 712 alios
845 659 1116 712 enerviter
1161 661 1455 729 prosternit
1498 660 1692 716 subtus
1736 675 1816 715 se.

233 749 335 805 llic
361 751 522 806 sie-ct
549 748 648 806 hos
682 765 781 805 sua
814 747 1134 805 fortitudine
1163 750 1352 815 vineit,
1379 761 1540 821 quam
1571 750 1734 806 habet
1761 745 1817 805 in

3407 381 3440 438 8
3453 383 3512 437 l0

2463 480 2859 541 CAI’ITULUM
2906 486 2961 545 ν.

1926 565 2002 622 De
2045 568 2274 637 puritate
2321 572 3056 648 contemplationisLinterna',
3097 594 3214 647 qua:
3248 583 3317 636 ad
3364 587 3509 648 cella

2237 641 2564 708 potissimum
2603 644 2937 700 solitudinem
2975 641 3190 717 spectat.

1989 748 2362 806 Contuendum
2405 763 2525 824 post
2571 755 2708 822 bare,
2739 759 2864 826 quia
2907 759 3054 831 jugis
3081 761 3235 818 cellae
3266 765 3507 824 solitudo

227 841 434 898 lumbis
456 842 592 914 suis,
621 851 840 914 propter
863 855 1052 898 sexum
1075 841 1443 913 superiorem;
1476 843 1610 899 etin
1642 842 1820 898 umbi-
1919 840 2215 895 secundum
2241 843 2437 900 bonum
2459 854 2566 911 est,
2591 847 2734 915 quod
2757 849 2822 903 ad
2853 851 3189 919 spiritualem
3222 855 3506 913 retulimus

216 933 360 998 lico,
395 941 615 1004 propter
658 932 993 990 inferiorem.
1023 932 1149 989 llazc
1179 942 1360 990 autem
1403 934 1456 990 in
1485 935 1674 990 electis
1703 935 1817 992 suis

1919 929 2250 999 paradisum.
2277 931 2438 988 Certe
2469 949 2499 988 a
2525 949 2656 992 vero
2677 935 2826 992 illum
2857 939 3072 996 deviare
3095 958 3199 998 non
3226 953 3380 1013 puto,
3403 946 3499 1016 qui

225 1024 383 1078 Venit
402 1024 738 1095 disrumpere
768 1023 1004 1091 vincula,
1039 1024 1133 1094 qui
1185 1026 1252 1081 de
1293 1026 1470 1096 puella
1521 1025 1714 1082 humili
1760 1034 1818 1083 et
1907 1018 2099 1090 iugem
2131 1019 2478 1080 soliwdinem
2506 1025 2655 1082 celL'e
2685 1027 2817 1083 dicit
2845 1031 3178 1098 paradisum.
3212 1033 3317 1090 Sed
3357 1050 3502 1090 nunc

226 1115 548 1186 incorrupta
579 1125 738 1174 natus
770 1124 875 1184 est,
906 1117 1126 1173 humilis
1158 1114 1249 1174 ille
1298 1118 1394 1174 Dei
1422 1118 1815 1189 hominumque
1917 1112 2135 1183 put-abit
2165 1113 2389 1184 aliquiS,
2419 1117 2512 1186 qui
2542 1133 2684 1188 quae,
2708 1119 2992 1190 qualia.ac
3013 1136 3215 1193 quanta
3238 1127 3288 1182 ei
3315 1126 3504 1183 insunt

226 1208 522 1272 mediator,
568 1218 626 1262 et
671 1217 911 1274 sanctus,
969 1208 1171 1264 docens
1221 1222 1316 1264 eos
1361 1223 1524 1278 super
1565 1207 1812 1278 jumenta

225 1307 411 1364 terras,
456 1309 513 1356 et
550 1313 714 1370 super
757 1299 1004 1356 volucres
1047 1300 1170 1357 caeli
1215 1300 1470 1357 erudiens
1511 1315 1624 1356 cos.
1657 1301 1812 1369 Quod

219 1384 468 1448 etiamin
492 1386 610 1462 ipsa
645 1407 806 1449 cruce
824 1396 924 1449 Sua
961 1397 1019 1449 et
1040 1400 1212 1449 morte
1238 1385 1565 1449 excellenter
1588 1408 1811 1463 expres-

218 1486 319 1541 sit.
372 1484 563 1550 Morte,
613 1486 878 1556 inquiunt,
927 1485 1230 1554 turpissima
1264 1486 1663 1542 condemnemus
1691 1502 1808 1541 eum

219 1575 386 1646 (Sap.
410 1592 470 1641 ιι,
496 1575 611 1648 20).
645 1577 760 1632 Vox
787 1587 871 1634 est
915 1576 1223 1636 Iudaeorum
1262 1577 1316 1634 in
1347 1585 1578 1633 mortem
1611 1576 1808 1632 Salva-

221 1671 366 1724 toris
405 1669 854 1739 conspirantium.
903 1668 960 1724 ln
990 1684 1056 1725 eo
1103 1684 1235 1725 sane
1277 1669 1422 1739 quod
1464 1669 1664 1724 auditis
1713 1682 1808 1724 eos

214 1759 366 1815 velle
386 1760 751 1816 condemnare
790 1759 938 1815 illum
970 1768 1170 1826 morte,
1195 1767 1380 1816 notate
1405 1760 1754 1830 asperitatem
1785 1771 1803 1813 :

1916 1205 2059 1261 bona
2087 1221 2184 1276 per
2211 1208 2604 1276 experientiam
2639 1212 2808 1267 novit.
2840 1212 2950 1269 Cur
2978 1216 3124 1272 enim
3164 1231 3356 1273 verear
3379 1220 3504 1290 ,eel-

1914 1297 2022 1354 lam
2067 1315 2265 1356 vocare
2308 1302 2645 1369 paradisum,
2679 1319 2841 1372 qnam
2883 1317 3098 1363 constat
3142 1324 3266 1364 esse
3320 1309 3496 1381 ipsum

1913 1387 2146 1444 omium?
2187 1389 2252 1445 Ut
2280 1391 2427 1446 enim
2468 1408 2535 1446 ex
2567 1409 2626 1449 re
2651 1409 2845 1449 nomen
2877 1397 3094 1462 habeat,
3121 1407 3177 1454 et
3199 1400 3249 1454 id
3279 1411 3500 1456 vocetur

1910 1481 2056 1550 quod
2081 1489 2268 1548 sonat;
2297 1482 2424 1552 quid
2452 1483 2609 1549 cella,
2640 1484 2881 1541 nisieoeli
2905 1487 3214 1546 aula?Vere
3239 1490 3496 1546 Dominus

1911 1572 1967 1628 in
1994 1573 2150 1637 cella,
2187 1575 2316 1643 quia
2359 1591 2466 1631 non
2495 1583 2581 1632 est
2615 1575 2730 1647 ipsa
2771 1577 2921 1631 aliud
2956 1579 3058 1633 nisi
3101 1580 3286 1635 domus
3319 1582 3412 1635 Dei
3443 1593 3492 1637 et

1906 1673 2060 1734 parta
2083 1664 2197 1720 caeli
2223 1664 2378 1736 (Gen.
2404 1667 2726 1740 xxvut,l7).
2751 1667 2809 1722 In
2825 1682 2888 1724 ea
2916 1684 3152 1740 namque
3176 1672 3493 1743 angelorum

1909 1754 1970 1810 fit
1997 1770 2254 1812 ascensus
2287 1765 2342 1814 et
2374 1758 2671 1816 descensus
2709 1773 2874 1830 supra
2915 1759 3115 1817 Filium
3161 1763 3396 1819 hominis
3439 1765 3494 1819 in

213 1850 359 1921 quid
389 1850 532 1907 enim
565 1851 739 1921 magis
764 1866 1017 1923 asperum
1049 1820 1213 1923 (μιεῶ
1237 1850 1416 1908 mors?
1527 1865 1592 1907 eo
1619 1820 1801 1907 autem
1909 1846 2056 1902 scala
2087 1848 2399 1904 charitatis.
2433 1848 2588 1916 Quod
2627 1820 2993 1921 praeﬁgttravit
3035 1853 3088 1907 in
3134 1869 3194 1909 se
3238 1863 3496 1910 venustus

217 1943 374 2014 quod
411 1953 720 2014 proponunt
747 1951 804 2000 et
838 1945 1161 2012 deliberant,
1189 1953 1248 2002 ut
1283 1946 1474 2002 eadem
1509 1959 1654 2004 mors
1697 1959 1804 2001 non

215 2033 390 2088 uredo
412 2033 607 2104 turpis,
638 2034 732 2089 sed
753 2042 811 2090 et
839 2034 1151 2106 turpissima
1179 2035 1271 2101 sit,
1299 2036 1470 2106 ipsam
1500 2050 1596 2091 vos
1621 2035 1806 2091 sciatis

214 2121 425 2178 debere
475 2122 773 2196 intelligam
817 2139 1037 2180 erucem
1081 2123 1219 2194 ejus.
1249 2125 1404 2192 Quod
1448 2125 1592 2181 enim
1635 2125 1805 2195 magis

212 2213 328 2267 vile
354 2228 524 2285 genus
550 2215 739 2270 mortis
778 2221 939 2285 Quam
971 2215 1140 2271 crux?
1169 2215 1300 2270 Nam
1324 2231 1456 2272 crux
1484 2216 1803 2286 probrosum

213 2305 548 2373 supplicium
579 2314 682 2359 est.
711 2303 776 2359 Et
802 2307 1151 2376 opprobrium
1197 2306 1396 2361 referte
1422 2307 1488 2361 ad
1516 2305 1800 2374 vilitatem,

212 2394 545 2464 supplicium
575 2396 642 2450 ad
669 2397 1036 2466 asperitatem.
1067 2397 1256 2468 Itaque
1286 2395 1462 2452 lactus
1499 2398 1591 2453 D'ei
1634 2397 1804 2453 Filius

211 2483 481 2541 obediens
521 2483 668 2540 Patri
699 2501 871 2555 usque
898 2485 965 2541 ad
998 2496 1228 2544 mortem
1262 2503 1282 2544 .'
1319 2495 1375 2548 et
1421 2502 1489 2543 ne
1541 2487 1644 2542 hoc
1680 2488 1801 2557 quis

213 2576 493 2631 niodicum
526 2584 761 2648 putaret,
784 2577 1005 2648 dignum
1045 2577 1204 2634 duxit
1245 2564 1536 2648 Apostolus
1578 2579 1798 2643 addere,

211 2678 438 2722 mortem
469 2677 643 2723 autem
681 2669 850 2724 crucis
889 2667 1057 2742 (Phil.
1080 2685 1142 2738 ιι,
1165 2669 1240 2742 8).
1269 2669 1454 2726 Talem
1503 2685 1600 2741 pro
1645 2670 1802 2726 nobis

212 2768 452 2812 mortem
476 2758 731 2826 patiendo
766 2759 1130 2831 praeliguravit
1156 2760 1371 2830 quidem
1402 2760 1453 2816 in
1484 2742 1798 2830 semetipso,

206 2845 364 2917 quod
406 2857 593 2902 notare
639 2848 864 2918 potestis
908 2864 1014 2904 non
1046 2849 1492 2905 inconvenienter
1526 2849 1580 2904 in
1613 2849 1800 2905 habitu

212 2948 423 2992 vestro.
447 2937 511 2991 Et
539 2939 669 3006 quid
711 2939 812 2993 hoe
845 2939 913 2993 ad
959 2939 1245 2994 utilitatem
1278 2940 1548 2995 vestram?
1575 2937 1797 2994 Multum

207 3045 314 3100 per
341 3045 562 3086 onmem
595 3031 874 3086 mundum.
907 3029 978 3088 Ut
1006 3032 1355 3090 humiliaates
1400 3034 1656 3089 nimirum
1697 3049 1793 3089 vos

1907 1935 2089 1990 vultus
2140 1935 2393 1993 Rachelis
2432 1939 2680 2011 decorae;
2731 1942 2874 2012 quod
2916 1941 3064 2006 laeta,
3104 1953 3158 1998 et
3210 1944 3494 2000 lmtiﬁcans

1907 2026 2062 2096 quies
2097 2013 2339 2083 sedentis
2370 2039 2422 2083 et
2455 2031 2727 2086 audientis
2753 2031 2956 2100 Mariis,
2983 2034 3088 2088 hoc
3117 2016 3287 2088 totum
3331 2036 3494 2090 habet

1907 2117 1960 2172 in
2001 2133 2058 2174 se
2090 2118 2234 2190 jugis
2269 2120 2419 2176 cella:
2462 2121 2700 2177 solitudo
2730 2139 2744 2174 :
2778 2131 2832 2180 et
2878 2125 2930 2178 in
2978 2139 3038 2180 re
3068 2125 3286 2194 quidem
3321 2127 3491 2196 magis

1905 2225 2070 2278 quam
2097 2209 2148 2264 in
2172 2211 2570 2282 significatione
2605 2230 2620 2267 :
2664 2229 2771 2268 non
2806 2214 2855 2270 in
2888 2214 3003 2271 solo
3037 2214 3266 2283 olfactu,
3298 2233 3489 2272 verum

1904 2302 2070 2357 e‘tiam
2115 2302 2168 2358 in
2222 2313 2404 2374 gustu.
2461 2303 2683 2374 ignorat
2742 2305 3070 2363 laboriosam
3119 2308 3485 2364 turbationem

1903 2393 2156 2462 Marthae;
2202 2396 2404 2465 gaudet
2437 2404 2626 2450 autem
2653 2396 3004 2452 vehementer
3044 2381 3485 2468 superplacida,

1901 2487 1998 2543 sed
2034 2486 2348 2556 tranquilla,
2382 2488 2478 2543 sed
2512 2487 2716 2558 quieta,
2747 2493 2842 2544 sed
2863 2488 3038 2555 suavi,
3063 2490 3156 2544 sed
3179 2490 3343 2555 dulci,
3388 2489 3486 2544 sed

1897 2577 2160 2647 jucunda.
2215 2579 2308 2635 sed
2359 2579 2518 2641 bona.
2571 2580 2667 2638 sed
2711 2595 2933 2648 serena,
2982 2583 3076 2638 sed
3118 2597 3353 2650 ammna,
3392 2583 3486 2638 sed

1901 2672 2168 2740 speciosa,
2202 2673 2296 2727 sed
2326 2671 2719 2736 lutninosa,sed
2743 2672 2997 2728 dehciosa
3013 2674 3256 2729 sessione
3281 2673 3486 2738 Mariaz,

1901 2761 1970 2817 Et
1993 2761 2210 2834 quando
2255 2760 2583 2818 sullieienter
2611 2776 2732 2833 quae
2772 2761 2826 2818 in
2878 2762 2978 2817 hac
3018 2761 3141 2818 caeli
3195 2763 3316 2817 aula
3360 2771 3488 2816 sunt

1901 2853 2040 2908 bona
2081 2853 2378 2924 poterimus
2405 2852 2690 2917 admirari,
2718 2866 2996 2916 enarrare,
3036 2851 3378 2908 collaudare?
3426 2852 3482 2908 ln

1903 2953 2110 2999 tantum
2141 2953 2289 3000 certe
2313 2953 2370 3000 et
2410 2959 2630 2999 omnem
2659 2958 2847 2998 eorum
2889 2953 2946 2999 et
2981 2945 3294 3015 magnitudo
3333 2959 3486 3001 men-

1900 3048 2107 3100 suram,
2136 3043 2191 3088 et
2222 3034 2512 3089 multitudo
2535 3034 2753 3088 excedit
2777 3048 3086 3101 numerum,
3123 3044 3181 3089 ut
3203 3037 3268 3089 ad
3294 3051 3483 3091 eorum

209 3123 318 3179 sub
342 3122 546 3188 potenti
582 3137 742 3178 manu
771 3122 885 3186 Dei,
915 3123 1144 3180 exaltari
1171 3125 1241 3181 ab
1279 3140 1344 3180 eo
1376 3124 1691 3181 mereamini
1743 3124 1796 3179 in
1825 3158 1868 3217 ο
1902 3125 2319 3180 immensitatem
2367 3124 2745 3194 explicandam
2803 3127 2883 3181 sic
2936 3125 3122 3196 aliqua
3177 3126 3358 3197 lingua
3410 3128 3485 3182 sit

213 3222 464 3283 tempore
485 3213 826 3271 visitationis.
859 3214 1032 3270 Simili
1055 3214 1214 3270 modo
1235 3215 1430 3287 spiritu
1454 3215 1595 3272 facta
1617 3215 1798 3273 carnis

211 3304 633 3372 mortiﬁeantés,
667 3304 734 3360 ad
771 3305 938 3360 vitam
960 3307 1310 3376 pervenistis.
1347 3306 1414 3362 Et
1437 3306 1796 3363 humilitatem

211 3398 302 3468 (ut
323 3396 441 3468 jam
468 3397 671 3454 dictum
691 3395 796 3468 est)
829 3397 1049 3453 habitus
1085 3397 1253 3454 vestri
1285 3396 1485 3463 vilitas,
1512 3405 1568 3452 et
1606 3396 1798 3453 morti.-

211 3487 524 3543 licationem
579 3487 844 3557 asperitas
894 3495 1065 3542 notat.
1138 3487 1282 3544 Sane
1325 3487 1565 3558 parcitas
1621 3487 1798 3544 victus

210 3578 446 3650 principi
489 3577 693 3634 resistit
713 3592 1030 3648 coquorum,
1067 3593 1135 3634 ne
1163 3579 1406 3634 destruat
1431 3593 1620 3635 muros
1638 3576 1797 3634 Jeru-

207 3669 404 3734 salem,
429 3678 484 3724 et
504 3670 617 3738 ipsa
647 3669 891 3740 profecto
919 3669 1074 3726 valde
1111 3670 1420 3726 necessaria
1451 3671 1640 3736 nobis;
1666 3670 1795 3742 quia

204 3760 254 3815 si
283 3774 467 3814 verum
494 3768 578 3816 est
605 3759 748 3830 quod
781 3759 1039 3816 Salomon
1068 3762 1146 3815 ait
1177 3778 1191 3814 :
1218 3759 1329 3827 Qui
1353 3761 1576 3815 delicate
1603 3778 1634 3814 α
1667 3777 1794 3831 pue-

208 3851 334 3904 ritia
353 3850 510 3904 nutrit
537 3866 740 3905 sercum
761 3866 936 3916 suum,
962 3860 1140 3921 postea
1166 3866 1282 3904 eum
1305 3851 1487 3904 sentiet
1516 3859 1793 3905 contuma-

207 3957 320 3996 cem
348 3939 532 4007 (Prov.
563 3957 712 4005 xxix,
741 3940 855 4012 2|).
883 3939 1074 3996 Nonne
1105 3949 1333 4006 tantum,
1369 3939 1584 4010 taleque
1612 3942 1792 4011 possi-

209 4033 340 4088 dere
391 4035 614 4098 bonum,
653 4031 938 4102 quemdam
996 4041 1081 4087 est
1126 4031 1406 4102 possidere
1445 4030 1793 4102 paradisum?

210 4120 347 4190 Nam
372 4122 566 4178 elevati
597 4123 728 4178 estis
758 4137 921 4194 supra
960 4123 1242 4188 mundum,
1273 4123 1338 4178 de
1367 4121 1524 4192 cujus
1547 4129 1793 4177 amatore

209 4214 477 4269 Dominus
499 4213 650 4280 dicit,
677 4213 803 4283 quia
825 4212 1159 4268 Induebatur
1181 4229 1419 4284 purpura
1456 4221 1505 4267 et
1543 4213 1716 4283 bysso,
1743 4222 1790 4266 et

207 4305 525 4377 epulabatur
577 4305 810 4376 quotidie
861 4305 1129 4375 splendide
1179 4303 1331 4376 (Luc.
1391 4304 1514 4375 xui.
1571 4303 1682 4375 19).
1733 4304 1789 4360 ln

207 4411 450 4468 purpura
477 4396 648 4466 color,
680 4397 733 4452 in
758 4397 939 4454 colore
959 4397 1192 4468 species,
1219 4397 1270 4452 in
1308 4397 1491 4470 Specie
1533 4397 1698 4464 nitor,
1733 4398 1788 4454 in

1899 3213 2160 3284 loquens,
2190 3214 2333 3269 sicut
2355 3223 2440 3269 est
2473 3214 2613 3270 stilla
2641 3215 2864 3285 parvula
2895 3216 3129 3272 tenuiter
3159 3217 3380 3284 cadens,
3415 3217 3482 3272 ad

1891 3303 2097 3362 ﬁumen
2144 3305 2472 3364 latissimum
2519 3316 2576 3362 et
2624 3306 3104 3377 profundissimum
3163 3309 3479 3380 perenniter

1897 3393 2091 3451 fluens.
2114 3395 2254 3451 Num
2304 3396 2653 3467 hyperbolice
2697 3406 2790 3452 aut
2837 3396 3136 3452 adulatorie
3177 3398 3482 3468 loquimur?

1895 3483 2074 3540 Absit.
2094 3483 2372 3540 Imitemur
2392 3499 2625 3554 namque
2647 3486 2701 3540 in
2731 3486 2832 3540 hoc
2859 3500 2956 3556 pro
2981 3499 3163 3554 posse,
3189 3486 3332 3541 illum
3362 3488 3479 3558 qui,

1902 3581 1964 3629 ut
2016 3575 2084 3631 de
2133 3589 2193 3632 se
2237 3574 2370 3630 dicit
2410 3573 2585 3632 Neria;
2619 3576 2779 3640 filius,
2806 3592 2871 3632 ex-
2907 3593 2996 3631 ονε
3035 3593 3131 3632 suo
3176 3576 3482 3649 loquebatur

1895 3665 2049 3738 quasi
2089 3665 2260 3737 legens
2284 3665 2420 3738 (Jer.
2444 3667 2748 3738 xxxvr,18)
2784 3667 3093 3723 :Nimirum
3138 3670 3267 3740 quia
3313 3670 3480 3727 lectio

1897 3755 2080 3812 divina
2097 3765 2216 3830 (tam
2247 3757 2358 3812 falli
2391 3773 2553 3827 quam
2583 3757 2771 3813 fallere
2796 3759 2999 3825 nescia,
3030 3769 3112 3815 est
3135 3760 3475 3830 experientia

1896 3845 2136 3916 copiosa.
2161 3845 2264 3902 Ista
2291 3855 2374 3902 est
2407 3862 2525 3916 quae
2555 3862 2652 3902 nos
2678 3863 2742 3902 ex
2773 3848 3010 3903 nonnula
3035 3859 3187 3919 parte
3215 3865 3376 3920 super
3395 3852 3480 3906 his

1895 3937 2137 3994 eruditos
2165 3937 2360 4001 reddit,
2391 3948 2441 3993 et
2470 3947 2674 4001 certos.
2702 3949 2923 4010 propter
2951 3941 3161 4011 quodet
3182 3940 3475 4010 loquimur.

1897 4027 2270 4083 Discurramns
2290 4025 2403 4096 jam
2429 4043 2497 4084 ex
2526 4043 2700 4093 more,
2729 4029 2774 4082 si
2811 4031 3006 4100 placet.
3040 4046 3134 4100 per
3167 4045 3384 4088 amoena
3423 4041 3479 4086 et

1897 4118 2130 4174 fecunda
2172 4128 2326 4189 prata
2381 4119 2805 4191 Scripturartun,
2859 4131 2916 4178 et
2950 4123 3232 4180 videamus
3278 4123 3474 4194 quibus

1893 4219 1947 4266 et
1984 4210 2255 4280 qualibus,
2302 4227 2463 4281 quam
2507 4214 2746 4283 pulchris
2785 4213 3032 4270 videlicet
3061 4224 3116 4271 et
3162 4215 3472 4282 odoriferis,

1893 4318 2053 4372 quam
2117 4303 2374 4359 suavibus
2427 4314 2482 4359 et
2535 4305 2847 4360 salubribus
2916 4321 3220 4377 respersum
3274 4308 3474 4364 habeat

1891 4390 2150 4459 flosculis,
2178 4393 2291 4449 haec
2318 4395 2442 4450 coeli
2481 4394 2624 4461 aula,
2656 4396 2804 4450 illum
2835 4396 2928 4466 qui
2975 4397 3030 4453 in
3069 4413 3132 4454 ea
3173 4407 3258 4454 est
3302 4397 3472 4455 lectu-

208 4487 388 4543 nitore
423 4486 656 4552 vanitas,
690 4487 743 4541 in
789 4487 1029 4542 vanitate
1078 4488 1328 4557 superbia
1377 4496 1484 4544 est.
1519 4487 1576 4541 In
1625 4489 1786 4558 bysso
1819 4496 1864 4552 Ι)
1891 4482 2030 4550 lum;
2062 4494 2120 4540 ut
2153 4487 2323 4555 possit
2356 4489 2725 4558 unusquisque
2764 4498 2998 4544 vestrum
3031 4490 3210 4544 dicere
3237 4506 3302 4545 ex
3345 4505 3470 4546 sen-

186 4589 394 4635 ‘autem
439 4579 715 4646 mollities,
763 4579 817 4636 in
865 4580 1094 4636 mollitie
1141 4582 1398 4648 suavitas,
1429 4581 1481 4637 in
1523 4579 1788 4636 suavitate

203 4670 393 4726 carnis
440 4670 703 4739 pruritus,
738 4669 792 4724 in
837 4671 1050 4740 pruritu
1101 4669 1363 4733 titillatio,
1395 4670 1447 4724 in
1482 4669 1788 4723 titillatione

204 4759 478 4829 voluptas,
507 4761 557 4814 in
575 4762 844 4831 voluptate
873 4760 1084 4814 luxuria
1109 4768 1212 4816 est.
1238 4759 1425 4829 Itaque
1446 4759 1642 4814 clatum
1661 4773 1784 4814 eum

203 4849 377 4906 fuisse
406 4834 666 4923 purpura,
697 4861 752 4905 et
802 4851 1070 4906 lubricum
1117 4849 1313 4921 byssns
1341 4858 1595 4906 ostentat.
1626 4848 1785 4917 Quod

201 4949 390 4996 autem
418 4955 526 4996 non
562 4940 904 5012 interpolatis
945 4940 1161 5008 diebus,
1198 4941 1294 4998 sed
1337 4940 1579 5011 quotidie
1602 4939 1786 5012 epula—

201 5031 369 5088 batur
401 5030 702 5103 splendide,
731 5040 987 5089 notamus
1017 5047 1144 5089 eum
1187 5031 1581 5106 gastrimargia:
1621 5030 1787 5088 tuisse

201 5122 504 5180 subditum.
538 5124 646 5181 Vos
674 5133 856 5182 autem
878 5139 986 5181 non
1011 5123 1110 5182 sic.
1136 5123 1305 5196 Magis
1331 5133 1514 5180 autem
1537 5123 1784 5181 mendico

139 5258 144 5262 .
203 5212 282 5268 illi
309 5226 406 5268 vos
433 5213 821 5280 assimilamus,
857 5215 982 5286 quia
1021 5223 1076 5272 et
1109 5216 1421 5272 mendicare
1451 5213 1677 5283 alicujus
1701 5226 1785 5272 est

203 5303 450 5360 vilitatis.
478 5303 578 5372 Qui
605 5313 725 5362 erat
747 5306 1026 5364 ulceribus
1053 5305 1269 5377 plenus,
1303 5321 1412 5362 non
1437 5306 1784 5376 .mendaciter

201 5407 331 5476 eum
385 5393 738 5464 asseruimus,
794 5406 1056 5466 quantum
1108 5397 1178 5452 ad
1228 5397 1331 5452 hoc
1386 5396 1438 5451 in
1489 5397 1784 5468 asperitate

203 5483 396 5541 fuisse.
429 5487 564 5542 Nam
597 5488 650 5543 in
673 5504 738 5546 eo
765 5489 911 5559 quod
940 5491 1198 5546 cadentes
1223 5491 1395 5547 micas
1417 5507 1521 5548 non
1553 5490 1782 5561 accepit,

205 5576 276 5631 ab
352 5591 418 5632 eo
485 5578 578 5647 qui
625 5580 952 5651 epulabatur
1003 5581 1248 5652 quotidie
1298 5582 1578 5654 Splendide
1630 5580 1786 5651 longe

205 5667 510 5737 disjunetus
531 5667 654 5725 fuit.

403 5846 680 5909 Ριτιιοι..
744 5847 950 5911 CLIII.

1891 4573 2058 4628 tentia
2105 4587 2121 4628 :
2169 4574 2414 4630 Lectulus
2461 4589 2636 4632 noster
2686 4579 2909 4648 ﬂoridus
2967 4579 3142 4648 (Cant.
3171 4597 3209 4645 ι,
3242 4580 3353 4650 16).
3407 4581 3464 4637 ιιι

1889 4679 2074 4729 amore
2103 4666 2318 4734 quidem
2350 4669 2597 4722 exercitii
2642 4669 2800 4736 hujus
2831 4677 2937 4724 tam
2968 4671 3206 4727 salubris
3242 4681 3296 4726 et
3337 4671 3466 4727 reli-

1887 4754 2024 4823 giosi
2066 4757 2253 4821 studii,
2280 4757 2568 4812 ostenditis
2600 4773 2697 4813 vos
2727 4758 2884 4828 plene
2914 4759 3075 4827 scire,
3108 4760 3158 4814 in
3201 4771 3464 4831 quantum

1887 4853 2074 4900 sancta
2103 4845 2227 4902 inse
2245 4845 2679 4918 soletScriptnra
2701 4849 2841 4903 hanc
2863 4857 2917 4903 et
2941 4848 3173 4919 llgurare
3199 4848 3462 4920 placidam

1889 4933 2214 4992 Sanctorum
2246 4937 2576 5009 quietem,et
2598 4938 2917 5008 approbare.
2938 4937 3098 5006 Ecce,
3111 4953 3232 4994 cum
3257 4939 3309 4994 in
3338 4954 3464 5010 pro-

1889 5025 2174 5098 toplastum
2204 5041 2366 5100 sopor
2389 5027 2697 5083 immittitur
2729 5025 3014 5084 formatam
3029 5043 3094 5084 ex
3127 5041 3187 5084 se
3207 5028 3462 5085 feminam

1887 5118 2072 5174 statim
2121 5119 2364 5174 intuetur
2393 5134 2407 5173 :
2433 5126 2488 5176 et
2532 5118 2735 5188 aliquid
2781 5119 2834 5174 in
2881 5133 2940 5175 se
2980 5134 3103 5176 esse
3139 5122 3282 5191 quod
3313 5130 3465 5192 regat

1887 5209 2062 5274 virile,
2090 5217 2145 5265 et
2182 5208 2384 5280 aliquid
2428 5209 2572 5281 quod
2620 5219 2840 5281 regatur
2881 5210 3167 5268 muliebre.
3207 5212 3460 5280 Quandiu

1886 5310 2107 5356 sanctus
2134 5300 2269 5356 Abel
2310 5302 2452 5357 intus
2479 5301 2600 5379 fuit,
2629 5302 2884 5357 nimirum
2916 5318 3022 5359 non
3056 5304 3109 5358 in
3140 5314 3335 5369 morte,
3364 5307 3460 5362 sed

1889 5391 1940 5446 in
1975 5391 2078 5446 vita
2106 5391 2318 5448 fuit.Ex
2344 5408 2452 5463 quo
2477 5402 2630 5452 certe
2661 5393 2727 5448 ad
2754 5394 3150 5464 suggestionem
3173 5395 3306 5450 Cain
3331 5393 3460 5448 foris

1886 5482 2038 5548 exiit,
2075 5483 2250 5554 ipsam
2293 5497 2508 5554 quoque
2552 5494 2784 5540 mortem
2824 5484 3071 5540 incurrit.
3105 5485 3222 5541 Vox
3277 5486 3461 5556 itaque

1885 5575 2020 5630 Cain
2062 5575 2165 5630 ista
2213 5585 2297 5631 est
2329 5589 2344 5630 :
2371 5573 2724 5648 Egrediamur
2768 5575 2913 5645 foras
2956 5575 3114 5645 (Cen.
3155 5592 3228 5641 tv,
3255 5577 3334 5646 8).
3367 5579 3461 5634 Est

1887 5675 2064 5723 autem
2089 5667 2362 5739 suggestio
2384 5653 2594 5734 eorum,
2610 5668 2700 5738 qui
2721 5675 2929 5723 terrena
2949 5666 3135 5722 illicite
3150 5666 3458 5738 possident;

1890 5759 1980 5828 qui
2023 5769 2079 5814 et
2111 5759 2360 5830 agricolae
2401 5775 2464 5814 ac
2504 5775 2600 5830 per
2647 5760 2750 5814 hoc
2789 5757 3009 5830 terreni,
3052 5773 3159 5814 non
3201 5756 3460 5814 cmlicolae

2980 5852 3060 5913 2.6
