3984 6482
545 365 642 422 8H

1317 395 1332 406 .
1397 349 1720 411 GUIGONIS
1753 347 1797 408 ll
1835 346 2254 409 CAIiTHUSltE
2293 339 2584 407 M‘AJORIS
2619 347 2896 405 PRIORIS

542 481 702 535 sunt;
758 468 884 540 quia
935 466 1054 524 illos
1103 465 1358 538 decipere
1411 464 1658 518 nituntur
1677 503 1694 530 ,
1741 463 1832 534 qui
1881 477 2120 534 praesens
2150 473 2198 530 Α
2229 477 2424 518 nomen
2453 472 2536 519 est
2567 462 2799 518 viventis
2828 469 2886 518 et
2910 459 3143 518 videntis
3168 457 3320 534 (Gen.
3351 477 3484 527 xxv,
3515 461 3628 528 li),
3659 471 3718 518 ut
3743 465 3806 520 sit

542 563 792 620 exsilium
823 561 1026 630 lugent,
1066 567 1124 614 ut
1166 557 1384 614 omissis
1419 555 1666 620 internis,
1695 553 1747 608 in
1781 553 2023 609 externis
2060 568 2118 608 se

552 663 694 710 totos
734 669 832 723 per
883 649 1177 722 appetitum
1207 657 1261 703 et
1305 664 1401 718 per
1430 656 1610 701 actum
1652 645 1951 700 effundant.
1983 643 2118 699 Nam

539 745 674 804 Cain
702 745 987 814 possessio,
1021 740 1154 795 Abel
1176 754 1307 795 vero
1347 737 1518 792 luctus
1567 739 1973 807 interpretatur.
2012 735 2120 792 Sed

543 835 672 905 quid
717 833 840 888 inde
876 839 1152 900 sequatur,
1183 827 1389 892 audite,
1417 835 1471 880 et
1507 828 1649 896 quod
1686 826 1912 889 auditis,
1947 826 2120 880 vitare

543 927 792 983 omnibus
821 923 994 978 modis
1041 920 1272 976 studete.
1317 918 1458 986 Quid
1500 918 1646 972 enim
1689 931 1856 972 verax
1893 916 2118 972 historia

542 1016 705 1072 dicit?
747 1014 978 1083 Cumque
1005 1021 1172 1065 essent
1215 1011 1449 1080 inagro,
1486 1011 1811 1063 consurrexit
1852 1007 1986 1063 Cain
2027 1008 2120 1062 ad-

539 1123 715 1162 versus
750 1105 965 1174 fratrem
994 1118 1166 1168 suum,
1201 1111 1249 1155 et
1295 1101 1552 1171 interfecit
1599 1117 1738 1154 eum.
1769 1099 1879 1156 Nec
1923 1102 2119 1155 mirum

539 1197 681 1266 quod
697 1193 1012 1250 interfectus
1032 1191 1257 1263 fuit,qui
1271 1191 1416 1247 foras
1435 1192 1488 1246 in
1511 1208 1699 1264 agrum
1719 1192 1852 1247 exiit
1872 1207 1885 1244 :
1904 1191 2118 1247 ut'enim

541 1300 640 1356 per
675 1284 1022 1353 semetipsam
1051 1281 1266 1337 Veritas
1307 1283 1385 1337 ait
1429 1299 1445 1338 :
1489 1282 1626 1354 Ager
1665 1292 1740 1337 est
1770 1284 1852 1335 hic
1893 1283 2120 1337 mundus

537 1379 756 1446 (Matth.
785 1379 1056 1448 xm,58);
1089 1377 1326 1447 quicum
1368 1385 1508 1430 totus
1550 1377 1633 1448 (ut
1675 1375 1804 1430 dicit
1850 1377 2120 1446 apostolus

538 1472 796 1543 Joannes)
822 1473 878 1526 in
893 1471 1119 1550 maligno
1139 1471 1337 1541 positus
1359 1469 1409 1537 (1
1425 1467 1739 1542 Joau.v,19)
1758 1469 2120 1539 sit,quomodo

543 1573 772 1619 mortem
823 1562 1024 1633 poterit
1071 1562 1323 1626 evadere,
1374 1563 1684 1632 quicunque
1742 1563 1794 1615 in
1851 1576 1976 1616 eum
2021 1579 2122 1634 per

541 1659 894 1724 voluntatem,
923 1673 1020 1730 per
1047 1655 1398 1726 voluptatem.
1429 1669 1527 1727 per
1551 1655 1820 1736 actionem
1849 1654 2117 1710 nefariam

547 1759 866 1806 moraturus
896 1749 1198 1805 introierit?

1062 1833 1462 1895 CAPITULUM
1505 1835 1582 1895 Vl.

427 2009 432 2016 _
529 1947 782 2022 Qualiter
825 1949 999 2008 suavis
1044 1953 1188 2007 cella:
1228 1954 1394 2024 quies,
1424 1963 1470 2006 et
1521 1953 1696 2024 quieta
1737 1951 1852 2022 ejus
1885 1951 2120 2006 suavitas

609 2028 663 2079 iu
684 2025 996 2096 quibusdam
1021 2039 1187 2078 διιέναι
1216 2021 1506 2093 Scriptura:
1532 2021 1666 2076 locis
1689 2021 1932 2093 expressa
1955 2024 2045 2076 sit.

613 2115 860 2171 Delectat
911 2113 1088 2170 adhuc
1136 2114 1419 2170 intendere
1469 2105 1545 2169 iis.
1594 2129 1714 2183 qua:
1758 2117 1812 2168 in
1869 2113 2120 2168 manibus

535 2205 818 2270 habemus,
853 2215 1065 2276 ut'quae
1091 2215 1146 2262 et
1175 2214 1376 2276 quanta
1422 2205 1493 2260 sit
1526 2205 1676 2261 cellae
1702 2205 1858 2276 quies
1895 2205 2120 2259 demon-

539 2309 795 2354 stremus.
823 2297 964 2353 Ecce
995 2305 1216 2352 sanctus
1244 2295 1425 2352 Euoch
1459 2303 1556 2366 pro
1581 2311 1646 2351 eo
1686 2295 1830 2364 quod
1853 2309 1976 2348 cum
2011 2295 2120 2349 Deo

535 2388 798 2454 ambulat,
827 2403 933 2442 non
959 2395 1200 2457 apparet,
1224 2385 1352 2456 quia
1380 2383 1518 2440 tollit
1543 2399 1668 2440 eum
1691 2383 1834 2439 Deus
1858 2382 2009 2456 (Gen.
2033 2371 2116 2450 ut,

535 2473 652 2550 24).
683 2477 858 2545 Quod,
883 2477 1034 2548 juxta
1075 2477 1447 2547 tropologiam,
1504 2475 1634 2545 quid
1676 2475 1822 2529 aliud
1869 2480 1985 2538 est,‘
2015 2474 2120 2530 nisi

539 2569 684 2640 quod
717 2569 789 2624 illi
822 2569 912 2639 qui
941 2567 1037 2623 soli
1069 2569 1178 2622 Deo
1209 2583 1269 2623 se
1293 2567 1565 2632 dedicant,
1604 2568 1729 2622 dum
1759 2565 1834 2622 illi
1861 2566 2118 2633 militant,

535 2660 772 2732 negotiis
800 2673 858 2714 se
899 2658 1249 2714 stecularibus
1285 2673 1391 2713 non
1433 2657 1735 2729 implicant.
1763 2657 1834 2714 Ut
1863 2665 2042 2712 autem
2067 2657 2119 2713 ei

539 2743 856 2806 medullitus
880 2748 1128 2820 placeant
1155 2749 1241 2804 cui
1275 2763 1336 2804 se
1367 2750 1752 2819 probaverunt,
1781 2749 2052 2804 exteriora
2087 2763 2118 2803 a

467 2857 470 2860 ‘
539 2855 604 2899 se
628 2837 882 2896 universa
907 2855 1004 2910 pro
1027 2855 1186 2910 posse
1207 2837 1523 2896 excludunt.
1557 2839 1667 2904 Sic,
1695 2840 1796 2906 sic,
1829 2840 1954 2894 dum
1991 2841 2120 2896 solis

537 2934 770 2992 internis
793 2935 1096 2996 intendunt,
1128 2933 1180 2987 in
1212 2933 1584 3004 occupationis
1625 2934 1992 2988 immoderata:
2017 2949 2116 3004 pne

537 3025 684 3081 blico
713 3039 972 3096 apparere
997 3022 1290 3094 refugiunt.
1321 3022 1506 3078 Justus
1536 3037 1720 3078 coram
1755 3023 1863 3077 Deo
1891 3022 2022 3088 Noe,
2061 3031 2122 3077 ut

529 3115 686 3187 juxta
713 3117 1210 3187 interpretationem
1244 3115 1479 3171 nominis
1507 3117 1590 3170 sui
1625 3116 1865 3186 requiem
1895 3115 2116 3186 habeat,

541 3223 649 3277 quo
669 3207 1044 3264 vehementius
1067 3205 1331 3262 inundare
1345 3221 1504 3276 super
1523 3214 1722 3261 terram
1746 3220 1914 3276 aquas
1932 3205 2118 3261 diluvii

540 3297 884 3368 considerat,
939 3313 1005 3352 eo
1053 3295 1313 3370 libentius
1371 3295 1540 3366 ipsius
1585 3311 1644 3352 se
1697 3311 1838 3351 arca:
1885 3294 2121 3352 latibulis

537 3388 803 3445 occultat:
823 3389 916 3444 sed
935 3397 990 3443 et
1013 3386 1260 3443 columba
1282 3387 1372 3444 ubi
1393 3386 1694 3457 requiescat
1711 3401 1805 3459 pes
1819 3386 1956 3456 ejus,
1977 3385 2123 3442 foras

531 3490 652 3534 “non
689 3478 987 3543 inveniens,
1005 3477 1152 3533 intus
1175 3475 1274 3533 sibi
1303 3477 1544 3548 requiem
1575 3478 1767 3547 qutcrit
1795 3476 1950 3548 (Gen.
1973 3493 2048 3532 vn
2073 3485 2123 3532 et

527 3561 658 3642 un)
684 3569 704 3636 ;~
751 3568 876 3639 quia
927 3575 1113 3624 sancta
1144 3568 1348 3634 anima,
1389 3567 1614 3639 simplex
1653 3578 1708 3624 et
1754 3567 2034 3635 innocens,
2057 3583 2124 3625 eo

537 3659 911 3716 deleatabilius
931 3659 982 3714 in
1005 3657 1354 3714 interioribus
1379 3667 1592 3728 pausat,
1625 3673 1732 3730 quo
1751 3673 1810 3714 se
1831 3661 2123 3715 studiosius

536 3751 778 3806 omnium
829 3763 1053 3820 prorsus
1092 3749 1428 3804 exteriorum
1477 3747 1834 3804 delectatione
1869 3759 2121 3807 evacuat.

537 3839 712 3910 Super
741 3839 1012 3896 Abraham
1061 3839 1218 3895 irruit
1255 3853 1439 3910 sopor,
1481 3838 1533 3894 in
1573 3853 1682 3910 quo
1723 3855 1954 3911 magnus
1996 3857 2120 3897 eum

531 3933 745 3987 invadit
792 3933 986 3988 horror
1031 3927 1182 4004 (Gen.
1205 3929 1432 4002 xv,l2);
1470 3939 1525 3986 et
1563 3933 1690 3986 dum
1725 3932 1830 3988 dici
1868 3931 1970 3988 sibi
1999 3945 2126 3988 ver-

534 4027 605 4081 bu
615 4041 664 4080 m
687 4025 1060 4080 absconditum
1077 4023 1414 4094 audit,quasi
1443 4023 1640 4080 furtive
1668 4025 1818 4081 auris
1839 4041 1936 4080 sua
1957 4041 2124 4082 venas

536 4115 744 4170 susurri
769 4113 886 4182 ejus
906 4111 1268 4182 suscipit.lioc
1292 4119 1394 4176 est,
1411 4123 1720 4168 sanctarum
1737 4115 2120 4185 cogitationum

533 4215 691 4277 pater
729 4205 942 4260 animus
975 4213 1214 4266 sanctus,
1247 4217 1346 4273 per
1370 4206 1878 4275 contemplationem
1903 4207 2121 4276 quidem

537 4298 806 4362 excelsus,
829 4311 896 4352 eo
921 4295 1092 4365 magis
1115 4294 1434 4365 plerumque
1457 4295 1509 4348 in
1533 4295 1747 4352 interna
1775 4297 2124 4355 meditatione

535 4405 736 4460 pavere
765 4388 1126 4460 compellitur,
1153 4401 1260 4456 quo
1304 4387 1514 4457 plenius
1542 4397 1600 4444 ut
1648 4390 1698 4445 ei
1746 4390 1916 4446 libere
1953 4393 2124 4462 possit

2224 557 2275 610 in
2308 557 2488 610 anima
2515 559 2725 620 devota,
2750 570 2872 626 quae
2896 555 2964 610 ad
2991 553 3206 611 aeternae
3231 553 3622 610 exsultationis
3649 556 3804 613 risnm

2221 647 2464 711 festinat,
2491 655 2545 702 et
2568 647 2702 703 visio
2736 649 2940 712 vivens,
2966 662 3035 702 ne
3057 662 3200 702 caeca
3243 647 3445 718 caliget
3489 663 3522 703 a
3565 663 3728 716 vero;
3757 661 3805 706 et

2221 740 2331 794 vita
2360 740 2708 795 nihilominus
2745 740 2950 803 videns,
2995 753 3064 794 ne
3103 740 3256 809 pigra
3291 748 3512 809 torpeat
3563 756 3594 794 a
3645 741 3802 796 bono.

2222 831 2433 886 Dormit
2453 830 2715 900 profugus
2747 831 2840 884 irre
2863 829 3050 886 fratris
3076 827 3266 896 Iacob,
3299 831 3368 886 ad
3403 841 3578 900 caput
3605 831 3804 888 habens

2221 922 2450 994 lapidem
2487 922 2641 994 (Gen.
2667 937 2860 986 xxvnt,
2887 923 2976 988 il,
3003 922 3117 993 1'2),
3145 931 3383 977 mentem
3431 923 3487 977 in
3539 923 3744 980 Christi
3789 943 3806 980 :

2217 1025 2546 1086 nanctosque
2567 1003 2783 1070 nitntios
2807 1015 2960 1085 puris
2979 1014 3221 1069 intuetur
3237 1013 3430 1080 oculis,
3445 1014 3498 1068 in
3515 1015 3667 1069 scala
3687 1016 3806 1070 cha-

2222 1105 2400 1161 ritatis
2459 1106 2818 1160 ascendentes
2854 1113 2910 1159 et
2953 1103 3348 1159 descendentes
3399 1119 3572 1172 super
3623 1101 3806 1160 Filium

2219 1196 2476 1264 hominis;
2494 1205 2550 1251 ut
2567 1197 2694 1252 hinc
2711 1206 2888 1252 mente
2903 1195 3168 1250 excedant
3193 1195 3322 1259 Deo,
3339 1194 3469 1249 hinc
3495 1207 3632 1250 vero
3653 1193 3806 1250 sobrii

2219 1289 2332 1344 sint
2381 1289 2558 1343 nobis.
2597 1287 2847 1354 Moritur,
2899 1287 2996 1342 sed
3057 1285 3294 1340 vitaliter
3341 1295 3574 1340 sanctus
3621 1283 3806 1353 Ioseph

2221 1385 2438 1434 centum
2465 1388 2518 1432 et
2541 1378 2726 1434 decem
2749 1392 3012 1432 annorum
3029 1374 3184 1446 (Ceu.
3213 1391 3268 1439 ι,
3288 1375 3406 1444 25),
3429 1375 3484 1429 in
3509 1375 3808 1430 sanctitatis

2221 1470 2552 1541 perfectione
2575 1470 2892 1540 decalogum
2917 1469 3259 1532 custodiens;
3288 1468 3416 1538 quia
3449 1475 3510 1522 et
3561 1481 3808 1522 numerus

2221 1563 2564 1619 centonarius
2586 1561 2996 1632 perfectionem,
3025 1569 3082 1615 et
3117 1559 3373 1614 denarius
3409 1558 3602 1612 innuit
3625 1553 3804 1628 legem}

2221 1654 2287 1710 Et
2314 1655 2608 1710 odoriferis
2629 1652 2996 1722 spiritualium
3025 1651 3290 1706 virtutum
3321 1649 3672 1706 armantibus
3695 1665 3808 1704 cou-

2224 1743 2395 1811 ditus,
2449 1743 2738 1814 deponitur
2777 1743 2922 1798 intra
2965 1742 3226 1812 seipsutn,
3269 1741 3324 1795 in
3365 1740 3578 1795 interni
3623 1741 3806 1796 secreti

2151 1815 2199 1876 Β
2225 1837 2423 1905 loculo,
2456 1838 2583 1892 dum
2613 1849 2842 1908 corpore
2871 1843 2974 1902 est,
2999 1835 3054 1890 in
3091 1833 3252 1902 hujus
3283 1833 3470 1888 siccati
3493 1831 3808 1906 ὥρμηκε

2221 1927 2298 1984 ita
2323 1929 2397 1984 sit
2423 1929 2478 1984 in
2515 1928 2734 1994 mundo,
2766 1935 2826 1982 ut
2861 1941 2967 1982 non
3005 1926 3078 1981 sit
3109 1925 3176 1980 de
3205 1923 3432 1980 mundo.

2739 2037 3142 2098 CAPITULUM
3177 2037 3288 2094 VII.

2221 2153 2352 2210 Item
2387 2155 2451 2210 de
2480 2154 2660 2210 eadem
2701 2153 2872 2224 q'itiete
2904 2151 3073 2224 cellar,
3109 2148 3340 2224 qualiter
3364 2137 3462 2217 per
3501 2147 3646 2203 viros
3691 2159 3808 2224 satr-

2291 2237 2403 2280 ctos
2431 2243 2462 2279 rt
2494 2225 2676 2294 Moyse
2713 2219 2886 2295 usque
2925 2223 2996 2276 ad
3039 2219 3243 2274 Isaiam
3273 2219 3389 2291 ejus
3437 2231 3702 2273 secretum
3739 2219 3804 2272 sit

2217 2327 2220 2332 -
2292 2312 2615 2365 expressum.

2293 2385 2476 2442 Pascit
2493 2400 2624 2440 oves
2639 2381 2872 2456 Moyses,
2889 2382 3106 2438 minans
3121 2393 3216 2438 eas
3237 2379 3304 2434 ad
3327 2379 3600 2435 interiora
3617 2379 3802 2436 deserti

2225 2483 2282 2530 ut
2321 2489 2569 2546 magnam
2600 2474 2785 2529 videns
2809 2472 3098 2537 visionem,
3143 2472 3198 2526 in
3243 2473 3382 2526 rubo
3425 2473 3638 2540 absque
3659 2485 3800 2524 com-

2225 2566 2473 2622 bustione
2527 2565 2725 2636 (Exod.
2769 2566 2877 2634 tu),
2925 2565 3064 2635 ignis
3111 2561 3490 2634 deprehendat
3535 2563 3804 2616 ardorem.

2225 2655 2407 2712 Nutrit
2457 2656 2628 2710 verbo
2675 2655 2767 2708 Dei
2811 2653 3168 2725 cogitationes
3223 2652 3365 2707 intra
3421 2665 3483 2706 se
3545 2650 3804 2719 simplices

2223 2760 2280 2805 et
2329 2750 2588 2805 innocuas
2626 2749 2844 2804 animus
2889 2757 3130 2811 sanctus,
3159 2761 3362 2816 easque
3409 2746 3714 2814 perducens
3739 2745 3804 2798 ad

2225 2841 2415 2896 intima
2449 2839 2666 2906 secreti,
2697 2855 2834 2910 puro
2855 2838 3204 2909 conspicatur
3231 2851 3362 2892 vere
3393 2836 3520 2892 fidei
3565 2837 3754 2891 intuitu
3783 2854 3796 2890 :

2225 2943 2281 2988 ct
2308 2932 2541 2988 divinam
2581 2931 2633 2986 in
2663 2947 2770 2986 una
2807 2931 3106 3002 eademque
3129 2929 3334 2985 Christi
3378 2935 3622 3000 persona
3659 2939 3804 2983 natu-

2229 3039 2368 3090 ram,
2391 3033 2446 3079 et
2473 3024 2764 3078 humanam
2786 3033 2872 3080 :et
2895 3031 3041 3080 tanto
3069 3023 3270 3093 talique
3289 3021 3502 3078 findere
3529 3032 3804 3089 utramque

2226 3115 2330 3171 sibi
2384 3116 2616 3170 invicem
2661 3116 2892 3182 unitam,
2923 3123 2983 3170 ut
3030 3129 3132 3170 nec
3169 3113 3498 3186 glorificatio
3531 3121 3804 3170 consumat

2224 3207 2558 3272 inferiorem,
2594 3213 2693 3262 nec
2737 3209 3038 3277 assumptio
3069 3207 3280 3262 minuat
3307 3207 3673 3276 superiorem.
3695 3206 3798 3260 Non

2225 3298 2396 3355 solum
2423 3299 2735 3363 autem,se.l
2761 3299 2814 3352 in
2840 3315 2944 3352 una
2969 3298 3261 3370 singularis
3283 3298 3464 3353 meriti
3491 3300 3804 3369 puella,prz

2224 3389 2434 3445 cunctis
2455 3403 2576 3458 quae
2603 3389 2686 3445 sui
2723 3405 2884 3446 sexus
2911 3398 3058 3455 sunt,
3083 3389 3261 3446 nitere
3291 3391 3692 3462 virginitatem,
3717 3391 3804 3444 sed

2221 3479 2537 3545 fecundam;
2589 3479 2974 3536 fecunditatem
3004 3520 3022 3546 ,
3067 3480 3163 3536 scd
3233 3481 3587 3552 virgineam;
3633 3483 3806 3550 sicque

2225 3574 2278 3627 in
2297 3587 2353 3628 se
2378 3583 2666 3642 utramque
2682 3573 2900 3637 habeat,
2913 3582 2968 3626 ut
2995 3584 3247 3628 neutrum
3263 3572 3419 3628 alteri
3443 3573 3804 3644 praeiudicium

2224 3660 2409 3717 faciat.
2443 3663 2511 3716 Et
2533 3664 2710 3716 adhuc
2737 3663 2884 3716 aliud
2907 3662 3050 3731 quod
3081 3662 3258 3716 eidem
3299 3662 3472 3734 Moysi
3517 3663 3574 3716 in
3607 3663 3710 3716 hac
3741 3663 3808 3714 vi-

2225 3754 2376 3810 sione
2396 3753 2795 3825 praeliguratum
2817 3763 2932 3820 est;
2963 3762 3020 3808 ut
3040 3753 3294 3808 videlicet
3315 3753 3483 3808 sciret
3497 3756 3649 3823 quod
3677 3753 3808 3808 illius

2213 3847 2406 3916 populi
2423 3847 2676 3900 ducatum
2699 3846 2980 3900 habiturus
2993 3855 3131 3912 erat,
3147 3846 3236 3914 qui
3253 3845 3332 3900 sic
3357 3845 3496 3915 legis
3527 3848 3708 3916 ignem
3731 3860 3798 3900 su-

2225 3937 2480 4006 sciperet,
2499 3945 2557 3990 ut
2581 3937 2783 4006 peccati
2811 3937 3021 4007 spinam
3051 3951 3160 3991 non
3177 3936 3394 3990 vitaret.
3414 3935 3664 3990 Cernunt
3689 3951 3802 4006 pro-

2226 4027 2499 4082 missionis
2529 4037 2729 4080 terram
2755 4027 2822 4080 de
2849 4027 3004 4096 longe
3039 4025 3242 4095 Caleph
3273 4033 3331 4079 et
3357 4025 3546 4090 Josuc,
3573 4035 3802 4095 quamet

2227 4127 2474 4174 asserunt
2499 4117 2654 4173 lactis
2677 4127 2732 4171 et
2769 4117 2944 4172 mellis
2975 4119 3104 4171 rivis
3130 4115 3302 4172 fluere
3325 4117 3516 4187 (Num.
3555 4121 3704 4186 xtra);
3731 4117 3802 4170 id-

2224 4221 2328 4277 que
2358 4207 2572 4277 agnosci
2591 4221 2755 4276 mssc
2783 4221 2878 4276 per
2901 4207 3113 4260 botrum
3150 4207 3240 4276 qui
3271 4215 3522 4276 portatur
3558 4208 3612 4261 in
3643 4217 3794 4270 recte,

2224 4299 2499 4355 Christum
2525 4299 2774 4354 videlicet
2799 4299 2890 4369 qui
2920 4289 3174 4354 aduratur
3219 4301 3272 4354 in
3299 4313 3482 4355 cruce.
3521 4301 3728 4355 Dormit
3753 4301 3796 4354 is

2225 4388 2596 4452 tabernaculo,
2624 4389 2712 4444 ubi
2759 4403 2886 4444 arca
2917 4387 3009 4443 Dei
3037 4398 3139 4456 est,
3175 4403 3308 4459 puer
3337 4389 3562 4444 Samuel
3599 4389 3650 4460 (ι
3685 4388 3794 4458 Reg.

535 4482 838 4548 intendere,
869 4479 1046 4536 omnis
1080 4480 1134 4535 in
1164 4494 1230 4534 eo
1258 4483 1589 4536 exteriorum
1617 4483 1957 4562 negotiorum
1980 4498 2119 4550 cura
2152 4507 2197 4562 ι)
2225 4483 2337 4554 ιιι);
2366 4480 2458 4550 qui
2489 4495 2518 4533 a
2549 4479 2776 4536 Domino
2807 4489 3046 4535 meretur
3073 4481 3280 4546 vocari,
3323 4489 3380 4535 et
3419 4481 3556 4550 quid
3591 4495 3794 4552 resp0n-

533 4573 764 4644 sopitur.
811 4571 1009 4643 Sicque
1053 4571 1180 4627 dum
1227 4587 1326 4643 per
1374 4571 1698 4630 infusionem
1747 4575 2120 4646 inspirationis

531 4665 759 4731 intimae,
789 4663 841 4718 in
873 4659 1256 4719 sublimitatem
1296 4664 1520 4721 silenter
1558 4665 1697 4722 intra
1745 4682 1805 4723 se
1851 4667 2120 4740 loquentis

533 4753 1008 4826 contemplationis
1051 4755 1314 4824 elevatur,
1364 4771 1559 4813 causas
1600 4771 1816 4829 qunque
1864 4758 1999 4828 ejus,
2066 4770 2120 4815 et

537 4847 797 4918 origines,
847 4847 1186 4912 occasiones,
1239 4857 1294 4903 et
1341 4849 1530 4904 modos
1577 4849 1629 4904 in
1677 4850 1870 4906 intimo
1921 4861 2121 4907 sancta:

534 4938 786 5006 puritatis
799 4949 1008 4993 secreto
1024 4937 1416 4994 delectabiliter
1438 4939 1685 4995 rimatur.
1705 4927 1841 4996 Sara
1867 4943 2118 5008 moritur,

534 5039 590 5082 et
619 5039 833 5085 mortua
862 5029 915 5084 in
950 5031 1206 5101 spelunca
1235 5031 1436 5102 duplici
1481 5033 1740 5102 sepelitur
1773 5031 1934 5104 (Gen.
1958 5033 2117 5104 xxut,

533 5115 733 5187 2,19).
765 5117 914 5183 Quod
964 5111 1168 5188 utique.
1199 5127 1326 5175 tunc
1377 5121 1730 5190 spiritualiter
1777 5122 1858 5186 fit,
1891 5137 2012 5177 cum
2064 5125 2120 5178 in

536 5208 716 5262 anima
745 5215 932 5262 sancta
967 5218 1022 5264 et
1058 5223 1217 5279 pura,
1249 5213 1489 5266 omnium
1516 5211 1809 5267 visibilium
1839 5211 2117 5280 affectum,

533 5308 589 5356 et
619 5297 940 5368 appetitum,
969 5297 1164 5366 plenus
1193 5313 1380 5354 eorum
1401 5309 1764 5372 contemptus,
1805 5311 1860 5357 et
1885 5301 2120 5372 abjectiu

531 5391 831 5462 exstinguit
859 5389 1119 5462 perfecta.
1151 5391 1347 5460 Sicque
1378 5391 1446 5447 de
1487 5401 1686 5448 caetero
1729 5395 1947 5466 gemino
1989 5396 2118 5452 huic

533 5493 724 5540 sancto
749 5481 1030 5548 exercitio,
1056 5482 1529 5550 contemplationis
1555 5483 1804 5542 videlicet
1829 5484 2114 5554 defecatte,

532 5585 589 5630 et
619 5573 850 5630 actionis
877 5571 1106 5643 egregiae
1133 5569 1419 5642 diligenter
1448 5574 1722 5628 intendat:
1752 5575 1934 5630 ethoc
1959 5576 2120 5632 modo

533 5667 772 5723 vitaliter
799 5675 1035 5733 mortua,
1064 5664 1118 5718 in
1151 5663 1262 5719 Deo
1289 5661 1458 5718 vitam
1489 5678 1614 5719 cum
1644 5663 1860 5722 Christo
1889 5668 2116 5724 abscon-

537 5760 703 5814 ditam
747 5758 964 5817 habeat.
995 5755 1157 5814 Juxta
1213 5763 1439 5828 puteum
1483 5755 1716 5828 habitat,
1762 5757 1914 5816 lsaac
1965 5758 2118 5830 cujus

2222 4575 2350 4630 dere
2381 4574 2594 4630 vocanti
2627 4573 2841 4638 debeat,
2873 4573 3066 4627 doctus
3093 4587 3124 4624 a
3157 4587 3290 4627 sene
3335 4587 3493 4642 puer.
3523 4573 3610 4628 sic
3639 4573 3760 4628 dicit
3785 4587 3796 4624 :

2217 4664 2478 4737 Loquere,
2509 4665 2750 4730 Domine,
2777 4665 2902 4734 quia
2927 4679 3108 4718 servus
3142 4673 3264 4716 tuus
3305 4647 3732 4736 auditthpitur
3751 4677 3796 4716 ct

2223 4759 2375 4814 ardet
2415 4759 2617 4829 ingenti
2645 4765 2698 4814 et
2745 4766 2936 4812 sancto
2963 4755 3236 4812 desiderio
3261 4765 3487 4812 sanctus
3515 4757 3687 4814 David
3719 4759 3800 4825 qi

2221 4849 2352 4904 dicit
2381 4867 2393 4902 :
2433 4847 2563 4914 Quis
2585 4848 2730 4902 dabit
2754 4847 2880 4902 mihi
2909 4863 3112 4917 pennas
3139 4847 3274 4901 sicut
3311 4847 3596 4914 columine,
3641 4859 3688 4904 et
3725 4863 3800 4902 se-

2221 4938 2360 5005 labo,
2388 4949 2434 4993 et
2461 4941 2778 5011 requiescam
2801 4940 2826 4992 t
2855 4936 3031 5008 (Psat.
3071 4953 3180 5005 ων,
3209 4937 3290 5010 7.)
3323 4937 3396 4993 Ut
3453 4949 3638 4996 autem
3661 4937 3802 4994 nobis

2221 5033 2474 5087 ostendat
2501 5032 2592 5087 ubi
2625 5033 2679 5086 in
2713 5033 2799 5088 bis
2827 5032 3020 5102 pennis
3043 5031 3309 5086 columbae
3335 5040 3390 5086 et
3415 5042 3614 5088 sancto
3633 5031 3798 5088 volatu

2222 5121 2326 5178 isto
2353 5123 2596 5196 requiem
2633 5123 2879 5179 invenire
2907 5131 3088 5194 queat,
3132 5123 3400 5195 adiungit,
3429 5123 3574 5179 Ecce
3603 5125 3800 5194 elonga-

2231 5216 2280 5268 t-i
2316 5214 2543 5285 fugiens,
2575 5225 2622 5269 et
2647 5215 2821 5270 mansi
2849 5219 2903 5270 in
2929 5215 3211 5269 solitudine
3246 5215 3420 5286 (ibid.,
3453 5217 3530 5288 8).
3569 5215 3796 5288 lgitnria

2221 5305 2566 5376 elongatione
2600 5315 2692 5362 aut
2719 5305 2864 5377 fuga,
2891 5317 2946 5361 et
2971 5307 3210 5362 maxime
3234 5307 3288 5362 in
3315 5309 3604 5366 mansione
3631 5309 3800 5366 solitu-

2221 5397 2363 5452 dinis
2395 5399 2608 5467 requies
2635 5396 2776 5468 ejus.
2801 5397 2992 5453 Merito
3019 5397 3219 5452 dicitur
3244 5399 3312 5453 de
3339 5413 3406 5453 eo
3433 5399 3581 5470 quod
3615 5399 3800 5454 habeat

2219 5487 2396 5541 aetatis
2418 5486 2680 5556 plurimos
2710 5487 2848 5552 dies,
2875 5487 3136 5541 virtutum
3173 5487 3382 5543 scilicet
3437 5489 3796 5558 spiritualium

2227 5577 2428 5633 multas
2458 5577 2755 5646 claritates,
2793 5593 2894 5634 nec
2938 5578 3172 5649 aliquam
3205 5581 3258 5636 in
3301 5580 3588 5637 fallacibus
3629 5575 3795 5636 mundi

2219 5669 2382 5740 hujus
2413 5671 2568 5727 bonis
2591 5671 3004 5729 delectationem
3039 5673 3270 5739 habeat;
3313 5674 3440 5744 quia
3492 5691 3612 5729 cum
3643 5673 3796 5742 operi-

2223 5771 2366 5816 retur
2387 5761 2629 5832 vestibus,
2661 5779 2764 5820 non
2791 5763 3057 5834 cale/iebat
3083 5763 3204 5836 (111
3235 5763 3512 5835 Rrg.t,i).
3545 5761 3678 5819 Nam
3701 5773 3798 5818 ter-
