3984 6396
140 363 294 457 ‘sta'

166 582 375 640 Idcirco
401 578 602 637 dormit
626 578 681 633 in
712 576 967 632 suavibus
996 574 1196 645 Abisag
1243 574 1598 645 amplexibus,
1628 589 1749 645 qua:

168 674 336 729 nutris
365 669 467 725 mei
489 669 689 739 rugitus
720 667 1136 736 interpretatur,
1174 677 1271 734 per
1313 679 1476 734 quam
1505 678 1633 719 vera
1664 676 1748 718 sa.

163 761 370 834 pientia
412 759 743 831 designatur.
778 756 904 812 litae
929 764 1014 811 est
1057 754 1457 827 adolescentula
1477 755 1744 826 speciosa,

167 852 393 925 quaesita
435 850 488 905 in
516 848 769 911 omnibus
790 847 989 902 finibus
1012 845 1216 912 Israel;
1251 854 1306 901 et
1332 844 1548 900 inventa
1574 845 1745 902 addu-

164 952 253 999 cta
276 948 363 996 est
393 941 462 995 ad
488 951 671 1008 regem
700 977 716 1004 ,
743 951 862 1007 qua:
904 944 1015 991 stat
1060 949 1246 991 coram
1273 948 1339 990 eo
1368 933 1435 989 ad
1466 932 1746 989 rectitudi~

165 1047 312 1097 nem,
347 1029 494 1085 fovet
523 1042 646 1083 eum
674 1028 742 1082 ad
767 1026 1114 1091 suavitatem,
1144 1023 1347 1079 dormit
1397 1037 1522 1078 cum
1565 1036 1632 1078 eo
1677 1019 1746 1075 ad

165 1123 427 1193 quietem,
457 1119 705 1177 calefacit
728 1133 853 1176 eum
876 1118 944 1173 ad
957 1131 1145 1172 verum
1173 1124 1230 1171 et
1251 1124 1459 1171 castum
1481 1125 1741 1168 amorem.

162 1214 295 1281 Qua:
324 1215 397 1267 ita
423 1212 595 1268 calida
616 1219 699 1266 est
728 1219 786 1264 ut
813 1210 866 1263 in
885 1222 951 1264 eo
979 1207 1246 1287 accendat
1266 1205 1517 1261 ardorem
1550 1205 1745 1260 divinae

162 1304 482 1369 charitatis;
514 1310 569 1358 et
618 1311 725 1357 tam
757 1307 907 1356 casta
935 1308 1041 1365 est,
1074 1308 1135 1353 ut
1181 1312 1305 1353 eum
1351 1311 1457 1352 non
1507 1295 1749 1352 stimulet

161 1408 343 1462 neque
365 1392 566 1447 excitet
609 1390 676 1446 ad
696 1384 981 1445 libidinem
1009 1387 1313 1452 mundana),
1350 1400 1445 1441 seu
1482 1383 1743 1450 carnalis,

163 1484 250 1538 vel
272 1484 553 1538 diabolica:
572 1481 850 1546 vanitatis,
873 1479 1189 1550 voluptatis,
1212 1477 1562 1533 curiositatis.
1582 1475 1741 1544 Nam,

160 1584 223 1629 ut
285 1574 568 1645 Scriptura
620 1572 788 1629 dicit:
824 1554 936 1626 Rea:
971 1570 1141 1624 David
1192 1585 1298 1624 non
1344 1570 1579 1641 cognouit
1625 1582 1746 1631 eam

160 1665 344 1735 (ibid.,
372 1664 449 1734 4).
487 1662 621 1718 Nam
644 1669 995 1735 cognosceret
1036 1661 1081 1715 si
1115 1660 1180 1715 de
1204 1659 1329 1714 data
1379 1658 1481 1713 sibi
1517 1656 1750 1725 desuper

156 1757 431 1828 sapientia
461 1756 697 1812 inaniter
743 1753 1071 1823 superbiret.
1133 1750 1366 1807 Sanctus
1389 1750 1535 1805 Elias
1572 1749 1748 1803 minas

1258 368 1459 426 Lmen
1500 365 1586 422 DE
1617 348 2300 423 mentemmentem.
3318 436 3321 443 ι

168 452 301 553 retia
328 452 510 550 omnia
533 487 687 560 quasi
715 486 959 559 quaedam
987 484 1231 555 corporis
1253 495 1380 541 sunt
1409 464 1745 542 indumenta.
1776 489 1824 548 Α
1850 480 2056 555 celsum
2075 487 2130 536 et
2160 478 2431 535 elevatum
2456 475 2592 548 (Isa.
2621 491 2696 543 vt,
2733 475 2811 548 l),
2867 475 3044 547 ipsum
3092 475 3146 532 in
3198 477 3434 548 puritate

3322 362 3431 421 ιιι

1848 569 2318 643 contemplationis
2344 568 2574 624 interna:
2601 567 2817 623 intuens
2845 584 2863 635 ;
2893 567 3266 623 universitatis
3287 567 3435 626 Con-

1847 661 2076 718 ditorem
2106 659 2399 717 intellectui
2426 657 2717 729 praesidere
2736 666 3006 713 creaturae
3037 658 3317 729 angelicas,
3371 658 3427 714 in

1846 767 1942 808 sua
1972 751 2336 821 permanentis
2361 748 2715 815 sublimitate,
2760 757 2814 804 et
2842 748 3100 804 humana!
3133 764 3231 819 per
3256 764 3427 805 unum
3488 812 3496 819 ί

1846 841 2202 897 mediatorem
2226 855 2256 894 a
2280 839 2430 910 lapsu
2457 846 2672 896 erectae.
2703 837 2810 893 Sed
2850 838 2953 893 hoc
2983 852 3087 892 non
3112 838 3215 893 nisi
3248 837 3302 894 in
3329 854 3431 893 an-

1847 943 1919 985 no
1947 943 2054 1000 quo
2085 939 2330 984 mortuus
2363 938 2446 984 est
2472 942 2564 984 rex
2589 923 2771 993 Ozias,
2819 935 3279 998 prtesumptuosus
3327 927 3434 982 sci-

1848 1021 1971 1076 licet
2001 1019 2089 1074 illc
2110 1028 2164 1074 et
2200 1019 2464 1099 leprosus.
2494 1020 2561 1075 Et
2608 1029 2668 1076 nt
2717 1019 2846 1090 quid
2880 1018 3032 1072 haec?
3076 1015 3341 1072 Nimirum
3373 1025 3435 1070 ut

1847 1106 2090 1160 sciamus
2116 1103 2190 1157 illi
2217 1118 2322 1159 non
2344 1118 2503 1173 posse
2526 1104 2716 1160 adesse
2750 1103 3049 1174 puritatem
3099 1100 3429 1172 contempla-

1848 1195 2037 1261 tionis,
2071 1195 2128 1250 in
2157 1209 2265 1264 quo
2287 1210 2386 1265 per
2414 1194 2670 1251 aﬁ‘ectum
2693 1196 2867 1251 adhuc
2892 1202 2949 1251 et
2968 1191 3221 1251 effectum
3260 1192 3436 1249 domi-

1850 1297 2011 1341 natur
2032 1294 2087 1342 et
2118 1287 2272 1353 vivit,
2305 1296 2362 1342 et
2406 1296 2588 1341 tumor
2623 1286 2894 1350 elationis,
2945 1294 3001 1341 et
3058 1284 3199 1341 fetor
3243 1299 3434 1341 corru-

1846 1376 2068 1449 ptionis.
2110 1376 2355 1447 Denique
2381 1385 2505 1447 post
2547 1377 2664 1431 haec
2711 1376 2843 1431 dicit
2876 1393 2890 1430 :
2950 1374 3216 1431 Secretum
3256 1392 3433 1430 meum

1847 1469 1997 1523 mihi.
2027 1466 2298 1524 Secretum
2315 1483 2488 1522 meum
2512 1467 2640 1522 mihi
2668 1465 2805 1535 (Isa.
2835 1482 2983 1531 κκιν,
3015 1467 3124 1538 lli).
3148 1467 3257 1523 Cor
3276 1483 3432 1522 suum

1848 1555 2280 1631 percutitJosias
2330 1572 2455 1613 cum
2485 1556 2768 1613 lectionem
2801 1556 2951 1611 audit
2997 1555 3118 1610 libri
3171 1571 3329 1633 quem
3379 1557 3434 1610 in

1836 1646 2009 1704 domo
2040 1649 2133 1705 Dei
2164 1647 2415 1704 Helchias
2444 1644 2649 1718 reperit
2678 1644 2786 1717 (ιγ
2814 1644 2944 1717 Reg.
2980 1646 3116 1716 χιιι)
3144 1664 3158 1701 :
3203 1661 3438 1717 eumque

1850 1741 2161 1796 consolatur
2189 1740 2322 1797 Olda
2353 1753 2665 1811 quanquam
2699 1736 2922 1805 femina,
2966 1754 3088 1808 quae
3126 1738 3341 1795 habitat
3378 1738 3433 1793 in

157 1819 472 1903 meretricis
512 1855 567 1902 et
623 1819 879 1902 veneﬁca:
927 1853 1175 1900 metuens
1216 1841 1333 1915 (III
1364 1841 1492 1913 Reg.
1527 1840 1667 1913 xu),
1695 1850 1743 1897 et

1855 1830 2111 1884 secunda.
2162 1824 2428 1884 Jeremias
2474 1828 2680 1899 virgam
2730 1827 2879 1884 videt
2930 1825 3246 1899 vigilantem
3296 1827 3433 1898 (Jer.

158 1936 443 1992 dimittens
465 1951 689 2007 puerum
717 1951 874 1992 suum
896 1935 1180 2009 (puerilem
1202 1931 1454 1989 videlicet
1478 1932 1747 2003 sensum),

154 2029 342 2102 pergit
368 2028 435 2083 ad
460 2028 681 2084 latibula
708 2028 934 2094 deserti,
962 2035 1019 2083 et
1041 2025 1329 2098 projiciens
1351 2038 1432 2091 se,
1466 2025 1665 2080 dormit
1693 2025 1747 2079 in

156 2120 355 2175 umbra
371 2118 626 2191 iuniperi.
662 2119 1000 2175 Desiderium
1053 2131 1179 2173 vero
1224 2115 1431 2172 habens
1450 2114 1673 2193 dissolvi
1694 2122 1751 2169 et

155 2226 287 2267 cum
338 2211 557 2268 Christo
602 2225 745 2278 esse,
775 2211 911 2283 petit
957 2219 1019 2266 ut
1052 2209 1271 2266 tollatur
1316 2208 1495 2264 anima
1527 2223 1646 2273 sua,
1693 2213 1750 2263 et

157 2304 418 2357 universa
445 2318 566 2373 quae
591 2318 687 2358 sua
717 2312 864 2368 sunt,
892 2302 947 2357 in
970 2300 1258 2357 dilectione
1281 2298 1401 2367 Dei,
1433 2308 1487 2353 et
1514 2297 1748 2368 proximi

153 2395 518 2463 constituens,
553 2396 638 2450 bis
667 2402 970 2465 soporatus,
1028 2392 1111 2449 bis
1138 2392 1426 2457 excitatus,
1465 2391 1548 2447 bis
1598 2389 1749 2444 dcui-

155 2498 270 2556 que
298 2484 556 2551 refectus,
589 2485 722 2541 abiit
771 2486 827 2538 in
879 2482 1195 2539 fortitudine
1224 2481 1329 2537 cibi
1372 2478 1749 2540 illius.,Donec

152 2582 282 2645 post
311 2575 747 2630 observationem
786 2573 1060 2644 Evangelii
1110 2582 1167 2629 et
1208 2571 1366 2653 legis,
1419 2569 1574 2641 quasi
1624 2577 1750 2641 post

109 2670 117 2675 '
154 2668 521 2740 quadraginta
548 2669 662 2724 dies
691 2663 877 2724 veniat
903 2669 974 2723 ad
1001 2675 1240 2723 montem
1273 2665 1398 2732 Dei;
1425 2664 1513 2721 ubi
1538 2664 1595 2720 in
1621 2677 1747 2719 car-

154 2759 248 2814 nis
273 2774 503 2815 manens
523 2759 797 2831 spelunca,
830 2768 953 2830 post
980 2758 1229 2830 spiritum
1265 2756 1523 2829 grandem
1564 2765 1620 2813 et
1638 2754 1748 2811 for-

156 2858 295 2914 tem,
324 2851 415 2921 qui
445 2857 501 2904 et
526 2850 837 2906 altitudines
872 2848 1089 2919 dejicit,
1134 2858 1192 2904 et
1216 2848 1445 2905 duritias
1474 2847 1740 2914 conterit;

152 2952 282 3011 post
309 2942 725 2998 commotionem
762 2942 994 3009 timoris,
1026 2951 1150 3013 post
1190 2943 1370 3013 ignem
1406 2941 1633 3009 amoris,
1666 2939 1743 2994 si-

155 3030 332 3084 bilum
364 3032 512 3086 audit
538 3046 684 3087 aurae
719 3033 921 3100 tenuis,
970 3032 1026 3087 in
1068 3031 1366 3088 subtilitate
1414 3044 1565 3101 purae
1611 3045 1744 3086 cou-

158 3123 573 3195 templatiouis;
621 3124 805 3180 ethoc
830 3126 1014 3181 audito
1060 3123 1238 3192 sibilo,
1273 3124 1431 3196 quasi
1460 3124 1554 3194 qui
1597 3123 1745 3178 clau-

153 3225 276 3271 stra
304 3217 453 3288 cupit
482 3216 665 3272 carnis
687 3217 859 3285 exire,
881 3231 1134 3288 egressus
1160 3225 1269 3271 stat
1310 3216 1567 3283 in‘ostio;
1593 3223 1651 3271 et
1677 3230 1746 3270 ne

153 3317 433 3364 scrutator
454 3309 754 3380 maiestatis
779 3310 1119 3380 opprimatur
1164 3324 1196 3364 a
1236 3308 1407 3378 gloria
1437 3308 1600 3365 etiam
1627 3306 1746 3363 vul-

158 3410 281 3454 tum
311 3414 465 3455 suum
511 3401 689 3472 operit
734 3400 917 3472 pallio.
946 3400 1155 3479 Eliseus
1209 3400 1461 3466 moritur,
1492 3406 1547 3455 et
1599 3412 1744 3453 mor-

156 3500 289 3546 tuus
313 3492 574 3563 sepelitur
601 3491 709 3564 (IV
730 3492 856 3566 Reg.
883 3509 1008 3561 xm,
1035 3492 1152 3564 20).
1202 3492 1313 3550 Cur
1356 3494 1463 3550 hoc
1492 3502 1612 3549 erat
1657 3492 1742 3548 di-

152 3578 416 3650 cendum,
457 3600 582 3641 cum
625 3601 731 3642 non
767 3586 839 3642 sit
885 3601 1105 3655 novum,
1153 3587 1249 3643 sed
1274 3585 1600 3657 antiquum?
1636 3601 1741 3642 non

154 3672 327 3729 alicui
356 3674 648 3746 singulare,
672 3678 764 3732 sed
787 3677 1040 3733 omnibus
1068 3677 1271 3748 absque
1296 3675 1403 3751 ulla
1425 3675 1743 3747 exceptione

154 3780 451 3822 comnnme
473 3767 497 3820 ?
516 3766 640 3823 Ideo
661 3768 901 3838 quidem,
930 3777 991 3823 ut
1017 3766 1174 3823 valde
1204 3767 1513 3823 venerabile
1557 3766 1741 3837 sepul-

154 3874 317 3913 crum
347 3858 492 3914 illius
513 3862 859 3929 ostendatur,
893 3860 1042 3931 quia,
1068 3875 1189 3915 cum
1219 3860 1273 3913 in
1304 3860 1395 3915 illo
1419 3858 1576 3932 [ϐοά.
1608 3859 1743 3914 Pur-

152 3953 232 4018 εἰ,
260 3950 417 4024 illud]
440 3953 625 4008 nescio
652 3953 773 4024 quis
802 3963 1047 4009 mortuus
1091 3952 1394 4023 projicitur,
1431 3952 1592 4008 tactis
1624 3951 1742 4021 ejus

153 4042 369 4099 sanctis
398 4044 612 4100 ossibus
639 4047 803 4100 etiam
828 4046 949 4101 vita:
977 4038 1218 4115 pristinae
1245 4045 1559 4101 redonatur.
1588 4043 1739 4099 Reli-

154 4130 347 4201 giosus
372 4146 467 4185 rex
496 4132 774 4201 Ezechias,
806 4132 859 4187 in
884 4132 1241 4204 promissione
1261 4146 1292 4186 a
1312 4132 1575 4204 propheta
1598 4130 1742 4187 acci-

152 4224 262 4294 pit‘,
289 4224 417 4294 quia
454 4224 595 4295 quod
623 4224 688 4280 de
712 4224 847 4281 Juda
886 4226 1146 4291 salvator,
1185 4236 1242 4282 et
1276 4225 1421 4296 quod
1472 4223 1740 4296 reliquum

152 4330 265 4381 est,
305 4318 483 4373 mittet
519 4318 755 4374 radicem
785 4319 1035 4375 deorsum
1061 4319 1167 4391 (ιγ
1205 4318 1336 4389 Reg.
1376 4318 1514 4390 xu),
1565 4334 1739 4389 quan-

154 4417 275 4463 tum
303 4409 372 4463 ad
400 4410 672 4463 occultum
720 4408 932 4465 mundae
976 4410 1348 4482 cogitationis;
1392 4419 1449 4465 et
1496 4409 1736 4467 fructum

1850 1936 1892 1986 ι,
1925 1919 2037 1992 ll),
2074 1929 2343 1990 quatenus
2374 1919 2516 1975 sciat
2546 1919 2675 1990 quia
2728 1914 2927 1989 vigilat
2955 1919 3218 1975 Dominus
3270 1932 3436 1988 super

1847 2010 2074 2064 verbum
2104 2025 2259 2064 suum
2288 2017 2347 2064 ut
2391 2009 2556 2064 faciat
2590 2009 2760 2077 illud;
2804 2024 2965 2081 quem
2995 2010 3061 2064 de
3108 2008 3284 2065 lutoso
3310 2025 3438 2080 pro-

1848 2098 2039 2168 fundo,
2063 2109 2117 2157 et
2144 2102 2475 2173 prol‘undoso
2499 2101 2611 2157 luto
2638 2102 2821 2158 levant
2848 2103 3023 2167 limes,
3047 2102 3244 2173 quibus
3266 2102 3435 2157 inter-

1784 2192 1789 2197 ’
1849 2198 1974 2246 sunt
2008 2191 2116 2247 imo
2157 2192 2471 2248 snbtersuut
2505 2189 2660 2264 [Par.
2697 2189 2945 2263 subsunt]
2988 2191 3151 2262 panni
3197 2200 3432 2248 veteres.

1848 2283 1918 2339 Et
1935 2283 2055 2340 ideo
2082 2284 2300 2355 quidem
2328 2285 2450 2351 hoc,
2475 2293 2534 2339 ut
2568 2283 2868 2341 ascendens
2891 2298 2923 2339 a
2965 2282 3209 2339 convalle
3250 2282 3436 2354 plora-

1850 2374 2033 2441 tionis,
2065 2383 2355 2431 etcautans
2382 2375 2596 2430 cantica
2623 2374 2910 2447 graduum,
2937 2372 3225 2429 vulnerato
3254 2389 3285 2429 a
3302 2374 3436 2431 cha-

1832 2463 2011 2520 ‘ritate
2038 2463 2240 2521 Christi
2269 2464 2436 2521 eoi-de
2462 2464 2602 2536 ejus,
2634 2471 2810 2536 gestet
2829 2463 2993 2520 verba
3022 2460 3140 2530 ejus
3178 2464 3232 2519 in
3263 2464 3436 2519 visce-

1847 2555 2065 2613 ceribus
2087 2556 2239 2627 quasi
2269 2555 2496 2627 sagittas
2543 2563 2755 2612 acutas.
2800 2554 2870 2612 Et
2899 2555 3003 2611 hoc
3047 2554 3267 2626 quidem
3313 2570 3439 2626 pro-

1849 2656 1970 2718 pter
2006 2645 2185 2703 fnnes.
2232 2644 2388 2714 Sane
2441 2656 2664 2718 propter
2709 2660 2921 2718 pannos
2963 2653 3197 2710 veteres,
3260 2654 3438 2718 gestat

1847 2735 2012 2791 etiam
2039 2736 2286 2806 exempla
2312 2736 2592 2792 servorum
2607 2735 2723 2802 Dei,
2749 2749 2886 2806 quos
2912 2736 2981 2793 de
3004 2737 3235 2791 mortuis
3258 2734 3434 2801 vivos,

1848 2836 1905 2884 et
1932 2827 2000 2884 de
2025 2827 2196 2900 nigris
2222 2827 2432 2884 lucidos
2460 2826 2613 2895 facit,
2644 2836 2904 2899 tanquam
2951 2829 3220 2886 carbones
3250 2836 3436 2883 vasta-

1850 2929 2017 2976 tores.
2050 2919 2389 2976 Ezecbielem
2434 2920 2488 2975 in
2533 2919 2788 2976 cincinno
2811 2914 3007 2990 capitis
3033 2921 3139 2987 sui,
3168 2919 3334 2976 missa
3365 2921 3436 2976 ad

1831 3006 1975 3066 eum
2007 3011 2306 3068 similitudo
2331 3026 2525 3067 manus
2551 3011 2911 3082 apprehendit
2944 3010 3163 3081 (Ezech.
3195 3026 3315 3079 vm,
3341 3010 3432 3083 5);

1849 3114 1906 3159 et
1925 3104 2194 3161 elevatum
2227 3104 2370 3160 inter
2396 3113 2602 3160 terram
2630 3112 2687 3161 et
2704 3104 2932 3171 ctelum,
2963 3104 3015 3160 in
3045 3102 3346 3160 Jerusalem
3365 3105 3435 3159 de

1849 3194 2099 3251 Chaldaea
2131 3194 2183 3249 in
2214 3195 2407 3265 spiritu
2439 3192 2588 3250 ducit
2613 3234 2630 3262 ,
2659 3203 2720 3250 ut
2746 3195 3180 3251 abomin’ationes
3207 3209 3326 3265 quae
3361 3193 3434 3249 ibi

1832 3288 1975 3343 sunt
1998 3286 2290 3357 aspiciens,
2318 3287 2386 3343 de
2410 3286 2664 3344 funiculis
2687 3276 2834 3343 facto
2850 3287 3083 3358 ﬂagello,
3113 3297 3169 3343 et
3189 3297 3433 3344 ementes

1845 3385 1902 3433 et
1926 3378 2222 3434 vendentes
2267 3375 2445 3446 ejiciat
2494 3377 2563 3433 de
2599 3377 2823 3450 templo,
2856 3376 3089 3434 dicendo
3121 3396 3136 3433 :
3168 3377 3436 3444 Quoniam

1750 3485 1772 3499 ο
1847 3465 1990 3522 zelus
2018 3467 2207 3523 domus
2243 3476 2349 3542 tua;
2379 3467 2600 3522 comedit
2631 3483 2712 3522 me
2753 3466 2933 3539 (Joan.
2966 3484 3029 3535 tt,
3081 3467 3193 3541 l7).
3244 3468 3434 3526 Daniel

1845 3574 1968 3615 eum
1997 3560 2172 3616 tribus
2197 3559 2359 3616 sociis
2389 3559 2502 3616 suis
2529 3560 2767 3616 abstinet
2795 3561 2863 3616 ab
2892 3576 2959 3617 eo
2982 3561 3125 3632 quod
3152 3576 3320 3618 suave
3346 3571 3436 3616 est

1844 3651 2043 3718 ventri,
2070 3660 2129 3707 ut
2158 3653 2225 3708 ad
2252 3652 2304 3707 id
2335 3651 2646 3724 pertingere
2689 3653 2863 3724 possit
2890 3654 3034 3723 quod
3070 3668 3175 3709 non
3226 3651 3352 3707 falla
3369 3673 3446 3710 ω·-

1846 3751 1928 3799 ter
1955 3745 2115 3799 dulce
2145 3754 2229 3799 est
2256 3744 2454 3811 menti;
2484 3745 2678 3815 dignus
2721 3742 2948 3800 cll‘ectus
2976 3754 3198 3811 extuuc,
3251 3746 3442 3815 perci-

1843 3849 1973 3906 pere
2002 3834 2412 3906 iutelligentiam
2438 3836 2679 3891 omnium
2703 3835 2971 3891 visionum
2998 3845 3054 3891 et
3072 3835 3440 3892 somniorum.

1842 3927 1960 3985 Non
1986 3928 2159 3984 solum
2184 3938 2388 3996 autem,
2433 3929 2529 3986 sed
2565 3942 2622 3986 et
2665 3944 2833 4001 super
2875 3929 3097 3985 ﬂumina
3142 3929 3442 4002 Babylonis

1843 4020 2057 4086 sedens,
2086 4029 2142 4077 et
2169 4022 2223 4076 in
2247 4020 2625 4078 recordatione
2648 4038 2896 4094 supernae
2923 4022 3056 4078 Sion
3097 4022 3256 4091 ﬂens,
3283 4025 3434 4080 fene-

1843 4113 1974 4170 stris
2004 4113 2185 4169 cordis
2213 4114 2295 4169 sui
2325 4112 2393 4168 ad
2424 4112 2594 4169 Deum
2624 4114 2851 4184 apertis,
2883 4114 3055 4172 tribus
3077 4115 3288 4172 vicibus
3309 4122 3436 4172 orat

1842 4206 1897 4261 in
1924 4205 2012 4261 die
2050 4215 2238 4261 contra
2268 4203 2610 4275 Jerusalem;
2644 4208 2926 4279 suspirans
2954 4208 3010 4264 in
3048 4222 3176 4264 vera
3207 4208 3433 4280 spiritus

1836 4298 1926 4354 'sui
1953 4298 2222 4365 claritate,
2261 4307 2316 4355 et
2346 4298 2413 4354 ad
2441 4301 2788 4356 securitatem
2814 4314 3064 4373 superate
3087 4302 3256 4374 pacis,
3281 4310 3338 4359 et
3362 4302 3431 4358 ad

1840 4388 2056 4445 beatam
2084 4396 2143 4445 et
2174 4388 2579 4448 beatiﬁcautem
2622 4391 2888 4448 visionem
2939 4392 3285 4463 sempiterna:
3311 4391 3435 4446 Tri-

153 4499 324 4556 faclet
342 4514 579 4566 sursum,
614 4509 873 4571 quantum
904 4500 972 4558 ad
1011 4480 1283 4573 publicum
1307 4502 1538 4573 egregia:
1564 4503 1737 4557 actioa
1765 4498 1819 4561 D
1845 4481 2048 4573 “imi?-
2072 4480 2114 4535 Ρ
2116 4490 2347 4552 “31’3"”
2375 4495 2475 4537 θον
2492 4497 2648 4573 sun!“
2669 4481 2871 4573 Εδίίτξδε
2892 4482 3069 4573 θωνα
3082 4482 3433 4573 ξίοξίίξείωίιε
3488 4559 3494 4565 ,

151 4593 265 4647 nis.
294 4591 400 4659 Qui
429 4592 590 4648 etiam
628 4593 694 4647 ad
725 4602 1068 4663 peccatorum
1094 4608 1314 4650 suorum
1345 4594 1438 4664 qui
1484 4594 1627 4666 inter
1655 4594 1739 4663 ip-

152 4699 281 4739 sum
322 4692 378 4738 et
406 4684 576 4739 Deum
606 4685 795 4739 dividit
847 4686 1129 4755 parietem,
1172 4694 1496 4741 convertens
1541 4685 1734 4742 faciem

151 4774 208 4845 (Ι
221 4771 267 4828 γ
295 4771 428 4845 Reg.
461 4791 551 4841 xx,
572 4776 651 4845 2),
682 4775 810 4831 dicit
839 4778 989 4847 prius
1019 4776 1331 4848 iniquitates
1356 4793 1483 4832 suas
1505 4775 1742 4846 utjusti-

150 4867 355 4923 licetur
387 4884 401 4920 ;
433 4866 678 4922 imitatus
714 4868 769 4923 iu
794 4869 897 4924 hoc
923 4867 1070 4923 illum
1113 4867 1203 4938 qui
1247 4867 1318 4922 ait
1348 4884 1362 4921 :
1399 4866 1740 4938 Iniquitatem

146 4975 326 5014 meum
357 4974 451 5029 ego
473 4973 748 5028 cognosco,
782 4970 828 5014 et
851 4969 1118 5030 peccatum
1154 4975 1326 5012 meum
1357 4969 1540 5014 contra
1561 4976 1643 5014 me
1662 4968 1740 5014 est

146 5067 361 5120 sentper
385 5049 558 5121 (Psal.
592 5068 644 5118 ι,
684 5051 762 5122 5).
789 5051 857 5106 Et
880 5038 999 5107 ideo
1036 5051 1255 5123 plorans
1276 5061 1426 5117 orat,
1479 5061 1535 5106 et
1576 5066 1739 5109 orans

147 5145 357 5215 plorat,
376 5154 430 5198 et
452 5144 655 5200 diluere
680 5145 905 5201 studens
920 5153 1139 5215 peccata
1157 5158 1351 5214 magna
1374 5158 1569 5217 magno
1589 5142 1736 5211 fletu,

148 5239 301 5292 sicut
331 5236 514 5306 pullus
536 5237 838 5293 hirundinis
868 5238 948 5294 sic
973 5238 1194 5304 clamat,
1223 5235 1515 5292 meditatur
1556 5246 1614 5293 ut
1640 5253 1738 5294 (εοε-

150 5330 364 5383 lttntba.

680 5398 1074 5459 CAPITULUM
1108 5401 1235 5458 Vlll.

148 5469 234 5524 De
259 5469 574 5548 quibusdam
596 5470 944 5548 viris_sanctis
960 5475 1049 5548 qui
1083 5474 1146 5527 ab
1162 5473 1311 5548 Isaia
1339 5473 1548 5542 fuerunt
1578 5472 1741 5548 usque

226 5546 298 5593 att
327 5540 610 5613 Christum,
635 5553 681 5613 et
708 5543 772 5594 de
791 5540 1099 5611 quibusdam
1125 5545 1217 5613 qui
1253 5540 1463 5610 {uerum
1490 5559 1602 5613 post
1644 5540 1741 5601 ad-

222 5621 438 5731 textum
473 5609 692 5675 Christi,
718 5609 944 5681 qualiter
969 5629 1062 5683 per
1098 5609 1185 5668 eos
1230 5609 1459 5684 ﬁgurata
1490 5609 1558 5669 sa
1593 5618 1737 5687 quies

223 5696 285 5731 cc
330 5696 396 5731 (ι’.

223 5696 396 5733 εειιιε.

230 5748 377 5805 Vidit
406 5749 572 5807 Isaias
607 5754 888 5810 Dominum
918 5751 1192 5811 sedentem
1232 5770 1395 5827 super
1419 5756 1610 5814 saliunt
1638 5773 1737 5814 ex-

1784 4582 1790 4587 ’
1841 4580 1899 4629 et
1929 4571 2105 4637 velox,
2163 4580 2223 4626 ut
2277 4572 2568 4643 investiget
2595 4571 2767 4643 legem
2806 4571 3018 4627 Domini
3050 4569 3103 4639 (1
3136 4567 3299 4625 Esdr.
3331 4583 3429 4631 vn.

1834 4646 1955 4732 ‘10),
1984 4658 2193 4716 faciens
2219 4668 2276 4716 et
2310 4661 2512 4716 docens
2556 4670 2888 4731 praeceptum
2911 4659 2965 4714 in
2990 4658 3157 4715 Israel
3191 4668 3248 4714 et
3285 4656 3435 4727 indi:

1841 4752 2034 4821 cium;
2077 4752 2257 4808 sciens
2296 4752 2498 4807 animal
2551 4766 2673 4809 esse
2720 4751 2981 4806 mundum
3034 4752 3179 4822 quod
3227 4751 3433 4822 pariter

1841 4842 2080 4899 ruminat
2103 4851 2159 4898 et
2179 4841 2432 4914 ungulam
2470 4841 2643 4899 ﬁndit.
2680 4841 2744 4896 Et
2793 4842 2933 4897 bene
2972 4840 3205 4910 primum
3242 4840 3428 4906 faciat,

1842 4934 2037 4991 deinde
2059 4935 2271 5000 doceat,
2302 4942 2364 4989 ut
2388 4941 2445 5010 et
2467 4950 2496 4988 a
2525 4934 2797 4989 mandatis
2821 4933 3032 4988 Domini
3055 4932 3344 5003 intelligat,
3373 4945 3427 4988 et

1843 5027 1896 5083 in
1921 5037 2113 5084 ornatu
2139 5027 2412 5098 pontificis
2440 5028 2592 5097 prius
2614 5025 3078 5097 superbumerale,
3105 5025 3301 5084 deinde
3340 5043 3428 5082 ra-

1843 5119 2046 5175 tionale
2098 5118 2405 5189 ponendum
2442 5129 2718 5189 agnoscat.
2750 5119 3074 5175 Cousolator
3110 5119 3423 5185 Neltemias,

1836 5207 1989 5279 juxta
2036 5208 2540 5277 interpretationem
2583 5209 2815 5264 nominis
2870 5209 2950 5264 sui
2994 5224 3178 5266 muros
3209 5219 3426 5282 reparat

1840 5297 2139 5355 Jerusalem
2172 5298 2257 5372 (Il
2284 5297 2442 5354 Esdr.
2480 5300 2585 5369 ιιι),
2613 5300 2888 5357 aedificans
2912 5300 2966 5356 in
2995 5302 3077 5358 eis
3096 5312 3284 5372 portas
3304 5318 3424 5369 sex,

1839 5405 1960 5460 quae
1987 5398 2116 5445 sunt
2146 5387 2391 5446 fortassis
2418 5392 2595 5458 visus,
2635 5392 2870 5457 auditus,
2899 5399 3110 5462 gustus,
3142 5390 3422 5460 odoratus,

1842 5480 2036 5537 affatus
2065 5490 2120 5537 et
2144 5489 2340 5537 tactus.
2373 5482 2513 5538 Ecce
2550 5492 2706 5556 porta
2734 5482 2946 5555 Gregis,
2980 5494 3133 5554 porta
3160 5483 3420 5548 Piscium,

1841 5582 1998 5644 porta
2035 5572 2223 5642 Vetus,
2257 5582 2414 5645 porta
2442 5575 2633 5645 Vallis,
2662 5586 2820 5646 porta
2857 5574 3222 5646 Sterquilinii,
3266 5587 3425 5644 porta

1840 5665 2047 5722 Fontis.
2088 5667 2153 5721 Et
2182 5676 2242 5722 ut
2266 5669 2333 5723 ad
2360 5676 2603 5740 tempora
2635 5670 2824 5740 gratite
2857 5668 3092 5734 veniam,
3123 5668 3300 5724 videns
3327 5668 3422 5724 Je-

1840 5777 1932 5816 sus
1955 5761 2157 5829 turbas,
2181 5763 2414 5819 ascendit
2441 5762 2495 5817 in
2519 5772 2742 5818 montem
2770 5760 2985 5833 (Matth.
3015 5775 3064 5830 v,
3092 5761 3131 5832 t)
3158 5778 3179 5829 ;
3211 5770 3268 5819 et
3313 5761 3422 5827 alia
