3894 6298
511 365 622 454 8ἰῇ

1394 359 2095 452 .GUIGONISHILCARTIH

2197 365 2268 448 ΕΔ
2285 365 2580 452 MAIqu
2615 365 2891 424 PRIORIS
3527 443 3530 448 ,
3643 384 3730 442 816

509 447 628 534 vice
657 474 888 531 ascendit
913 476 968 530 in
991 486 1216 530 montem
1238 474 1377 529 solus
1394 447 1557 530 orare
1588 447 1940 546 (Matthixtv,
1969 477 2083 549 25).
2118 486 2165 545 Α
2191 477 2428 543 ciuntur,
2459 479 2514 534 in
2543 479 2644 536 hoc
2676 479 2978 548 consulere,
3010 481 3052 538 si
3085 481 3296 542 faciunt
3321 501 3416 544 cos
3443 490 3598 550 exire.
3633 497 3726 557 Sed

509 569 726 625 Domini
788 567 1000 623 futurus
1043 579 1344 636 prtecursor
1397 565 1584 622 beatus
1630 565 1865 623 Joannes
1911 569 2088 624 adhuc

511 674 668 730 puer,
691 659 890 712 crescit
911 665 966 711 et
986 657 1321 713 confortatur
1347 657 1539 726 spiritu
1571 673 1793 713 manens
1824 660 1876 712 in
1899 659 2086 714 deser-

513 752 604 816 tis,
644 765 813 820 usque
840 749 905 804 ad
931 749 1255 804 ostensionis
1296 761 1406 802 sua).
1437 748 1575 802 diem
1608 750 1674 802 ad
1723 750 1887 804 lsrael
1933 749 2087 820 (Luc.

513 859 556 909 ι,
585 839 697 912 80).
730 839 785 895 ln
811 839 1084 909 superiora
1113 838 1303 892 Petrus
1326 837 1566 892 ascendit
1589 848 1646 892 ut
1674 851 1816 902 oret,
1839 855 1940 894 nec
1970 841 2092 894 abs-

519 945 624 999 que
666 927 882 990 esurie;
913 925 1171 994 przeclara
1199 924 1434 980 Cornelii
1465 926 1570 980 ﬁde
1593 925 1731 997 (Act.
1763 943 1818 992 x,
1864 927 1920 998 9)
1952 937 2094 996 pust-

515 1021 754 1085 modum,
785 1033 848 1072 ac
871 1030 992 1087 post
1018 1018 1286 1072 modicum
1332 1019 1632 1074 satiandus.
1684 1017 1864 1074 Mouet
1909 1019 2096 1074 Timo-

519 1111 698 1166 theum
729 1109 1050 1178 praedicator
1095 1109 1344 1180 egregius
1374 1109 1571 1165 Paulus
1615 1109 1668 1181 (I
1711 1109 1846 1164 Tim.
1876 1125 1948 1176 tv,
1979 1113 2092 1182 15),

515 1213 574 1257 ut
603 1205 726 1258 dum
750 1201 898 1257 venit
922 1201 1168 1256 attendat
1195 1199 1434 1269 lectioni,
1466 1203 1855 1268 exhortationi,
1893 1205 2094 1262 doctri-

519 1309 598 1344 na:
623 1291 794 1360 (ibid,
824 1291 950 1362 l6);
982 1306 1232 1348 asserens
1255 1293 1399 1362 quod
1430 1293 1545 1348 haec
1570 1291 1793 1362 faciens,
1823 1303 1877 1348 et
1903 1305 2100 1350 semet-

519 1381 690 1450 ipsum
739 1381 990 1446 salvabit,
1033 1391 1089 1437 et
1132 1397 1227 1438 eos
1253 1383 1342 1452 qui
1377 1381 1524 1436 illum
1570 1384 1796 1438 audiunt
1819 1383 1991 1455 (ibid.,
2019 1383 2094 1456 8).

517 1472 618 1538 Qui
652 1480 704 1544 et
727 1473 876 1537 dicit,
909 1473 1243 1544 corporalem
1269 1475 1714 1530 exercitationem
1741 1475 1806 1530 ad
1830 1475 2097 1531 modicum

520 1543 704 1615 utilem
735 1575 875 1626 esse,
903 1543 1089 1617 utilem
1119 1579 1252 1618 vero
1305 1565 1369 1620 ad
1415 1565 1594 1619 omnia
1637 1581 1756 1620 esse
1797 1566 2050 1636 pietatem
2082 1584 2096 1621 :

519 1669 684 1722 quam
733 1661 790 1708 et
846 1655 1042 1708 asserit
1086 1656 1501 1725 promissionem
1560 1657 1760 1712 habere
1804 1658 1927 1712 vitae
1980 1675 2101 1728 quze

521 1759 665 1802 nunc
714 1752 821 1810 est,
874 1753 929 1800 et
977 1745 1188 1801 futurze.
1234 1747 1366 1803 Cum
1405 1748 1546 1804 fores
1581 1759 1706 1804 sunt
1744 1749 1960 1816 clausae,
2007 1751 2098 1806 ubi

2191 568 2246 624 hi
2273 567 2529 622 nimirum
2557 569 2670 626 sola
2693 572 2938 640 quaedam
2967 573 3144 630 minus
3171 579 3409 646 providae
3431 581 3730 648 discretionis

2191 657 2424 728 imagine
2457 655 2732 714 falluntur.
2767 660 2822 715 ld
2847 661 2989 716 enim
3016 666 3231 734 penitus
3257 683 3364 723 non
3377 673 3596 741 expedit.
3615 677 3730 738 Sea.

2193 747 2326 802 titur
2377 759 2528 804 certe
2573 759 2849 824 utcunque
2925 767 3304 814 momentanea
3353 765 3580 834 quaedam
3631 773 3728 830 sine

2193 839 2375 908 quiete
2397 840 2573 911 quies,
2600 851 2657 898 et
2686 845 2802 898 sine
2828 844 3111 902 dulcedine
3139 849 3393 920 dulcedo,
3424 865 3478 910 et
3497 859 3604 916 sine
3623 878 3728 918 eon-

2194 930 2459 986 solatione
2491 934 2818 998 consolatio;
2853 937 2948 996 sed
2985 942 3230 997 succedit
3249 947 3452 1016 absque
3474 965 3606 1006 mora
3629 971 3732 1025 per-

2197 1024 2410 1078 turbata
2441 1025 2767 1094 amaritudo,
2799 1035 2855 1083 et
2891 1045 3074 1086 amara
3118 1037 3476 1106 perturbatio,
3501 1051 3551 1096 et
3575 1024 3732 1102 intole-

2197 1110 2385 1168 rabilis
2415 1113 2636 1170 omnino
2661 1116 2940 1173 desolatio.
2971 1119 3090 1176 Mox
3121 1125 3266 1180 enim
3295 1135 3355 1180 ut
3377 1131 3444 1184 ad
3471 1131 3636 1190 cellam
3655 1153 3732 1194 rc-

2197 1203 2388 1268 dieril,
2415 1207 2788 1275 apprehendet
2847 1224 2908 1266 ac
2949 1215 3278 1282 penetrabit,
3325 1233 3391 1273 ac
3427 1221 3736 1284 circumdabit

2198 1311 2320 1352 eum
2351 1299 2694 1366 intrinsecus,
2727 1301 3014 1360 durissima
3045 1308 3239 1378 agonia
3289 1319 3346 1366 et
3373 1313 3636 1372 durissima
3659 1335 3734 1374 an-

2200 1389 2374 1459 gustia
2423 1391 2673 1460 spiritus,
2713 1395 3094 1463 gravissimum
3133 1400 3352 1456 tmdium
3381 1405 3568 1469 cordis,
3609 1421 3734 1466 atro-

2199 1471 2418 1526 cissima
2443 1475 2766 1532 evisceratio
2799 1479 3019 1535 mentis.
3053 1482 3188 1550 Quia
3217 1487 3436 1552 quoties
3475 1489 3631 1546 minus
3661 1495 3733 1550 diu

2201 1571 2354 1618 extra
2387 1577 2508 1618 eam
2550 1565 2604 1620 in
2663 1569 2986 1640 evagatioue
3022 1574 3236 1629 curiosa
3271 1584 3326 1630 et
3369 1593 3502 1634 vana
3535 1596 3736 1640 moratu-

2203 1665 2296 1705 rus
2319 1652 2441 1721 quis
2471 1662 2674 1709 temere
2697 1655 2887 1710 cellam
2919 1661 3214 1730 egreditur,
3245 1663 3406 1720 toties
3431 1671 3570 1738 quasi
3595 1687 3736 1728 novus

2203 1743 2530 1801 inhabitator
2559 1749 2868 1816 revertitur,
2891 1753 3162 1824 aliumque
3198 1771 3258 1810 se
3283 1758 3452 1814 sensit
3483 1769 3544 1826 et
3565 1763 3736 1820 invenit

521 1847 743 1906 propter
773 1846 972 1890 metunt
997 1837 1242 1907 discipuli
1270 1841 1582 1912 congregati
1603 1851 1729 1896 sunt
1757 1842 1890 1896 venit
1914 1841 2094 1908 Jesus.
2130 1827 2174 1882 Β
2201 1851 2496 1905 regressus.
2531 1853 2692 1908 quam
2716 1851 2836 1898 eral
2863 1853 3152 1914 anle‘lllam
3191 1845 3295 1902 Ῐυίι
3319 1855 3732 1920 egressus-Acce-

521 1939 570 1980 et
607 1937 707 1982 stat
739 1928 794 1981 in
813 1928 1004 1994 medio,
1052 1941 1098 1983 et
1127 1931 1250 1984 dicit
1279 1933 1351 1986 eis
1383 1947 1400 1984 :
1433 1931 1552 1987 Pax
1595 1934 1738 1988 vobis
1772 1934 1953 2005 (Joan.
2002 1951 2094 2004 xx,

517 2016 634 2084 26).
673 2017 972 2071 Succedent
1007 2019 1107 2072 tria
1142 2021 1254 2073 haec
1307 2021 1576 2090 videlicet,
1617 2023 1824 2092 venire,
1867 2033 2012 2079 stare
2044 2033 2098 2078 et

518 2107 738 2173 dicere;
777 2107 823 2161 si
855 2107 972 2162 hmc
1005 2111 1106 2162 tria
1151 2113 1547 2181 praecesserint,
1583 2115 1790 2170 scilicet
1819 2131 1964 2182 sero,
2013 2117 2100 2173 die

519 2199 634 2266 illo,
658 2215 765 2255 una
793 2199 1178 2256 Sabbatorum.
1209 2203 1284 2257 De
1310 2219 1472 2258 manu
1495 2203 1670 2277 angeli
1702 2209 1898 2263 stantis
1939 2224 2100 2279 super

519 2304 670 2345 mare
709 2299 766 2347 et
811 2307 972 2364 super
999 2299 1216 2358 terram,
1241 2289 1477 2349 Joannes
1510 2295 1786 2366 apostolus
1817 2297 1869 2352 in
1891 2297 2101 2368 Apoca-

520 2380 655 2452 lypsi
683 2387 760 2450 (x,
783 2383 837 2454 9)
867 2381 1062 2455 accipit
1083 2383 1277 2438 librum
1307 2425 1323 2451 ,
1356 2395 1411 2440 et
1441 2385 1506 2442 ab
1538 2402 1602 2442 eo
1642 2385 1929 2441 devoratus
1972 2387 2100 2444 facit

520 2475 809 2530 amaricari
833 2485 1076 2534 ventrem
1108 2491 1285 2533 suum.
1326 2477 1433 2532 Sed
1478 2485 1560 2533 est
1611 2477 1663 2531 in
1693 2493 1788 2534 ore
1837 2494 1936 2534 suo
1980 2487 2102 2533 tan-

519 2581 682 2636 quam
713 2566 842 2634 mel,
869 2567 1060 2624 dulcis.
1092 2565 1314 2624 Sacram
1339 2571 1535 2640 quippe
1567 2569 1902 2641 Scripturam
1930 2571 2099 2625 adim-

519 2655 690 2727 plevit
723 2672 905 2726 opere,
940 2657 1030 2714 ille
1077 2659 1261 2730 magni
1302 2659 1508 2714 consilii
1543 2659 1782 2731 angelus,
1827 2670 2017 2730 potens
2043 2661 2098 2714 in

519 2760 686 2816 opere
708 2755 762 2801 et
783 2761 1034 2803 sermone
1067 2748 1327 2802 Dominus
1381 2747 1568 2814 Iesus;
1606 2749 2099 2819 circumcisionem,

518 2851 644 2906 quae
663 2838 730 2892 ad
755 2847 954 2893 terram
986 2839 1223 2894 refertur
1243 2839 1549 2910 justiﬁcans
1597 2855 1664 2895 ex
1709 2839 1844 2906 ﬁde;
1877 2851 1928 2895 ct
1957 2856 2095 2910 prae-

513 2929 726 2998 putium
767 2931 912 2999 quod
945 2931 1012 2984 ad
1063 2945 1236 2997 mare,
1282 2945 1380 3004 per
1419 2931 1602 2996 ﬁdem,
1654 2941 1714 2987 ut
1745 2949 1866 2988 cum
1917 2933 2099 3004 aquilo

516 3020 611 3076 dat
642 3029 827 3076 auster
851 3034 958 3075 non
987 3021 1288 3091 prohibeat.
1319 3019 1490 3089 Quem
1523 3021 1742 3088 librum,
1773 3023 1898 3080 cum
1955 3026 2100 3082 acci-

515 3109 596 3178 pit
619 3107 877 3178 Joannes,
904 3112 1210 3168 amaritudo
1232 3111 1452 3183 quidem
1485 3113 1540 3168 in
1595 3125 1806 3183 ventre,
1864 3117 1957 3173 sed
1983 3117 2100 3174 dul-

514 3203 650 3258 cedo
681 3201 739 3257 (it
767 3204 820 3258 in
853 3217 982 3270 ore;
1010 3221 1114 3258 una
1143 3205 1194 3266 in
1226 3203 1611 3276 adimpletione
1639 3213 1694 3261 et
1739 3209 2096 3279 experientia,

517 3294 690 3348 altera
716 3301 866 3350 'vero
901 3295 956 3349 in
1005 3297 1382 3354 recordatione
1436 3306 1491 3353 et
1541 3298 1916 3370 intelligentia.
1971 3301 2099 3361 Haec

515 3387 698 3440 omnia
730 3387 783 3456 (0
835 3385 1268 3460 Carthusienses)
1305 3397 1361 3445 et
1391 3389 1604 3460 singula
1634 3391 1678 3446 si
1703 3391 1988 3462 diligenter
2017 3395 2099 3450 in-

520 3475 760 3540 tenditis,
785 3492 924 3548 quat,
950 3489 1004 3532 et
1023 3479 1218 3548 qualis,
1245 3489 1298 3536 et
1318 3493 1518 3552 quanta
1543 3485 1617 3540 sit
1639 3485 1786 3542 cellae
1808 3489 1961 3557 quies
1986 3489 2102 3548 evi-

516 3565 707 3620 denter
733 3567 1162 3636 dcprehendetis.
1193 3568 1291 3624 Cui
1315 3571 1592 3640 nimirum,
1619 3584 1678 3628 ut
1707 3577 1856 3632 novit
1885 3581 1975 3648 qui
2004 3595 2098 3635 ex-

513 3661 703 3728 pertus
727 3668 829 3726 est,
862 3674 968 3730 quo
1009 3660 1300 3717 instantius
1342 3662 1641 3733 intenditis,
1683 3681 1748 3724 eo
1777 3669 2095 3740 dulciorem,

513 3749 614 3804 sed
657 3750 990 3817 suaviorem,
1050 3751 1141 3806 sed
1183 3751 1582 3822 iucundiorem,
1613 3759 1706 3814 sed
1741 3761 2094 3831 sereniorem,

513 3839 609 3894 sed
639 3838 1121 3909 dclectahiliorem,
1164 3843 1260 3898 sed
1310 3841 1630 3917 faciliorem,
1664 3851 1759 3908 sed
1809 3851 2096 3912 clariorem

513 3929 785 3986 sentietis.

1039 4025 1438 4088 CAPITULUM
1473 4033 1582 4092 lX..

509 4127 798 4220 De'quiete
821 4131 984 4220 cellat,
1017 4145 1063 4218 et
1099 4140 1237 4220 quod
1267 4157 1372 4196 non
1413 4146 1658 4220 expediat
1684 4149 1732 4220 ei
1779 4151 1872 4220 qui
1921 4152 1982 4208 in
2029 4171 2092 4210 ea

585 4201 812 4268 Imbitat,
835 4213 891 4256 ut
937 4201 1235 4264 curiositate
1275 4201 1556 4270 temeraria
1607 4201 1759 4273 nimis
1784 4201 1893 4275 idin
1925 4201 2091 4279 in};

587 4287 704 4324 eam
741 4281 938 4327 morata
945 4289 989 4328 r.

585 4363 702 4421 Hoc
726 4375 906 4422 autem
934 4370 1224 4442 unicuique
1247 4375 1340 4445 qui
1377 4387 1622 4434 moratur
1653 4380 1706 4435 in
1739 4383 1872 4440 cella
1917 4387 2095 4442 scien-

2201 1927 2280 1983 dit
2304 1927 2372 1983 ad
2415 1929 2518 1984 hoc
2544 1932 2686 2000 quod
2709 1934 2776 1988 de
2797 1949 2854 1990 se
2883 1939 3129 2005 quaedam
3160 1939 3258 2006 ait,
3297 1943 3424 2011 quia
3457 1959 3646 2017 egressa
3669 1959 3736 2004 est

2201 2016 2379 2087 plena,
2417 2029 2473 2072 et
2496 2033 2718 2075 vacuam
2753 2025 2967 2079 reduxit
2993 2043 3112 2082 eam
3149 2027 3417 2088 Dominus
3456 2016 3736 2104 :unde,uec

2201 2111 2432 2180 amplius
2453 2109 2640 2168 Noemi
2668 2114 2762 2170 sed
2798 2113 3010 2173 Marath
3053 2135 3114 2176 se
3161 2123 3332 2178 voluit
3369 2133 3556 2184 extum:
3585 2131 3734 2186 vocari

2203 2199 2388 2273 (Ruth.
2431 2217 2469 2268 ι,
2515 2203 2640 2274 21);
2680 2206 2806 2275 quia
2853 2223 2972 2278 qua:
3033 2213 3258 2280 pulchra
3303 2225 3422 2271 erat
3467 2219 3732 2290 priusquam

2201 2294 2571 2362 egrederetur,
2611 2311 2912 2370 regressum
2941 2317 3071 2358 vero
3089 2303 3202 2372 jam
3231 2322 3292 2362 se
3326 2323 3448 2366 esse
3482 2311 3572 2367 sibi
3609 2323 3656 2368 et
3691 2314 3734 2370 in

2201 2399 2262 2438 se
2289 2401 2530 2442 amaram
2561 2391 2854 2458 experitur.
2888 2393 2954 2448 Et
2990 2393 3056 2449 de
3087 2413 3196 2466 quo
3239 2399 3362 2454 loco
3407 2415 3604 2472 egressa
3633 2407 3732 2460 est?

2202 2470 2380 2534 nonne
2401 2479 2466 2535 de
2492 2479 2808 2538 Bethleem?
2831 2485 2898 2540 Et
2931 2501 3050 2556 qua:
3077 2503 3190 2544 sua:
3215 2470 3535 2560 egressionis
3562 2501 3736 2554 causa!

2201 2583 2380 2624 nonne
2399 2569 2570 2626 fames
2589 2573 2612 2626 ἲν
2637 2573 2704 2628 Et
2723 2589 2831 2644 quo
2852 2589 3068 2646 egressa
3089 2589 3171 2636 est
3185 2581 3208 2634 τ
3223 2584 3418 2654 utique
3435 2586 3482 2640 in
3507 2589 3734 2656 regionem

2201 2655 2566 2716 Moabitidem.
2598 2661 2654 2716 ln
2689 2678 2793 2733 qua
2823 2675 2994 2732 certe,
3035 2677 3094 2724 ut
3137 2683 3308 2727 verax
3365 2655 3574 2732 historia
3599 2679 3734 2744 dicit,

2205 2752 2520 2808 morabatur
2555 2754 2634 2810 sic
2663 2757 2806 2826 quod
2849 2757 2902 2812 in
2932 2774 2994 2815 ea
3045 2765 3504 2834 peregrinabatur.
3545 2769 3602 2825 Et
3639 2772 3739 2828 ideo

2205 2843 2445 2910 quandiu
2476 2844 2548 2934 ibi
2576 2847 2677 2902 fuit
2702 2849 2986 2921 peregrina
3015 2851 3137 2909 fuit.
3179 2855 3242 2910 Et
3270 2873 3438 2928 quare
3473 2865 3734 2934 peregrina,

2203 2929 2304 2985 nisi
2331 2933 2457 3002 quia
2483 2932 2555 2988 ibi
2579 2949 2686 2990 non
2711 2935 2811 2992 fuit
2833 2939 2886 2994 in
2915 2945 3156 3014 proprio,
3187 2948 3282 3003 sed
3319 2949 3373 3004 in
3409 2929 3739 3014 alienat-Natu

2202 3021 2418 3092 propria
2445 3023 2711 3082 habitatio
2763 3043 2871 3084 non
2901 3031 3035 3089 alias
3074 3034 3123 3090 ei
3169 3051 3332 3106 quam
3391 3040 3444 3096 in
3483 3043 3738 3103 Bethleem.

2203 3111 2344 3180 Quid
2366 3114 2421 3170 in
2456 3115 2542 3172 his
2569 3119 2724 3174 vobis
2761 3119 2976 3178 videtur
2999 3124 3066 3181 de
3095 3125 3210 3182 iis?
3261 3127 3374 3186 Cur
3399 3147 3628 3192 veremur
3645 3137 3740 3194 cel-

2203 3205 2332 3271 lam,
2361 3209 2636 3278 quandam
2663 3227 2861 3272 vocare
2890 3217 3072 3288 itaque
3095 3219 3380 3290 audemus,
3405 3225 3493 3282 sed
3523 3229 3740 3298 spiritua-

2201 3295 2308 3352 lem
2338 3313 2443 3354 non
2473 3303 2819 3372 temporalem
2849 3305 3028 3379 [Par.,
3057 3315 3454 3389 corporalem],
3479 3295 3572 3374 non
3589 3319 3740 3376 histo-

2157 3389 2389 3468 orialem
2445 3393 2538 3447 sed
2573 3395 2856 3452 moralem.
2919 3398 2980 3454 In
3045 3402 3303 3460 historica
3358 3407 3444 3463 illa
3481 3409 3734 3476 Bethleem,

2201 3481 2366 3536 Beata
2393 3493 2566 3540 mater
2591 3488 2755 3544 semel
2789 3493 2999 3561 peperit
3025 3491 3208 3551 Iesum
3239 3498 3512 3556 Christum
3537 3521 3552 3568 ;
3585 3504 3628 3558 in
3649 3505 3732 3560 hac

2202 3581 2380 3628 autem
2421 3576 2776 3649 tropologica,
2829 3589 2890 3635 ut
2949 3587 3100 3640 novit
3135 3593 3312 3647 omnis
3369 3595 3458 3664 qui
3496 3596 3734 3666 aliquoties

2199 3675 2284 3722 est
2301 3680 2574 3738 expertus,
2599 3671 2860 3739 quotidie,
2878 3674 2986 3730 imo
3009 3677 3374 3740 indesinenter
3389 3687 3580 3743 confert
3607 3691 3736 3746 nobis

2201 3765 2378 3810 mater
2403 3757 2631 3826 gratiam
2678 3763 2986 3820 sanctitatis
3010 3783 3230 3825 suavem
3264 3776 3468 3842 pariter
3513 3787 3561 3834 et
3607 3779 3730 3834 salu-

2197 3843 2348 3901 brem
2379 3846 2630 3906 fructum.
2662 3853 2892 3911 Suavem
2917 3869 3138 3930 propter
3165 3866 3494 3938 unctionem,
3519 3874 3640 3942 quod
3657 3889 3734 3928 so-

2199 3946 2291 3992 nat
2311 3953 2503 3994 nomen
2535 3941 2678 3998 istud
2706 3949 2848 4016 quod
2871 3959 2954 4004 est
2977 3949 3266 4023 Christus;
3301 3941 3565 4018 salubrem
3603 3981 3732 4030 vero.

2198 4037 2420 4098 propter
2471 4032 2846 4106 salvationem,
2875 4042 3016 4110 quod
3049 4043 3100 4098 in
3129 4061 3189 4102 se
3220 4049 3386 4106 habet
3435 4053 3531 4110 hoc
3569 4073 3736 4114 nomen

2197 4121 2339 4189 quod
2365 4133 2448 4178 est
2493 4123 2673 4182 Iesus.
2706 4127 2840 4186 Nam
2878 4145 3124 4203 unctum,
3159 4149 3220 4196 nt
3271 4144 3616 4214 scitis,fsouat
3643 4149 3732 4206 hoc

2197 4223 2392 4266 nomen
2428 4214 2570 4282 quod
2599 4225 2680 4271 est
2705 4217 2985 4286 Christus;
3016 4223 3354 4286 Salvatorem
3377 4247 3520 4302 vero,
3551 4237 3736 4292 beatum

2197 4297 2301 4354 hoc
2335 4315 2530 4357 nomen
2558 4307 2700 4374 quod
2723 4317 2806 4362 est
2839 4307 3020 4367 Iesus.
3049 4313 3218 4384 Igitur
3243 4319 3288 4374 si
3323 4321 3486 4380 vultis
3507 4297 3732 4397 recipere,

2197 4389 2272 4445 illi
2305 4394 2396 4462 qui
2417 4393 2608 4452 cellam
2641 4399 2906 4458 inhabitat
2929 4420 2993 4460 eo
3017 4411 3176 4465 modo
3217 4428 3326 4482 quo
3357 4389 3634 4474 inhabitare

515 4459 664 4525 dum,
694 4470 749 4516 et
781 4461 1063 4532 diligenter
1088 4473 1172 4521 est
1199 4467 1249 4523 ei
1299 4470 1351 4522 ln
1385 4472 1556 4525 tenaci
1600 4477 1856 4531 memoria
1903 4493 2096 4536 recon-
2125 4499 2174 4562 ι)
2199 4481 2308 4548 bet,
2344 4485 2681 4554 spiritualem
2712 4507 2854 4548 verte
2875 4499 3180 4556 sanctitatis
3209 4459 3424 4562 elonl'ert
3457 4511 3612 4578 gratia
3644 4509 3726 4564 l‘ru-

515 4549 746 4578 .ι.....1.....
802 4553 942 4578 ..η---ι
965 4567 1069 4578 η-..
1098 4555 1204 4578 ---1.
1231 4559 1342 4578 ιη.-
1403 4559 1458 4578 λ-
1496 4575 1583 4578 μή
1627 4561 1641 4578 ι
1757 4566 1769 4578 .
2003 4571 2034 4578 ..

514 4549 768 4616 dendum,
800 4553 1074 4622 quodnon
1098 4555 1212 4611 vult
1231 4559 1347 4613 haec
1395 4559 1462 4615 de
1486 4575 1595 4630 qua
1626 4561 1901 4634 loquimur
1935 4571 2092 4638 cella,

513 4649 572 4694 ut
607 4641 698 4710 qui
723 4645 774 4696 in
797 4655 860 4698 ea
875 4653 1246 4715 conversatur,
1267 4649 1430 4706 nimis
1451 4653 1542 4708 diu
1569 4665 1724 4710 extra
1745 4671 1866 4712 eam
1891 4667 2096 4717 temere

511 4731 845 4787 demoretur.
897 4734 963 4788 Et
1011 4737 1135 4805 quis
1189 4738 1280 4793 diu
1310 4752 1465 4797 extra
1507 4759 1630 4799 eam
1665 4755 1866 4805 temere
1895 4754 2092 4807 morari

513 4831 680 4885 amat,
706 4825 806 4878 nisi
827 4826 918 4894 qui
939 4837 1142 4894 quanta
1164 4831 1212 4885 ei
1237 4833 1420 4889 insunt
1443 4836 1580 4892 bona
1613 4841 1825 4908 penitus
1849 4842 2094 4914 ignorat?

513 4913 582 4966 Et
606 4915 826 4982 quidem
861 4928 1125 4985 quantum
1157 4922 1210 4977 in
1242 4939 1304 4979 ea
1335 4929 1537 4984 morari
1587 4913 1938 5002 fructuosum,
1973 4943 2092 4991 tan-

515 5015 626 5058 tum
659 5015 813 5060 extra
838 5023 957 5065 eam
987 5012 1146 5086 longe
1197 5015 1281 5071 vel
1329 5019 1419 5073 diu
1469 5025 1657 5094 vagari
1707 5025 2089 5096 periculosum.

511 5095 628 5158 Non
657 5097 802 5154 enim
833 5101 1034 5160 diutius
1065 5107 1335 5166 habitator
1355 5111 1502 5169 cellae
1543 5095 1724 5172 vivere
1778 5125 1955 5188 potest
1985 5122 2097 5192 spi-

511 5188 782 5245 ritualiter
803 5202 957 5250 extra
985 5198 1200 5266 cellam,
1230 5217 1393 5272 quam
1424 5208 1785 5277 corporaliter
1808 5211 1972 5280 piscis
1997 5228 2095 5268 ex-

511 5271 594 5332 tra
618 5293 835 5350 aquam.
865 5283 1214 5345 Considerate
1244 5271 1366 5362 quia
1395 5271 1656 5364 pisciculo
1685 5295 1785 5362 illi,
1808 5271 1908 5368 'qui
1945 5301 2094 5356 [talea

509 5369 729 5441 dicitur,
764 5389 930 5432 unum
973 5378 1225 5450 idemque
1283 5394 1614 5440 momentum
1666 5396 1773 5455 est,
1828 5399 1885 5446 et
1936 5401 2092 5451 extra

505 5459 706 5533 aquam
735 5478 876 5534 esse,
909 5477 964 5523 et
991 5471 1292 5540 exSpirare.
1347 5473 1414 5527 Et
1447 5475 1576 5529 cella
1616 5479 1832 5547 quidem
1891 5481 2093 5538 forma-

507 5559 598 5607 tur
621 5567 690 5608 ex
721 5553 823 5609 hac
849 5557 1138 5613 dilectione
1161 5559 1311 5614 Italec
1335 5575 1455 5617 cum
1493 5569 1848 5625 convertitur.
1901 5571 1966 5627 Et
1993 5589 2094 5644 pu-

509 5652 631 5700 tant
656 5645 823 5714 aliqui
871 5663 976 5703 non
1005 5659 1154 5705 recte
1179 5653 1604 5725 considerantes,
1645 5661 1748 5717 illis
1773 5665 1864 5733 qui
1909 5665 2092 5737 aliquo

511 5737 595 5804 (ut
623 5745 1009 5822 nonnunquam
1053 5739 1189 5796 solet
1230 5743 1472 5822 evenire)
1519 5748 1574 5805 in
1607 5751 1742 5808 cella
1788 5753 1946 5810 taedio
1977 5755 2090 5811 alli-

2199 4581 2384 4641 ctum,
2433 4587 2488 4632 et
2543 4591 2765 4652 propter
2827 4587 3241 4647 exsultationem
3299 4610 3404 4664 qua
3457 4599 3736 4656 intrinsecus

2197 4673 2416 4740 gaudet,
2467 4672 2763 4742 jucundum
2820 4687 2877 4735 et
2927 4695 3167 4738 suavem.
3217 4687 3372 4754 Quod
3417 4702 3519 4760 est,
3551 4693 3734 4748 Beatam

2196 4760 2447 4830 Mariam,
2475 4777 2732 4835 quantum
2763 4769 2829 4825 ad
2853 4770 2995 4828 hunc
3022 4775 3212 4830 attinet
3250 4784 3543 4838 secundum
3583 4784 3734 4854 (quem

2199 4856 2690 4930 modoinceditnus)
2717 4863 3100 4934 trepologicum
3123 4883 3368 4937 sensum,
3405 4875 3460 4930 in
3498 4875 3734 4930 Bethleem

2195 4961 2386 5014 parere
2411 4948 2708 5015 Christum,
2733 4963 2788 5007 et
2815 4969 3036 5028 propter
3062 4961 3380 5032 religionem
3425 4981 3576 5036 quam
3602 4975 3730 5020 exle-

2196 5039 2310 5092 rius
2321 5047 2560 5106 exercet,
2589 5041 2771 5097 utilem
2799 5054 2853 5100 et
2873 5049 3178 5108 salubrem?
3199 5057 3344 5125 quod
3367 5072 3430 5112 ex
3451 5055 3590 5126 juxta
3609 5071 3736 5114 eum-

2193 5129 2318 5183 dem
2335 5144 2574 5198 sensum,
2598 5127 2766 5200 ipsam
2787 5137 2996 5193 beatam
3021 5141 3249 5200 Mariam
3282 5145 3338 5202 in
3385 5145 3638 5204 Bethleem
3658 5161 3734 5216 p3-

2195 5231 2326 5272 vere
2354 5215 2560 5274 Iesum.
2595 5221 2791 5279 Verum
2815 5241 2937 5282 cum
2969 5229 3084 5287 hare
3129 5232 3384 5304 dicimus,
3425 5253 3572 5294 nemo
3605 5215 3734 5308 putet

2195 5306 2336 5377 quod
2367 5305 2604 5376 aliquam
2641 5309 2901 5374 faciamus
2928 5319 3284 5379 dill'erentiam
3319 5341 3414 5382 seu
3455 5305 3728 5384 divisionem

2197 5401 2336 5456 inter
2353 5401 2534 5459 Iesum
2551 5415 2605 5460 et
2628 5404 2927 5476 Christum,
2953 5407 3214 5480 quantum
3237 5417 3305 5470 ad
3332 5417 3474 5472 illam
3506 5419 3730 5472 duntaxat

2193 5507 2481 5563 personam
2513 5509 2742 5568 spectat,
2767 5516 2887 5570 quae
2915 5503 2994 5556 sic
3017 5503 3215 5560 dicitur
3239 5523 3258 5573 ;
3301 5510 3452 5578 quia,
3477 5509 3561 5578 qui
3591 5508 3728 5563 Chri-

2195 5591 2330 5650 stus,
2388 5585 2500 5654 ipse
2567 5604 2782 5660 quoque
2819 5591 2974 5649 Iesus
3003 5609 3126 5650 esse
3177 5613 3284 5653 non
3320 5602 3594 5655 dubitatur.
3637 5596 3730 5652 Sed

2192 5680 2409 5741 propter
2429 5673 2701 5732 diversam
2731 5679 2920 5735 horum
2945 5685 3220 5739 nominum
3247 5687 3728 5758 interpretationem,

2195 5763 2464 5819 diversam
2491 5759 2710 5840 quoque
2741 5771 2792 5828 in
2824 5773 2902 5828 eis
2947 5777 3245 5848 accipimus
3293 5779 3722 5848 signiﬁcationem.
