3984 6414
133 352 239 409 817

1248 349 1448 407 LIBER
1487 351 1575 407 DE
1611 347 1975 406 EXERClTiO
2011 346 2276 405 CELLAS.

3293 350 3398 409 818

131 461 276 518 Nam
304 474 534 532 persona
565 460 782 531 quidem
803 473 931 528 una,
955 459 1279 532 s.gnificatio
1303 477 1517 532 quoque
1547 461 1719 518 nomi-
1747 465 1794 522 Α
1818 463 1973 533 piens
1999 479 2012 516 :
2044 460 2146 528 Qui
2173 459 2345 516 mollis
2379 468 2429 516 et
2457 457 2742 515 dissolutus
2766 468 2841 516 est
2870 461 2924 514 in
2952 477 3102 532 opere
3125 479 3249 531 suo,
3278 463 3395 532 fra-

133 568 271 610 nnm
293 551 531 623 ejusdem
553 565 798 622 personae
823 552 1055 607 diversa.
1071 553 1256 622 Itaque
1278 553 1423 608 aliud
1447 561 1596 608 notat
1622 554 1724 607 hoc

134 657 340 700 nomen
381 642 526 716 quod
552 653 636 697 est
681 640 859 709 Jesus,
887 641 1032 698 aliud
1063 642 1204 699 istud
1241 642 1384 714 quod
1438 653 1523 700 est
1575 643 1726 699 Chri-

134 743 259 794 stus
289 751 304 788 :
337 749 442 789 non
497 742 676 788 tamen
715 730 817 786 alia
866 747 1100 804 persona
1151 743 1374 790 notatur
1399 749 1494 804 per
1517 733 1724 800 Jesum,

133 825 244 880 alia
273 839 374 895 per
395 824 671 880 Christum
701 865 716 889 ,
748 825 874 894 quia
910 839 1015 879 non
1037 824 1172 879 alius
1192 834 1246 880 et
1277 825 1437 890 alius,
1463 825 1557 880 sed
1587 839 1727 880 unus

138 915 401 986 idemque
448 925 534 971 est
577 913 732 970 .lcsus
785 915 1054 982 Christus,
1110 915 1279 971 Filius
1316 915 1430 982 Dei,
1467 915 1728 972 Dominus

131 1012 358 1070 noster;
398 1005 582 1060 mundi
609 1004 955 1078 Redemptor,
988 1016 1043 1062 et
1064 1007 1204 1062 Deus
1235 1016 1289 1063 et
1311 1008 1491 1072 homo,
1511 1006 1603 1063 Dei
1631 1008 1730 1062 ho-

137 1094 462 1166 minumque
515 1096 802 1152 mediator.
834 1097 889 1151 In
919 1111 984 1151 eo
1012 1098 1156 1167 quod
1209 1097 1391 1165 homo,
1426 1096 1578 1152 Patri
1627 1112 1727 1167 pro

137 1187 299 1243 nobis
322 1187 662 1258 supplicans;
698 1188 752 1245 in
799 1203 864 1245 eo
899 1191 1042 1259 quod
1076 1191 1234 1256 Deus,
1261 1205 1383 1244 eum
1420 1189 1585 1244 Patre
1615 1189 1726 1259 (cui

136 1293 236 1350 per
255 1280 440 1334 omnia
467 1280 692 1348 mqualis
713 1280 818 1352 est)
843 1281 997 1336 nobis
1017 1283 1338 1351 propitians.
1366 1283 1548 1353 Itaque
1568 1283 1615 1337 ei
1639 1282 1728 1352 qui

137 1367 194 1428 in
227 1368 370 1424 cella
404 1367 678 1425 fruetuose
720 1377 826 1436 est,
875 1385 903 1423 a
955 1382 1132 1427 matre
1173 1372 1347 1441 gratia
1393 1371 1730 1441 spiritualem

137 1457 380 1515 conferri
427 1460 692 1526 fructum,
753 1475 1008 1527 suavem,
1045 1472 1098 1517 et
1151 1461 1452 1528 salubrem;
1507 1462 1608 1517 hoc
1650 1467 1734 1518 est

138 1551 468 1622 (secundum
499 1552 786 1624 quemdam
828 1553 1064 1623 quodam
1097 1554 1257 1609 modo
1308 1568 1526 1610 sensum
1558 1568 1733 1609 mora—

139 1642 271 1712 lem)
311 1642 367 1696 in
401 1641 676 1697 Bethleem
715 1644 864 1699 nasci
895 1644 1168 1701 Christum
1197 1645 1404 1702 Jesum.
1457 1644 1562 1702 Sed
1609 1645 1735 1701 licet

134 1730 294 1800 juxta
319 1731 550 1787 nominis
579 1733 662 1788 sui
691 1734 1213 1805 interpretationem,
1247 1737 1300 1790 in
1352 1736 1632 1792 Bethleem
1664 1737 1735 1792 sit

138 1823 303 1896 panis
329 1822 534 1895 (utpote
565 1839 685 1894 quae
715 1825 906 1881 domus
934 1826 1131 1882 dicitur
1161 1827 1376 1899 panis),
1429 1837 1515 1884 est
1552 1837 1734 1884 tamen

143 1930 538 1985 nonnunquam
569 1916 622 1971 in
650 1929 714 1971 ea
746 1917 1034 1987 praesentia
1064 1919 1246 1974 famis.
1296 1918 1432 1974 Nam
1487 1919 1643 1975 adest
1685 1919 1735 1976 ei

141 2004 408 2062 nimirum
437 2006 725 2076 praesentia
754 2007 933 2072 famis,
966 2024 1087 2063 cum
1113 2009 1265 2065 adest
1293 2011 1340 2064 ei
1372 2010 1614 2065 absentia
1642 2027 1736 2081 pa-

149 2098 262 2154 nis.
295 2096 480 2153 Liceat
507 2100 771 2154 audenter
811 2100 990 2154 dicere
1035 2100 1102 2156 ad
1144 2117 1261 2169 vos,
1292 2102 1415 2172 quia
1471 2119 1594 2159 cum
1646 2113 1739 2158 tae-

143 2188 299 2245 dium
342 2188 522 2245 cordis
561 2191 642 2257 (ut
678 2204 1062 2260 nonnunquam
1091 2192 1404 2264 contingere
1435 2191 1592 2263 solet)
1625 2208 1726 2263 pro

142 2294 216 2336 eo
244 2279 392 2351 quod
419 2279 603 2335 multis
631 2279 867 2350 repletus
899 2281 1135 2337 miseriis
1158 2282 1318 2338 homo
1356 2298 1634 2353 nunquam
1682 2282 1737 2338 in

143 2373 344 2429 eodem
371 2383 534 2439 statu,
566 2385 858 2444 permanet
896 2382 950 2429 et
985 2383 1177 2445 torpor
1225 2374 1452 2446 spiritus
1502 2376 1554 2430 in
1611 2389 1738 2430 eum

146 2468 242 2538 qui
280 2468 499 2523 habitor
522 2478 607 2524 eSt
655 2466 805 2522 cellae
850 2467 1038 2534 irruit;
1079 2476 1207 2524 tunc
1237 2467 1492 2522 nimirum
1539 2467 1593 2522 in
1641 2465 1743 2522 Bc-

150 2559 357 2615 tltleem
385 2559 556 2615 fames
587 2559 668 2613 lit.
718 2557 1105 2615 Verumtamen
1138 2576 1246 2615 non
1277 2559 1591 2632 egrediatur
1617 2574 1742 2629 pro-

145 2661 273 2724 pter
320 2651 463 2708 hanc
515 2651 716 2707 famem
756 2650 1026 2723 (consulo)
1076 2650 1143 2708 de
1185 2649 1463 2708 Bethleem
1509 2647 1739 2716 Noemi;

148 2740 248 2800 sed
281 2742 422 2798 sciat
448 2741 576 2814 quia
607 2749 734 2812 post
781 2751 992 2814 tempus
1040 2741 1258 2814 inopiae,
1290 2743 1475 2800 veniat
1529 2751 1742 2813 tempus

149 2832 523 2890 abundantiae.
553 2833 706 2902 Quod
738 2833 782 2889 si
811 2848 1030 2905 egressa
1066 2833 1252 2903 fuerit,
1281 2834 1423 2892 sciat
1451 2849 1509 2891 se
1529 2847 1744 2906 regres-

152 2937 348 2979 suram
375 2923 598 2980 omnino
624 2938 900 3003 amaram;
935 2935 989 2981 et
1017 2925 1181 2996 (sicut
1230 2925 1298 2982 de
1348 2941 1410 2987 se
1459 2926 1590 2982 dicit
1629 2924 1744 2995 ipsa

153 3013 377 3085 Noemi)
409 3024 714 3072 revertetur
745 3029 939 3081 vacua,
964 3031 1084 3086 quae
1131 3031 1352 3088 egressa
1413 3017 1513 3074 fuit
1562 3019 1740 3088 plena.

155 3104 226 3170 Et
263 3119 332 3164 eo
384 3105 608 3160 accedet
644 3106 770 3171 hoc,
815 3113 875 3160 ut
905 3106 1132 3176 ipsamet
1165 3123 1223 3162 se
1257 3108 1484 3179 judieet,
1527 3123 1635 3164 non
1676 3107 1745 3163 de

155 3206 360 3254 caetero
384 3195 575 3253 Noemi
614 3196 936 3262 vocandam,
987 3199 1082 3252 sed
1126 3199 1305 3269 potius
1352 3197 1561 3253 Marab.
1606 3194 1746 3256 Ecce

157 3288 287 3360 quia
319 3287 408 3343 ubi
439 3287 732 3358 aliquando
760 3287 1129 3358 pulchritudo,
1159 3288 1271 3360 jam
1303 3288 1373 3342 ibi
1418 3286 1748 3344 amaritudo.

159 3377 426 3433 Similiter
456 3391 589 3432 vero
625 3377 714 3432 ubi
753 3377 954 3432 dudum
987 3375 1284 3448 plenitudo,
1317 3378 1390 3433 ibi
1421 3378 1531 3449 jam
1566 3377 1747 3433 vacui-

157 3484 247 3530 tas
277 3482 380 3534 est.
408 3473 476 3528 Et
501 3485 608 3528 tam
637 3476 837 3546 magni,
873 3485 1089 3544 tamque
1117 3473 1402 3530 horribilis,
1421 3473 1549 3530 mali
1581 3489 1747 3532 causa

159 3573 270 3630 est,
301 3562 414 3620 sola
445 3562 536 3618 illa
565 3579 684 3634 quae
727 3563 882 3634 juxta
916 3564 1061 3619 hunc
1093 3579 1311 3621 sensum
1343 3563 1583 3634 egressio
1609 3562 1750 3619 facta

159 3664 267 3713 est.

704 3767 791 3825 CA
801 3767 1106 3824 PITULUM
1145 3767 1212 3823 X.

162 3862 243 3918 De
288 3878 349 3917 eo
387 3859 526 3932 quod
575 3860 706 3916 cella
735 3864 800 3916 ab
844 3878 902 3916 eo
936 3862 1026 3932 qui
1064 3861 1230 3932 illnm_
1254 3859 1512 3932 inhabitat
1549 3858 1758 3932 jugiter

232 3929 458 3988 tenenda
506 3941 581 4004 est
613 3947 634 3986 :
669 3941 719 3986 et
763 3932 900 4004 quod
942 3929 989 3986 ei
1031 3929 1320 3999 periculum
1359 3929 1556 3983 eveniat
1597 3930 1643 3981 si
1683 3939 1758 3982 te-

234 4003 461 4059 merarie
484 4003 549 4057 ab
578 4018 640 4058 ea
670 4003 828 4071 luerit
854 4017 1110 4072 egressus.

236 4115 500 4186 Quasdam
525 4116 593 4172 de
619 4116 754 4172 cella
785 4116 1043 4184 diximus,
1075 4115 1298 4187 etquod
1328 4113 1378 4170 ei
1407 4114 1498 4184 qui
1529 4128 1649 4169 eam
1678 4113 1759 4168 in-

167 4210 406 4274 habitat,
436 4208 660 4264 omnino
687 4222 794 4265 non
820 4209 1040 4279 expedit
1076 4216 1136 4262 ut
1174 4208 1338 4263 nimis
1384 4206 1668 4277 pueriliter
1694 4206 1760 4262 de

167 4317 232 4360 ea
260 4299 613 4374 egrediatur;
639 4309 696 4357 et
717 4315 967 4371 egressus
994 4298 1158 4371 (quod
1188 4309 1367 4356 tamen
1396 4313 1542 4363 raro,
1572 4307 1627 4354 et
1652 4314 1760 4355 non

170 4394 277 4452 nisi
325 4392 681 4450 rationalibus
709 4406 776 4447 ex
821 4391 1001 4447 causis
1042 4391 1354 4462 contingere
1392 4389 1572 4459 debet)
1596 4389 1763 4445 nimis

1824 565 1902 631 ter
1929 563 2002 606 est
2024 569 2122 605 sua
2166 567 2321 620 opera
2362 549 2665 620 dissipantis
2695 548 2878 620 (Prov.
2909 566 3063 618 xvnt,
3093 552 3170 623 9).
3210 553 3400 611 Nonne

1823 641 1977 696 vobis
2007 642 2220 698 videtur
2259 640 2364 696 iste
2405 639 2800 710 quodammodo
2848 641 3041 696 mulier
3073 658 3212 712 esse,
3239 659 3398 715 quem

1827 741 2040 789 constat
2063 733 2206 788 molli
2228 743 2281 788 et
2303 732 2564 788 dissoluto
2590 747 2655 789 ac
2683 732 2964 804 dissipanti
2990 736 3221 791 similem
3244 739 3401 794 esse?

1829 825 1974 881 Talis
2001 834 2083 880 est
2114 826 2395 896 egrediens
2425 825 2592 892 Dina,
2621 842 2719 898 per
2757 843 2915 899 quem
2947 838 3166 884 notatur
3197 829 3286 886 ille
3312 833 3401 901 qui

1829 911 2326 982 reprehensibiliter
2367 913 2479 967 exit
2513 913 2579 968 de
2606 913 2762 970 cella.
2810 915 2874 970 Et
2901 931 3019 986 qua:
3052 917 3170 973 talis
3195 928 3306 982 est,
3337 921 3407 975 ad

1830 1004 1933 1060 hoc
1961 1005 2236 1077 egreditur
2268 1012 2329 1061 ut
2356 1005 2534 1060 videat
2565 1006 2732 1073 tales,
2761 1007 2982 1072 mulier,
3014 1009 3262 1064 videlicet
3290 1026 3408 1064 mu-

1828 1096 2011 1153 lieres.
2062 1096 2131 1152 Et
2176 1096 2306 1168 quid
2350 1095 2465 1166 ejus
2505 1106 2588 1154 est
2631 1099 2840 1164 videre,
2884 1099 2989 1154 nisi
3039 1101 3261 1155 amare?
3291 1101 3408 1168 Quo

1831 1189 1975 1242 enim
2004 1204 2062 1244 se
2093 1203 2246 1244 amor
2279 1189 2538 1254 extendit,
2573 1187 2681 1243 illic
2708 1198 2762 1244 et
2791 1189 2980 1244 oculus
3011 1191 3200 1258 tendit,
3238 1175 3292 1246 et
3319 1193 3408 1246 ubi

1832 1288 2101 1348 aspectus,
2132 1279 2203 1334 ibi
2236 1287 2292 1333 et
2340 1278 2582 1335 allectus.
2612 1279 2745 1333 Nam
2774 1280 2933 1350 dilige
2964 1281 3301 1350 iniquitatem
3333 1290 3409 1346 tu,

1833 1380 1885 1424 et
1917 1369 2102 1441 diliget
2149 1379 2202 1426 te
2241 1367 2518 1439 iniquitas.
2557 1369 2709 1425 Unde
2740 1379 2795 1424 et
2831 1385 2952 1441 quae
2989 1386 3210 1440 egressa
3247 1380 3416 1426 estut

1832 1462 2060 1529 videret,
2087 1471 2142 1518 et
2163 1462 2277 1534 ipsa
2307 1462 2420 1517 visa
2442 1469 2553 1526 est;
2584 1477 2708 1516 nam
2743 1461 3021 1532 Scriptura
3047 1464 3176 1518 dicit
3201 1482 3214 1518 :
3241 1463 3414 1529 Quam

1834 1571 1952 1608 cum
1975 1554 2181 1609 vidisset
2197 1553 2430 1621 Sit-hem,
2446 1562 2500 1607 et
2519 1552 2746 1617 addidit,
2773 1553 3034 1608 adamavit
3052 1553 3205 1625 (Gen.
3227 1567 3414 1616 xxxrv,

1833 1644 1914 1716 2).
1948 1645 2212 1700 Nimirum
2248 1644 2378 1698 illud
2407 1643 2625 1708 videre,
2655 1643 2911 1697 adamare
2939 1642 3060 1708 fuit,
3092 1643 3218 1713 quia
3240 1643 3418 1714 profe-

1837 1749 1925 1791 cto
1947 1736 2035 1790 ubi
2061 1734 2195 1790 visio
2226 1733 2510 1791 temeraria
2543 1732 2919 1803 praecessit,ibi
2949 1740 3341 1803 consequenter
3366 1740 3422 1789 et

1769 1802 1811 1857 Β
1839 1827 2056 1882 illicitos
2081 1840 2234 1881 amor
2258 1802 2748 1893 successit.Neque
2766 1823 3034 1877 lavantem
3056 1836 3113 1876 se
3137 1802 3420 1876 mulierem

1839 1917 2004 1972 David
2035 1915 2218 1972 illicite
2246 1915 2610 1986 concupisset,
2641 1913 2746 1970 nisi
2777 1928 2894 1968 eam
2923 1912 3174 1983 primitus
3209 1913 3422 1968 incaute

1837 2010 2080 2066 vidisset.
2131 2007 2201 2065 Et
2246 2008 2488 2063 dormivit
2529 2022 2648 2061 cum
2678 2021 2778 2071 ea;
2815 2004 2956 2060 haud
3001 2003 3246 2068 dubium,
3290 2001 3420 2068 quin

1841 2101 2058 2160 Sicbem
2089 2118 2211 2158 cum
2249 2102 2403 2157 Dina.
2437 2099 2590 2168 Quod
2630 2113 2734 2154 non
2763 2105 2847 2153 est
2869 2095 3037 2158 aliud,
3075 2093 3179 2150 nisi
3205 2092 3422 2148 mollem

1841 2198 1984 2253 hunc
2026 2203 2082 2252 et
2128 2195 2481 2260 dissolutum,
2511 2200 2672 2263 atque
2714 2189 2994 2260 dissipanti
3047 2185 3300 2254 similem,
3331 2184 3426 2254 qui

1843 2288 2186 2345 temerariam
2211 2288 2278 2344 de
2306 2287 2438 2343 cella
2470 2301 2574 2341 non
2600 2283 2789 2339 vitavit
2820 2281 3189 2354 egressionem
3206 2295 3223 2346 ;
3248 2275 3424 2344 carni,

1844 2383 2044 2438 mundo
2067 2397 2130 2436 ac
2157 2380 2371 2436 diabolo
2398 2367 2778 2434 damnabiliter
2829 2371 3238 2436 consentiendo,
3271 2369 3428 2425 illici-

1846 2482 1953 2529 tam
1984 2473 2048 2527 ad
2083 2487 2142 2528 se
2170 2481 2224 2527 et
2267 2472 2320 2527 in
2353 2485 2411 2527 se
2449 2468 2732 2524 admittere
2763 2465 3116 2528 suavitatem;
3153 2475 3248 2534 per
3273 2459 3430 2530 cujus

1844 2562 2260 2635 experientiam,
2320 2561 2386 2616 ad
2433 2569 2692 2616 mtcrnam
2742 2555 3016 2627 pertingat
3070 2551 3429 2624 perditionem

1846 2655 2002 2729 [Pan
2032 2651 2478 2726 damnationem].
2515 2649 2586 2706 Ut
2629 2648 2925 2720 opprimens
2963 2646 3233 2716 virginem.
3266 2641 3427 2706 Ecce,
3500 2677 3502 2680 τ

1845 2746 1971 2817 quia
2007 2754 2132 2802 ante
2167 2759 2443 2816 egressum
2480 2741 2632 2810 virgo
2674 2737 2797 2817 fuit,
2821 2744 2946 2809 post
2977 2749 3106 2791 vero
3149 2739 3426 2801 corrupta.

1845 2816 1986 2906 Quid
2013 2839 2157 2894 enim
2185 2847 2268 2894 est
2297 2851 2415 2890 eam
2445 2816 2708 2905 opprimi,
2733 2829 2838 2886 nisi
2878 2824 3188 2897 corrumpi?
3229 2821 3432 2880 Verum

1846 2947 1968 3004 qua:
2001 2939 2085 2987 est
2117 2943 2377 3000 oppressa
2404 2925 2491 2992 vi,
2521 2931 2674 2996 patet
2703 2920 2960 2988 nimirum
2995 2915 3120 2990 quia
3159 2928 3265 2970 non
3307 2911 3432 2969 ideo

1847 3022 2064 3094 quidem
2095 3030 2154 3075 ut
2177 3018 2571 3090 opprimeretur
2601 3025 2821 3083 egressa
2867 3016 2985 3072 est;
3019 3014 3257 3094 attamen
3307 3017 3430 3072 quia

1772 3140 1819 3204 ο
1852 3092 2198 3170 temerariam
2247 3105 2467 3164 admisit
2508 3102 2898 3203 egressionem,
2921 3095 3049 3204 quia
3077 3093 3144 3148 ad
3187 3092 3428 3148 illicitam

1851 3203 2110 3275 aspiravit
2137 3201 2432 3265 visionem,
2465 3211 2532 3252 ex
2558 3195 2663 3252 hac
2700 3191 2914 3264 gemina
2951 3187 3106 3258 culpa
3149 3197 3267 3254 qua:
3297 3194 3434 3252 prae-

1851 3295 2034 3362 cessit,
2058 3294 2216 3364 digna
2243 3291 2345 3346 fuit
2372 3297 2428 3346 et
2454 3285 2676 3351 meruit,
2698 3292 2760 3338 ut.
2788 3288 2841 3336 et
2870 3279 3013 3335 illam
3043 3289 3161 3349 qua:
3183 3289 3289 3328 non
3324 3281 3431 3324 tam

1851 3387 2117 3446 successit
2139 3399 2302 3457 quam
2332 3380 2582 3444 accessit,
2625 3378 2753 3433 licet
2780 3373 3096 3436 violentam,
3133 3369 3438 3457 incurreret

1855 3449 2281 3547 oppressionem.
2313 3467 2419 3524 Sed
2444 3464 2557 3535 jam
2595 3464 2663 3519 de
2691 3463 2794 3517 ista
2824 3459 2905 3514 sic
2934 3469 3171 3529 egressa,
3195 3451 3274 3507 sic

1857 3539 1943 3625 sic
1976 3567 2246 3629 adamata,
2273 3561 2352 3618 sic
2395 3565 2672 3627 corrupta,
2701 3553 2780 3610 sic
2828 3561 2884 3607 et
2925 3561 3181 3620 oppressa
3222 3540 3349 3613 quid
3382 3539 3440 3594 in

1858 3659 1965 3714 line
1991 3656 2120 3711 dicit
2149 3650 2413 3708 historia?
2441 3649 2580 3704 Ecce
2609 3637 2912 3701 advertite:
2940 3639 3262 3705 Tristemque
3289 3631 3437 3686 blan-

1863 3749 2008 3806 ditiis
2059 3744 2312 3800 delinivit.
2339 3741 2405 3796 Et
2429 3754 2556 3796 ecce
2585 3736 2709 3807 quia
2741 3733 2876 3788 Dina
2917 3728 3134 3802 quidem
3167 3725 3438 3784 tristatur,

1857 3839 1951 3903 sed
1978 3836 2253 3894 blanditiis
2288 3848 2409 3890 eam
2450 3835 2738 3898 corruptor
2765 3824 2882 3895 ejus
2912 3828 2967 3877 et
2998 3830 3286 3890 oppressor
3313 3811 3445 3866 deli-

1859 3930 1980 3986 nire
2003 3936 2250 3985 conatur.
2295 3923 2362 3979 Et
2385 3923 2499 3976 haec
2519 3927 2604 3975 est
2623 3914 2927 3973 seductoria
2952 3927 3077 3976 vox,
3105 3922 3210 3978 qua
3236 3905 3445 3960 tristem

1860 4019 2089 4077 delinire
2109 4015 2310 4073 studet.
2342 4011 2519 4081 Quare
2546 4009 2717 4064 tristis
2747 4013 2832 4063 est
2865 4002 3044 4060 auium
3076 4009 3252 4062 tutuo
3266 3995 3443 4064 Dim,

1863 4121 1920 4170 et
1937 4124 2106 4182 quare
2127 4107 2352 4179 teipsam
2379 4099 2711 4160 conturbas?
2740 4097 2877 4153 Num
2903 4097 3051 4152 doles
3072 4095 3197 4165 quia
3227 4103 3446 4162 egressa

1861 4202 1956 4260 es?
1984 4200 2112 4271 quid
2158 4195 2431 4269 deliquisti
2478 4194 2531 4248 in
2578 4191 2712 4248 hoc?
2752 4188 2896 4261 quod
2940 4193 3334 4243 sacramentum
3367 4191 3450 4236 est

1863 4274 1923 4351 ut
1951 4294 2144 4351 sedeas
2172 4290 2288 4346 sola
2323 4289 2376 4344 in
2399 4287 2558 4344 domo
2591 4283 2796 4339 inclusa
2812 4275 2994 4347 ?'Qu:e
3023 4280 3125 4334 ista
3159 4275 3372 4346 religio,
3403 4274 3448 4326 si

1865 4393 2049 4442 tamen
2077 4383 2288 4454 religio,
2314 4387 2372 4435 ut
2395 4385 2554 4434 nocte
2581 4391 2645 4432 ac
2667 4374 2755 4430 die
2783 4373 2895 4430 sola
2927 4385 3147 4426 maneas
3175 4369 3226 4422 in
3259 4364 3451 4420 domo?

171 4487 467 4546 temeraria
492 4486 770 4558 vagatione
798 4494 951 4540 extra
984 4499 1104 4539 eam
1134 4455 1485 4552 demoretur.‘
1516 4455 1651 4537 Nam
1707 4489 1764 4537 ut
1798 4486 1844 4543 D
1871 4494 1992 4551 quae
2017 4476 2312 4545 auctoritas
2342 4471 2466 4528 talis
2494 4466 2802 4541 religionis?
2827 4464 3115 4558 Numueani
3144 4459 3337 4558 beatus
3367 4455 3451 4558 in:

170 4582 536 4640 ostendamus
560 4595 704 4635 nunc
734 4578 966 4650 plenius,
993 4577 1136 4632 sicut
1158 4576 1269 4647 jam
1297 4590 1366 4630 ex
1398 4583 1554 4646 parte
1579 4583 1767 4630 osten-

171 4676 378 4740 dlmus,
405 4687 569 4744 quam
600 4671 901 4743 periculosa
928 4669 1050 4725 talis
1079 4668 1320 4739 egressio
1353 4667 1458 4735 sit;
1484 4681 1613 4724 ecce
1636 4665 1766 4736 quia

171 4783 342 4826 verax
363 4767 590 4823 historia
612 4765 760 4832 dicit,
784 4763 926 4836 quod
949 4762 1086 4817 Dina
1107 4775 1323 4833 egressa
1346 4767 1450 4825 est,
1474 4767 1529 4814 et
1549 4772 1769 4831 egressa

173 4869 346 4918 estut
369 4859 597 4922 videret,
625 4872 729 4912 non
759 4851 980 4927 quidem
1009 4853 1177 4920 viros,
1200 4853 1295 4908 sed
1326 4850 1582 4906 mulieres
1615 4846 1766 4922 (Gen.

175 4965 364 5014 xxxiv,
388 4949 470 5020 2),
493 4958 548 5004 et
574 4949 691 5018 ipsa
717 4947 935 5017 quidem
965 4944 1179 5000 mulier.
1231 4941 1343 4998 Nec
1383 4941 1613 5006 mirum;
1644 4954 1768 4994 nam

177 5045 340 5114 vulgo
371 5041 568 5097 dicitur
592 5054 607 5094 :
633 5038 840 5096 Similis
887 5037 1115 5093 similem
1143 5034 1365 5107 quaerit;
1402 5032 1770 5089 testimonium

178 5137 502 5220 boc'vgrum
535 5140 639 5190 est.
666 5132 734 5187 Et
757 5131 885 5202 quid
913 5129 1211 5200 accipimus
1235 5143 1331 5198 per
1353 5125 1635 5181 mulierem
1667 5123 1771 5179 nisi

182 5213 505 5284 mollitiem?
547 5223 665 5280 Non
707 5223 854 5278 enim
904 5236 1046 5277 nunc
1098 5221 1152 5274 in
1195 5231 1386 5274 sexum
1420 5217 1652 5287 agimus,
1677 5213 1773 5269 sed

183 5331 305 5388 qua:
347 5314 439 5372 illa
468 5316 561 5381 sit,
593 5327 713 5383 quae
744 5327 842 5384 per
873 5308 1177 5365 naturalem
1224 5306 1341 5377 ejus
1383 5305 1556 5375 accipi
1596 5311 1776 5374 potest

184 5408 580 5470 infirmitatem,
610 5406 890 5475 utriusque
917 5419 1077 5459 sexus
1101 5400 1350 5458 debilitas
1375 5396 1776 5468 reprehensibi-

183 5502 254 5558 lis
276 5507 514 5555 notatur.
545 5497 733 5554 Omnis
768 5497 931 5569 igitur
955 5496 1046 5566 qui
1079 5491 1576 5564 reprehensibiliter
1601 5487 1778 5544 mollis

183 5600 290 5658 est,
315 5591 472 5661 juxta
501 5589 789 5660 quemdam
817 5601 1032 5659 quoque
1063 5586 1280 5641 modum
1308 5581 1506 5639 mulier
1532 5589 1616 5636 est
1641 5598 1653 5634 :
1675 5579 1777 5636 etsi

188 5699 296 5740 non
345 5680 670 5739 naturaliter
699 5688 964 5750 quantum
998 5676 1065 5732 ad
1103 5689 1319 5741 sexum,
1345 5661 1546 5729 'tamen
1593 5683 1779 5742 repre-

187 5774 534 5840 hensibiliter
572 5781 831 5846 quantum
862 5771 929 5836 ad
961 5781 1163 5829 actum.
1215 5765 1358 5825 Dicit
1397 5778 1530 5829 sane
1566 5760 1649 5820 vir
1692 5777 1780 5820 sa-

1871 4543 2050 4628 stituit
2099 4543 2456 4622 Benedictus?
2499 4561 2638 4617 Num
2686 4571 2913 4626 magnus
2962 4553 3051 4608 ille
3091 4543 3453 4619 Augustinus?
3518 4563 3520 4565 ·

1870 4661 2084 4732 Ergone
2128 4655 2369 4728 religiosi
2415 4663 2469 4710 et
2515 4650 2689 4707 sancti
2736 4663 2840 4702 non
2879 4652 3005 4699 sunt
3049 4639 3451 4732 Cluniaceuses,

1871 4725 2284 4815 Cistercienses,
2312 4755 2367 4802 et
2395 4745 2484 4800 alii
2528 4739 2876 4814 quamplures
2919 4734 3136 4791 ordines
3172 4729 3260 4815 qui
3293 4725 3452 4815 talem

1871 4838 2040 4893 vitam
2073 4849 2178 4890 non
2204 4810 2443 4889 ducunt?
2468 4810 2618 4884 Et'si
2646 4810 2750 4881 hoc
2779 4819 3025 4877 fortassis
3049 4819 3100 4871 in
3133 4810 3456 4890 quibusdam

1875 4930 1995 4986 aliis
2025 4925 2303 4984 tolerabile
2332 4930 2436 4988 est,
2457 4920 2553 4976 sed
2583 4918 2637 4974 in
2669 4926 2720 4972 te
2741 4925 3078 4985 nequaquam
3110 4921 3228 4977 qua:
3252 4903 3371 4958 talis
3392 4916 3457 4959 ac

1874 5031 2024 5080 tanta
2068 5036 2152 5077 es.
2189 5015 2441 5074 Abundat
2486 5024 2721 5080 namque
2765 5006 2820 5062 in
2873 5011 2923 5060 te
2964 5016 3073 5073 pra:
3117 4996 3298 5054 multis
3337 4993 3457 5050 aliis

1875 5111 2100 5170 scientia
2151 5104 2437 5179 profunda,
2477 5097 2783 5172 eloquentia
2824 5093 3010 5156 nitida,
3063 5102 3289 5146 acumen
3334 5100 3458 5140 sen-

1877 5204 2044 5261 tiendi
2068 5203 2121 5258 in
2158 5199 2350 5264 corde,
2378 5195 2599 5250 verbum
2632 5186 2952 5247 eruditionis
2979 5185 3032 5238 in
3070 5196 3184 5238 ore.
3213 5179 3344 5248 Quae
3375 5184 3454 5231 ta.

1877 5309 2000 5351 men
2047 5291 2252 5346 utilitas
2299 5288 2354 5342 in
2398 5283 2648 5341 omnibus
2688 5278 2810 5335 his?
2860 5275 2994 5330 Nam
3042 5272 3291 5328 universa
3341 5265 3457 5322 hac

1877 5381 2190 5441 abscondita
2214 5386 2360 5435 sunt.
2390 5372 2669 5432 Manifesta
2697 5385 2824 5440 ergo
2849 5375 2902 5423 te
2931 5366 3156 5431 mundo,
3179 5370 3233 5416 et
3259 5368 3374 5416 esto
3404 5357 3456 5410 in

1878 5477 2098 5542 mundo,
2131 5474 2182 5528 in
2229 5487 2355 5543 quo,
2389 5469 2434 5524 si
2459 5467 2558 5530 vis.
2589 5466 2662 5520 ita
2694 5477 2815 5519 esse
2855 5469 3040 5532 potes,
3071 5463 3130 5510 ut
3155 5467 3258 5508 non
3287 5449 3363 5506 sis
3393 5448 3457 5503 de

1881 5572 2102 5630 mundo.
2132 5568 2249 5624 Noli
2289 5567 2470 5636 itaque
2497 5561 2700 5618 diutius
2743 5555 2943 5612 includi
2977 5551 3030 5606 in
3057 5551 3246 5611 domo;
3281 5545 3458 5636 sciens

1882 5663 2050 5722 multo
2074 5662 2166 5718 tibi
2200 5674 2320 5716 esse
2341 5631 2524 5712 utilius
2547 5661 2601 5708 et
2622 5645 2976 5709 fructuosius,
2997 5650 3057 5697 ut
3079 5649 3254 5694 tecum
3286 5631 3474 5722 salvos.

1882 5717 2106 5822 inultos,
2128 5766 2287 5826 quant
2310 5759 2360 5810 te
2387 5746 2574 5808 solam.
2594 5741 2687 5798 llis
2713 5736 2928 5822 quidem
2958 5723 3338 5816 blandimentis
3367 5717 3463 5783 de».
