3894 6298
552 344 659 402 819

1407 342 1730 406 GUIGONJS
1767 340 1810 395 ll
1847 335 2268 398 CARTHUSMZ
2294 334 2583 394 MAJONS
2617 331 2892 394 PRIORIS

3659 316 3739 396 eo

549 457 701 515 linita
728 458 891 515 stulta
928 457 1065 523 hare,
1107 455 1440 511 seductorios
1486 454 1714 509 libenter
1748 452 1897 506 audit
1932 458 2125 505 cantus
2154 449 2202 506 Α
2226 448 2568 516 cordiarum,
2595 452 2651 503 et
2693 447 2836 502 Dens
2882 441 3493 521 totius'conseiat'ronis,
3533 448 3613 515 qui
3649 464 3742 520 post

551 553 772 615 sirenae;
806 564 908 606 nec
933 548 1102 605 salvat
1126 548 1236 615 jam
1269 546 1520 614 aliquem,
1553 543 1772 613 insuper
1801 551 1854 598 et
1892 543 2124 612 seipsam

549 643 744 711 perdit.
775 642 915 697 Ecce
946 655 1065 710 quae
1091 648 1146 694 et
1168 637 1365 707 qualia,
1387 644 1519 705 quot
1547 643 1602 690 et
1624 644 1824 704 quanta
1852 635 1993 689 mala
2012 633 2124 703 jam

549 733 783 789 incurrit
820 745 940 802 qua:
979 742 1179 785 temore
1221 741 1434 799 egressa
1466 726 1588 781 fuit.
1617 726 1753 781 Nam
1793 727 1974 782 omnia
2010 726 2126 782 lucc

548 837 670 894 qua:
692 824 833 879 dicta
858 830 983 877 sunt
1009 836 1074 875 ue
1095 819 1250 882 Dina,
1276 818 1342 871 ad
1370 831 1492 873 eum
1521 816 1807 872 referinms
1828 818 1919 886 qui
1944 818 2126 873 curio.

548 915 712 971 sitate
756 915 917 969 nimis
956 909 1275 972 temeraria,
1327 918 1382 963 et
1425 908 1729 964 temeritate
1774 908 2126 965 nihilominus

546 1004 783 1072 curiosa,
835 1012 942 1059 tam
993 1008 1173 1056 mente
1229 1014 1390 1071 quam
1451 1013 1681 1070 corpore
1734 999 2010 1070 egreditur
2059 1000 2127 1055 de

545 1093 700 1150 celi.

1074 1202 1473 1259 CAPITULUM
1506 1204 1598 1259 XL

545 1318 622 1372 De
654 1318 857 1387 nmquis
887 1317 1168 1387 multisque
1204 1317 1608 1388 periculis,iquw
1638 1316 1729 1388 ille
1762 1319 2004 1381 incurrit,
2033 1318 2125 1387 qui

612 1386 876 1442 habitator
918 1399 990 1441 est
1026 1388 1170 1442 cella:
1190 1386 1211 1451 ,⁷
1241 1397 1288 1442 et
1328 1388 1392 1441 de
1426 1387 1521 1442 illa
1554 1386 1690 1442 male
1718 1389 1823 1442 exit
1843 1428 1865 1453 ,1
1887 1397 1934 1440 et
1966 1386 2132 1449 de’eo,

610 1458 751 1528 quod
782 1474 1025 1525 ntagnam
1043 1460 1246 1528 anima:
1275 1468 1471 1528 sancta:
1494 1456 1695 1526 confert
1721 1457 1942 1527 quietem
1967 1456 2126 1527 plena

611 1526 675 1582 nc
704 1528 933 1598 perfecta
963 1526 1185 1595 abjectio
1206 1527 1541 1581 statu/arium
1562 1526 1756 1581 rerum.

612 1642 821 1715 itaque,
851 1652 911 1699 ut
943 1643 1222 1716 Scriptura
1250 1644 1400 1710 dicit,
1430 1658 1644 1715 egressa
1674 1652 1759 1700 est
1787 1642 1945 1708 Dina,
1976 1653 2030 1699 et
2056 1642 2124 1701 ad

542 1738 650 1794 hoc
689 1751 907 1807 egressa
948 1745 1033 1791 est
1071 1745 1129 1791 ut
1156 1736 1385 1791 videret.
1430 1736 1660 1806 Egressa
1691 1749 1819 1791 vero
1845 1734 1911 1789 ad
1935 1734 2123 1790 vivenc

543 1829 696 1895 dum,
720 1838 776 1885 et
803 1828 912 1899 ipsa
938 1829 1005 1882 ad
1031 1843 1280 1898 magnum
1301 1827 1500 1882 malum
1522 1843 1678 1883 suum
1699 1826 1811 1883 visa
1832 1837 1933 1883 est.
1954 1826 2124 1883 Porro

544 1917 680 1983 visa,
709 1917 872 1972 etiam
916 1924 999 1972 est
1038 1918 1308 1975 adamata.
1347 1915 1440 1972 Sic
1464 1917 1629 1973 etiam
1659 1915 1906 1977 adamata
1934 1932 2124 1972 corru-

541 2005 778 2073 ptionem
806 2021 957 2060 suam
986 2006 1279 2074 sustinuit;
1305 2007 1370 2062 ad
1393 2022 1558 2078 quam
1590 2006 1806 2076 quidem
1843 2006 2124 2063 coactione

540 2096 772 2164 quadam
803 2096 1056 2164 violenta,
1080 2096 1327 2153 fortassis
1357 2106 1533 2153 tamen
1561 2096 1866 2153 voluntaria
1890 2106 2123 2151 attracta

541 2186 661 2242 fuit.
703 2187 951 2246 Carnalis
977 2192 1180 2246 etenim
1222 2188 1514 2247 delectatio
1544 2192 1597 2244 in
1623 2205 1788 2247 causa
1826 2189 1951 2255 fuit,
1976 2189 2121 2261 quod

537 2279 622 2337 sic
652 2281 792 2337 trahi
830 2282 1037 2352 potuit;
1071 2291 1128 2339 et
1154 2282 1274 2341 ideo
1302 2283 1475 2356 potuit
1502 2283 1761 2356 quia'non
1794 2283 1957 2341 nimis
1983 2283 2123 2342 forte

538 2371 757 2438 restitit,
786 2387 885 2431 nec
919 2374 1196 2431 voluntate
1240 2376 1395 2446 plena
1439 2377 1792 2431 contradixit.
1842 2376 2119 2446 Siquidem

540 2461 633 2516 diu
662 2471 827 2519 estex
851 2477 958 2534 quo
979 2464 1210 2533 primum
1235 2465 1441 2519 dictum
1463 2472 1547 2519 est
1571 2481 1585 2518 :
1615 2463 1798 2519 Trahit
1825 2482 1923 2519 sua
1943 2481 2122 2537 quem-

537 2569 639 2625 que
672 2554 926 2627 voluptas.
961 2555 1044 2610 Et'
1066 2571 1134 2611 ne
1160 2565 1282 2627 post
1310 2556 1427 2615 lucc
1454 2555 1662 2620 omnia,
1693 2555 1889 2612 misera
1921 2557 2036 2612 haec
2063 2566 2121 2612 et

537 2647 701 2702 stulta
731 2648 1137 2719 praevaricatrix
1164 2648 1368 2705 rediret
1395 2648 1460 2703 ad
1482 2663 1601 2713 cor,
1624 2658 1680 2703 et
1703 2648 2126 2704 contristaretur

535 2738 833 2792 secundum
864 2737 1031 2792 Deum
1060 2738 1131 2793 ad
1156 2737 1553 2808 paenitentiam,
1576 2740 1739 2791 etiam
1773 2737 1943 2792 tristis
1967 2736 2121 2793 blan-

537 2824 684 2880 ditiis
712 2825 987 2882 delinitur.
1018 2828 1064 2882 0
1086 2841 1247 2896 quam
1274 2840 1470 2896 magna
1494 2835 1548 2881 et
1570 2842 1730 2896 quam
1754 2825 1922 2881 multa
1945 2825 2119 2881 malai

536 2914 606 2969 Et
652 2930 838 2970 eorum
889 2916 1133 2971 omnium
1165 2931 1286 2985 quae
1325 2913 1428 2972 fuit
1464 2917 1681 2973 occasio
1726 2926 1782 2973 et
1826 2916 2000 2988 origo,
2034 2916 2116 2972 vel

534 3021 657 3075 quas
684 3007 884 3062 causa?
930 3007 1126 3077 Utique
1158 3007 1444 3062 temeraria
1475 3008 1712 3077 egressio
1736 3005 1883 3077 ejus;
1912 3007 2116 3062 nullum

2227 542 2367 598 hanc
2398 547 2768 611 tempestatem
2796 535 3143 606 tranquillum
3180 535 3365 602 faciat,
3393 544 3448 590 et
3476 538 3679 597 nubilum
3700 547 3737 602 in

2226 646 2479 689 serenum
2506 620 2702 692 vertat,
2726 626 3052 684 confortabit
3076 625 3495 698 pusillanimem,
3514 626 3741 691 lmiiiicans

2226 733 2501 791 mmstum,
2527 722 2822 778 invalidum
2847 719 3132 784 roborans,
3156 727 3212 774 et
3235 717 3563 774 vacillantem
3587 725 3741 778 contir-

2226 834 2402 886 mans,
2434 825 2713 881 nutantem
2754 814 2822 871 ad
2860 812 3211 879 stabilitatem
3258 810 3480 878 ducens,
3510 822 3557 866 et
3588 811 3741 882 fugatis

2226 906 2465 976 undique
2491 906 2693 968 ventis,
2723 903 2927 958 sedatis
2957 910 3007 956 et
3044 899 3315 965 ﬂuctibus,
3344 913 3492 952 mare
3523 901 3741 958 turbidum

2228 999 2279 1054 in
2310 998 2577 1068 placidum
2613 1006 2666 1052 et
2706 1010 2959 1051 securum
3009 994 3158 1047 littus
3197 1001 3544 1053 commutatis.
3585 993 3742 1051 Euntes

2227 1089 2449 1162 proinde
2488 1088 2679 1153 discite
2712 1087 2840 1156 quid
2887 1086 2995 1142 sit:
3019 1084 3140 1154 Ipse
3183 1083 3319 1137 Deus
3358 1098 3519 1147 meus,
3552 1081 3743 1139 Salvator

2227 1198 2399 1246 meus,
2433 1180 2651 1253 adjutor
2690 1194 2855 1245 meus,
2911 1193 3017 1257 non
3056 1170 3318 1246 emigrabo
3359 1172 3525 1244 (Ptol.
3561 1175 3740 1247 151,7).

2226 1272 2377 1328 Tunc
2404 1286 2502 1328 vos
2546 1270 2748 1325 arctius
2789 1268 2844 1323 in
2886 1267 3021 1322 cella
3061 1263 3407 1331 contineatis,
3436 1277 3549 1318 cum
3577 1263 3749 1333 aliquod

2227 1366 2282 1421 in
2310 1379 2376 1421 ea
2405 1361 2568 1427 forte,
2590 1370 2651 1418 ut
2682 1360 2898 1417 evenire
2925 1359 3243 1430 plerumque
3270 1356 3437 1421 solet;
3466 1356 3654 1410 tmdinm
3674 1373 3743 1411 ros

2225 1458 2494 1515 sustinere
2522 1453 2756 1512 sentitis.
2799 1451 3069 1507 Revocate
3106 1451 3173 1502 ad
3208 1446 3521 1505 memoriam
3547 1447 3654 1516 quia
3680 1448 3742 1501 illa

2225 1550 2424 1621 puclla,
2455 1546 2689 1621 genitrix
2736 1543 2831 1598 Dei
2883 1542 3031 1599 salva
3079 1538 3392 1609 virginitate
3430 1552 3547 1592 mox
3588 1537 3742 1607 futura,

2227 1642 2373 1697 intus
2423 1641 2476 1696 in
2519 1638 2651 1709 ipsis
2691 1632 3059 1707 penetralibus
3101 1641 3183 1686 est
3232 1630 3483 1698 inventa,
3526 1630 3701 1698 quando
3720 1647 3749 1696 λ,

2228 1732 2478 1791 Gabrieie
2506 1740 2590 1786 est
2612 1728 2850 1785 visitata.
2875 1724 2968 1781 Sic
2993 1723 3137 1778 enim
3166 1720 3345 1793 legitis
3368 1738 3383 1774 :
3410 1720 3655 1790 Ingressus
3670 1738 3745 1775 an-

2225 1826 2372 1900 gelus
2396 1825 2467 1883 ad
2490 1839 2605 1880 eam
2623 1819 2776 1894 (Luc.
2804 1834 2845 1888 l,
2872 1817 2990 1887 28).
3012 1815 3172 1871 Patet
3193 1814 3318 1886 quia
3360 1828 3464 1869 non
3502 1813 3655 1877 foras,
3674 1814 3755 1867 sed

2225 1926 2369 1981 intus
2396 1931 2532 1986 erat,
2559 1921 2629 1976 ad
2655 1933 2816 1990 quam
2839 1912 3061 1987 angelus
3083 1910 3187 1971 nisi
3219 1906 3604 1979 ingrederetur,
3627 1904 3743 1973 quasi

2220 2000 2408 2075 venire
2437 2029 2543 2070 non
2567 2017 2797 2085 poterat.
2830 2007 2939 2066 Sed
2962 2021 3029 2062 ex
3054 1998 3353 2073 abundanti
3375 2004 3476 2063 est,
3504 2010 3647 2066 super
3668 1996 3746 2050 hoc

2223 2122 2567 2170 commonere
2594 2119 2720 2171 vos;
2752 2102 2806 2159 in
2835 2100 2992 2173 pleno
3023 2108 3257 2165 namque
3283 2107 3348 2147 ac
3378 2088 3746 2162 perfecto‘exer-

2222 2200 2353 2258 citio
2399 2197 2627 2253 istorum
2672 2189 3014 2265 pmvenistis
3052 2196 3108 2243 et
3149 2200 3267 2249 nos,
3298 2188 3355 2238 et
3396 2191 3651 2236 sermones
3673 2192 3746 2231 no-

2221 2300 2383 2352 stros.
2429 2286 2557 2346 [huc
2584 2294 2764 2340 tamen
2790 2280 2991 2337 idcirco
3020 2277 3277 2342 diximus,
3303 2281 3363 2326 ut
3388 2272 3509 2343 quis
3534 2270 3599 2345 sit
3630 2268 3674 2323 in
3693 2268 3746 2322 si-

2220 2388 2389 2447 lentio
2406 2395 2461 2444 et
2484 2379 2775 2441 solitudine
2803 2375 2951 2434 cella”:
2978 2373 3188 2429 fructus
3216 2365 3531 2439 Spiritualis,
3551 2378 3611 2419 ex
3631 2371 3747 2432 parte

2219 2459 2398 2548 aliqua
2425 2476 2577 2534 vobis
2604 2471 3032 2531 ostenderemus.
3061 2463 3190 2536 Qua:
3210 2460 3362 2519 vobis
3389 2457 3596 2533 quidem
3616 2455 3749 2548 magis

2219 2546 2447 2639 antiqua
2466 2582 2628 2638 quam
2670 2578 2812 2620 nova
2846 2572 3006 2626 sunt;
3037 2565 3221 2627 utpote
3245 2569 3365 2626 qua:
3391 2551 3500 2621 iam
3533 2564 3593 2604 ex
3626 2546 3749 2616 longo

2222 2672 2483 2730 tempore,
2515 2658 2730 2729 favente
2768 2652 3014 2714 Domino,
3057 2665 3154 2720 per
3181 2645 3366 2718 iugem
3409 2640 3747 2730 experientiam

2219 2728 2504 2810 didicistis.
2553 2749 2683 2804 Inde
2727 2756 2814 2803 est
2858 2741 3001 2815 quod
3048 2753 3213 2810 super
3259 2738 3346 2792 bis
3385 2749 3481 2805 per
3506 2728 3748 2787 locutionis

2220 2851 2420 2899 nostrae
2466 2837 2825 2894 ministerium
2875 2830 3076 2892 erudiri
3142 2842 3247 2883 non
3306 2823 3571 2905 indigetis.
3616 2819 3749 2874 Porto

2218 2939 2455 3002 quantus
2480 2928 2534 2984 in
2557 2926 2717 2998 plena
2744 2921 2924 2979 saeculi
2968 2916 3270 2991 abjectione
3304 2921 3359 2969 et
3393 2925 3550 2982 quam
3578 2909 3751 2977 quietus

2218 3024 2291 3080 sit
2316 3021 2511 3078 animus
2551 3018 2780 3083 fructus,
2804 3013 2861 3070 et
2885 3012 3041 3084 quies
3085 3009 3390 3071 fructuosa,
3424 3003 3680 3060 evidenter
3697 3013 3748 3052 cx

532 3097 680 3151 enim
713 3097 904 3152 horum
932 3096 1196 3152 malorum
1229 3097 1566 3164 incurrisset,
1590 3097 1636 3153 si
1660 3113 1719 3152 se
1742 3098 1888 3153 intus
1917 3097 2119 3152 tenuis-
2144 3122 2190 3184 ρ
2221 3112 2569 3180 multimodis,
2597 3125 2736 3183 quas
2773 3108 3057 3180 perferunt
3098 3100 3383 3174 angustiis,
3427 3099 3461 3154 ii
3509 3096 3595 3168 qui
3634 3092 3751 3150 curis

532 3197 641 3244 set.
665 3189 772 3245 Sed
804 3188 930 3260 quia
961 3187 1175 3244 curiose
1203 3188 1354 3254 exiit,
1384 3189 1450 3243 ad
1480 3188 1597 3245 haec
1625 3187 2118 3246 mala-damnabili-

534 3285 622 3333 ter
644 3278 906 3349 pervenit.
957 3276 1114 3344 Nam,
1140 3279 1264 3355 quia
1306 3277 1596 3337 curiositas
1633 3278 1687 3334 in
1727 3293 1893 3335 causa
1926 3278 2029 3334 fuit
2059 3287 2120 3333 ut

533 3369 731 3434 exiret,
754 3385 850 3440 per
877 3370 981 3426 hoc
1011 3370 1263 3425 nimirum
1285 3378 1453 3440 patet,
1476 3371 1623 3442 quia,
1653 3378 1790 3427 teste
1811 3369 2118 3441 Scriptura,

534 3460 606 3516 ad
646 3460 749 3514 hoc
783 3475 1002 3529 egressa
1032 3469 1116 3516 est
1144 3469 1203 3516 ut
1231 3461 1460 3517 videret.
1506 3461 1640 3517 Erat
1682 3470 1866 3517 autem
1902 3471 1959 3518 et
1993 3463 2118 3519 huic

533 3548 834 3604 curiositati
883 3550 1130 3619 voluptas
1170 3551 1460 3622 adjuncta,
1502 3552 1629 3623 quia
1680 3567 1899 3623 egressa
1950 3562 2119 3610 estut

532 3638 746 3694 videret
783 3639 1056 3696 mulieres.
1097 3639 1458 3697 Ocnriositas
1505 3656 1667 3712 supra
1714 3643 1930 3696 modum
1977 3644 2117 3713 peri-

532 3730 751 3786 culosa!
802 3729 935 3786 Nam
986 3731 1277 3801 pretiosum
1330 3729 1475 3787 foras
1527 3730 1831 3803 depositura
1885 3732 2119 3802 perdidit

533 3822 677 3891 quod
723 3838 997 3893 nunquam
1048 3833 1235 3894 postea
1295 3837 1621 3894 recuperare
1666 3823 1842 3895 potuit
1884 3823 2120 3894 denique

534 3916 690 3988 virgo
712 3915 868 3981 exiit,
890 3926 942 3971 et
971 3924 1224 3986 corrupta
1256 3916 1416 3971 rediit
1446 3932 1459 3971 :
1485 3916 1671 3987 sicque
1698 3917 1847 3971 illum
1872 3916 2118 3972 sublimis

534 4008 787 4078 puritatis
835 4014 1036 4062 statum
1082 4005 1227 4063 foras
1259 4021 1320 4063 se
1353 4007 1599 4064 amisisse
1625 4007 1796 4063 doluit
1816 4049 1831 4074 ,
1859 4009 1925 4062 ad
1956 4022 2114 4078 quem

534 4097 766 4165 ulterius
793 4097 1159 4154 conscendere
1185 4097 1448 4169 nequivit.
1489 4098 1581 4154 Sic
1617 4106 1671 4153 et
1706 4099 1912 4169 pilosus
1938 4098 2025 4153 ille
2052 4112 2116 4154 ac

532 4190 589 4245 in
622 4189 839 4245 modum
867 4189 1021 4260 pellis
1052 4189 1298 4261 hispidus
1327 4187 1480 4260 (Gen.
1507 4191 1702 4261 xxv"),
1732 4192 1956 4245 nimiam
1984 4191 2116 4248 foris

532 4296 742 4339 moram
776 4281 1000 4347 faciens,
1028 4298 1056 4337 a
1088 4282 1465 4339 benedictione
1494 4293 1716 4353 paterna
1744 4298 1802 4339 se
1830 4284 1958 4338 fecit
1982 4278 2115 4339 alie;

530 4390 682 4439 num,
717 4391 815 4431 nec
835 4376 903 4430 ad
926 4390 1047 4431 eam
1075 4374 1329 4444 deinceps
1358 4375 1531 4445 potuit
1558 4375 1860 4445 pervenire.
1889 4376 2112 4447 Cupiens

2223 3209 2369 3264 illius
2391 3213 2446 3263 et
2473 3201 2927 3260 sollicitudinibus
2954 3197 3315 3269 implicantur,
3349 3189 3658 3263 perpendere
3679 3199 3751 3239 vs-

2221 3298 2412 3354 lemus.
2445 3296 2512 3351 Et
2565 3292 2691 3364 quia
2734 3289 2898 3345 nimis
2928 3288 3173 3358 longum,
3201 3284 3314 3339 imo
3360 3276 3668 3362 impossibile
3689 3282 3759 3345 est

2220 3389 2378 3444 nobis
2426 3386 2645 3443 easdem
2702 3379 2982 3453 angustias
3035 3373 3350 3447 singillatim
3397 3370 3677 3438 exprimere
3710 3365 3749 3415 in

2219 3453 2493 3549 praesenti,
2518 3488 2683 3527 unum
2703 3456 2833 3525 libet
2855 3482 2997 3523 nunc
3020 3462 3323 3533 exempium
3349 3460 3481 3517 satis
3500 3465 3750 3526 congruum

2220 3581 2453 3640 ponere,
2484 3579 2583 3636 per
2632 3559 2776 3633 quod
2815 3564 3039 3631 possunt
3085 3554 3176 3624 qui
3224 3551 3494 3621 indigent,
3527 3552 3741 3645 quantula

2221 3635 2361 3716 inter
2386 3635 2573 3714 eorum
2599 3650 3031 3721 occupationem,
3058 3654 3114 3701 et
3141 3652 3455 3701 sanctorum
3485 3637 3570 3706 qui
3599 3635 3690 3689 Deo
3709 3635 3749 3686 ιε

2220 3753 2330 3809 οιίο
2372 3751 2491 3807 sine
2539 3748 2652 3803 otio
2696 3744 2969 3809 serviunt,
2994 3740 3159 3795 distet
3200 3735 3461 3807 quietem,
3491 3729 3748 3783 addiscere.

2219 3844 2355 3900 Ecce
2378 3839 2477 3909 ipsi
2513 3835 2700 3907 tepidi,
2722 3842 2777 3889 et
2797 3833 2864 3888 de
2891 3846 2990 3885 sua
3021 3826 3296 3883 multoties
3327 3822 3437 3875 vita
3467 3818 3662 3890 penitus
3687 3814 3761 3868 in-.

2219 3934 2391 3998 certi,
2427 3930 2519 3987 sed
2561 3936 2615 3984 et
2644 3916 2788 3981 omni
2831 3923 3144 3993 plerumque
3182 3932 3276 3987 spe
3306 3911 3573 3977 frustrati,
3598 3916 3750 3979 contra

2216 4025 2481 4100 procellas
2500 4026 2902 4092 tempestatum,
2918 4021 3103 4070 contra
3119 4009 3354 4066 stcvitias
3376 4004 3637 4100 ﬂuctuum,
3651 4012 3748 4100 eor..-

2220 4086 2300 4175 ira
2326 4086 2629 4173 violentias
2642 4120 2926 4166 ventorum
2955 4103 3115 4160 anxia
3147 4101 3416 4156 laborant.
3452 4094 3542 4150 lsti
3567 4105 3683 4148 vero
3701 4086 3752 4141 ab

2217 4210 2285 4266 iis
2309 4207 2592 4271 omnibus,
2625 4210 2681 4259 et
2725 4197 2937 4256 caeteris
2972 4209 3094 4267 quas
3131 4193 3185 4247 in
3223 4193 3368 4246 hunc
3408 4187 3614 4242 modum
3652 4184 3751 4234 sunt

2217 4299 2471 4374 periculis
2502 4307 2724 4368 prorsus
2752 4289 2911 4346 alieni
2936 4328 2951 4355 ,
2979 4284 3155 4343 securi
3185 4291 3240 4339 et
3269 4281 3398 4345 lani,
3432 4278 3484 4332 in
3522 4276 3693 4330 serena
3712 4276 3759 4321 et

2218 4388 2433 4448 amoena
2465 4385 2877 4457 tranquillitate,
2907 4381 2959 4436 in
2993 4375 3284 4447 tranquilla
3313 4383 3368 4428 et
3390 4382 3594 4426 amtena
3636 4376 3752 4418 sere-

529 4465 675 4521 cnim
703 4466 795 4537 (ut
837 4466 913 4522 ait
958 4462 1309 4535 Apostolus),
1337 4463 1647 4519 Itwreditare
1685 4465 2111 4534 benedictionem,
2145 4456 2193 4515 Ι)
2220 4484 2407 4545 πείθεο,
2433 4482 2488 4536 in
2533 4492 2724 4535 serena
2757 4484 2811 4533 ει
2838 4471 3124 4543 tranquilla
3170 4467 3484 4524 ammnitarc
3513 4457 3753 4528 cujusdam

531 4559 835 4630 reprobalus
878 4568 976 4614 est.
1013 4556 1136 4611 Non
1162 4556 1298 4610 enim
1323 4555 1404 4626 (ut
1431 4556 1570 4611 idem
1600 4556 1897 4629 sultjungi't)
1926 4557 2115 4612 invenit

526 4651 841 4721 paenitentia:
864 4649 1056 4716 locum,
1081 4663 1380 4718 quanquam
1404 4663 1521 4701 cum
1546 4646 1793 4717 lncrymis
1817 4648 2112 4725 requisisset

527 4758 645 4795 eam
685 4741 884 4813 (Hebr.
916 4756 1012 4798 xu.
1044 4740 1161 4809 Π).
1214 4737 1326 4794 Νοιι
1366 4739 1549 4809 itaque
1581 4748 1640 4793 ut
1678 4740 1834 4809 longe
1864 4740 2113 4809 superius

529 4833 733 4891 dictum
764 4841 867 4896 cst,
901 4832 1145 4904 egressio
1169 4831 1238 4888 de
1267 4830 1425 4896 cella,
1460 4829 1534 4887 ﬂii
1563 4832 1655 4902 qui
1686 4831 1868 4902 aliquo
1892 4830 2032 4887 forte
2057 4831 2110 4887 in

529 4941 597 4980 ea
627 4939 1014 4993 nonnunquam
1049 4923 1207 4980 taedio
1250 4921 1504 4988 adicitur,
1536 4922 1749 4979 confert
1787 4916 2113 4978 consolatio?

526 5030 677 5080 nem,
702 5015 795 5070 sed
823 5013 983 5069 infert
1003 5012 1264 5082 duplicem
1291 5013 1698 5069 desolationem.
1721 5013 1789 5068 Et
1813 5014 1871 5068 [ιι
1892 5013 2108 5084 quidem

528 5106 635 5162 hoc
660 5106 728 5161 ad
757 5105 929 5160 instar
953 5105 1254 5177 hydropici,
1283 5107 1376 5177 qui
1405 5121 1515 5177 quo
1537 5106 1747 5160 avidius
1772 5105 1930 5167 bibit.
1963 5121 2028 5161 eo
2055 5116 2109 5160 et

531 5196 906 5253 vehementius
952 5197 1005 5251 in
1048 5212 1107 5252 se
1137 5199 1289 5253 sitim
1329 5197 1607 5263 accendit,
1638 5205 1699 5250 ut
1742 5196 1845 5253 hoc
1884 5197 1954 5252 sit
1985 5211 2106 5252 eum

526 5289 761 5361 amplius
788 5288 980 5355 sitire;
1007 5289 1141 5345 mult
1164 5308 1230 5343 .m
1260 5290 1469 5344 bibere.
1503 5286 1645 5353 Quid
1675 5303 1806 5359 ergo
1831 5288 1953 5344 est?
1991 5287 2108 5343 Uti-

527 5398 636 5452 que
664 5395 786 5435 cum
816 5382 937 5450 quis
966 5382 1124 5437 taedio
1151 5397 1208 5436 se
1229 5381 1398 5436 sentit
1418 5378 1582 5444 adici,
1609 5376 1764 5449 quasi
1795 5396 1895 5450 pro
1921 5380 2108 5434 obside

524 5473 619 5530 det
642 5487 838 5544 corpus
859 5487 1015 5527 suum
1042 5472 1236 5542 parieti
1260 5470 1431 5539 cellae,
1455 5480 1511 5528 et
1531 5472 1599 5528 de
1623 5485 1843 5542 egressu
1866 5471 2108 5527 funditus

525 5582 634 5624 non
662 5566 906 5636 cogitans
937 5570 1182 5620 recurrat
1208 5564 1275 5618 ad
1301 5562 1628 5633 orationem,
1655 5562 1967 5628 lectionem,
1994 5576 2107 5617 me-

524 5659 889 5721 ditationem,
949 5664 1113 5724 atque
1170 5654 1238 5708 ad
1292 5654 1481 5708 utilem
1523 5654 1758 5723 aliquam
1812 5654 2104 5724 actionem.

521 5748 707 5807 Aderit
743 5756 893 5805 certe
922 5761 989 5803 ex
1014 5761 1182 5803 .more
1218 5747 1336 5804 sine
1380 5762 1556 5815 mora,
1580 5745 1742 5802 Pater
1770 5746 1861 5803 ille
1887 5746 2103 5802 miscri-

2219 4548 2564 4644 placidissimi
2616 4565 2811 4621 littoris
2849 4571 3014 4620 stant.
3058 4558 3104 4617 0
3146 4565 3411 4629 quantum
3456 4548 3752 4644 dispendium

2216 4639 2356 4736 apud
2379 4662 2519 4726 illos,
2546 4651 2804 4729 quantum
2834 4650 3209 4724 compendium
3232 4647 3372 4717 apud
3397 4646 3524 4700 istos
3543 4639 3630 4710 qui
3652 4644 3759 4736 sunt

2216 4728 2474 4825 tanquam
2513 4728 2645 4806 nihil
2683 4748 2946 4804 habentes
2979 4753 3035 4799 et
3076 4741 3257 4797 omnia
3299 4736 3642 4825 possidentes.
3670 4728 3754 4782 De-

2214 4823 2435 4917 sperant
2464 4855 2715 4910 namque,
2743 4853 2841 4894 nec
2886 4836 3023 4890 ultra
3062 4832 3173 4902 jam
3219 4831 3428 4893 vivunt,
3451 4823 3756 4897 gaudentque

2210 4924 2560 4990 vehementer
2590 4945 2657 4985 ex
2689 4927 2999 4984 inventione
3035 4921 3263 4992 sepulcri
3294 4919 3524 4989 eligente
3557 4925 3755 4980 suspen-

2212 5030 2358 5084 dium
2407 5025 2588 5080 anima
2627 5037 2836 5085 eorum,
2867 5027 2922 5075 et
2960 5024 3190 5071 mortem
3238 5010 3456 5067 ossibus
3482 5008 3756 5069 eorum;ct

2212 5122 2333 5177 ideo
2372 5104 2702 5173 dormientes
2747 5112 2930 5176 silent,
2957 5120 3015 5165 et
3061 5118 3252 5165 somno
3277 5117 3379 5158 suo
3424 5095 3754 5183 requiescunt,

2211 5211 2476 5267 malorum
2527 5207 2721 5261 timore
2765 5203 2996 5271 sublato.
3045 5200 3235 5256 Sciunt
3259 5197 3406 5254 enim
3448 5195 3499 5250 in
3541 5197 3757 5275 tempore

2209 5300 2501 5356 vacuitatis
2530 5295 2868 5353 scribendam
2902 5306 3024 5349 esse
3062 5289 3383 5360 sapientiam
3403 5325 3419 5352 ,
3450 5279 3657 5352 etquod
3681 5275 3757 5344 qui

2210 5393 2512 5447 minoratur
2543 5396 2665 5444 actu
2701 5387 2815 5458 ipse
2855 5382 3093 5440 inveniet
3136 5395 3259 5436 eam
3287 5398 3301 5433 :
3327 5378 3511 5446 eisque
3532 5386 3649 5427 esse
3674 5381 3755 5420 va-

2209 5480 2459 5551 candum,
2492 5486 2551 5533 ut
2597 5477 2814 5531 videant
2854 5475 3043 5537 Deum,
3073 5470 3217 5540 quia.
3248 5467 3505 5523 Dominus
3544 5463 3654 5531 ipse
3686 5464 3754 5551 est

2212 5573 2371 5627 Deus.
2397 5547 2465 5625 Et
2493 5569 2619 5639 quia
2643 5568 2859 5637 abyssus
2879 5566 3004 5619 dicit
3030 5564 3097 5620 de
3122 5559 3399 5631 Sapientia
3432 5575 3447 5611 :
3476 5553 3595 5608 Non
3618 5547 3755 5639 cst-ia

2208 5677 2309 5727 me,
2328 5667 2375 5714 ct
2395 5637 2537 5712 mare
2560 5657 2817 5728 loquitur:
2840 5654 2962 5710 Non
2988 5663 3061 5708 est
3083 5666 3282 5707 mecum
3304 5647 3426 5721 (Job
3455 5658 3637 5705 xxvm,
3661 5637 3754 5705 tif.
