3984 6428
185 398 286 458 821
654 430 657 433 ι
1130 442 1133 447 .

711 500 1113 563 οΑΡιΤυίιυΜ
1145 501 1278 562 XIL‘
1352 538 1355 541 -

185 629 266 686 De
285 625 622 685 secularium
643 626 752 697 (cui
767 625 1032 697 precipere
1054 621 1330 677 intendunt
1354 618 1785 697 Cart‘husieitses)

254 700 583 782 negotiorum
600 736 616 764 ,
640 692 688 755 et
712 692 1155 761 sollicitudinum,
1174 702 1226 749 et
1260 692 1651 765 possessionum
1676 692 1794 747 ab...

245 780 505 840 jccttoue.
850 833 856 838 .

256 881 413 941 lianc
455 879 671 951 quidem
697 893 726 935 a
754 876 952 935 smculo
990 876 1427 950 segregationem
1468 888 1564 932 vos
1599 874 1789 930 abun-‘

179 972 381 1027 denter
411 971 643 1035 habetis,
673 969 765 1038 qni
791 969 861 1025 de
887 968 1185 1025 redditibus
1204 967 1584 1032 ecclesiarum,
1610 980 1790 1037 parm.

179 1059 452 1122 chiarum,
467 1071 522 1114 et
533 1059 863 1115 decimarum
887 1070 982 1114 vos
998 1071 1105 1112 non
1126 1056 1489 1114 intromittitis
1502 1073 1518 1125 ;
1533 1058 1776 1114 contenti

179 1160 504 1222 paupertate
532 1161 732 1216 vestra,
777 1150 948 1219 plena-
977 1148 1205 1217 divitiis.
1239 1148 1386 1204 Nihil
1434 1150 1583 1205 enim
1619 1156 1779 1203 extra

180 1243 690 1306 te‘rminos,vestros
720 1242 884 1298 vultis
912 1241 1214 1313 possidere,
1243 1241 1386 1297 sicut
1414 1253 1526 1297 nec
1543 1238 1772 1303 debetis,

179 1342 245 1388 nt
268 1334 633 1390 abundantius
656 1334 831 1405 quieti
849 1341 907 1389 et
940 1333 1061 1405 paci
1101 1339 1299 1390 vesti-te
1326 1330 1647 1389 consulatis.
1705 1330 1776 1389 Ut

130 1462 143 1471 ο
177 1435 366 1482 autem
399 1428 502 1482 hac
530 1426 621 1481 via
640 1427 708 1481 ad
739 1440 960 1498 regnum
1007 1425 1103 1483 Dei
1144 1424 1551 1496 compendiosa,
1578 1439 1787 1485 secura.

177 1526 240 1574 es
280 1520 481 1575 munda
526 1518 794 1581 incedatis
812 1561 829 1587 ,
856 1519 1021 1575 vestri
1049 1532 1147 1575 vos
1169 1526 1227 1574 et
1253 1516 1502 1588 exemplo
1525 1527 1582 1574 et
1605 1516 1777 1574 verbo

178 1610 420 1665 docuere
446 1609 899 1680 praedecessores,
920 1618 978 1666 et
1001 1607 1190 1666 Patres
1210 1608 1304 1680 qui
1327 1608 1501 1682 magis
1522 1607 1776 1666 volebant

175 1716 605 1771 pauperesesse
631 1718 795 1773 quam
826 1692 1020 1758 divites
1048 1719 1063 1757 :
1094 1702 1220 1774 quia
1251 1702 1320 1774 (si
1366 1717 1476 1758 non
1511 1701 1775 1758 mentitur

176 1791 414 1863 Paulus)
441 1794 532 1866 qui
560 1793 735 1848 volunt
762 1794 946 1849 divites
983 1794 1134 1863 ﬁeri,
1162 1794 1402 1850 incidunt
1428 1795 1486 1849 in
1518 1795 1770 1850 tentatio-

176 1898 321 1947 nem,
349 1893 397 1937 et
425 1883 687 1938 desideria
729 1884 893 1940 multa
931 1885 1140 1939 inutilia
1167 1895 1217 1940 et
1242 1885 1455 1949 nociva,
1477 1901 1597 1956 qua
1636 1901 1787 1945 mer»

172 1978 308 2040 gunt
342 1970 577 2025 homines
608 1972 664 2026 in
702 1971 1043 2027 interitunset
1065 1973 1412 2043 perditionem
1441 1972 1494 2043 (Ι
1530 1972 1668 2028 Tim.
1693 1988 1770 2039 vt,

172 2057 267 2129 9);
301 2067 361 2114 ct
398 2058 676 2133 adiungit:
702 2059 881 2117 Radix
922 2063 1060 2118 enim
1107 2063 1343 2117 omnium
1388 2061 1652 2118 malorum
1695 2073 1772 2119 est

175 2148 443 2217 cupiditas
477 2164 636 2219 quam
661 2150 881 2220 quidam
917 2161 1213 2222 appetentes
1244 2162 1552 2209 erraverunt
1583 2170 1618 2207 a
1641 2153 1772 2223 ﬁde,

172 2249 227 2294 et
257 2239 589 2299 inseruerunt
617 2258 671 2296 se
691 2241 960 2309 doloribus
981 2241 1160 2299 multis
1203 2243 1385 2317 (ibid.,
1410 2242 1525 2315 10).
1552 2244 1621 2300 Ει
1644 2259 1775 2303 ecce

177 2330 369 2391 statim
416 2331 717 2388 admonitio
760 2331 993 2390 salubris
1029 2352 1043 2388 :
1085 2332 1297 2391 Sectare
1320 2350 1440 2391 vero
1472 2335 1789 2406 justitiam.’

173 2423 446 2491 pietatem,
474 2423 658 2492 ﬁdem,
686 2425 1016 2497 charitatem,
1042 2427 1372 2493 patientiam,
1409 2429 1770 2484 mansuetudi-

177 2527 301 2569 nem
328 2513 506 2583 (ibid.,
542 2514 651 2585 ll).
678 2513 744 2568 Et
774 2515 831 2573 in
860 2516 1327 2584 pratcedentibus:
1356 2518 1641 2587 Habentes,
1671 2521 1789 2577 iii--

177 2602 322 2672 quit,
345 2602 598 2659 alimenta
627 2604 897 2676 rat-quibus
922 2617 1183 2676 tegantur,
1205 2609 1290 2664 Itis
1329 2612 1563 2667 contenti
1601 2613 1770 2669 simus

178 2693 361 2766 (ἰδίει,
394 2694 474 2765 8).
505 2695 583 2752 De
605 2696 706 2753 hac
731 2695 1033 2767 abjectione
1053 2699 1405 2757 saecularium-
1425 2704 1787 2775 negotiorum

179 2793 243 2843 et.
268 2792 610 2842 terrenarum
652 2786 1076 2856 possessionum,
1106 2797 1171 2844 ut
1196 2790 1480 2848 immutata
1511 2802 1569 2850 et
1595 2795 1787 2852 invim'

183 2874 297 2937 lata
342 2876 398 2931 in
442 2877 645 2934 ordine
681 2878 958 2950 perpetuis
1006 2880 1341 2952 temporibus
1374 2883 1665 2954 habeatur,
1694 2895 1785 2944 teo'

182 2974 404 3032 nentur,
429 2968 787 3035 custodiatur,
818 2968 893 3024 ita
914 2969 1017 3040 pite
1042 2974 1318 3028 memoriae
1347 2973 1431 3044 (ut
1464 2974 1571 3045 ipsi
1584 2975 1787 3049 scitis)

180 3057 270 3113 vir
328 3058 456 3115 vitae
499 3061 854 3129 venerabilis,
888 3062 1137 3120 domnus
1188 3063 1361 3136 Guigo
1409 3065 1774 3138 (Statutortnn

182 3161 305 3219 cap.
325 3148 443 3251 il),
471 3150 635 3256 homo
658 3165 871 3253 magna:
900 3151 1173 3254 religionis
1194 3153 1385 3256 scribit
1410 3172 1425 3209 :
1446 3155 1772 3226 Cupiditatis
1799 3190 1848 3256 ρ

183 3239 502 3296 occasiones
548 3240 705 3296 nobis
727 3249 785 3296 et
811 3241 1044 3312 posteris
1086 3244 1325 3313 nostris,
1352 3254 1636 3317 quantum,
1661 3247 1785 3309 Deo.

176 3330 429 3402 iuvante,
472 3345 761 3402 possumus
806 3334 1199 3404 praecidentes,
1249 3338 1533 3407 praesentis
1580 3340 1773 3412 scripti

183 3422 470 3478 sanctione
501 3424 826 3492 statuimus;
858 3434 1126 3495 quatenus
1154 3425 1263 3483 loci
1297 3427 1459 3497 huius
1499 3429 1775 3491 habitato-

182 3526 298 3577 res,
323 3521 479 3569 extra
516 3530 628 3571 suae
657 3516 920 3572 terminos
954 3518 1124 3574 eremi
1162 3519 1300 3599 nihil
1335 3521 1561 3580 omnino
1594 3526 1774 3597 possi-

187 3606 378 3672 deant,
407 3606 460 3661 id
502 3616 607 3676 est,
647 3622 753 3664 non
802 3624 984 3680 agros,
1032 3625 1141 3665 non
1170 3610 1376 3680 vineas,
1408 3629 1516 3671 non
1562 3616 1785 3687 hortos,-

186 3711 294 3753 non
339 3697 618 3763 ecclesias.
660 3714 768 3755 non
798 3701 1113 3760 cmxneteria
1138 3744 1154 3769 ,
1179 3717 1286 3758 non
1311 3703 1639 3773 oblationes,
1664 3723 1774 3765 non

187 3790 455 3854 decimas,
488 3801 546 3848 et
570 3796 906 3864 quaecunque
936 3793 1263 3863 huiusmodi.
1314 3794 1412 3854 His
1447 3797 1612 3854 etiam
1662 3801 1770 3857 hoc

185 3884 347 3940 modo
369 3884 456 3939 vir
477 3884 571 3942 Dei
595 3886 856 3959 adiungit.
881 3885 1057 3942 Simili
1083 3888 1249 3944 etiam
1281 3898 1473 3947 tenore
1501 3891 1772 3948 sancitum

186 3983 290 4038 est,
322 3984 385 4028 ut
405 3976 937 4049 neminemprorsus
977 3980 1092 4036 sive
1122 3980 1290 4047 intra,
1316 3980 1434 4037 sive
1466 3990 1623 4038 extra
1653 3998 1775 4040 ere—

187 4081 336 4122 mum
365 4067 529 4123 istam
571 4068 903 4127 defunctum
924 4084 1027 4129 suo
1068 4073 1335 4144 sepeliant
1355 4073 1411 4129 in
1435 4075 1773 4144 cmmeterio,

187 4157 292 4213 nisi
340 4157 484 4215 forte
510 4159 745 4230 aliquem
773 4160 932 4231 hujus
974 4163 1239 4235 propositi
1270 4164 1377 4221 hic
1402 4164 1562 4221 obire
1600 4165 1776 4223 conti-

187 4249 351 4320 gerit.
400 4249 510 4306 Sed
536 4259 591 4307 et
612 4261 930 4309 caterarum
961 4253 1307 4326 religionum,
1334 4254 1382 4311 si
1411 4257 1532 4326 quis
1560 4257 1651 4314 hic
1682 4257 1776 4314 de-

187 4339 412 4397 functus
433 4339 618 4409 fuerit,
649 4357 811 4414 quem
842 4360 937 4401 sua
965 4347 1314 4418 congregatio
1337 4347 1464 4404 hinc
1488 4356 1777 4420 asportare

188 4442 285 4490 aut
314 4434 640 4506 nequiverit,
670 4444 762 4492 aut
805 4437 1124 4509 neglexerit,
1156 4439 1302 4494 hunc
1343 4439 1631 4510 sepelient.
1663 4438 1775 4497 No-

1292 391 1497 452 LIBER
1534 390 1623 455 DE
1660 388 2031 458 EXEBEI'IIO
2060 389 2326 454 CELLA‘J.

3352 395 3461 457 819.

1805 504 1853 563 Δ
1877 503 2232 575 propositum,
2269 503 2360 560 ubi
2392 516 2499 559 non
2536 502 2604 559 de
2644 503 2929 563 devotione
2969 505 3251 576 facientis,
3268 511 3363 581 sed
3392 513 3471 579 de

1877 596 2151 665 pascentis
2199 596 2378 667 potius
2416 595 2615 666 pendet
2657 596 2906 653 arbitrio.
2958 596 3114 657 Nulla
3145 601 3348 673 quippe
3371 603 3475 675 die

1877 686 2184 743 convivium
2208 686 2292 743 vel
2310 686 2489 743 missa
2518 686 2709 753 deerit,
2739 687 2788 744 si
2820 688 2913 758 qui
2938 700 3161 767 pascat,
3179 705 3460 762 nunquam

1785 823 1789 831 ι
1876 776 2129 834 defuerit.
2159 778 2227 834 Et
2249 778 2318 835 de
2345 779 2431 835 his
2460 793 2633 857 usque
2658 779 2781 857 huc.
2814 780 2958 839 Dicit
2990 789 3172 837 autem
3208 790 3264 838 et
3290 797 3453 855 supe-

1877 868 2001 933 rius.
2018 868 2159 926 idem
2179 868 2262 922 vir
2282 867 2504 941 (θυῖεν,
2526 854 2860 927 Statutorum
2875 886 2996 944 cap.
3027 872 3120 946 40)
3138 873 3242 930 hoc
3266 858 3426 929 modo
3441 887 3478 948 εδ

1876 958 2207 1019 Ornamcnta
2254 974 2442 1026 aurea,
2470 960 2574 1016 vel-
2601 971 2882 1034 argentea,
2919 974 3116 1035 prmter
3159 964 3386 1023 calicem
3407 974 3464 1035 et

1877 1049 2299 1120 calamum-quo
2341 1051 2564 1123 sanguis
2606 1052 2821 1111 Domini
2868 1056 3101 1111 sumitur
3138 1057 3194 1113 in
3229 1056 3462 1114 ecclesia

1879 1155 1986 1211 non
2010 1140 2309 1208 habemus;
2343 1140 2509 1212 pallia
2547 1144 2856 1219 tapetiaque
2881 1144 3236 1219 relinquimus
3269 1167 3282 1204 :
3310 1146 3462 1205 fene—

1876 1244 2121 1290 ratorum
2147 1241 2203 1289 et
2226 1236 2823 1296 excommunicatorum
2853 1253 3080 1295 munera
3111 1255 3221 1297 non
3259 1240 3465 1310 accipi-

1879 1341 2017 1383 mus.
2048 1325 2117 1381 Et
2148 1325 2221 1380 ita
2257 1327 2548 1395 praedictus
2588 1328 2749 1383 homo
2785 1329 2878 1385 Dei
2898 1330 3099 1405 scribit
3125 1332 3190 1386 de
3216 1332 3324 1389 bis.
3356 1312 3475 1390 Vos

1876 1426 2079 1486 autem,
2109 1432 2143 1472 ο
2190 1416 2631 1484 Carthusienses,
2662 1417 2778 1475 haec
2823 1420 3043 1490 quidem
3078 1420 3366 1492 diligenter
3406 1431 3464 1477 et

1876 1525 2001 1571 cum
2030 1508 2178 1565 onmi
2218 1508 2586 1567 sollicitudine
2632 1510 2937 1581 custoditis,
2968 1520 3024 1566 et
3065 1513 3204 1570 bene
3234 1512 3461 1580 facitis";

1876 1610 1930 1657 et
1958 1602 2079 1657 ideo
2102 1601 2242 1658 bene
2276 1599 2477 1668 facitis,
2507 1600 2633 1672 quia
2663 1616 2782 1671 quo.
2795 1602 2974 1658 minus
3002 1603 3071 1661 de
3100 1605 3298 1665 saeculo
3322 1606 3473 1679 θεοῖο,

1876 1694 2024 1764 pitis,
2050 1708 2117 1749 eo
2143 1702 2199 1749 et
2243 1693 2423 1756 minus
2458 1693 2508 1749 ei
2555 1693 2785 1750 debetis.
2816 1693 2924 1750 Sed
2976 1693 3083 1750 hoc
3129 1696 3458 1765 addendum,
3534 1742 3539 1745 .

1876 1785 2019 1855 quial
2036 1785 2361 1856 quominus.
2377 1783 2596 1849 smctdo,
2626 1792 2680 1839 et
2709 1784 2794 1840 his
2821 1800 2943 1855 quae
2970 1784 3151 1841 smeuli
3183 1792 3329 1852 sunt,
3356 1800 3467 1844 non

1877 1876 2050 1932 solum
2070 1891 2166 1948 per
2181 1875 2457 1942 affectum,
2478 1876 2574 1933 sed
2588 1883 2645 1931 et
2663 1891 2760 1945 per
2777 1884 2959 1932 actum
2978 1874 3282 1944 intenditis,
3308 1891 3374 1933 eo
3400 1876 3467 1931 li-

1878 1966 2060 2023 berius
2076 1967 2350 2038 etpurius,
2363 1982 2430 2024 eo
2446 1965 2715 2023 sincerius
2730 1975 2784 2022 et
2794 1968 3037 2033 suavius,
3054 1982 3120 2023 eo
3130 1967 3479 2041 peramplius,

1877 2067 1933 2114 et
1954 2056 2248 2129 perfectius
2271 2057 2371 2114 soli
2401 2059 2512 2114 Deo
2555 2057 2837 2113 intendere
2861 2057 3114 2131 potestis,
3144 2064 3206 2127 ut
3233 2057 3301 2113 ad
3340 2072 3468 2129 per-

1879 2151 2125 2208 fectionis
2149 2152 2431 2209 tendentes
2458 2153 2755 2217 desertum,
2785 2166 2853 2209 ne
2880 2150 3134 2222 ungulam
3161 2150 3383 2222 quidem
3408 2152 3481 2213 in.

1877 2243 2112 2317 IEgypto
2147 2259 2434 2301 remanere
2462 2244 2793 2316 permittatis
2835 2258 2900 2299 ex
2949 2243 3225 2309 omnibus,
3248 2256 3371 2314 quae
3394 2243 3479 2300 adv

1876 2338 2203 2397 sacriﬁcium
2243 2338 2484 2394 divinum
2526 2337 2835 2395 necessaria
2875 2347 3021 2394 sunt.
3061 2336 3171 2393 Sed
3209 2335 3368 2407 plene
3400 2350 3477 2391 ac.

1876 2426 2116 2498 perfecte
2156 2426 2496 2485 intellexistis
2535 2427 2652 2484 haec
2686 2426 2908 2493 omnia,
2934 2426 3164 2498 quaead
3204 2424 3323 2487 hac
3361 2424 3483 2485 tria.

1877 2518 2113 2576 diximus
2157 2518 2745 2591 pertinere;-videlicet
2776 2518 2847 2575 ad
2871 2526 3159 2579 externam
3195 2516 3466 2576 exercita-

1879 2610 2078 2668 tionem
2110 2621 2371 2679 vestram,
2392 2612 2460 2668 ad
2478 2612 2662 2685 iugem
2691 2625 2856 2682 quam
2884 2609 3081 2675 tenetis
3106 2607 3259 2669 cella:
3276 2608 3464 2664 solitu-

1876 2702 2079 2770 dinem,
2108 2703 2177 2760 ad
2223 2704 2449 2777 plenam.
2484 2703 2717 2773 denique
2762 2700 2967 2771 saeculi,
2994 2712 3067 2763 ,et
3111 2714 3300 2756 eorum
3346 2712 3468 2769 qur

1876 2795 2055 2852 saeculi
2084 2802 2213 2851 sunt
2236 2795 2618 2866 abiectionem.
2650 2792 2768 2850 Non
2804 2795 2960 2851 vobis
2997 2801 3081 2865 (ut
3108 2792 3481 2862 arbitramur).

1875 2886 2049 2947 videri
2096 2887 2258 2944 debet
2296 2888 2620 2952 absurdum,
2647 2885 2792 2958 quod
2821 2883 3032 2941 ordinis
3069 2884 3271 2951 vestri,
3298 2897 3465 2954 quem

1875 2980 1996 3035 haec
2047 2979 2151 3035 tria
2193 2978 2607 3042 commendant,
2665 2977 3019 3034 suavitatem.
3043 2974 3364 3039 sublimem.
3410 2981 3476 3034 et.

1878 3068 2266 3126 sublimitatem
2317 3083 2533 3139 quoque
2584 3081 2840 3133 suavem,
2895 3065 3186 3137 quemdam
3231 3062 3478 3140 diximus

1877 3175 1998 3217 esse
2027 3160 2360 3231 paradisum.
2404 3158 2546 3216 Vere
2587 3160 2872 3231 paradisus
2915 3165 3023 3224 est,
3052 3157 3243 3214 hortus
3279 3154 3467 3224 utique

1876 3251 2197 3309 deliciarum
2225 3291 2242 3318 ,
2270 3249 2419 3308 omni
2448 3249 2808 3307 delectatione
2842 3247 3075 3305 refertus
3095 3287 3112 3313 ,
3138 3254 3196 3303 et
3231 3244 3479 3305 amutni-,

1875 3352 2001 3401 tate'
2027 3342 2334 3400 omnimoda
2370 3343 2579 3414 plenus.
2612 3341 2717 3399 Sed
2749 3341 2957 3414 rigetur
3006 3340 3108 3396 iste
3153 3337 3477 3413 paradisus,

1876 3435 1977 3490 hoc
2001 3436 2145 3491 enim
2173 3433 2450 3506 probabile
2479 3441 2536 3488 et
2564 3432 2719 3489 valde
2743 3431 2967 3487 bonum.
2995 3429 3168 3486 Porro
3206 3424 3472 3497 irrigatio.

1876 3527 2013 3597 eius,
2038 3526 2405 3595 augmentatio
2426 3524 2577 3595 eius;
2601 3524 2844 3596 irrigatio
2863 3520 3002 3592 eius,
3026 3518 3301 3592 profectus
3321 3517 3465 3587 eius.

1876 3619 2010 3675 Num
2054 3628 2184 3676 tunc
2226 3618 2515 3690 irrigatur,
2545 3633 2668 3674 cttm
2701 3616 2867 3672 robur
2889 3615 2941 3671 ei
2969 3622 3027 3671 et
3068 3613 3476 3670 incrementum

1875 3712 2174 3769 confertur.
2219 3711 2288 3767 Et
2330 3711 2614 3784 paradisus
2655 3719 2770 3774 est,
2798 3717 2853 3765 et
2892 3706 3109 3777 irrigari
3131 3705 3182 3762 ei
3217 3717 3469 3760 necessa-

1875 3804 2016 3858 rium
2034 3812 2141 3863 est.
2175 3802 2231 3857 In
2252 3801 2664 3858 conversatione
2685 3799 2887 3870 quippe
2910 3795 3176 3867 spirituali
3196 3810 3312 3851 non
3335 3808 3466 3863 pro-

1875 3893 2040 3950 ficere
2082 3892 2317 3950 deiicere
2360 3901 2469 3975 est.
2518 3891 2656 3947 Dum
2693 3889 2840 3948 enim
2869 3888 2954 3961 (ut
2980 3886 3273 3975 Scriptura
3309 3883 3466 3954 dicit)

1876 4001 1996 4043 cum
2023 3973 2469 4040 consummaverit.
2489 3981 2642 4037 homo
2663 4020 2679 4048 ,
2704 3990 2831 4035 tunc
2863 3977 3046 4049 incipit
3071 3973 3269 4050 (Ereti;
3297 3990 3458 4039 xvut,

1875 4076 1956 4147 ϐ),
1978 4072 2285 4145 paradisum
2309 4070 2526 4142 quidem
2550 4078 2719 4148 patet,
2744 4067 3055 4140 paradisum
3082 4079 3228 4131 esse,
3254 4072 3313 4120 et
3343 4063 3478 4119 irri-.

1878 4168 2097 4240 gatione
2130 4174 2309 4221 tamen
2330 4164 2604 4236 indigere.
2646 4162 2937 4234 Amplius:
2965 4161 3101 4218 Cum
3136 4158 3475 4231 juxtaquod

1874 4260 2070 4317 beatus
2098 4257 2199 4315 Job
2225 4257 2359 4314 dicit
2398 4256 2522 4328 (Job
2563 4271 2674 4325 xiv,
2709 4254 2799 4325 l),
2826 4262 2882 4311 et
2909 4268 3225 4313 nostomnes
3263 4251 3477 4324 iugiter.

1876 4352 2210 4423 experimur,
2236 4365 2513 4420 nunquam
2552 4349 2606 4405 in
2637 4349 2829 4405 eodem
2873 4355 3023 4404 statu
3068 4347 3323 4413 natusde
3350 4361 3471 4401 mu-

1877 4444 2012 4500 liere
2053 4452 2370 4513 permaneat
2399 4441 2562 4497 homo
2581 4480 2597 4506 ,
2626 4438 2709 4495 vel
2737 4437 2983 4496 ascendit
3010 4437 3087 4495 ad
3104 4437 3215 4493 alta
3243 4451 3473 4497 munere

187 4539 318 4581 men
346 4539 480 4581 vero
523 4526 843 4599 cuiusquam
872 4528 925 4583 in
966 4543 1066 4583 suo
1096 4542 1202 4584 non
1225 4527 1469 4584 scribent
1508 4528 1775 4602 Martyro—
1803 4534 1859 4597 Β
1883 4534 2185 4592 roborantis
2204 4546 2330 4589 eum
2357 4534 2567 4601 gratiae,
2591 4531 2675 4587 vel
2699 4530 2981 4588 descendit
3000 4530 3067 4589 ad
3094 4529 3199 4587 ima
3226 4527 3468 4598 pondere
3548 4520 3555 4529 '

186 4615 355 4689 logio,
373 4632 473 4674 nec
493 4618 809 4689 cujusquam
833 4619 1265 4675 anniversarium
1287 4634 1353 4675 ex
1379 4634 1531 4676 more
1551 4619 1774 4678 facient.

188 4707 349 4776 Quod
372 4706 617 4779 profecto
646 4723 713 4764 ne
735 4708 874 4766 forte
893 4709 1052 4765 alicui
1071 4709 1232 4766 nimis
1257 4709 1452 4766 durum
1479 4718 1535 4766 et
1560 4710 1778 4768 crudele

186 4800 363 4855 videri
395 4798 609 4864 debeat,
643 4815 806 4870 quam
850 4801 1158 4857 rationabili
1181 4817 1370 4868 causa,
1399 4811 1458 4857 et
1480 4802 1780 4859 intentione

186 4893 424 4949 discreta
446 4933 461 4958 ,
494 4903 552 4948 et
584 4895 653 4949 ad
690 4909 812 4964 qua
840 4894 1191 4965 praecavenda
1242 4893 1383 4951 mala
1416 4895 1520 4951 hoc
1562 4895 1779 4951 institu-

188 4992 302 5038 tum
346 4983 862 5055 fuerit:praedictus
906 4985 1033 5044 Jesu
1083 4986 1285 5044 Christi
1331 4986 1582 5052 fanmulus,
1616 4987 1779 5044 homo

187 5090 402 5146 magna;
451 5091 557 5133 suo.
593 5085 835 5147 tempore
863 5077 941 5150 (ut
972 5077 1151 5134 adhuc
1190 5077 1350 5133 hedie
1391 5077 1638 5148 apparet)
1668 5086 1790 5134 tam,

185 5165 471 5237 religionis
515 5181 678 5237 quam
725 5168 967 5223 scientiae
1006 5166 1647 5234 evidentermanifestat,
1675 5168 1780 5225 hoc

187 5259 354 5315 modo
403 5257 679 5326 subdens;
704 5259 1012 5316 audivimus
1031 5260 1201 5327 enim,
1235 5259 1400 5332 (quod
1441 5274 1548 5316 non
1587 5258 1782 5330 proba-

193 5349 343 5422 mus)
386 5348 674 5423 plerosque
702 5350 863 5407 toties
896 5349 1177 5421 splendide
1211 5352 1488 5408 convivari
1517 5353 1781 5410 :missas-

190 5454 300 5510 que
356 5440 538 5499 facere
579 5448 838 5513 paratos,
885 5444 1098 5514 quoties
1141 5444 1222 5500 eis
1270 5444 1468 5515 aliquis
1516 5461 1616 5518 pro
1662 5448 1779 5504 suis

188 5531 467 5588 voluerint
508 5532 765 5588 exhibere
818 5532 1106 5588 defunctis.
1158 5532 1291 5600 Quae
1339 5537 1673 5593 consuetudo
1721 5546 1781 5593 et

192 5621 580 5679 abstinentiam
612 5622 769 5689 tollit,
810 5632 867 5678 et
902 5622 1123 5678 venales
1150 5621 1285 5679 facit
1309 5626 1616 5693 orationes;
1646 5627 1776 5683 dum

192 5723 402 5787 quotus
429 5724 680 5789 pastuum
725 5728 1003 5778 numerus,
1049 5720 1196 5769 totus
1235 5724 1320 5771 est
1361 5722 1420 5772 et
1461 5716 1774 5775 missarum.

186 5806 302 5865 Nec
336 5808 506 5871 ullum
533 5811 605 5868 ibi
633 5805 1052 5885 vel‘ieiunandi,
1082 5803 1169 5862 vel
1197 5804 1521 5867 obsecrandi
1560 5818 1780 5867 constat

1881 4626 2212 4684 infirmitatis
2238 4624 2485 4696 propriae.
2535 4622 2662 4678 Ideo
2689 4637 2753 4678 ex
2784 4622 2871 4682 his
2894 4620 3019 4677 luce
3052 4618 3257 4674 clarius
3298 4624 3466 4685 patet,

1881 4718 2006 4787 quia
2032 4716 2125 4788 qui
2155 4716 2224 4771 de
2246 4716 2490 4785 augendo
2524 4712 2792 4784 spirituali
2840 4710 3084 4782 profectu
3113 4722 3216 4764 suo
3249 4705 3470 4763 solliciti
3542 4746 3545 4751 .

1881 4824 1988 4863 non
2013 4816 2160 4874 sunt,
2178 4806 2433 4862 nimirum
2456 4805 2513 4861 in
2527 4803 2796 4861 defectum
2821 4801 3162 4859 teterrimum
3183 4805 3467 4856 corruunt.
3541 4864 3545 4871 ν

1881 4897 1983 4966 Qui
2012 4896 2159 4954 enim
2196 4894 2504 4966 huiusmodi
2531 4901 2660 4951 sunt
2686 4893 2759 4948 ibi
2785 4893 2878 4967 (ut
2904 4891 3064 4961 longe
3091 4896 3218 4944 ante
3251 4902 3353 4944 nos
3380 4886 3470 4943 di-
3538 4911 3547 4919 -

1881 4996 2032 5046 ctum
2074 4986 2180 5060 est)
2222 4985 2500 5056 dejiciendi
2545 4983 2783 5039 incidunt
2828 4979 3152 5053 periculum;
3175 4977 3264 5033 ubi
3300 4976 3473 5048 proﬁ-.
3542 4994 3549 5041 ς

1880 5078 2054 5134 ciendi
2093 5080 2377 5150 deposuere
2413 5076 2725 5147 appetitum.
2769 5072 2975 5129 idcirco
3020 5071 3135 5141 ipse
3180 5067 3476 5142 paradisus

1879 5170 2159 5243 irrigetur,
2181 5170 2306 5241 quia
2333 5168 2426 5239 qui
2454 5167 2596 5224 lotus
2618 5176 2725 5232 est,
2753 5165 2959 5236 indiget
2975 5177 3193 5234 quoque
3213 5170 3275 5231 ut
3297 5162 3462 5234 pedes

1879 5259 2042 5318 lavet.
2070 5261 2164 5318 ‘Et
2205 5275 2330 5318 cum
2375 5258 2637 5316 omnibus
2679 5255 2938 5329 apostolis
2984 5254 3104 5325 plus
3141 5253 3447 5339 laboraveri

1878 5355 2123 5422 Paulus,
2150 5354 2433 5425 indignum
2458 5367 2520 5409 se
2551 5360 2730 5407 tamen
2771 5350 2968 5406 asserit
2994 5359 3055 5404 ut
3079 5357 3302 5408 vocetur
3344 5360 3474 5415 spec.

1879 5448 2073 5505 stolas.

2382 5535 2583 5593 CAPIT
2588 5533 2780 5592 ULUM
2819 5532 2951 5588 XIII.

1878 5626 1957 5684 De
1983 5627 2096 5684 loco
2129 5634 2331 5683 sanctae
2358 5625 2739 5749 voluptat’iscez
2753 5624 2819 5678 de
2845 5618 3111 5691 spirituali
3147 5617 3277 5689 fuga
3299 5624 3454 5673 sanet

2606 5711 2644 5749 a
2676 5711 2707 5749 o
2745 5732 2763 5749 .

2606 5710 2763 5750 που.

1951 5810 2265 5880 Quomodo,
2289 5809 2378 5870 ait.
2408 5808 2623 5889 aliquis,
2654 5808 2756 5867 iste
2799 5803 3086 5880 paradisus
3116 5798 3476 5872 irrigabitmyt.
