3984 6416
529 407 636 464 823

1411 389 1735 450 GUIGONIS
1770 389 1814 444 ll
1845 385 2266 446 (ιΑιιτι-ιυευε
2297 386 2589 445 MAJORIS
2615 386 2891 445 PRlORIS.

3697 395 3805 455 εει

533 516 592 572 in
645 489 841 573 Genesi
887 489 1015 581 quid
1067 507 1328 576 scriptum
1388 505 1507 560 est?
1559 503 1830 575 quomodo.
1898 487 2110 574 legitis?
2135 503 2185 568 Α
2214 514 2337 556 nem
2364 509 2669 570 supponat;
2701 500 2889 571 sicque
2909 499 2958 556 ei
2983 501 3252 559 inhaerens
3277 504 3513 563 dormiat
3535 508 3592 564 in
3618 513 3802 571 eodem

535 605 728 664 Nonne
750 603 1032 673 Scriptura
1071 599 1220 662 dicit,
1254 597 1381 666 quia
1428 597 1621 667 ﬂuuius
1665 594 2025 665 egrediebatur
2053 592 2120 647 de

533 699 649 754 loco
689 693 968 764 voluptatis
998 691 1068 746 ad
1097 689 1422 761 irrignndum
1468 687 1772 759 paradisum
1795 686 1822 740 Σ)
1855 682 2010 756 (Gen.
2041 698 2115 746 τι.

532 784 648 860 l0.)
670 787 756 842 Et
777 786 900 857 quis
924 782 1116 839 ﬂuvios
1142 780 1280 837 iste?
1312 781 1422 836 imo
1441 779 1568 850 quis
1586 778 1686 833 hic.
1708 775 2003 846 voluptatis
2025 773 2120 830 loqu.

531 879 662 936 eus?
688 875 832 931 Nam
851 875 956 930 boc
977 872 1132 944 prius.
1152 869 1526 942 querendum,
1550 870 1676 940 quia
1697 867 1954 924 nimirum
1975 862 2118 920 sicut

531 969 601 1025 de
635 967 801 1024 ﬂuvio
838 967 944 1022 hoc
970 965 1216 1037 procedit
1241 963 1509 1034 irrigatio,
1538 961 1617 1020 sic
1639 969 1695 1016 et
1713 961 1792 1015 de
1810 959 1944 1014 loco
1964 952 2117 1013 volui

528 1060 696 1131 ptatis
725 1059 793 1114 sit
816 1057 963 1114 iluvii
990 1056 1248 1128 egressio.
1275 1055 1462 1124 itaque
1485 1062 1548 1108 ut
1581 1059 1731 1122 patet
1750 1065 1815 1106 ex
1839 1050 1945 1114 bis,
1973 1047 2114 1104 ditii-

529 1150 654 1216 c'ile,
685 1150 793 1204 imo
836 1146 1189 1218 impossibile,
1242 1155 1302 1200 ut
1353 1143 1638 1215 paradisus
1691 1143 1793 1197 iste
1836 1141 2113 1211 irrigetur,

527 1243 632 1297 nisi
662 1243 812 1313 prius
852 1240 919 1295 de
953 1240 1082 1295 loco
1112 1239 1403 1306 voluptatis
1451 1235 1758 1305 quicunque
1806 1233 1897 1286 ille
1919 1234 1986 1287 sit
2015 1230 2116 1286 ilu-

529 1334 671 1400 vius,
691 1333 1032 1404 egrediatur.
1067 1330 1274 1387 idcirco
1296 1345 1361 1385 ex
1391 1343 1500 1398 quo
1523 1328 1594 1382 ita
1619 1335 1719 1390 est,
1749 1325 1872 1394 quis
1901 1324 1988 1378 hic
2017 1338 2114 1378 vo-

528 1423 750 1492 luptatis
778 1423 929 1479 locus
955 1423 1071 1478 est?
1101 1420 1269 1476 Nobis
1297 1421 1515 1474 videtur
1543 1418 1618 1489 (si
1653 1418 1726 1471 ita
1755 1415 1909 1474 vobis
1937 1415 2112 1486 sedet)

529 1515 672 1584 quod
699 1513 872 1568 dulcis
922 1521 974 1567 et
1029 1511 1208 1566 suavis
1251 1511 1474 1564 sincerae
1523 1507 1806 1564 citaritatis
1845 1504 2117 1560 unanimi-

529 1617 632 1671 tas,
682 1619 844 1674 quam
890 1603 1183 1669 secundum
1226 1601 1392 1655 Deum
1426 1602 1478 1656 in
1509 1601 1736 1655 invicem
1769 1598 1980 1654 habetis
2008 1612 2111 1666 pu-

530 1709 646 1748 ram
678 1708 743 1748 ac
768 1692 1103 1755 defaecatam,
1145 1693 1339 1747 bonam
1371 1691 1574 1759 pariter
1614 1698 1670 1746 et
1701 1677 2028 1757 jucundam,
2056 1687 2111 1743 in

528 1784 676 1840 omni
707 1784 825 1854 (pro
875 1797 1054 1849 nosse,
1096 1797 1160 1837 ac
1192 1797 1292 1852 pro
1336 1797 1495 1851 posse
1538 1781 1592 1838 in
1641 1779 1894 1852 Christo)
1945 1787 1999 1835 et
2042 1779 2110 1834 ad

534 1889 698 1931 omne
731 1874 930 1931 ntalem
960 1874 1118 1940 nolle,
1142 1873 1276 1929 eiad
1299 1888 1458 1928 omne
1478 1873 1678 1928 bonum
1705 1872 1864 1938 velle,
1887 1872 2106 1942 quidam

527 1976 635 2020 non
667 1967 962 2034 incongrue
995 1965 1163 2036 possit
1189 1973 1242 2021 et
1263 1965 1457 2020 debeat
1482 1953 1587 2018 dici
1616 1964 1767 2020 locus
1796 1963 2104 2034 voluptatis.
2157 2018 2167 2034 ,

525 2056 666 2114 Vere
713 2055 863 2111 locus
911 2057 1017 2121 hic,
1072 2056 1224 2112 locus
1253 2055 1545 2126 voluptatis
1570 2065 1673 2123 est,
1705 2055 2001 2126 voluptatis
2030 2055 2116 2109 in-

525 2162 687 2218 quam
713 2163 820 2204 non
859 2149 1116 2214 carnalis,
1161 2149 1258 2205 sed
1310 2148 1638 2218 spiritualis;
1687 2163 1793 2204 non
1842 2163 1949 2220 qua
1984 2162 2113 2223 caro

525 2238 610 2293 vel
660 2240 886 2310 spiritus
933 2240 1271 2310 inquinatur,
1304 2239 1397 2296 sed
1439 2240 1610 2310 magis
1638 2253 1744 2310 qua
1791 2248 1848 2295 et
1891 2239 2113 2310 Spiritus

527 2336 585 2381 et
613 2341 740 2383 caro
765 2328 1104 2398 purificatur,
1138 2330 1456 2394 adornatur,
1489 2330 1799 2384 decoratur.
1833 2327 1933 2382 llic
1963 2327 2114 2384 locus

525 2417 703 2494 estad
739 2433 898 2486 quem
925 2419 1072 2478 venit
1092 2418 1184 2488 qui
1227 2434 1258 2472 a
1318 2419 1455 2473 facie
1501 2427 1727 2474 mortem
1778 2419 1826 2474 ei
1886 2418 2117 2474 commi-

526 2510 710 2563 nantis
740 2507 897 2577 pilosi
927 2507 1091 2578 fugit,
1136 2509 1191 2568 is
1244 2523 1351 2579 quo
1374 2509 1490 2568 vult
1517 2510 1859 2579 requiescere
1891 2524 2112 2565 eccum.-

526 2598 692 2652 bentc
715 2596 831 2666 jam
861 2597 995 2654 sole.
1029 2596 1121 2654 Sic
1147 2599 1294 2654 enim
1325 2599 1380 2653 in
1410 2599 1636 2658 historia
1666 2600 1844 2661 veraci
1869 2598 2114 2654 contines

525 2697 653 2742 tur:
685 2687 916 2759 Cumque
946 2691 1166 2745 venisset
1195 2690 1376 2761 (haud
1405 2690 1626 2748 dubium
1655 2689 1783 2760 quin
1813 2688 2013 2760 Jacob)
2044 2689 2120 2744 ad-

521 2780 804 2848 queutdam
825 2778 1017 2850 locum,
1051 2791 1102 2836 ct
1130 2781 1276 2836 uellet
1311 2783 1367 2836 iu
1395 2799 1455 2837 eo
1482 2783 1802 2852 requiescere
1833 2792 1949 2853 post
1985 2783 2116 2838 solis

524 2871 815 2926 accubitum
847 2868 1004 2938 (Gen.
1032 2887 1227 2940 uvut,
1256 2872 1366 2942 ll).
1417 2873 1548 2940 Quis
1595 2873 1808 2944 fugiens
1858 2875 1984 2941 iste,
2011 2873 2128 2929 nisi

523 2962 614 3020 ille
633 2964 699 3017 de
727 2978 832 3032 quo
863 2963 1176 3035 prmcipitur
1201 2964 1254 3020 in
1281 2979 1447 3028 onere
1475 2964 1528 3019 in
1556 2965 1755 3020 Arabia
1782 2980 1881 3036 per
1913 2965 2122 3021 lsaiam'

522 3056 590 3112 iis
609 3055 700 3128 qui
732 3056 783 3110 in
814 3066 956 3114 terra
992 3057 1174 3113 Austri
1221 3057 1500 3123 habitant,
1532 3067 1590 3112 ut
1634 3059 1684 3114 ei
1725 3075 1848 3115 cum
1886 3059 2124 3131 panibus

2221 589 2378 658 loco;
2423 593 2674 658 dormiat,
2711 593 2964 662 inquam,
3016 606 3276 664 quantum
3310 599 3377 652 ad
3424 600 3709 669 quietem;
3748 605 3802 661 in

2219 682 2410 740 eodem
2424 682 2578 749 loco,
2607 692 2870 753 quantum
2894 682 2967 740 ad
2985 685 3307 742 suavitatem
3323 727 3343 754 ,
3379 697 3441 742 ut
3465 691 3542 750 sit
3569 689 3718 752 illius
3751 703 3806 752 et

2213 772 2374 842 quies
2403 771 2586 827 suavis
2617 781 2676 827 et
2699 773 2940 827 suavitas
2965 773 3169 842 quieta.
3211 773 3414 847 Sicque
3451 777 3507 833 in
3537 781 3804 840 suavitate

2219 864 2344 930 hac,
2369 863 2424 918 in
2449 862 2634 932 quiete
2661 862 2787 930 hac,
2833 855 3136 935 purificatio
3172 865 3368 923 videns
3405 869 3586 924 oculis
3614 873 3803 928 mentis

2216 945 2501 1019 charitatis
2522 951 2722 1014 scalam
2747 969 2768 1018 ;
2797 960 2856 1007 et
2881 952 2934 1008 in
2959 953 3082 1009 imis
3102 969 3198 1025 per
3219 956 3659 1024 compassionem
3685 974 3804 1029 pro-

2217 1045 2351 1100 ximi
2403 1045 2720 1110 demissam,
2752 1046 2892 1102 etin
2931 1047 3160 1102 summis
3189 1061 3290 1118 per
3337 1049 3674 1104 desiderium
3716 1051 3807 1109 Dei

2217 1136 2450 1192 delixam
2476 1153 2490 1189 :
2522 1134 2840 1204 angelorum
2860 1151 3094 1208 quoque,
3120 1139 3216 1208 qui
3237 1148 3362 1194 sunt
3388 1139 3647 1206 veritatis
3674 1156 3805 1211 pras-

2217 1241 2402 1291 concs,
2451 1235 2508 1281 et
2554 1241 2651 1297 per
2695 1227 3202 1298 contemplationem
3255 1244 3569 1297 ascensum,
3619 1240 3678 1285 et
3713 1246 3804 1301 per

2216 1319 2485 1374 actionem
2517 1318 2794 1374 intueatur
2823 1319 3146 1375 descensum
3177 1338 3191 1375 :
3223 1333 3458 1391 eumque
3487 1321 3586 1391 qui
3622 1322 3804 1378 reddet

2175 1443 2178 1447 -
2215 1412 2518 1468 mercedem
2546 1410 2790 1467 laborum
2814 1421 3127 1468 sanctorum
3158 1428 3406 1481 suorum,
3432 1414 3614 1468 eidem
3653 1413 3804 1469 scala

2215 1503 2484 1559 innixum.
2547 1503 2667 1558 Jam
2716 1519 2840 1560 cum
2890 1520 3092 1575 pavore
3131 1506 3524 1576 obstupescens
3580 1515 3640 1561 et
3687 1522 3804 1562 eum

2213 1602 2436 1664 stupore
2476 1607 2864 1664 expavescens,
2891 1595 3199 1667 evigilando
3229 1597 3296 1652 ad
3327 1612 3386 1652 se
3420 1612 3681 1653 reversus
3710 1612 3804 1656 ex-

2213 1687 2432 1752 clamet,
2462 1697 2519 1742 et
2543 1687 2691 1742 dicat
2716 1705 2730 1740 :
2763 1685 2896 1743 Vere
2924 1687 3180 1743 Dominus
3210 1699 3285 1744 est
3311 1690 3368 1744 in
3395 1688 3512 1744 loco
3545 1689 3676 1754 ista.
3713 1687 3806 1749 Diri

2214 1778 2359 1834 enim
2389 1777 2669 1843 Dominus,
2703 1779 2807 1834 nisi
2853 1779 2906 1833 in
2939 1780 3119 1850 quiete
3165 1781 3253 1836 cui
3286 1781 3440 1836 deest
3461 1781 3649 1836 omnis
3689 1796 3804 1850 per-

2217 1867 2492 1922 turbatio?
2520 1868 2622 1923 nisi
2656 1868 2709 1922 in
2747 1869 3014 1923 suavitate
3042 1869 3128 1925 cui
3161 1869 3303 1926 inest
3349 1871 3533 1925 onmis
3560 1869 3801 1935 dulcedo,

2213 1967 2267 2014 et
2291 1958 2432 2014 nulla
2461 1974 2688 2030 prorsus
2734 1959 3078 2015 amaritudo?
3120 1957 3190 2014 Et
3229 1977 3351 2032 ego,
3383 1960 3585 2030 inquit,
3620 1963 3804 2015 nescie-

2213 2051 2351 2105 bam.
2397 2049 2510 2106 Nec
2552 2052 2748 2106 mirum
2800 2066 2911 2112 non
2963 2052 3107 2107 enim
3147 2051 3252 2108 hoc
3309 2066 3375 2107 eo
3423 2052 3608 2122 potuit
3658 2052 3799 2117 sciri,

2213 2141 2388 2212 quoad
2415 2156 2587 2214 usque
2613 2142 2665 2197 id
2699 2144 2748 2198 ci
2770 2141 2954 2196 datum
2979 2151 3062 2199 est
3092 2141 3348 2213 experiri.
3380 2143 3588 2198 Verum
3612 2151 3802 2198 extune

2214 2233 2389 2296 scivit,
2423 2248 2489 2289 ex
2519 2248 2628 2304 quo
2649 2235 2714 2289 ad
2736 2233 2915 2290 locum
2943 2233 3092 2289 illum
3123 2234 3291 2300 venit,
3329 2233 3397 2289 de
3422 2232 3699 2304 lapidibus
3722 2242 3798 2287 tu-

2213 2324 2295 2391 lit,
2319 2323 2512 2381 tollens
2536 2326 2695 2396 capiti
2723 2341 2822 2382 suo
2842 2325 3165 2396 supposuit;
3191 2338 3504 2395 supponens
3530 2323 3798 2386 domirit,

2214 2416 2511 2481 dormiens,
2535 2417 2740 2473 scalam
2769 2425 2825 2474 et
2847 2433 2968 2488 quae
2997 2416 3051 2472 in
3081 2429 3143 2472 ea
3171 2417 3475 2488 agebantur
3507 2413 3670 2470 vidit.
3700 2412 3800 2468 Nec

2215 2505 2562 2563 sic'dicimus
2587 2508 2716 2577 quia
2755 2508 2916 2563 scivit
2945 2507 3186 2572 veniens,
3222 2505 3438 2572 tollens,
3469 2513 3793 2577 supponens,

2215 2597 2527 2664 dormiens;
2584 2599 2740 2670 quasi
2790 2599 2838 2654 ei
2886 2600 3026 2655 hanc
3069 2597 3354 2663 scientiam
3398 2595 3659 2659 conferre
3685 2609 3799 2667 pss-

2215 2698 2360 2751 seat,
2389 2686 2434 2740 si
2459 2701 2566 2742 non
2597 2686 2822 2750 scalam,
2852 2696 2907 2742 et
2936 2687 3004 2740 ad
3043 2702 3163 2743 eam
3188 2685 3519 2765 pertinentia
3557 2683 3796 2740 vidimt.

2217 2776 2322 2834 Sed
2351 2778 2479 2848 quia
2507 2779 2623 2834 haec
2649 2788 2885 2850 quatuor
2906 2779 2969 2834 ad
2993 2779 3094 2834 hoc
3114 2786 3532 2849 processerunt,
3563 2786 3626 2833 ut
3649 2777 3800 2848 quin-

2217 2880 2332 2927 tum
2365 2872 2655 2928 succedere
2675 2881 2876 2942 posset,
2916 2871 3002 2928 cui
3031 2881 3266 2938 sextum,
3307 2869 3414 2927 hoc
3441 2879 3525 2927 est
3554 2869 3795 2937 scientia,

2216 2978 2324 3020 non
2353 2973 2463 3021 tam
2493 2965 2756 3030 successit
2791 2979 2954 3035 quam
2989 2963 3238 3019 accessit.
3279 2962 3452 3035 Igitur
3489 2973 3624 3017 tunc
3647 2960 3799 3016 scivit

2217 3055 2434 3127 quando
2455 3055 2622 3121 vidit;
2655 3064 2710 3111 et
2745 3053 2885 3110 sicut
2932 3053 3036 3109 nisi
3075 3053 3286 3109 videret
3332 3067 3442 3108 non
3495 3053 3686 3115 sciret,
3722 3048 3799 3105 sie

522 3147 844 3202 occurrant?
881 3147 997 3217 ipse
1039 3156 1123 3204 est
1148 3149 1352 3204 electus
1380 3150 1656 3219 quislibet.
1680 3149 1887 3216 fidelis,
1936 3152 2035 3220 qui
2080 3167 2118 3212 a.
2141 3176 2187 3239 α
2223 3163 2331 3206 non
2378 3148 2585 3203 videret
2621 3146 2727 3202 nisi
2745 3145 3022 3206 dormiret,
3053 3159 3156 3200 nec
3183 3143 3448 3200 dormiret
3471 3143 3583 3198 nisi
3612 3153 3798 3212 suppo-

522 3236 896 3307 supcriluitate
927 3237 1132 3292 carnali
1172 3253 1266 3292 seu
1301 3237 1582 3304 mundiali,
1614 3239 1786 3309 magis
1819 3254 1880 3296 se
1904 3254 1968 3296 ac
1996 3255 2110 3303 ma-

523 3326 608 3396 gis
633 3326 849 3396 elongat
882 3311 965 3390 ‘ne
1005 3337 1235 3384 mortem
1285 3327 1548 3384 incurrat.
1597 3327 1696 3384 Cui
1745 3331 2110 3386 necessarium

522 3417 680 3474 valde
705 3429 764 3473 ut
791 3433 918 3474 cum.
955 3420 1186 3490 panibus
1225 3429 1545 3476 occurratur
1571 3422 1640 3477 ab
1679 3420 2113 3481 inhabitantibus

526 3517 728 3564 terram
778 3511 968 3574 austri,
1023 3522 1294 3581 quatenus
1335 3513 1427 3581 qui
1479 3513 1794 3583 spirituales
1837 3523 1980 3574 sunt.
2028 3516 2113 3570 in-

525 3607 739 3655 struant
789 3599 842 3654 in
888 3601 1080 3670 spiritu
1124 3601 1365 3658 lenitatis
1399 3602 1746 3672 huiusmodi;
1786 3613 1843 3660 et
1887 3619 1980 3661 eos
2019 3606 2114 3676 qui

524 3690 704 3747 triduo
731 3691 1001 3757 sustinent
1029 3691 1199 3756 illum,
1228 3693 1280 3748 in
1311 3693 1500 3750 domos
1539 3709 1665 3751 suas
1691 3696 1946 3757 Dominus
1966 3697 2116 3768 jejuo

524 3796 624 3838 nos
653 3797 759 3839 non
779 3783 1032 3851 dimittat,
1060 3798 1128 3840 ne
1147 3783 1402 3840 deﬁciant
1431 3786 1484 3841 in
1505 3787 1612 3842 via.
1645 3788 1684 3842 Α
1717 3788 2107 3859 facie,-inquit,

523 3872 818 3944 gladiorum
849 3875 1120 3946 fugerunt,
1141 3892 1180 3934 α,
1219 3875 1356 3944 facie
1373 3877 1539 3948 gladii
1557 3879 1896 3948 imminentis,
1917 3899 1950 3936 α
1975 3883 2114 3953 facie

525 3979 686 4020 arcus
700 3966 967 4032 exterrita
993 3966 1132 4038 facie
1150 3967 1323 4037 grauis
1345 3969 1514 4037 prtrlii
1540 3969 1674 4041 (lsa.
1699 3987 1818 4035 XXI.
1842 3973 1968 4044 {5).
1985 3972 2120 4034 time

523 4057 706 4142 omnia
720 4058 786 4112 ad
803 4066 1030 4114 mortem
1048 4068 1316 4129 spectant,
1333 4076 1494 4132 quam
1513 4063 1751 4120 minatur
1762 4065 2110 4141 pilosusleni,

524 4145 664 4202 Esau
693 4146 860 4203 Jacob
887 4165 902 4204 :
931 4162 1091 4219 quam
1119 4163 1188 4204 ne
1215 4150 1479 4218 incurrat,
1508 4168 1608 4223 per
1637 4153 1818 4227 fugam
1847 4158 1948 4212 sibi
1977 4173 2111 4213 con-

524 4237 712 4292 sulere
747 4248 925 4308 parat.
970 4240 1158 4310 Itaque
1187 4242 1400 4312 fugiens
1428 4245 1579 4312 venit
1607 4248 1672 4300 ad
1705 4249 1992 4316 quemdam
2026 4250 2108 4305 loo

523 4345 670 4384 cum.
703 4329 771 4385 Et
799 4332 914 4401 ipse
941 4343 1022 4386 est
1052 4332 1348 4402 voluptatis
1381 4335 1552 4402 locus,
1576 4338 1701 4407 quia
1733 4338 1884 4394 locus
1913 4341 2112 4409 quietis

522 4427 645 4474 est:
678 4435 804 4474 nam
839 4430 896 4475 et
915 4419 1019 4476 hoc
1044 4423 1308 4491 sequitur.
1350 4424 1414 4478 Et
1444 4426 1590 4480 uellet
1623 4426 1675 4480 in
1700 4444 1762 4482 eo
1797 4430 2112 4498 requiescere

2215 3252 2388 3303 neret,
2428 3256 2536 3296 non
2564 3250 2744 3295 autem
2796 3246 3127 3309 supponeret
3152 3236 3257 3292 nisi
3293 3235 3544 3301 tolleret;
3578 3233 3793 3295 seducti

2215 3332 2436 3388 tolleret
2463 3330 2569 3386 nisi
2597 3331 2830 3386 veniret.
2860 3328 3045 3398 itaque
3069 3328 3286 3397 quando
3303 3325 3445 3380 vidit
3473 3333 3603 3380 tunc
3627 3322 3791 3384 scivit.

2213 3424 2339 3496 quia
2381 3424 2597 3494 quando
2623 3429 2882 3493 expertus
2912 3427 3016 3485 est,
3037 3426 3091 3474 et
3117 3425 3378 3489 quantum
3401 3422 3670 3486 expertus
3697 3420 3797 3479 est,

2213 3517 2470 3573 nimirum
2510 3525 2638 3570 tunc
2665 3523 2719 3570 et
2745 3523 2954 3569 tantum
2977 3511 3159 3567 scivit.
3195 3508 3252 3564 in
3279 3515 3427 3566 tanta
3457 3507 3663 3577 quippe
3689 3503 3796 3557 tali-

2213 3619 2319 3678 que
2347 3620 2423 3670 re,
2464 3613 2670 3660 tantam
2709 3612 2766 3659 et
2784 3617 2889 3658 non
2925 3600 3157 3670 amplius
3200 3597 3594 3669 comprehendi
3633 3596 3796 3652 scien-

2214 3698 2369 3760 tiam.
2398 3702 2658 3766 quantum
2681 3694 2845 3752 sentit
2870 3693 2982 3763 ipsa
3003 3689 3362 3761 experientia.
3392 3687 3620 3742 Addidit
3641 3686 3796 3741 etiam

2213 3789 2286 3843 ad.
2313 3787 2426 3844 hare
2450 3803 2465 3842 :
2493 3787 2669 3852 Quam
2699 3783 2946 3839 terribilis
2973 3792 3049 3837 est
3079 3781 3225 3836 locus
3259 3778 3394 3834 iste!
3421 3777 3568 3834 Nihil
3599 3777 3790 3833 verius.

2213 3879 2348 3936 Nam
2394 3876 2651 3935 terribilis
2689 3874 2925 3940 diabolo,
2971 3873 3230 3929 terribilis
3279 3871 3505 3938 mundo,
3545 3866 3788 3925 terribilis

2212 3981 2270 4028 et
2314 3969 2520 4030 homini
2557 3981 2753 4041 pravo;
2791 3975 2846 4024 et
2897 3967 2978 4022 sic
3025 3965 3315 4031 terribilis,
3380 3971 3442 4018 ut
3491 3969 3788 4018 castrentur

2212 4063 2362 4123 acies
2397 4062 2668 4119 ordinata.
2709 4059 2786 4119 Illi
2816 4057 2914 4115 soli
2946 4056 3195 4114 amabilis
3223 4064 3328 4123 est,
3365 4055 3440 4109 illi
3466 4052 3572 4111 soli
3611 4065 3787 4109 acces-

2213 4153 2388 4211 sibilis
2402 4161 2513 4218 est,
2543 4151 2632 4222 qui
2665 4151 2796 4222 fugit
2819 4166 2848 4203 a
2883 4148 3019 4217 facie
3047 4147 3226 4220 pilosi‘,
3249 4157 3304 4203 et
3328 4147 3382 4202 in
3408 4161 3621 4202 morem
3647 4144 3787 4216 pellis

2212 4245 2433 4314 hispidi,
2465 4259 2587 4299 cum
2637 4243 2708 4297 sit
2749 4242 2866 4312 ipse
2922 4241 3076 4295 lenis.
3133 4239 3253 4293 Non
3293 4248 3368 4292 est
3395 4239 3480 4292 hic
3517 4237 3672 4292 aliud

2211 4339 2398 4398 domus
2431 4335 2550 4400 Dei,
2575 4343 2624 4388 et
2650 4344 2800 4404 porta
2830 4331 2965 4396 ctuti.
2996 4331 3195 4386 Verum
3237 4338 3294 4385 et
3339 4330 3466 4394 hoc,
3498 4344 3676 4398 neque
3694 4328 3785 4382 alio

2211 4425 2341 4495 quid
2371 4425 2474 4478 sub
2503 4422 2647 4478 ctelo
2670 4422 2849 4476 verius
2879 4420 2960 4476 vel
2991 4429 3095 4488 est,
3123 4420 3205 4475 rel
3231 4434 3354 4474 esse
3384 4427 3565 4487 potest
3607 4418 3658 4471 in
3693 4418 3783 4471 hoc

521 4521 635 4580 post
672 4512 801 4568 solis
840 4512 1152 4570 accubitum.
1179 4515 1407 4582 Quando
1437 4517 1520 4600 sol
1561 4518 1854 4575 occubuit?
1891 4522 2105 4591 quando
2136 4515 2184 4574 ι)
2209 4521 2406 4589 quippe
2422 4518 2541 4573 loco
2561 4517 2899 4587 potissimum
2919 4525 3103 4572 manet
3123 4515 3286 4581 Deus,
3311 4515 3409 4571 sed
3431 4521 3486 4569 et
3507 4514 3577 4567 ad
3601 4513 3780 4569 etclam

521 4605 708 4661 fervor
754 4605 1071 4662 tentationis
1105 4605 1395 4664 deferbuit.
1447 4607 1782 4680 lmpossibile
1809 4623 1872 4668 ut
1899 4613 1986 4670 hic
2023 4612 2104 4668 fn-

522 4697 676 4768 giens
704 4699 1034 4768 requiescat,
1067 4710 1354 4769 antequam
1393 4701 1494 4758 iste
1517 4704 1596 4758 sol
1623 4687 1938 4770 occumbat,-
1977 4705 2102 4776 quia

521 4789 758 4858 quandiu
785 4799 1019 4846 mentem
1059 4792 1241 4846 exurit
1275 4793 1440 4847 ardor
1469 4794 1802 4855 tentationis,
1835 4793 1884 4846 in
1913 4809 2105 4849 sereno

522 4893 629 4934 non
678 4890 870 4950 pausat
905 4882 1132 4937 interna:
1179 4883 1408 4952 quietis;
1447 4898 1512 4938 ac
1539 4898 1638 4952 per
1663 4885 1765 4939 hoc
1802 4899 1902 4939 nec
1931 4884 2108 4942 adhuc

523 4968 591 5024 ad
619 4969 795 5024 locum
825 4972 1071 5039 pervenit
1119 4972 1419 5039 spiritualis
1463 4972 1774 5044 voluptatis.
1817 4971 1953 5026 Nam
1979 4987 2107 5042 quo-

522 5058 686 5114 modo
722 5060 794 5115 ibi
829 5061 1072 5117 suavitas
1101 5063 1204 5116 ulla
1224 5102 1239 5126 ,
1272 5063 1362 5118 ubi
1395 5061 1758 5133 tranquillitas
1787 5061 1970 5116 nulla?
1998 5063 2102 5118 Sed

523 5159 656 5204 tunc
682 5151 891 5221 fugiens
919 5154 1043 5220 iste,
1075 5162 1130 5208 et
1173 5155 1240 5208 ad
1287 5155 1428 5212 hunc
1475 5155 1649 5210 locum
1673 5155 1838 5222 venit,
1868 5155 2001 5210 etin
2040 5171 2106 5210 eo

522 5241 840 5311 requiescit,
891 5259 1012 5298 cum
1058 5260 1278 5300 suavem
1307 5246 1602 5302 secundum
1649 5246 1816 5303 Deum
1847 5248 2102 5316 quietem,

522 5342 578 5388 et
637 5332 877 5402 quietam
930 5334 1277 5392 nihilominus
1339 5339 1663 5394 suavitatem
1705 5340 2109 5412 apprehendit,

523 5421 938 5492 apprehendens
973 5433 1138 5485 tenet,
1176 5434 1361 5481 tenens
1393 5443 1500 5482 non
1533 5429 1774 5484 dimittit.
1807 5428 1925 5484 Jam
1956 5429 2106 5484 tollat

521 5516 589 5570 de
619 5513 886 5585 lapidibus
909 5516 1000 5585 qui
1024 5516 1228 5587 jaceat,
1260 5517 1476 5573 tle-viris
1496 5519 1748 5576 videlicet
1769 5522 2098 5584 divitiarum,

523 5608 617 5676 qui
644 5607 700 5664 in
723 5609 943 5664 civitate
972 5609 1182 5665 Domini
1215 5611 1496 5677 virtutum,
1527 5613 1581 5666 in
1612 5627 1754 5668 verae
1775 5614 2107 5671 fortitudinis

524 5697 869 5764 multitudine
899 5717 955 5756 se
985 5702 1270 5765 humiliant
1296 5722 1309 5759 :
1338 5703 1488 5764 illum
1515 5705 1757 5760 omnium
1790 5713 2103 5761 sanctorum

525 5789 806 5856 Sanctum,
845 5805 1074 5863 eumque
1121 5794 1314 5855 mentis
1358 5810 1469 5851 suae
1507 5794 1670 5864 capiti
1713 5810 1810 5864 per
1831 5795 2104 5852 imitatio-

2204 4626 2303 4682 per
2327 4611 2501 4680 ipsum
2534 4607 2788 4663 introitus
2815 4617 2917 4662 est.

2700 4695 3096 4754 CAPITULUM
3155 4694 3296 4757 XIV.

2211 4812 2486 4880 Quomodo
2533 4811 2878 4881 spiritualiter
2907 4811 3206 4881 egrediatur
3229 4809 3420 4879 ﬂuuius
3463 4809 3530 4862 de
3569 4807 3678 4881 loco
3702 4820 3778 4881 go-

2279 4883 2498 5008 lu,.-tati:s
2527 4876 2596 4936 ad
2625 4876 2956 4952 irriganduni
2980 4876 3314 4948 paradisum,
3355 4889 3405 4933 et
3431 4881 3552 4950 quis
3581 4877 3669 4932 ille
3687 4876 3774 4945 ﬂl-

2275 4969 2432 5008 vtuss
2481 4991 2497 5008 .

2278 5065 2390 5120 iste
2411 5063 2721 5134 specialiter
2753 5063 2905 5120 locus
2936 5063 3029 5119 Dei
3058 5069 3164 5130 est,
3201 5063 3296 5118 ubi
3354 5074 3410 5119 et
3432 5064 3652 5120 auditur
3682 5072 3768 5114 vos

2207 5155 2587 5211 commotionis
2635 5170 2866 5224 magum,
2908 5154 3191 5210 benedicta
3245 5153 3416 5225 gloria
3465 5153 3671 5208 Domini
3717 5151 3776 5204 de

2205 5249 2326 5302 loco
2375 5264 2494 5304 suo.
2545 5247 2677 5302 Nam
2721 5248 3026 5313 sudarium,
3055 5247 3196 5316 quod
3233 5245 3410 5302 fuerat
3437 5261 3602 5316 super
3632 5249 3774 5310 caput

2171 5375 2176 5378 -
2208 5340 2417 5395 Domini
2451 5339 2644 5408 sepulti
2675 5339 2793 5409 ipso
2829 5339 2992 5394 etiam
3030 5339 3355 5394 resuscitato
3401 5339 3672 5391 inventum
3701 5339 3774 5386 est

2206 5431 2496 5500 separatim
2524 5430 2822 5487 involutum
2859 5431 2912 5485 in
2943 5444 3109 5484 unum
3144 5427 3344 5484 locum.
3375 5426 3557 5494 Quare
3595 5423 3680 5480 hic
3705 5422 3774 5475 io-

2205 5536 2302 5580 cus
2355 5522 2554 5577 dicitur
2593 5535 2766 5591 unus,
2818 5521 2922 5579 nisi
2969 5520 3095 5589 quia
3142 5519 3294 5575 locus
3332 5527 3418 5573 est
3462 5510 3773 5586 voluptatis!

2206 5613 2321 5667 Non
2359 5612 2504 5668 enim
2535 5613 2590 5666 in
2621 5612 2859 5669 scissura
2892 5611 3152 5668 mentium
3188 5610 3286 5667 sed
3316 5610 3372 5670 in
3401 5607 3610 5663 unitate
3646 5607 3774 5662 Deus

2203 5711 2288 5759 est
2311 5711 2417 5768 ret
2443 5703 2540 5758 ubi
2570 5703 2657 5759 illa
2686 5702 2872 5768 deest,
2901 5702 2973 5758 ibi
3017 5715 3147 5758 vera
3177 5701 3370 5756 aima
3397 5700 3640 5755 suavitas
3673 5711 3771 5753 aut

2206 5805 2317 5878 est.
2349 5794 2446 5852 Hic’
2474 5795 2621 5851 locus
2654 5804 2736 5852 est
2755 5823 2759 5828 η
2777 5793 2899 5878 talis
2928 5793 3278 5877 unanimitas
3305 5803 3526 5866 "vestra,
3553 5789 3719 5870 qttllt's
3741 5806 3772 5848 ἃ
