3984 6396
186 395 297 454 825

1290 390 1491 445 LIBER
1533 392 1621 446 DE
1659 390 2032 448 EXERCITIO
2066 387 2337 447 CELLE.

3331 390 3436 448 896

185 508 351 567 nobis
380 502 628 577 superius
652 501 892 558 breviter
916 500 1188 571 descripta
1219 510 1324 557 est.
1374 503 1451 558 De
1491 504 1594 559 hoc
1637 503 1755 559 loco
1783 505 1832 565 Α
1858 502 2159 573 Capitulum
2185 499 2544 573 convenistis)
2572 518 2586 555 :
2621 499 2691 567 si,
2718 500 2962 572 inquam,
2980 512 3065 559 est
3095 505 3237 576 apud
3261 504 3356 565 vos
3378 518 3436 567 et

183 604 449 657 emanant
472 594 616 650 ﬂuvii
648 590 826 663 magni
861 600 918 647 et
945 590 1140 646 multi:
1168 592 1435 661 siquidem
1481 593 1631 649 locus
1675 601 1761 649 est

187 687 503 751 ﬂuviorum,
544 683 635 738 ubi
688 683 792 740 rivi
836 681 1081 737 latissimi
1126 690 1184 736 et
1221 690 1491 752 patentes.
1535 682 1645 740 Sed
1672 683 1763 740 ille

181 791 353 851 quam
384 775 624 831 maxime
654 770 849 829 ﬂuvius
875 770 944 827 de
978 770 1097 827 loco
1125 770 1215 827 illo
1255 773 1550 844 egreditur,
1580 781 1641 829 ut
1666 788 1763 845 pa-

186 864 409 922 radisus
429 874 612 921 voster
640 863 918 935 irrigetur.
942 858 1096 917 Nulla
1118 859 1283 919 ﬂuvio
1307 862 1436 919 huic
1468 864 1761 935 participa-

181 956 286 1020 tio,
314 956 567 1022 societas,
599 964 653 1011 et
670 954 956 1011 conventio
982 968 1105 1011 cum
1123 953 1299 1010 ﬂuviis
1320 953 1449 1021 illis,
1474 956 1541 1012 de
1566 956 1761 1026 quibus

186 1045 480 1103 Dominum
511 1044 790 1115 alloquens
835 1045 1115 1101 Psalmista
1146 1062 1161 1100 :
1188 1043 1287 1113 Tu,
1319 1046 1511 1116 inquit,
1552 1046 1761 1103 siccatti

182 1137 371 1207 ﬂuvios
395 1134 570 1191 Ethan
602 1134 775 1205 (Psal.
798 1152 987 1200 Lxxiu,
1014 1137 1144 1206 l5)T;
1182 1138 1276 1193 sed
1298 1152 1396 1193 nec
1416 1152 1539 1194 cum
1562 1138 1667 1192 illis
1694 1139 1761 1195 de

182 1227 386 1297 quibus
410 1226 588 1281 eidem
626 1225 853 1281 Domino
877 1225 1007 1280 dicit
1039 1224 1292 1281 Habacuc
1319 1243 1335 1280 :
1374 1224 1591 1281 Fluvios
1616 1228 1758 1280 scin-

184 1315 280 1370 des
327 1327 480 1369 terra:
516 1313 748 1384 (Hahae.
795 1329 878 1380 ιιι,
911 1314 1040 1382 l0):
1073 1315 1242 1371 multo
1280 1316 1457 1371 minus
1489 1330 1611 1371 cum
1654 1316 1759 1373 illis

178 1407 275 1477 qui
324 1406 577 1462 dicuntur
621 1408 806 1462 Abana
848 1415 905 1463 et
947 1406 1249 1477 Pharphar,
1305 1407 1452 1463 ﬂuvii
1485 1408 1755 1464 Damasci.

179 1497 353 1569 Magis
380 1506 558 1552 autem
605 1497 891 1552 assimilari
920 1506 976 1554 et
1003 1497 1145 1553 valet
1168 1506 1225 1554 et
1248 1499 1407 1555 debet
1433 1498 1614 1566 ﬂuvio,
1663 1500 1755 1571 qui

176 1587 438 1644 Iordanis
462 1588 789 1659 appellatur;
824 1588 879 1644 in
901 1603 1008 1660 quo
1033 1589 1267 1656 lavatur,
1289 1600 1344 1646 et
1372 1590 1512 1647 lotus
1534 1592 1760 1647 munda-

178 1690 272 1735 tur
298 1679 538 1736 Naaman
578 1679 750 1751 Syrus
796 1679 917 1752 (IV
960 1679 1086 1752 Reg.
1114 1696 1166 1746 ν,
1199 1682 1289 1749 12,
1323 1682 1463 1749 14);
1508 1691 1565 1739 et
1601 1683 1758 1754 aquis

178 1770 366 1837 Siloe,
422 1772 475 1827 in
502 1770 656 1841 cujus
699 1772 985 1828 natatoriis
1034 1772 1176 1827 lotus
1221 1772 1556 1829 illuminatur
1579 1790 1754 1830 crocus

176 1874 343 1922 natus
374 1864 559 1937 (loan.
588 1881 665 1931 ιι,
696 1866 770 1936 7).
802 1863 955 1922 Valet
992 1867 1156 1921 etiam
1182 1881 1247 1921 ex
1277 1874 1431 1936 parte
1467 1866 1757 1922 assimilari

174 1954 347 2010 ﬂuvio
392 1954 490 2021 illi,
539 1954 607 2010 de
642 1969 750 2026 quo
793 1964 1014 2011 sanctus
1053 1953 1288 2011 Joannes
1331 1955 1385 2010 in
1411 1955 1753 2027 Apocalypsi,

174 2046 391 2101 visione
433 2046 658 2116 septima
710 2044 811 2100 hoc
867 2048 1028 2101 modo
1065 2045 1282 2111 scribit;
1339 2044 1578 2100 Ostendit
1628 2047 1756 2101 mihi

176 2135 358 2204 (haud
401 2135 622 2191 dubium
669 2136 798 2205 quin
851 2135 1112 2207 angelus)
1145 2136 1363 2206 fluuium
1398 2152 1548 2207 aqum
1606 2136 1756 2203 vium,

177 2227 514 2298 splendidam
547 2230 904 2297 procedentem
933 2228 998 2282 de
1041 2228 1163 2282 sede
1188 2226 1288 2283 Dei
1319 2238 1369 2283 et
1396 2228 1533 2298 Διθηὶ
1570 2226 1754 2300 (Apoc.

176 2333 323 2385 uti,
378 2321 453 2390 l).
502 2318 636 2374 Nam
672 2320 813 2389 quod
851 2320 1008 2375 sedes
1049 2319 1145 2374 Dei
1192 2327 1250 2374 et
1284 2318 1446 2390 Agui,
1492 2317 1641 2375 locus
1681 2319 1756 2374 in-

176 2410 686 2481 comprehensibilis
723 2410 1002 2481 cujusdam
1025 2410 1315 2481 voluptatis
1356 2410 1447 2477 sit,
1476 2424 1638 2467 nemo
1664 2411 1757 2482 qui

174 2500 551 2556 contradicere
613 2501 741 2557 velit
802 2500 886 2556 vel
935 2501 1125 2570 possit.
1182 2500 1259 2557 De
1322 2500 1426 2556 hac
1479 2501 1609 2556 sede
1659 2498 1760 2555 ﬂu-

174 2591 300 2647 vius
324 2592 568 2662 procedit
586 2592 1145 2663 incomprehensibilis
1171 2591 1261 2648 illa
1290 2591 1756 2663 superabundans,

177 2681 307 2735 viva
336 2690 391 2737 et
412 2689 611 2737 aeterna
663 2681 913 2749 felicitas,
953 2697 1058 2755 qua
1105 2683 1161 2739 in
1213 2690 1475 2739 aeternum
1516 2682 1759 2739 fruenter

176 2772 370 2838 electi;
406 2773 460 2829 in
499 2774 955 2846 contemplatione
1004 2761 1333 2832 indeflcienti
1360 2775 1555 2833 divina:
1595 2775 1759 2832 visio-

181 2865 288 2919 nis.
322 2864 462 2920 Dicit
488 2867 633 2921 enim
671 2865 932 2923 Dominus
956 2866 1023 2923 de
1050 2868 1152 2923 hoc
1178 2866 1366 2924 electis
1410 2868 1527 2924 suis
1554 2883 1570 2922 :
1603 2866 1758 2923 Men-

182 2971 365 3010 saram
404 2957 615 3026 bonam,
642 2968 690 3015 el
726 2960 1040 3029 confertam,
1069 2970 1118 3016 el
1141 2963 1474 3033 coagitatam,
1500 2969 1549 3016 el
1577 2976 1761 3031 super-

178 3048 426 3117 ﬂuentem
452 3050 649 3107 dabunt
679 3051 733 3105 in
759 3051 933 3107 sinum
956 3062 1177 3107 uestrum
1202 3052 1351 3125 (Luc.
1377 3068 1451 3118 v1,
1479 3052 1589 3123 '58).
1620 3052 1758 3108 Ecce

1861 594 2003 649 intra
2030 608 2127 649 vos
2152 593 2345 649 fluvius
2386 593 2507 659 iste,
2537 593 2644 649 imo
2667 592 2793 663 quia
2814 602 2917 660 est,
2957 595 3151 651 scitote
3172 599 3296 667 quia
3318 600 3431 667 jam

1860 694 2074 753 tempus
2106 696 2214 738 non
2246 692 2355 737 tam
2403 681 2569 737 instat
2601 680 2760 752 quam
2796 690 2996 748 exstat,
3028 692 3088 739 ut
3124 689 3434 757 egrediatur

1860 774 1930 828 ad
1959 770 2294 842 irrigandum
2323 769 2653 841 paradisum.
2681 769 2751 825 Et
2774 770 2991 827 dicitis:
3031 772 3313 842 Quomodo
3341 777 3434 834 ﬂet

1861 859 2042 917 istud?
2069 858 2349 926 Quomodo
2378 859 2629 929 superius
2666 869 2945 919 estcomm
2988 870 3093 918 est.
3138 862 3435 922 Convenitc

1861 949 1915 1007 in
1945 964 2114 1007 unum
2140 949 2475 1020 spiritualem
2517 951 2811 1009 secundum
2854 951 3046 1020 Deum,
3084 969 3151 1010 ex
3173 954 3303 1024 Deo,
3335 971 3436 1027 pro
3460 972 3473 981 ‘

1860 1042 1994 1109 Deo,
2020 1055 2147 1098 cum
2174 1040 2284 1097 Deo
2312 1056 2657 1109 consensum,
2685 1043 2825 1099 sicut
2853 1045 2908 1100 in
2935 1059 3099 1100 unum
3142 1044 3255 1113 iam
3300 1062 3433 1104 eon-

1859 1133 2087 1189 venistis
2111 1132 2446 1203 corporalem
2474 1133 2672 1200 locum,
2692 1144 2747 1191 et
2770 1146 2876 1191 tam
2919 1138 3114 1208 singuli
3146 1153 3304 1209 quam
3356 1142 3434 1196 si-

1860 1224 1971 1281 mul
1993 1238 2201 1288 omnes,
2228 1240 2353 1281 cum
2386 1240 2577 1295 magna
2609 1227 2913 1295 devotione,
2940 1238 2994 1284 et
3014 1229 3104 1285 illo
3125 1233 3215 1300 qui
3244 1245 3436 1287 secun-

1860 1318 1985 1372 dum
2022 1316 2304 1371 scientiam
2332 1325 2436 1380 est,
2464 1318 2602 1382 zelo,
2627 1317 2679 1371 id
2706 1326 2807 1382 est,
2837 1310 3072 1375 discreio
3117 1322 3183 1377 de
3228 1321 3435 1378 ordinis

1859 1408 2223 1479 reparatione,
2250 1408 2623 1472 renovatione,
2657 1410 3120 1475 corroboratione,
3144 1421 3251 1466 tam
3273 1411 3327 1467 in
3355 1411 3434 1467 si-

1858 1502 2064 1564 nistris,
2095 1499 2141 1556 si
2166 1513 2287 1570 qua:
2314 1507 2460 1563 sunt,
2490 1498 2843 1567 corrigendis,
2872 1514 3033 1570 quam
3070 1501 3124 1556 in
3166 1502 3322 1557 bonis
3351 1502 3436 1557 in-

1857 1590 2178 1657 stituendis,
2224 1591 2585 1658 adaugeudis,
2633 1591 3037 1655 continuandis,
3089 1602 3307 1652 strenue
3338 1610 3437 1653 vos

1857 1682 2221 1740 intromittite.
2248 1681 2435 1752 Itaque
2470 1681 2646 1737 levate
2682 1680 2869 1737 oculos
2895 1690 3134 1748 vestros;
3170 1693 3225 1739 et
3256 1686 3436 1742 videte

1858 1775 2107 1845 regiones
2146 1774 2193 1830 si
2230 1773 2367 1829 alba:
2416 1781 2542 1831 sunt
2574 1771 2687 1842 jam
2739 1773 2807 1828 ad
2845 1788 3097 1839 messem,
3143 1789 3211 1829 an
3263 1776 3437 1848 (quod

1858 1866 2038 1935 absit)
2064 1866 2223 1921 sicca:
2242 1865 2309 1919 ad
2345 1864 2544 1935 ignem.
2578 1862 2731 1918 Mane
2772 1863 2975 1935 surgite
3014 1865 3082 1918 ad
3118 1864 3321 1929 vineas,
3358 1865 3439 1920 vi-

1857 1961 1979 2016 dete
2014 1960 2058 2015 si
2082 1958 2261 2015 ﬂoruit
2296 1958 2473 2023 vinea,
2509 1957 2555 2012 si
2595 1954 2759 2011 ﬂores
2786 1954 2995 2011 fructus
3028 1958 3359 2027 parturiunt,
3388 1956 3435 2011 si

1856 2051 2154 2107 ﬂoruerunt
2177 2050 2314 2105 mala
2343 2049 2560 2121 punica.
2586 2048 2661 2103 ibi
2696 2049 3032 2119 potissimum
3057 2049 3207 2115 dabit
3237 2062 3434 2119 sponsa

1857 2144 2021 2199 ubera
2046 2158 2140 2198 sua
2160 2154 2381 2211 sponso.
2413 2140 2532 2208 Quo
2551 2149 2729 2195 autem
2759 2140 2873 2195 haec
2899 2140 3183 2204 attineant,
3204 2139 3325 2195 ideo
3348 2140 3438 2195 de-

1858 2235 2091 2289 vitamus
2151 2232 2395 2302 apertius
2444 2244 2750 2299 exponere,
2802 2229 3029 2284 scrutari
3088 2226 3433 2297 profundius,

1857 2323 2131 2396 profusius
2168 2322 2402 2387 edicere,
2452 2320 2579 2390 quia
2631 2319 2747 2373 haec
2794 2318 2941 2372 nullo
2992 2320 3151 2374 modo
3189 2317 3435 2387 potestis,

1859 2425 2118 2487 quantum
2159 2414 2224 2469 ad
2256 2412 2430 2482 ipsam
2473 2412 2738 2466 duntaxat
2779 2410 3166 2481 experientiam
3204 2418 3437 2480 spectat,

1861 2506 2137 2579 ignorare,
2173 2505 2219 2561 si
2242 2512 2481 2559 vestrum
2505 2502 2733 2559 studetis
2762 2510 2868 2555 tam
2894 2500 3099 2574 jugiter
3121 2515 3283 2571 quam
3307 2500 3440 2554 viri-

1860 2598 1986 2657 liter
2008 2614 2108 2670 pro
2146 2598 2263 2654 loco
2291 2606 2347 2652 et
2370 2606 2634 2667 tempore.
2662 2609 2760 2666 pro
2795 2594 3018 2665 negotio
3043 2602 3097 2649 et
3122 2606 3305 2661 causa,
3337 2605 3440 2664 pro

1860 2707 2112 2750 mensura
2135 2690 2392 2757 etmodo,
2417 2698 2473 2744 ut
2504 2688 2652 2755 licet,
2675 2686 2832 2743 decet
2868 2694 2922 2741 et
2966 2685 3181 2756 expedit
3201 2685 3435 2740 oﬂicium

1859 2799 2137 2842 exercere.
2177 2783 2291 2840 lluc
2316 2793 2496 2839 autem
2526 2796 2686 2852 quiam
2714 2778 2941 2835 sollicite
2969 2785 3225 2849 procuret
3244 2775 3437 2832 ﬂuvius

1860 2876 1982 2944 iste,
2015 2875 2175 2932 utsic
2201 2875 2513 2945 egrediatur
2551 2873 2616 2927 de
2641 2871 2758 2926 loco
2794 2869 3082 2939 voluptatis
3104 2869 3169 2923 ad
3200 2868 3435 2939 irrigan~

1859 2969 1986 3025 dum
2016 2966 2348 3038 paradisum,
2377 2974 2645 3034 quatenus
2666 2960 2789 3016 inde
2819 2959 3089 3014 dividatur
3116 2957 3170 3012 in
3205 2966 3439 3026 quatuor

1860 3059 2055 3129 capita.
2076 3057 2211 3112 Nam
2238 3056 2316 3111 sic
2338 3068 2500 3110 verax
2525 3052 2690 3107 refert
2711 3049 2933 3105 historia
2961 3046 3112 3117 (Gen.
3130 3063 3190 3113 ll,
3211 3047 3320 3116 l0):
3339 3062 3440 3102 nos

181 3153 439 3199 mensura
469 3141 586 3198 sine
610 3155 882 3211 mensura,
911 3144 977 3200 de
1007 3160 1112 3216 qua
1141 3147 1281 3215 quod
1303 3146 1598 3217 superﬂuit,
1626 3146 1758 3202 dici-
1784 3173 1831 3237 ρ
1860 3150 2122 3225 autem,si
2139 3149 2190 3204 in
2207 3147 2458 3219 prmscnti
2480 3145 2669 3201 melius
2696 3158 2801 3197 non
2816 3141 3047 3206 habetis,
3068 3140 3180 3195 haec
3204 3151 3437 3209 quatuor

182 3240 272 3285 tur
299 3246 313 3296 ;
344 3246 530 3287 verum
557 3233 659 3289 hoc
691 3249 798 3290 non
836 3236 889 3290 in
927 3237 1177 3308 praesenti
1222 3246 1326 3301 est,
1357 3238 1450 3292 sed
1483 3237 1536 3292 in
1576 3236 1757 3293 futuro

179 3321 307 3376 erit.
334 3321 403 3376 Et
428 3330 607 3377 tamen
639 3339 745 3380 non
774 3324 946 3381 solum
978 3335 1204 3397 possunt
1233 3328 1396 3385 verba
1426 3327 1542 3383 lucc
1572 3327 1638 3383 de
1668 3327 1755 3383 illa

178 3411 406 3484 intelligi
449 3412 722 3481 felicitate,
755 3431 860 3487 qua
882 3416 1131 3473 fruentur
1166 3420 1259 3489 qui
1302 3419 1446 3491 digni
1483 3418 1759 3475 habebun-

185 3512 295 3568 tur,
324 3502 379 3557 in
405 3506 649 3573 praemio,
675 3507 798 3576 quia
836 3516 1080 3577 possunt,
1108 3516 1162 3562 et
1204 3508 1271 3564 de
1315 3508 1605 3564 sanctitate
1651 3522 1757 3579 qua

184 3608 327 3649 nunc
358 3595 599 3651 ditantur
646 3596 703 3651 in
746 3599 959 3653 merito.
997 3598 1065 3655 Ut
1093 3609 1272 3655 autem
1302 3614 1400 3655 vos
1424 3601 1625 3656 diutius
1651 3615 1756 3656 non

183 3685 590 3756 protrahamus,
617 3689 832 3744 videtur
872 3690 1029 3747 nobis
1059 3691 1202 3761 quod
1232 3689 1446 3748 fervens
1471 3700 1526 3748 et
1565 3689 1757 3748 indeﬂ-

180 3778 331 3833 ciens
359 3791 510 3849 parte
552 3780 751 3835 mentis
802 3791 1001 3838 vestras
1031 3782 1262 3849 devotio,
1294 3784 1515 3855 quidam
1552 3784 1624 3840 sit
1655 3783 1757 3840 ﬂu-

180 3871 299 3924 vius
325 3870 832 3941 perennitertﬂuens
858 3888 873 3933 :
904 3873 997 3943 qui
1052 3880 1181 3929 tunc
1219 3874 1433 3944 quidem
1483 3872 1761 3945 egreditur

179 3960 245 4017 de
290 3962 412 4018 loco
446 3962 754 4034 voluptatis,
785 3964 923 4034 apud
953 3978 1051 4020 vos
1093 3965 1428 4020 extrinsecus
1469 3978 1755 4035 apparens,

181 4052 333 4121 quasi
358 4055 425 4108 ad
456 4052 728 4123 publicum
752 4054 1071 4124 procedens,
1097 4064 1152 4109 et
1179 4055 1301 4113 inde
1331 4064 1509 4110 tamen
1537 4072 1643 4110 non
1674 4070 1759 4110 re-

179 4144 412 4208 cedens,
476 4158 582 4197 non
623 4143 869 4199 exeundo
922 4144 1031 4199 exit
1079 4145 1146 4199 de
1180 4154 1389 4200 secreto
1430 4143 1671 4215 (qualem
1703 4144 1757 4201 in

180 4234 610 4304 prmcedentibus
649 4235 1069 4308 descripsimus)
1118 4246 1313 4291 vestrae
1363 4236 1755 4293 unanimitatis.

180 4325 294 4395 Ipsa
318 4326 504 4396 itaque
525 4341 629 4396 qua
657 4326 986 4384 intrinsecus
1010 4342 1137 4401 erga
1164 4328 1330 4384 Deum
1354 4338 1409 4385 et
1435 4345 1498 4384 ea
1521 4345 1641 4400 qua:
1664 4328 1758 4384 Dei

177 4425 305 4472 sunt
329 4416 645 4474 inﬂammati
672 4420 804 4474 estis
833 4419 1030 4475 mentis
1053 4420 1289 4485 devotio,
1318 4420 1417 4476 iste
1439 4429 1520 4475 est
1543 4420 1754 4487 ﬂuvius,

1859 3231 2038 3314 capita
2066 3241 2354 3297 referimus
2374 3239 2441 3294 ad
2464 3237 2684 3293 totidem
2708 3243 2910 3289 sanctae
2935 3232 3206 3301 religionis
3228 3231 3439 3286 exerci-

1861 3336 1954 3400 tia,
2010 3334 2063 3387 in
2114 3331 2311 3403 quibus
2354 3331 2467 3401 ipsa
2512 3329 2761 3384 consistit
2805 3327 2969 3383 totius
2995 3323 3203 3380 ordinis
3255 3323 3429 3377 nostri

1858 3423 2031 3479 forma
2057 3422 2235 3495 [Par.,
2260 3419 2516 3491 summa].
2539 3419 2674 3473 Sunt
2696 3426 2897 3485 autem,
2925 3416 3106 3483 lectio,
3136 3416 3436 3480 meditatio,

1858 3517 2051 3581 oratio,
2079 3515 2224 3569 actio
2253 3531 2267 3567 :
2292 3522 2529 3583 quatuor
2548 3512 2686 3577 haec,
2715 3509 2887 3578 major
2919 3518 3096 3563 autem
3136 3509 3324 3563 horum
3355 3515 3439 3563 est

1858 3608 2052 3664 oratio.
2084 3604 2240 3662 Omni
2273 3605 2471 3676 quippe
2498 3604 2627 3659 hora
2656 3618 2778 3659 cum
2806 3602 2875 3657 ab
2907 3600 3035 3672 ipsis
3062 3597 3438 3668 corporalibus

1857 3697 2276 3756 necessitatibus
2316 3695 2835 3766 vacamus(quibus
2882 3690 3119 3763 quandiu
3171 3691 3258 3744 hic
3302 3689 3437 3743 vivi«

1858 3806 1999 3857 mus,
2030 3790 2237 3846 servire
2255 3787 2653 3857 compellimur)
2676 3785 2728 3840 in
2752 3784 2932 3854 aliquo
2957 3783 3180 3837 istorum
3203 3787 3439 3850 quatuor

1860 3878 2111 3945 inveniri,
2141 3878 2300 3948 eique
2327 3891 2492 3946 quam
2516 3873 2747 3931 sollicite
2771 3873 3051 3928 intendere
3076 3880 3341 3926 tenemur.
3370 3867 3441 3923 Et

1858 3979 2073 4041 oportet
2113 3970 2333 4041 quidem
2384 3976 2445 4022 ut
2484 3966 2646 4023 lectio
2683 3967 2961 4022 evidenter
3009 3962 3336 4033 intelligatur
3381 3968 3443 4020 ei.

1858 4058 2176 4115 memoriter
2202 4057 2502 4113 retineatur
2530 4072 2543 4110 :
2574 4055 2876 4119 meditatio,
2908 4061 2968 4107 ut
2997 4051 3195 4107 nullius
3216 4050 3437 4121 phanta-

1859 4149 2050 4204 smatis
2076 4148 2307 4219 caligine
2327 4148 2673 4211 obscuretur,
2702 4146 2797 4201 sed
2842 4144 2997 4214 plena
3041 4142 3289 4219 veritatis
3322 4140 3441 4197 luce

1859 4242 2157 4298 illustretur
2180 4218 2201 4307 :7
2222 4241 2397 4296 oratio
2419 4254 2634 4311 quoque
2655 4280 2668 4303 ,
2700 4244 2760 4294 ut
2802 4236 3009 4293 cmlesti
3041 4236 3093 4291 in
3115 4218 3261 4290 omni
3291 4233 3445 4303 puris

1866 4343 1976 4389 tate
2005 4334 2215 4389 sincera
2246 4343 2299 4389 et
2325 4333 2640 4388 sinceritate
2687 4347 2819 4403 pura
2848 4330 3118 4386 desiderio
3141 4327 3439 4383 inﬂamme-

1862 4432 1971 4487 tur,
2004 4432 2058 4479 et
2084 4423 2517 4494 integra,_recta,
2550 4423 2755 4477 directa
2814 4430 2975 4490 atque
3014 4427 3195 4474 erecta
3227 4417 3440 4488 piarmn

177 4509 268 4578 qui
304 4517 434 4564 tunc
465 4510 737 4580 egreditur
761 4511 976 4581 quando
1020 4513 1183 4567 certis
1215 4511 1359 4566 foras
1395 4512 1608 4567 indiciis
1644 4526 1756 4566 ma-
1786 4513 1832 4567 D
1858 4511 2495 4585 lacrymarumeﬂ‘usione
2516 4513 2874 4566 humectetur.
2898 4510 3054 4564 Actio
3068 4506 3272 4562 veroab
3288 4505 3442 4565 omni

180 4598 486 4667 nifestatur,
518 4614 641 4655 cum
673 4614 791 4655 eam
816 4600 1069 4655 cohibere
1108 4615 1218 4669 prae
1254 4600 1419 4655 nimia
1447 4601 1564 4669 ejus
1588 4600 1755 4655 vehe-

178 4690 381 4753 ruentia
417 4690 531 4760 ipse
567 4704 779 4760 quoque
805 4691 1017 4745 animus
1052 4704 1157 4744 non
1201 4688 1416 4743 sinitur.
1449 4689 1515 4743 Et
1541 4688 1641 4743 istc
1673 4696 1758 4743 est

178 4781 375 4836 ﬂuvius
396 4781 487 4850 qui
510 4782 785 4851 egreditur
812 4783 877 4836 de
919 4781 1038 4837 loco
1082 4779 1376 4850 voluptatis
1413 4780 1479 4834 ad
1522 4778 1756 4850 irrigan-

178 4875 305 4927 dum
346 4872 678 4956 paradisum.
728 4870 866 4927 Ecce
914 4872 1039 4940 quia
1085 4870 1208 4940 quis
1234 4870 1336 4924 iste
1363 4868 1434 4924 sit
1476 4870 1759 4938 paradisus

178 4962 302 5031 quis
333 4962 498 5016 etiam
545 4961 697 5016 locus
744 4962 1053 5031 voluptatis,
1087 4961 1210 5031 quis
1252 4974 1379 5015 vero
1421 4959 1755 5026 istclluvius,

178 5051 383 5120 quidve
428 5052 501 5105 sit
550 5052 693 5108 hunc
726 5054 1035 5122 paradisum
1070 5052 1314 5122 irrigari,
1347 5052 1582 5107 diximus
1607 5053 1759 5108 vobis

178 5145 310 5215 jam,
350 5152 406 5199 et
437 5144 686 5215 audistis.

696 5233 1093 5301 CAPITULUM
1130 5234 1246 5291 XV.

182 5322 455 5400 Quodqtti
483 5326 552 5400 ad
581 5342 814 5400 animum
850 5326 1155 5400 conveniunt
1197 5323 1492 5393 Capitulum
1519 5326 1718 5400 priores
1742 5365 1756 5387 ,

252 5396 455 5449 ordinis
504 5397 686 5449 debent
730 5395 1006 5464 diligenter
1059 5398 1325 5450 intendere
1374 5397 1693 5449 renovationi
1741 5408 1759 5447 :

250 5474 296 5517 et
343 5466 409 5518 de
440 5476 669 5535 quatuor
712 5468 905 5518 sanctis
956 5467 1216 5520 exercitiis
1241 5465 1499 5535 ,unibus
1542 5467 1762 5520 sollicite

249 5534 459 5617 studere
487 5536 631 5605 debet
654 5538 822 5607 omnis
846 5535 933 5606 qui
960 5535 1014 5590 in
1039 5536 1169 5595 cella
1202 5534 1306 5592 vult
1326 5534 1597 5606 fructuosa
1620 5551 1762 5590 com.

248 5619 467 5659 morari.

250 5694 439 5767 itaque
460 5695 506 5752 si
532 5705 615 5752 est
643 5698 782 5768 apud
808 5711 925 5763 vos,
952 5696 1061 5753 imo
1083 5696 1223 5752 intra
1251 5712 1346 5757 vos
1381 5694 1555 5769 (vobis
1578 5703 1754 5753 autem

184 5785 329 5866 (lico,~
347 5787 625 5859 reverendi
647 5787 835 5857 Patres
862 5788 1033 5846 nostri
1054 5788 1283 5861 priores,
1322 5789 1413 5872 qui
1433 5788 1501 5845 ad
1523 5803 1760 5844 annuum

1859 4620 2083 4676 prorsus
2116 4612 2318 4673 tepore,
2347 4602 2595 4671 segnitie,
2622 4610 2677 4655 et
2715 4598 3143 4670 perturbatione,
3185 4610 3250 4650 ac
3287 4609 3439 4648 mur-

1860 4710 2014 4750 mure
2033 4694 2233 4758 aliena,
2264 4709 2427 4749 omne
2470 4692 2612 4763 quod
2665 4699 2845 4762 potest
2883 4690 3074 4745 obesse
3115 4686 3436 4750 omittendo,

1860 4787 2004 4842 nulla
2040 4786 2259 4842 malitiae
2285 4785 2512 4856 alicujus
2535 4794 2685 4855 peste
2713 4788 3120 4852 corrumpatur;
3150 4779 3240 4835 sed
3267 4776 3439 4846 magis

1860 4894 1984 4933 cum
2051 4878 2293 4950 perfecta
2342 4877 2727 4941 sollicitudine,
2778 4875 3081 4940 alacritate,
3144 4871 3434 4934 hilaritate,

1867 4972 2219 5033 strenuilate,
2252 4969 2513 5039 quidquid
2558 4968 2699 5022 valet
2729 4965 3009 5036 prodesse,
3062 4978 3158 5033 pro
3194 4975 3354 5033 posse
3384 4970 3441 5016 et

1864 5073 2026 5115 nosse
2061 5058 2417 5122 admittendo,
2446 5056 2590 5110 omni
2633 5053 2893 5126 probabili
2926 5052 3184 5107 exercitio
3208 5049 3442 5106 ademe-

1862 5157 1968 5203 tur.
2019 5147 2129 5203 Nisi
2157 5148 2362 5203 sanctis
2411 5146 2497 5201 his
2531 5154 2765 5217 quatuor
2807 5142 3084 5198 exercitiis
3131 5140 3444 5198 sanctitatis

1862 5240 2145 5295 intendere
2172 5238 2462 5309 diligenter
2507 5252 2561 5293 et
2605 5236 2974 5291 indesinenter
3019 5249 3289 5297 curemus,
3320 5231 3437 5286 fru-

1862 5339 2047 5385 ctuose
2079 5331 2130 5384 in
2158 5330 2310 5385 caelis
2335 5328 2533 5383 nostris
2582 5328 2779 5381 morari
2814 5342 2919 5381 non
2970 5325 3233 5380 valemus.
3260 5324 3438 5391 Quam

1862 5420 2041 5485 dulce,
2064 5437 2222 5491 quam
2259 5436 2446 5483 suave,
2471 5434 2631 5489 quam
2664 5418 2888 5482 bonum,
2928 5434 3090 5488 quam
3112 5415 3438 5485 jucundum,

1861 5527 2026 5583 quam
2048 5510 2399 5577 delectabile,
2443 5525 2608 5580 quam
2658 5507 2889 5564 amabile
2934 5507 3102 5562 videri
3148 5518 3312 5560 servo
3338 5504 3441 5561 Del

1863 5603 2046 5667 debet,
2076 5601 2266 5657 latenti
2306 5601 2359 5657 in
2410 5600 2581 5667 cella,
2628 5601 2713 5656 his
2757 5607 2992 5670 quatuor
3034 5594 3347 5652 intendere!
3376 5603 3440 5663 ut

1863 5708 2005 5750 nunc
2038 5693 2292 5752 studiosae
2325 5692 2569 5749 intendat
2599 5691 2841 5755 lectioni,
2874 5704 3015 5745 nunc
3039 5702 3190 5760 pune
3219 5689 3431 5741 incum-

1864 5786 1957 5842 bat
1975 5786 2227 5855 orationi,
2257 5801 2401 5842 nunc
2430 5784 2749 5842 necessaria:
2790 5796 2941 5840 suam
2988 5779 3261 5852 impendat
3310 5779 3442 5849 (ηιξ-ι
