3984 6412
584 379 711 439 821-

1374 312 1389 326 .
1467 372 1795 433 GUIGONIS
1830 373 1877 432 ll
1904 368 2327 431 CARTllUSIE
2362 366 2655 431 MAJOBIS
2689 367 2966 428 PRIORIS

585 493 823 571 gentiam
851 488 1093 557 actioni;
1124 495 1183 547 et
1208 487 1284 546 ita
1311 496 1375 545 ιιι
1405 487 1460 545 in
1485 487 1717 560 singulis
1743 487 1829 544 his
1861 485 2007 543 nulla
2032 486 2167 557 hora
2195 492 2247 549 Α
2272 484 2368 541 sed
2397 484 2521 550 haec
2548 483 2605 540 in
2634 492 2689 539 te
2717 483 2979 541 comestio
3006 483 3176 556 magis
3206 483 3399 545 famem
3424 487 3629 563 atlanget
3646 508 3767 563 qm

583 585 672 643 vel
692 592 970 641 momento
995 594 1148 638 mens
1173 595 1270 636 sua
1314 577 1593 654 ueer
1629 578 1779 639 desit:
1806 577 2177 645 meditationi.;

587 677 715 747 Ipsa
739 654 975 744 namque
997 687 1119 735 eum
1150 670 1378 741 singulis
1402 670 1488 741 his
1514 671 1713 727 absens
1747 677 1850 734 est,
1880 669 2028 727 nulla
2072 684 2169 740 pe.

586 766 741 825 nitus
761 764 818 820 in
843 762 1105 819 exercitio
1152 776 1254 817 suo
1299 760 1458 830 plene
1487 759 1769 819 fructuosa
1797 770 1902 818 est.
1956 761 2170 819 Etenim

587 858 795 926 absque
812 852 1100 926 praesentia
1128 851 1268 921 ejus,
1319 865 1421 907 nec
1459 850 1627 908 lectio
1648 850 1795 908 valet
1834 867 1947 922 per;
1974 851 2180 908 intelli-I

593 944 1193 1016 gentiami‘appreliendi
1233 952 1290 999 et
1334 943 1584 1011 retineri,
1612 950 1716 1000 nec
1737 945 1913 1000 oratio
1936 945 1998 999 in
2023 950 2179 999 sum."

589 1041 696 1095 mis
717 1038 970 1108 suspendi
992 1046 1048 1091 et
1073 1034 1300 1101 morari,
1346 1051 1448 1091 nec
1477 1037 1622 1091 actio
1661 1038 1730 1090 ad
1770 1036 2087 1092 necessaria
2115 1043 2173 1092 et

588 1129 738 1182 utilia
777 1125 995 1183 extendi
1042 1135 1098 1185 et
1154 1125 1333 1196 dirigi.
1367 1125 1574 1181 Idcirco
1616 1128 1984 1196 necessarium
2015 1125 2173 1181 valde

586 1226 648 1273 ut
676 1232 1119 1287 unamquamque
1146 1217 1478 1288 reliquarum
1528 1219 1691 1287 trium
1737 1218 1840 1274 ista
1882 1218 2170 1289 praecedat,

587 1316 643 1363 et
666 1308 979 1372 comitetur,
1012 1307 1077 1362 ‘et
1115 1308 1510 1378 subsequatur:
1534 1309 1803 1377 praecedat
1841 1309 2173 1363 dicounam-

583 1413 878 1470 quamque,
899 1409 959 1455 ut
984 1400 1125 1459 bene
1149 1400 1471 1470 incipiatur;
1499 1401 1813 1467 comitetur,
1842 1412 1901 1455 ut
1925 1401 2062 1456 bene
2086 1401 2179 1457 in-.

582 1506 759 1565 cepta,
810 1496 970 1567 plene
1009 1506 1451 1564 consummetur;
1483 1499 1867 1570 subsequatur,
1913 1508 1970 1552 ut
2016 1497 2183 1567 plene;

585 1596 994 1650 consummata,
1052 1586 1285 1642 ﬁrmiter
1330 1587 1636 1644 roboretur.
1689 1587 1983 1644 Consolare
2034 1587 2179 1660 (tibi-

582 1672 728 1741 ἀίω,
748 1677 846 1747 qui
869 1676 1202 1734 inhabitator
1224 1679 1373 1734 cella:
1395 1679 1483 1752 es)
1510 1681 1813 1747 consolare,
1840 1680 2083 1750 inquam,
2116 1686 2185 1737 eti

584 1765 854 1825 laetaretin
882 1769 1133 1837 Domino,
1163 1771 1565 1837 cum:Domi,no,
1607 1787 1707 1842 pro
1752 1771 1999 1838 Domino,
2041 1771 2166 1842 quia

2277 574 2508 637 minuit:
2539 581 2595 630 et
2629 572 3075 631 multum~bibere
3102 574 3233 630 nihil
3264 586 3345 632 est
3370 576 3506 637 aliud
3534 595 3769 651 quamant-

2272 664 2412 735 plius
2439 664 2614 729 sitire.
2648 664 2847 734 Sicque
2884 679 3075 721 verum
3099 680 3219 723 esse
3262 667 3524 725 invenitur
3546 673 3667 740 quod
3685 674 3768 745 ipsa

2274 756 2428 812 dese
2454 754 2731 824 Sapientia
2756 755 2893 810 dicit
2918 773 2932 810 :
2962 754 3074 822 Qui
3094 756 3249 815 edunt
3272 774 3375 822 nte,
3403 759 3561 816 adhuc
3579 756 3768 836 attritu,

2272 855 2329 909 et
2358 846 2449 915 qui
2493 843 2671 901 bibunt
2716 860 2799 905 me
2840 845 3015 903 adhuc
3054 846 3229 901 sitiant
3276 845 3460 916 (Eccli.
3505 866 3651 917 xxiv,
3686 853 3767 927 29).

2273 936 2500 1003 Quando
2531 943 2585 992 te
2620 936 2818 1005 poterit
2852 936 3100 1008 arripere
3135 938 3534 1007 pusﬂlanimitas
3569 944 3767 1014 spiritus,

2274 1025 2441 1095 animi
2474 1034 2795 1097 tempestas,
2825 1027 3015 1098 agonia
3044 1028 3252 1092 cordis,
3285 1028 3370 1084 vel
3397 1032 3768 1090 eontristarealio

2273 1117 2417 1187 quod
2455 1118 2703 1183 taedium,
2730 1134 2859 1174 cum
2891 1120 3348 1190 quadripartitum
3378 1122 3476 1177 hoc
3499 1124 3619 1193 apud
3650 1128 3766 1183 teri-

2274 1211 2452 1280 guerit
2482 1209 2849 1269 exercitium?
2874 1211 3055 1278 Quare
3085 1213 3303 1281 quidam
3332 1214 3479 1270 cellae
3497 1215 3770 1274 soliutdiueat

2274 1301 2619 1369 etwquielcm
2676 1299 2879 1374 [Par.,‘
2914 1302 3223 1376 silentium]
3268 1306 3573 1371 abhorrent,
3609 1318 3657 1363 et
3688 1309 3771 1365 suf-

2275 1390 2418 1458 ferre
2450 1406 2614 1462 grave
2650 1393 2958 1463 deputant;
2995 1395 3098 1449 nisi
3133 1396 3262 1465 quia
3290 1412 3440 1467 qua,
3466 1398 3772 1470 qualisqua-

2277 1491 2436 1550 taque
2475 1482 2545 1537 sit
2582 1496 2771 1545 eorum
2805 1483 3049 1545 suavitas
3083 1484 3407 1543 et'dulcedo
3445 1488 3630 1556 penitus
3662 1489 3772 1560 igno-

2277 1574 2436 1629 rant?
2461 1573 2559 1629 Cui
2590 1574 2919 1645 comparabo
2947 1585 3032 1643 te,
3064 1576 3152 1632 vel
3181 1577 3274 1632 cui
3308 1579 3598 1635 assimilabo
3618 1588 3685 1644 te.
3707 1582 3774 1651 qui

2276 1674 2487 1721 amator
2513 1672 2569 1720 et
2594 1663 2920 1733 inltabitator
2959 1679 3020 1721 es
3048 1666 3230 1732 cellre;
3262 1667 3354 1737 qui
3384 1682 3499 1723 eam
3533 1670 3774 1724 clamando

2278 1740 2586 1822 inlialtitas,
2627 1766 2681 1813 et
2715 1756 3068 1814 iuhaltitando
3104 1760 3301 1814 amas?
3339 1759 3467 1828 Quis
3505 1760 3553 1815 in
3592 1762 3673 1819 hac
3695 1762 3770 1815 vita

591 1854 742 1911 illam
772 1872 932 1927 quam
961 1867 1017 1913 te
1035 1874 1221 1929 speras
1252 1861 1307 1914 in
1348 1861 1534 1916 futuro
1571 1837 1884 1917 habiturum
1911 1837 2167 1931 quietem,

2275 1847 2444 1911 homo
2462 1848 2516 1903 in
2543 1846 2647 1909 hac
2671 1855 2723 1902 te
2746 1846 3041 1904 dulcedinis
3063 1849 3395 1918 experientia
3419 1849 3667 1919 superior?
3684 1851 3774 1918 quia

582 1944 697 2014 iam
726 1949 889 2002 modo
913 1949 965 2002 in
995 1951 1315 2020 quibusdam
1343 1951 1457 2008 suis
1481 1953 1879 2023 quodammodo
1908 1953 2164 2023 primitiis

2274 1935 2401 2009 talis
2439 1936 2673 1992 ut'mibi.
2695 1935 2909 1996 videtur
2944 1937 3124 1995 nullus
3151 1938 3444 1995 invenitur.
3474 1936 3568 1995 Sed
3588 1940 3685 2009 quis
3706 1939 3776 1995 tibi

582 2034 754 2093 habes
801 2045 857 2098 et
904 2045 1078 2095 tenes.
1120 2040 1665 2101 Audenterdicimus
1700 2042 1826 2109 tibi,
1871 2043 1998 2113 quia
2027 2043 2073 2099 si
2108 2058 2187 2101 eo.

582 2127 746 2183 modo
783 2143 893 2198 quo
924 2145 1048 2186 esse
1093 2132 1279 2200 debes,
1308 2133 1361 2188 in
1392 2133 1526 2189 cella
1564 2149 1646 2200 es,
1688 2134 1843 2204 iuxta
1882 2135 2170 2206 quemdam

583 2215 804 2271 modum
820 2216 875 2272 in
894 2217 1011 2287 ipso
1041 2220 1179 2276 coelo
1192 2235 1272 2277 es.
1288 2222 1425 2280 Ecce
1440 2222 1573 2293 legis
1593 2232 1648 2278 et
1667 2239 1815 2289 oras,
1828 2224 2105 2293 meditaris
2117 2232 2175 2280 et

580 2305 829 2373 operaris
852 2320 869 2361 :
896 2308 1008 2363 haec
1027 2318 1153 2365 sunt
1167 2313 1428 2368 exercitia
1451 2314 1656 2382 quibus,
1671 2313 1906 2371 intendis
1937 2313 1992 2369 in
2014 2314 2170 2370 cella.

582 2392 755 2460 Quam
787 2405 1034 2455 sanctum
1057 2413 1120 2454 os
1143 2409 1317 2468 tuum,
1348 2418 1511 2473 quam
1543 2413 1731 2459 sancta
1757 2412 1813 2459 et
1844 2404 1994 2461 auris
2036 2407 2166 2462 tua!

582 2480 718 2539 Cum
738 2499 867 2541 oras
904 2489 984 2559 (si
1024 2493 1490 2563 tamenleomodo
1519 2510 1665 2560 oras,
1714 2511 1838 2567 quo.
1862 2511 2024 2559 (mare
2078 2497 2181 2555 de-t

585 2574 741 2647 bes),
767 2592 830 2632 os
858 2586 1006 2634 tuum
1033 2581 1085 2635 in
1125 2598 1258 2648 aure
1282 2585 1386 2642 Dei.
1411 2594 1518 2645 est.
1551 2586 1616 2649 Et
1643 2602 1744 2660 ego
1782 2590 2010 2646 verebor
2030 2590 2181 2662 illud.

583 2680 651 2723 os
705 2678 957 2727 sanctum
984 2672 1165 2730 dicere
1207 2678 1355 2746 quod
1401 2678 1455 2737 in
1500 2679 1670 2750 ipsius
1709 2693 1844 2738 aure
1887 2682 1983 2739 Dei
2016 2686 2172 2742 video

583 2759 741 2819 esse?
776 2760 922 2816 ‘Cum
954 2778 1085 2820 vero
1133 2765 1286 2839 legis,
1333 2777 1387 2825 et
1428 2785 1492 2827 os
1536 2770 1629 2828 Dei
1674 2771 1729 2827 in
1768 2787 1902 2831 aure
1934 2785 2023 2831 tua
2065 2785 2168 2833 est.

583 2850 653 2917 Et
711 2866 899 2908 aurem
960 2854 1101 2918 hanc
1166 2873 1268 2928 ego
1305 2870 1566 2924 sanctam
1617 2877 1724 2918 non
1789 2864 2010 2922 dicami.
2045 2864 2183 2937 Sive.

584 2958 715 3014 ergo
739 2954 793 3007 tu
818 2945 1202 3017 loquarisDeo
1229 2952 1407 3022 (quod
1440 2953 1626 3024 utique
1654 2953 1786 3026 facis
1810 2971 1934 3012 cum
1964 2958 2126 3027 oras)
2149 2974 2187 3015 εν

582 3034 703 3089 sive
740 3034 992 3107 loquntur
1033 3041 1159 3106 tibi
1192 3040 1333 3097 Deus
1380 3044 1565 3114 (quod
1606 3053 1734 3103 tunc
1799 3048 2058 3107 nimirum
2107 3049 2171 3107 lit

583 3140 707 3179 cum
737 3126 929 3198 legis),
952 3130 1176 3187 .ltcatum
1206 3141 1256 3186 te
1283 3133 1661 3190 incunctanter
1685 3137 2055 3205 asscm.'0uid
2088 3139 2168 3194 di-

2271 2026 2356 2082 vel
2397 2029 2609 2099 aequari
2642 2029 2876 2099 peterit?
2908 2028 3051 2086 Num
3079 2031 3285 2101 aliquis
3322 2046 3501 2088 eorum
3527 2032 3606 2101 qui
3634 2031 3775 2087 saluati

2271 2123 2405 2192 sunt
2439 2131 2617 2172 rerum
2661 2117 2901 2174 domini?
2946 2119 3135 2177 Nullus
3173 2121 3415 2177 omnino.
3458 2120 3632 2191 Nempe
3664 2136 3775 2192 sape-
3886 2116 3887 2127 “

2272 2207 2445 2273 riorcs
2468 2215 2539 2263 te
2550 2223 2671 2265 esse
2696 2208 2951 2269 fortassis.
2971 2211 3249 2277 videntur,
3278 2222 3539 2282 quantum
3556 2213 3613 2267 ad
3634 2228 3772 2282 quam-

2272 2295 2394 2365 dam
2432 2296 2650 2358 nomine
2691 2307 2887 2366 tenus,
2935 2307 2990 2365 et
3029 2300 3318 2370 superﬁcie
3362 2310 3509 2359 tenus
3536 2302 3773 2372 dignitatem
3885 2288 3887 2299 ‘

2271 2388 2666 2468 periculosam;
2697 2390 2763 2445 de
2789 2406 2895 2461 qua
2919 2398 2973 2446 et
2998 2405 3098 2460 pro
3122 2406 3232 2462 qua
3258 2391 3310 2446 in
3334 2392 3564 2447 districto
3585 2390 3660 2447 Dei
3676 2388 3775 2458 judi-

2270 2479 2356 2535 cio
2378 2474 2646 2549 reddituri
2671 2492 2795 2545 sunt
2820 2483 3108 2561 rationem.
3133 2483 3243 2540 Sed
3271 2485 3427 2556 longe
3445 2491 3559 2539 sunt
3580 2491 3624 2537 te
3639 2495 3775 2537 omnes

2271 2570 2556 2629 inferiores
2579 2581 2635 2628 et
2661 2573 2901 2630 minores
2924 2582 3187 2646 quantum
3227 2576 3296 2630 ad
3323 2574 3622 2647 singularem
3645 2574 3771 2637 hanc,

2271 2662 2325 2719 in
2354 2678 2462 2733 qua
2495 2672 2549 2719 tu
2585 2664 2826 2722 exsultas
2854 2674 2911 2721 et
2944 2666 3213 2736 tripudias
3252 2666 3584 2730 suavitatem;
3610 2662 3685 2721 sed
3710 2662 3773 2733 jn-

2270 2757 2598 2813 cunditatem
2623 2799 2640 2825 ,
2680 2758 2775 2813 sed
2805 2757 3143 2816 dulcedinem
3164 2798 3183 2827 ν,
3232 2759 3328 2815 sed
3357 2759 3649 2815 hilaritatem
3670 2796 3683 2819 .
3707 2755 3777 2810 sed

2270 2847 2606 2915 alacritatem
2625 2886 2641 2915 ,
2672 2848 2766 2904 sed
2794 2851 3198 2915 amoenitatem,
3232 2849 3329 2906 sed
3356 2847 3690 2913 serenitatem,
3709 2841 3774 2900 sed

2269 2939 2671 3008 sinceritatem,
2699 2939 2796 3009 sed
2822 2939 3241 2996 delectationem
3259 2979 3277 3006 ,
3308 2939 3405 2997 sed
3427 2939 3589 3011 omnis
3604 2938 3774 3004 denique
3886 2932 3887 2935 “

2272 3030 2356 3105 (ιιι
2378 3033 2530 3097 brevi
2567 3032 2734 3088 multa
2761 3047 3015 3089 sermone
3041 3032 3386 3105 concludam)
3416 3031 3531 3088 boni
3556 3026 3771 3100 plenitudi-

2271 3138 2393 3182 nem
2424 3133 2482 3181 et
2506 3124 2797 3197 quamdam
2835 3124 2981 3181 illius
3009 3125 3075 3204 ad
3121 3140 3289 3195 quam
3317 3125 3620 3195 suspiramus
3646 3117 3773 3175 beati-

585 3232 706 3271 cam
744 3187 816 3283 de
842 3187 1190 3283 meditatione
1925 3187 2255 3302 Egregialc
2274 3215 2477 3280 ιμάίιιίε
2496 3216 2738 3274 cadem-is
2764 3201 3587 3288 ίιηθείηειϊιιοιβὶωίιίιυῶυθωο
3607 3212 3643 3267 θ
3658 3223 3773 3302 (ΡΨ

582 3306 719 3367 Nam
773 3308 858 3365 illa
898 3314 1199 3375 sanctiﬁcat
1241 3316 1518 3383 animum,
1564 3318 1679 3375 lucc
1717 3329 1910 3388 autem,
1936 3331 2184 3387 exornat.

584 3411 822 3460 manum.
859 3401 991 3469 Quis
1034 3413 1194 3475 neget
1245 3406 1412 3463 Deum
1463 3422 1585 3465 esse
1630 3410 1773 3467 intra
1819 3421 1893 3481 te,
1942 3424 2064 3469 cum
2112 3415 2185 3471 in:

587 3497 773 3542 mente
801 3492 1059 3548 tua‘uiltil
1104 3510 1208 3559 non
1259 3497 1458 3560 bonum
1491 3510 1548 3557 et
1585 3511 1856 3568 sanetum,
1885 3484 2027 3561 nihil
2060 3520 2187 3560 non.

585 3578 860 3637 sincerum
909 3595 965 3639 et
1014 3586 1327 3659 religiosum
1350 3631 1367 3658 ,
1397 3593 1554 3649 nihil;
1580 3608 1687 3658 non
1736 3604 2080 3655 mansuetum
2112 3605 2189 3653 et,

584 3670 759 3739 pium,
794 3674 927 3733 uiliil
964 3691 1070 3732 non
1100 3694 1292 3749 purum
1337 3692 1392 3738 et
1432 3685 1714 3752 mundum,
1744 3695 2008 3757 quantum
2031 3687 2185 3747 dnuo;

592 3770 746 3819 taxat
793 3765 861 3846 ad
897 3768 1108 3825 crimen
1138 3771 1407 3840 pertinet;
1443 3775 1537 3832 sed
1568 3777 1711 3853 quod
1755 3786 1841 3833 est
1867 3778 2170 3839 sanctitatis

591 3853 964 3922 etbonitatis,
1013 3861 1157 3929 quod
1205 3862 1539 3923 sinceritatis
1583 3874 1639 3925 et
1689 3866 1985 3943 religionis,
2026 3868 2181 3936 quod.

589 3949 1025 4031 mansuetudinis
1048 3961 1105 4007 et
1131 3953 1368 4022 pietatis,
1399 3957 1542 4028 quod
1568 3957 1829 4028 puritatis
1867 3959 1935 4034 et'
1954 3958 2187 4034 mundis;

588 4038 701 4104 tiae,
733 4040 788 4095 in
816 4056 881 4097 ea
913 4052 1183 4101 versatur.
1217 4045 1351 4114 Quis
1372 4050 1537 4105 etiam
1564 4056 1694 4105 tunc
1717 4059 1877 4120 neget
1899 4065 2022 4105 eum
2048 4063 2187 4108 esse.

586 4130 730 4199 apud
753 4143 825 4197 te,
854 4148 975 4187 cutn
1004 4135 1138 4190 nihil
1163 4137 1265 4192 nisi
1296 4139 1437 4207 quod
1465 4139 1597 4196 utile
1617 4148 1703 4195 est
1725 4140 2003 4213 operat-is?
2033 4140 2173 4196 Sunt

588 4220 774 4288 itaque
802 4219 1002 4292 quibus
1030 4223 1083 4279 in
1109 4225 1243 4281 cella
1262 4226 1464 4298 iugiter
1489 4229 1748 4296 intendis,
1771 4232 1863 4299 qui
1893 4230 2184 4289 habitator

589 4322 653 4362 es
681 4309 852 4376 cellae,
889 4322 1121 4382 quatuor
1143 4317 1401 4395 exercitia
1434 4317 1551 4374 haec
1577 4318 1738 4379 lectio
1784 4319 2031 4377 studiosa
2058 4336 2178 4379 me-.

588 4397 786 4458 dilatio
811 4417 970 4474 pura,
1004 4405 1180 4460 oratio
1205 4407 1518 4475 medullata,
1550 4410 1694 4467 actio
1733 4412 2068 4469 necessaria.

1091 4561 1490 4630 CAPITULUM
1529 4566 1666 4624 XVI.

579 4671 1326 4752 De_comuteudatione_cell_w,
1353 4688 1400 4733 et
1424 4679 1488 4734 de
1508 4689 1737 4750 quatuor
1774 4682 2029 4752 capitibus
2065 4660 2184 4739 illis...

653 4746 710 4798 in
734 4761 853 4815 qua:
856 4746 1071 4869 furius
1107 4747 1378 4813 dividitur,
1413 4746 1608 4819 qui'atl
1642 4746 1969 4823 irrigau'dun:
2012 4769 2185 4824 ραναο,

655 4815 830 4870 disum
892 4832 921 4871 e
948 4815 1062 4871 loco
1092 4817 1368 4873 voluntatis
1395 4821 1675 4873 eareditur.
1720 4827 1725 4831 ’
1757 4828 1760 4832 ’
2122 4841 2124 4843 ‘

525 4857 539 4867 .
655 4831 830 4870 atsum
856 4831 921 4871 ae
948 4831 1062 4871 ιοεο
1092 4831 1368 4889 votuptatts
1395 4831 1675 4892 egreditur.
1800 4892 1804 4903 ι
2122 4841 2124 4843 ’

655 4926 795 4996 Quid
829 4927 1055 4997 melius,
1094 4930 1300 5004 quidve.
1320 4929 1647 5003 jucundius,
1681 4939 1736 4987 tu
1776 4932 1867 5002 qui
1899 4934 2171 4990 habitator

582 5015 736 5075 cella
759 5032 840 5087 es,
861 5021 1133 5078 astimarc
1157 5022 1341 5089 debes,
1367 5037 1530 5100 quant
1551 5022 1652 5080 bas
1678 5024 1765 5081 die
1784 5039 1851 5080 ac
1871 5036 2028 5081 nocte
2052 5026 2181 5104 dili-k

512 5101 520 5114 ”
584 5121 778 5187 genter
811 5115 1086 5183 alternare
1125 5118 1308 5177 vices?
1343 5117 1489 5181 Sane
1523 5127 1635 5175 tam
1665 5119 1820 5177 dulce
1854 5121 1949 5176 tibi
1990 5123 2169 5197 inten-

585 5206 719 5261 dere
739 5204 846 5272 his,
874 5214 1183 5279 tantamque
1207 5209 1259 5264 in
1287 5225 1610 5286 unoquoque
1632 5226 1820 5271 eorum
1845 5213 2168 5269 suavitatem

587 5298 839 5364 invenis,
880 5306 938 5353 ut
972 5300 1188 5369 quando
1224 5301 1315 5357 nni
1359 5302 1628 5370 intendis,
1665 5303 1757 5365 vix
1797 5303 1970 5371 abeo
2013 5305 2170 5361 evelli

585 5387 765 5458 possis
804 5397 865 5443 ut
893 5387 962 5444 ad
1006 5387 1151 5444 aliud
1193 5392 1439 5447 accedas.
1480 5392 1555 5448 Eo
1591 5393 1764 5464 magis
1799 5393 2021 5471 singula
2057 5396 2173 5455 Itch

584 5484 687 5542 tibi
722 5498 912 5555 sapere
949 5493 1006 5541 et
1040 5485 1354 5543 dulcescere
1388 5488 1595 5560 sentis,
1631 5504 1743 5563 quo
1777 5492 1954 5565 magis
1978 5505 2170 5557 eorum

585 5590 843 5646 saporem
862 5584 915 5633 et
947 5574 1285 5633 dulcedinem
1314 5591 1418 5636 nec
1443 5587 1553 5635 tam
1581 5593 1725 5652 saepe
1743 5596 1907 5654 quam
1932 5597 2170 5655 semper,

589 5679 691 5722 nec
729 5674 840 5721 tam
867 5664 1183 5738 frequenter
1209 5680 1374 5739 quam
1410 5668 1781 5729 indesinenter
1814 5672 2067 5744 percipis.
2104 5672 2172 5729 Et

588 5757 806 5828 quidem
838 5759 1078 5819 comedis
1106 5770 1175 5832 et~
1191 5758 1334 5821 bibis
1357 5776 1480 5822 cum
1512 5761 1599 5820 his
1628 5762 1869 5823 studiose
1899 5762 2165 5830 intendis;

2195 4523 2250 4584 D

2274 3318 2475 3378 magna
2497 3319 2770 3377 quamque
2792 3304 2963 3375 multa
2988 3305 3045 3361 in
3078 3305 3422 3376 hisquatuor
3443 3302 3674 3361 exercitiis
3694 3298 3774 3354 dul-

2271 3395 2830 3466 cedo,.in,lect_ione,
2877 3396 2932 3452 in
2968 3397 3360 3463 meditatione,
3397 3396 3448 3451 in
3485 3388 3768 3455 oratimtc,in

2272 3487 2513 3551 actione!
2538 3485 2753 3556 Magna;
2779 3501 2879 3546 nec
2900 3486 2966 3542 ad
2987 3500 3106 3549 eam
3128 3486 3352 3555 attingit
3370 3498 3620 3559 mensura;
3639 3477 3769 3541 multa;

2271 3592 2375 3645 nec
2410 3577 2567 3637 video
2592 3577 2735 3647 quod
2762 3576 2959 3648 aliquis
2988 3577 3061 3633 sit
3087 3577 3204 3646 eius
3232 3591 3500 3633 numerus.
3529 3575 3772 3642 thnatuot

2271 3665 2409 3739 haec,
2436 3664 2687 3725 fortassis
2712 3666 2800 3723 illa
2825 3678 3057 3740 quatuor
3078 3676 3206 3724 sunt
3233 3668 3411 3739 capita
3436 3668 3487 3722 in
3514 3679 3615 3737 qua
3635 3659 3772 3717 ﬂuvius

2272 3755 2796 3830 illevdividiturtqui
2829 3758 2895 3814 ad
2933 3759 3269 3829 irrigaudum
3300 3757 3588 3829 paradisum
3612 3754 3665 3809 de
3690 3750 3772 3804 loco

2272 3845 2567 3920 voluptatis
2593 3838 2889 3919 egreditur.
2922 3846 3216 3903 Videamus
3236 3849 3356 3921 .jam
3386 3848 3506 3919 quid
3526 3846 3646 3902 dicat
3664 3836 3770 3895 Scri-

2271 3947 2429 4017 ptura
2452 3939 2516 3994 de
2540 3948 2773 4010 quatuor
2796 3939 3061 4010 capitibus
3089 3941 3207 3997 istis
3236 3960 3250 3996 :
3283 3940 3483 3995 Nomen
3502 3939 3580 3992 ui
3600 3934 3769 4005 ΡΙιῃιοιι.

2272 4042 2456 4093 nomen
2479 4029 2693 4083 secundi
2715 4030 2863 4098 ﬂuvii
2887 4027 2930 4084 G
2935 4046 3058 4100 you,
3084 4046 3275 4085 nomen
3298 4031 3436 4087 tertii
3459 4028 3589 4100 ﬂuvii
3612 4023 3771 4094 Tum;

2271 4116 2609 4190 ﬂuuiusvero
2636 4128 2854 4190 quartus
2885 4131 2961 4177 est
2990 4118 3313 4191 Euphrates.
3346 4120 3501 4179 Etde
3524 4117 3696 4188 Physon
3716 4111 3772 4164 di-

2272 4206 2417 4263 citur
2442 4207 2587 4277 quod
2614 4207 2809 4273 circuit
2843 4223 3060 4271 omnem
3098 4219 3301 4273 terram
3338 4210 3565 4275 Evilath,
3595 4207 3647 4262 de
3665 4200 3772 4271 Gym

2272 4297 2416 4369 quod
2457 4284 2671 4363 circuit
2693 4313 2910 4357 omnem
2960 4292 3160 4363 terram
3196 4300 3527 4374 Etltyopia,
3559 4305 3605 4353 et
3637 4289 3772 4363 Τῐετίί

2176 4434 2183 4445 .
2272 4388 2422 4447 vadit
2456 4397 2646 4447 contra
2674 4388 2947 4461 Assyrios.
2983 4388 3103 4455 Non
3142 4400 3324 4448 autem
3361 4390 3546 4447 dicitur
3563 4383 3678 4458 quod
3701 4378 3772 4433 EI-

2274 4478 2496 4555 pltrates
2538 4476 2773 4555 aliquam
2804 4486 3006 4541 terram
3034 4478 3365 4546 circumeat,
3408 4478 3487 4533 vel
3511 4488 3605 4547 quo
3629 4468 3769 4528 vadat;

2273 4553 2370 4625 sed
2416 4553 2755 4629 solummodo
2789 4569 3019 4637 dicitur,L
3059 4571 3203 4641 quod
3243 4569 3437 4635 ﬂuvius
3471 4574 3662 4638 quartus
3694 4558 3772 4628 ipse

2272 4667 2373 4728 est
2396 4658 2718 4736 Euphrates.
2756 4656 2894 4714 Num
2931 4658 3136 4730 aliquid
3161 4659 3408 4729 {istorum
3446 4657 3601 4713 otiose
3626 4650 3769 4736 dictum

2271 4752 2391 4808 est?
2411 4749 2528 4807 Non
2549 4734 2758 4825 utique.
2779 4749 2897 4811 Jam
2914 4765 3044 4823 ergo
3061 4746 3404 4828 intendamus
3424 4741 3521 4803 liis.
3543 4742 3605 4803 Os
3619 4734 3770 4828 pupil“

2273 4844 2461 4901 dicunt
2497 4857 2694 4904 sonare
2734 4841 2971 4913 Physon.
3010 4841 3079 4908 Et
3108 4842 3155 4897 si
3196 4843 3301 4898 hoc
3334 4852 3513 4896 verum
3549 4841 3643 4893 est.
3671 4827 3769 4882 sicut

2272 4936 2341 4992 ad
2380 4935 2635 5008 pupillam
2668 4935 2805 4991 visio
2827 4977 2844 5004 ,
2887 4935 2967 4990 sic
2995 4934 3063 4989 ad
3097 4948 3160 4989 os
3189 4932 3386 4988 locutio
3411 4923 3582 4983 referri

2272 5000 2398 5095 nam
2428 5000 2481 5093 in
2504 5042 2601 5085 ore
2625 5027 2805 5100 lingua
2829 5000 2913 5082 est
2934 5039 3042 5096 qua
3065 5023 3355 5096 loquimur.
3386 5021 3437 5076 in
3461 5014 3600 5075 W119
3620 5000 3768 5103 mil,“

2276 5135 2379 5192 qua
2409 5119 2677 5183 videmus.
2708 5117 2776 5174 Et
2797 5118 2889 5173 ubi
2912 5116 3055 5187 quod
3078 5129 3265 5171 verum
3291 5106 3375 5169 est
3400 5109 3618 5166 videmus
3630 5108 3713 5169 ’.ηε
3732 5106 3767 5145 ³⁸

2270 5212 2505 5283 caligine
2535 5209 2789 5264 falsitatis
2815 5206 3132 5264 aberremus
3150 5246 3166 5271 ,
3194 5204 3299 5263 nisi
3334 5204 3388 5267 in
3416 5197 3635 5283 studiosa
3648 5192 3768 5281 ηαξ»

2273 5278 2568 5372 Scriptura:
2592 5296 2862 5354 lectione?
2883 5296 2953 5351 Et
2971 5294 3189 5366 quando
3208 5307 3276 5349 ex
3296 5288 3495 5348 ordinis
3513 5278 3765 5372 indulgenti

2272 5358 2463 5450 diebus
2487 5389 2644 5447 festis
2666 5388 2899 5446 locuturi
2926 5358 3311 5449 convenimus,
3334 5383 3470 5439 unde
3493 5358 3763 5467 quaisoioqlii

2272 5484 2555 5551 debemus,
2585 5472 2688 5550 nisi
2715 5481 2782 5536 de
2811 5477 2888 5535 iis‘
2909 5493 3031 5549 quae
3055 5477 3217 5534 lectio
3242 5476 3295 5531 in
3324 5488 3383 5531 se
3408 5468 3619 5542 continet
3640 5464 3761 5515 νοτε

2273 5571 2602 5645 Scriptura?
2624 5570 2819 5628 Merito
2842 5585 2944 5643 per
2962 5582 3027 5627 os
3045 5566 3102 5626 et
3124 5565 3400 5641 pupillam,
3418 5557 3626 5658 studiuttt

2273 5664 2524 5731 lectionis
2544 5664 2888 5741 exprimitur,
2917 5663 2974 5721 in
3003 5676 3110 5734 qua
3137 5660 3230 5719 lux
3253 5658 3418 5730 fulget
3443 5646 3677 5709 veritatis.
3696 5646 3764 5732 βῆν

2272 5774 2435 5832 quam
2478 5761 2545 5819 ad
2594 5756 2897 5825 claritatem
2940 5753 3305 5836 pertingimus
3342 5746 3595 5806 luminosa
3630 5743 3762 5802 00in”
