3894 6298
168 370 268 435 829

1248 365 1449 422 LIBER
1489 364 1578 422 DE
1614 363 1988 425 EXERCITIO
2022 354 2299 425 CELLIE.

3295 379 3433 447 850;

167 485 348 551 limis;
375 488 430 538 et
452 478 676 550 legimus
703 477 926 532 verbum
960 491 1130 541 sacrae
1156 480 1498 548 eruditionis,
1523 466 1589 537 de
1611 493 1719 559 quo
1746 483 1792 542 Α
1823 489 1931 535 net.
1978 481 2115 539 mne
2146 482 2308 538 pater
2342 494 2396 538 οι
2431 481 2538 537 (ειη
2573 489 2737 553 atque
2781 485 3113 547 “mea”.
3341 510 3402 553 ὁ.

164 575 476 636 conferimus
501 571 566 626 ad
601 571 829 631 invicem
856 572 923 626 ad
953 572 1333 629 documentum
1360 585 1468 629 tam
1492 575 1723 646 propriae

163 682 311 739 quam
330 663 577 719 fraternae
596 660 985 717 aediﬁcationis.
1010 661 1083 717 De
1096 677 1161 718 eo
1182 674 1360 720 autem
1384 664 1522 735 quod
1546 665 1721 735 primo

164 757 271 814 loco
292 753 582 825 posuimus,
611 750 851 823 loquitur
880 752 933 807 in
970 756 1204 809 secunda
1233 754 1471 825 Epistola
1496 771 1590 811 sua
1620 755 1722 811 Pe-

164 859 287 913 trus,
312 844 594 915 Habemus,
624 843 896 914 inquiens,
922 845 1207 914 ﬁrmiorem
1229 848 1582 917 propheticum
1609 865 1721 903 set-

162 953 347 995 mortem
368 976 384 1002 ,
418 937 501 991 cui
543 938 668 990 bene
700 935 879 1007 facitis
922 937 1242 992 attendentes
1269 977 1282 1001 ,
1315 940 1450 991 sicut
1491 926 1735 994 lucernae!

162 1029 342 1093 lucenti
364 1027 420 1095 in
446 1026 732 1097 caliginoso
757 1025 871 1081 loco
898 1025 982 1098 (ll
1016 1024 1160 1082 Petr.
1190 1044 1229 1096 ι,
1259 1028 1371 1100 19).
1405 1029 1478 1083 De
1503 1046 1570 1086 eo
1593 1046 1719 1087 vero

162 1120 289 1191 quod
318 1119 570 1184 secundo,
602 1126 825 1185 sanctus
854 1118 1019 1173 David
1051 1119 1223 1189 ipsum
1253 1135 1591 1177 communem
1622 1123 1720 1178 Do-
1759 1114 1769 1121 ’

160 1214 344 1267 niinunt
368 1212 605 1265 omnium
634 1211 913 1282 alloquens
939 1226 956 1267 :
985 1211 1246 1277 Lucerna,
1279 1214 1472 1285 inquit,
1502 1215 1718 1285 pedibus

158 1304 272 1366 meis
311 1302 513 1361 uerbum
561 1314 747 1370 tuum,
798 1313 845 1359 et
893 1305 1070 1360 lumen
1111 1306 1307 1362 semitis
1354 1308 1481 1376 meis
1526 1306 1714 1375 (Psai.

156 1408 324 1463 cxvm.
364 1392 507 1463 105).
946 1391 951 1398 ’

628 1484 1025 1542 CAPITULUM
1064 1485 1223 1542 XVII.

156 1593 293 1666 Quod
314 1595 404 1664 qui
426 1595 692 1666 habitator
740 1609 815 1653 est
854 1598 998 1653 cella:
1037 1616 1240 1654 omnem
1265 1603 1448 1656 debeat
1473 1577 1730 1658 illicitum

214 1666 432 1723 deuitare
460 1665 772 1746 locutionem
792 1708 807 1731 ,
842 1679 890 1746 et
919 1686 1037 1740 qua:
1066 1669 1160 1725 illa
1194 1671 1295 1727 sint
1325 1672 1460 1728 bona
1496 1674 1567 1729 ad
1598 1690 1717 1746 qua:

212 1750 298 1788 uos
323 1751 473 1788 sacra
502 1734 653 1789 lectio
680 1734 932 1806 provehit.

1823 578 1943 626 rum
1974 573 2163 630 beatus
2200 575 2639 641 Denedietus,in
2660 575 2866 648 Regula
2896 584 3282 641 monachorum
3320 589 3401 645 sie

1821 658 2008 720 scribit
2036 685 2051 721 :
2081 656 2476 733 Scurrilitates,
2511 668 2587 723 uel
2615 670 2765 724 verba
2794 672 2996 739 otiosa,
3026 684 3076 728 et
3098 675 3263 731 risum
3284 692 3402 733 nso-

1819 759 2013 822 ventia,
2045 768 2238 814 trterna
2266 760 2513 815 clausura
2539 761 2595 815 in
2625 764 2864 819 ontnibus
2889 765 3017 821 locis
3044 766 3443 838 'damnatssus,~-

1819 858 1866 904 et
1897 850 1966 903 ad
1986 849 2095 904 'tale
2121 852 2380 923 eloquium
2408 854 2724 923 discipulum
2750 857 2953 925 aperire
2976 875 3034 913 os
3060 873 3167 915 non
3187 863 3400 930 permit-

1819 940 1976 993 timus
2008 939 2237 1021 [Regula
2261 939 2322 997 S.
2356 943 2644 1008 Benedicti,
2668 959 2721 1000 c.
2747 944 2825 1018 6].
2858 946 3029 1013 Scito,
3053 949 3425 1006 dilectissime-

1819 1031 1996 1098 nobis,
2037 1032 2127 1101 qui
2173 1032 2445 1089 habitator
2486 1047 2548 1089 es
2573 1034 2743 1102 cellae,
2786 1036 2912 1106 quia
2963 1036 3321 1093 tabulationes
3349 1046 3405 1094 et

1819 1138 1995 1193 nugax,
2033 1138 2154 1193 qua:
2182 1123 2234 1179 in
2260 1138 2354 1179 ore
2381 1124 2675 1180 multorum
2695 1125 3045 1182 saecularium
3061 1127 3173 1184 fere
3203 1129 3425 1185 indesi--

1817 1222 2014 1269 neuter
2036 1225 2183 1279 sunt,
2209 1213 2264 1268 in
2290 1228 2385 1269 ore
2408 1214 2647 1271 virorum
2673 1216 3067 1286 religiosorum,
3090 1228 3147 1273 et
3167 1220 3404 1274 maxime

1818 1305 1875 1361 in
1904 1319 1999 1359 ore
2024 1305 2515 1370 Cartbusiensium,
2556 1306 2904 1378 blasphemim
2948 1318 3092 1365 sunt.
3119 1309 3309 1377 Certe,
3341 1319 3400 1365 ιιι

1817 1397 1895 1452 ait
1934 1396 2222 1461 Dominus,
2262 1396 2425 1450 bonus
2465 1397 2618 1451 homo
2650 1398 2715 1452 de
2751 1400 2882 1453 bona
2914 1404 3159 1454 thesauro
3200 1400 3398 1470 profert
3420 1434 3436 1467 η

1820 1486 1956 1540 bona
1988 1484 2205 1557 (Matth.
2238 1502 2340 1552 xu,
2367 1486 2480 1555 55).
2517 1486 2573 1541 Si
2614 1487 2667 1541 in
2700 1488 2952 1543 thesauro
2980 1491 3159 1546 cordis
3194 1491 3267 1546 tui
3294 1492 3399 1545 're-

1818 1576 1995 1646 posita
2022 1584 2106 1631 est
2133 1567 2230 1647 per
2253 1591 2491 1633 amorem
2523 1577 2824 1643 ardentem,
2846 1586 2909 1641 et
2928 1580 3242 1635 exercitium
3268 1595 3429 1636 conm

1821 1666 2026 1719 tinuum
2058 1664 2238 1731 lectio,
2270 1666 2566 1729 meditatio,
2599 1667 2795 1734 oratio,
2827 1667 2972 1722 utilis
2995 1670 3138 1723 actio
3163 1669 3425 1739 proferet.

1821 1755 2007 1825 utique
2041 1754 2254 1826 lingua,
2298 1754 2477 1826 aliqua
2525 1755 2750 1811 istarum
2797 1771 2918 1812 cum
2962 1772 3021 1813 se
3061 1758 3290 1813 moverit
3331 1759 3429 1819 ad,

211 1844 282 1898 Tu
309 1858 461 1914 ergo,
492 1859 649 1900 serve
676 1846 789 1912 Dei,
821 1848 913 1918 qui
951 1849 1003 1904 in
1032 1849 1164 1906 cella
1203 1851 1380 1931 solus;
1408 1862 1466 1910 et
1491 1869 1597 1911 non
1628 1862 1710 1910 ta-
1747 1825 1792 1883 Β
1817 1825 2164 1918 loquendum.
2201 1845 2258 1902 Si
2297 1846 2399 1903 hoc
2436 1848 2596 1903 modo
2625 1847 2836 1917 egeris,
2882 1862 3074 1904 sensus
3116 1856 3238 1903 tuus
3281 1848 3423 1905 illu-.

151 1952 260 1999 men
300 1934 448 1991 solus
482 1936 725 2004 habitas;
762 1939 808 1994 si
845 1942 1024 1997 omnia
1056 1959 1177 2014 qua:
1218 1944 1491 2016 pertinent
1525 1947 1592 2002 ad
1628 1962 1716 2002 sa-

146 2043 277 2095 cram
315 2026 653 2099 Scripturam
694 2046 792 2101 per
820 2032 1032 2105 plenam
1068 2037 1315 2093 notitiam
1354 2039 1716 2110 appreltendis

146 2117 204 2171 ad
228 2116 579 2174 clarissimam
607 2121 897 2190 quamdam
925 2123 978 2178 in
1011 2136 1193 2182 mente
1215 2126 1478 2184 visionem
1507 2128 1716 2198 pertin-

146 2212 233 2282 gis.
256 2211 383 2268 Cum
413 2228 543 2267 vero
578 2214 792 2284 quoties
821 2217 914 2271 tibi
942 2210 1206 2275 indultum
1242 2219 1404 2277 fuerit
1430 2231 1487 2276 ιιι
1521 2221 1710 2292 loqua-

146 2299 227 2363 ris,
259 2298 302 2354 si
330 2298 382 2354 in
412 2300 497 2356 bis
524 2300 761 2372 linguam
791 2314 935 2359 tuam
969 2321 1236 2377 occupare
1262 2309 1570 2376 studueris,
1594 2308 1707 2377 jam

149 2407 241 2445 non
267 2391 439 2447 solum
467 2393 643 2450 visum
675 2395 1001 2452 intrinsecus
1028 2397 1384 2454 clariﬁcatum
1403 2439 1420 2466 ,
1449 2400 1541 2455 sed
1570 2409 1623 2454 et
1647 2415 1708 2456 os

144 2491 276 2554 tu‘um
304 2484 563 2550 mundum
601 2486 929 2543 intrinsecus
966 2488 1190 2543 habebis
1215 2499 1269 2544 et
1296 2500 1566 2545 ornatum.
1594 2491 1704 2557 Sic,

88 2582 93 2587 '
142 2574 240 2638 sic,
272 2589 378 2642 non,
421 2575 539 2633 sine
576 2591 737 2639 causa
787 2577 1132 2647 interpretari
1173 2593 1235 2634 os
1273 2578 1490 2649 pupilla:
1525 2580 1707 2636 dicere

141 2662 322 2733 poteris
358 2663 609 2736 Physon,
641 2682 736 2737 per
762 2668 903 2736 quod
939 2683 1148 2724 sacram
1181 2685 1278 2723 nos
1309 2684 1467 2738 posse
1501 2654 1597 2740 per
1630 2670 1707 2726 le-

141 2755 354 2810 ctionem
412 2757 657 2828 accipere
704 2758 972 2825 diximus;
1020 2761 1145 2816 dum
1192 2776 1289 2831 per
1335 2776 1453 2816 eam
1500 2769 1703 2816 tantam

141 2848 356 2916 aequiris
386 2858 445 2903 et
489 2848 542 2903 in
581 2849 777 2905 intuitu
820 2850 1032 2907 interno
1064 2850 1399 2919 claritatem,
1436 2860 1490 2907 et
1529 2852 1582 2906 in
1611 2846 1731 2908 ore'

140 2941 359 2995 exterius
381 2940 607 2995 verbum
636 2942 912 3011 veritatis,
944 2944 1010 2998 ad
1040 2952 1186 2998 tuam
1228 2942 1493 2998 et‘eOrum
1532 2943 1621 3012 qui
1654 2951 1705 2997 te

140 3029 344 3084 audiunt
383 3030 818 3087 aedificationem.
848 3033 1005 3088 Absit
1032 3034 1197 3087 semel
1225 3041 1279 3088 et
1307 3033 1533 3097 iterum,
1565 3033 1706 3087 absit

138 3136 265 3191 satpe
288 3131 342 3176 et
369 3138 603 3193 semper,
639 3133 696 3179 ut
727 3125 779 3179 in
820 3124 1057 3180 claustro
1095 3124 1248 3180 festis
1275 3125 1464 3181 diebus
1490 3138 1613 3180 cum
1640 3139 1702 3179 os
1729 3164 1772 3221 ϐ

140 3218 271 3277 tuum
298 3212 362 3267 ad
403 3211 728 3282 loquendum
760 3215 995 3286 aperies,
1024 3214 1404 3284 loquacitatem
1434 3218 1486 3269 in
1512 3215 1715 3292 eodem.

139 3319 220 3373 ore
244 3314 328 3362 tuo
356 3305 722 3362 inordinatam
755 3323 1000 3363 assumas
1029 3327 1043 3362 :
1075 3309 1177 3363 boe
1202 3307 1345 3363 enim
1380 3307 1703 3378 gravitatem

139 3403 185 3447 et
212 3396 578 3472 maturitatem
613 3405 757 3451 tuam
800 3397 1019 3452 omnino
1061 3405 1165 3452 non
1204 3399 1377 3454 decet.
1419 3397 1532 3452 Non
1568 3396 1706 3451 mul-

139 3493 237 3555 tum
279 3488 534 3557 apparet,
582 3488 725 3568 quod
767 3485 958 3543 diebus
992 3488 1111 3544 aliis
1154 3490 1406 3546 studiosrc
1446 3490 1660 3546 lectioni
1686 3501 1719 3556 ,'

138 3590 268 3643 parte
305 3577 674 3643 meditationi,
725 3576 1028 3634 medullam:
1072 3581 1303 3634 orationi
1351 3580 1619 3635 intentum
1654 3590 1706 3635 te

136 3665 463 3732 t-xhibueris,
503 3668 547 3723 si
583 3682 644 3722 os
685 3668 752 3722 ad
782 3668 1105 3739 loquendum
1142 3671 1422 3740 aperiens,
1470 3670 1705 3741 loquaci.

138 3756 221 3810 tati
256 3766 346 3811 aut
375 3759 706 3829 garrulitati,
736 3769 791 3815 et
819 3762 1052 3816 maxime
1082 3763 1455 3833 disceptationi
1487 3773 1543 3819 et
1572 3779 1701 3819 con—

136 3849 342 3905 tentioni
358 3851 607 3922 linguam
634 3863 779 3907 tuam
803 3867 870 3908 ex
888 3868 1059 3923 prava
1081 3855 1472 3911 consuetudine
1492 3871 1707 3911 accom-

137 3940 427 3995 modaveris
457 3958 471 3995 :
508 3941 625 3997 lucc
652 3942 794 3998 enim
824 3943 1037 4010 omnia,
1077 3946 1176 4000 sed
1197 3954 1253 3999 et
1285 3961 1445 4000 omne
1479 3946 1703 4001 verbum

134 4030 337 4086 stultum
381 4039 438 4087 et
478 4048 739 4099 vacuum,
782 4035 1009 4089 mendax
1034 4076 1050 4102 ,
1100 4035 1341 4092 dolosum
1366 4077 1381 4102 ,
1424 4037 1657 4094 otiosum
1684 4079 1700 4105 ,

135 4120 472 4189 impudicum,
502 4124 924 4192 excusatorium,
959 4125 1370 4195 detractorium,
1408 4129 1706 4184 commina-

137 4212 356 4280 torium,
414 4202 652 4280 iratum,
702 4210 1031 4286 superbum,
1066 4215 1135 4271 ab
1184 4217 1289 4272 illis
1336 4218 1705 4289 spiritualibus

131 4302 426 4370 exercitiis,
455 4303 652 4375 quibus
687 4304 740 4359 in
781 4305 912 4360 cella
944 4292 1223 4362 intendere
1250 4305 1441 4375 debes,
1480 4323 1703 4379 prorsus

134 4390 293 4463 aliena
333 4403 477 4461 sunt.
518 4395 783 4450 Memento
812 4396 939 4466 quid
977 4413 1075 4468 per
1106 4398 1449 4468 semetipsum
1495 4397 1711 4456 Veritas

131 4483 266 4539 dicat
294 4499 309 4538 :
343 4483 511 4541 Omne
547 4487 754 4541 verbum
781 4488 1002 4543 otiosum
1032 4491 1169 4560 quod
1204 4490 1364 4543 locuti
1390 4491 1582 4559 fuerint
1610 4492 1703 4544 Ιιο-
1736 4502 1783 4556 ι)

130 4573 305 4637 mines.
338 4576 555 4631 reddent
588 4578 842 4632 rationem
875 4578 938 4633 de
973 4595 1032 4633 eo
1060 4581 1114 4633 in
1146 4580 1231 4634 die
1255 4580 1451 4650 jud-icii
1484 4579 1701 4650 (Matth.

131 4679 221 4743 xit,
251 4665 363 4737 36).
394 4667 453 4722 Si
480 4683 609 4738 ergo
636 4680 716 4723 est
747 4670 1017 4724 reddenda
1044 4672 1184 4727 ratio
1214 4673 1282 4726 de
1311 4671 1476 4725 verbo
1505 4672 1701 4740 otioso,

130 4768 325 4825 quanto
356 4760 525 4830 magis
553 4761 620 4815 de
652 4762 851 4817 noxio?
887 4777 1206 4834 quanquam.
1240 4778 1345 4818 non
1381 4763 1549 4832 possit
1584 4768 1707 4819 esse

129 4840 231 4907 non
251 4853 473 4907 noxium
496 4854 658 4909 etiam
684 4855 906 4910 verbum
934 4859 1187 4910 otiosum.
1220 4855 1326 4911 Sed
1354 4858 1572 4911 noxium
1603 4858 1707 4913 ltoe

128 4938 241 4997 loco
269 4941 491 4999 verbum
522 4956 800 5005 vocamus.
835 4942 1058 4999 verbum
1095 4945 1459 5015 deceptorium
1478 4986 1492 5010 ,
1522 4944 1707 5001 adula-

128 5030 356 5097 torium,
390 5033 716 5104 litigiosum,
747 5032 969 5098 falsum,
1014 5043 1069 5089 et
1096 5042 1291 5089 etetera
1320 5035 1376 5090 in
1409 5035 1552 5089 hunc
1591 5050 1703 5090 mo-

129 5118 250 5174 dum
276 5122 440 5178 verba
462 5124 783 5190 criminalia,
813 5128 856 5182 si
887 5126 1104 5198 quidem
1129 5132 1214 5180 est
1237 5125 1447 5180 crimen
1468 5125 1705 5195 plerum-

129 5230 229 5281 que
258 5215 313 5270 in
342 5231 464 5285 ore,
496 5220 634 5274 sicut
659 5230 714 5275 et
750 5221 802 5276 in
836 5237 1080 5292 corpore.
1113 5219 1317 5276 Caetera
1338 5261 1354 5288 ,
1377 5221 1621 5292 inquam,
1648 5222 1702 5277 in

130 5306 324 5375 quibus
349 5318 402 5363 et
429 5311 568 5365 Deus
600 5313 824 5367 nmltum
857 5313 1167 5377 offenditur,
1194 5322 1253 5369 et
1277 5314 1454 5369 omnis
1483 5313 1575 5382 qui
1610 5324 1706 5367 au;

129 5395 206 5450 dit
246 5414 350 5452 non
375 5401 714 5475 mediocriter
742 5403 967 5468 laeditur,
997 5405 1109 5473 ipse
1133 5405 1295 5460 etiam
1322 5405 1412 5475 qui
1446 5404 1701 5475 loquitur,

128 5487 285 5566 gravi.
310 5500 529 5556 peccato
563 5494 874 5547 addicitur:
916 5488 1043 5563 ipso
1062 5496 1290 5550 Domino
1334 5504 1513 5551 teste:
1554 5493 1705 5547 Sicut

126 5591 192 5632 ea:
218 5581 381 5634 rerbis
410 5585 513 5638 tuis
528 5584 935 5654 justiﬁcaberis,
965 5587 1042 5641 sic
1077 5597 1125 5641 et
1153 5604 1219 5642 ea:
1246 5589 1413 5643 verbis
1451 5587 1707 5642 tuis'cono

128 5673 451 5728 tlemnttbcris
490 5676 701 5748 (blatta.
750 5693 893 5741 xm,
929 5678 1042 5750 3‘7).
1094 5679 1226 5736 Vide
1260 5689 1461 5751 quanta
1507 5679 1706 5737 debeas

126 5776 432 5844 portavere
463 5784 589 5824 cura
621 5785 690 5827 ne
726 5768 853 5826 illud
880 5770 1154 5837 incus-ras,
1185 5771 1327 5841 quod
1365 5779 1422 5827 to
1447 5768 1698 5830 condctno

1815 1940 2110 2008 strabitur,
2180 1948 2235 1995 et
2284 1940 2547 1996 exterius.
2577 1954 2645 1997 os
2687 1949 2837 1994 tuum
2885 1941 3296 2007 venustsbitur;
3342 1949 3400 1997 et

1814 2041 2103 2103 utrumque
2134 2033 2237 2087 hoc
2273 2033 2470 2088 bonum
2510 2046 2609 2103 per
2640 2032 2931 2089 studiosam
2973 2033 3074 2087 tibi
3105 2032 3395 2088 lectionem

1815 2121 2154 2189 conteretur;
2183 2117 2385 2178 utnon
2411 2122 2529 2177 sine
2560 2136 2759 2193 magno
2786 2122 3045 2195 mysterio
3072 2121 3307 2195 Pbyson,
3339 2139 3427 2178 os:

1812 2214 2028 2285 rupillte
2054 2216 2456 2289 interpretetur.
2496 2214 2622 2270 Ilaec
2648 2222 2828 2270 autem
2845 2254 2862 2281 ,
2889 2215 3090 2284 dequa
3113 2214 3224 2285 iam
3246 2230 3425 2283 quae--

1813 2307 1936 2363 dam
1967 2306 2203 2362 diximus
2223 2349 2238 2373 ,
2273 2306 2433 2362 lectio
2461 2307 2699 2363 studiosa
2740 2306 2920 2363 erudit
2955 2320 3080 2368 nos,
3123 2313 3184 2359 ut
3216 2315 3433 2363 cante-z

1812 2412 1935 2452 mus
1974 2397 2206 2451 Domino
2278 2397 2549 2451 canticum
2593 2411 2791 2451 novum
2843 2404 2899 2450 et
2941 2404 3145 2452 sanctae
3185 2408 3422 2464 semper.

1813 2486 1938 2541 vita:
1968 2485 2263 2541 novitatem
2289 2486 2686 2555 parturiamus,
2720 2482 2847 2554 quia
2875 2493 2932 2539 et
2961 2482 3179 2555 Physon
3204 2482 3428 2545 circuit:

1811 2570 2028 2631 omnem
2057 2584 2257 2631 terram
2289 2574 2519 2630 Evilatb.
2551 2575 2608 2629 ln
2633 2574 2739 2630 bac
2764 2584 2966 2630 sancta:
2994 2575 3247 2630 novitatis
3274 2590 3419 2645 pars

1810 2667 2102 2734 turitione,
2133 2681 2276 2722 verte
2311 2666 2590 2736 sapientite
2622 2668 2864 2737 nascitur
2890 2682 3115 2741 aurum,
3146 2674 3203 2722 et
3239 2674 3426 2721 term.

1806 2757 1954 2815 illius
2002 2756 2213 2813 aurum"
2242 2758 2435 2813 borum
2480 2756 2659 2827 (haud
2709 2756 2926 2813 dubium
2969 2756 3395 2827 quin.Evilatlt)

1805 2849 2074 2920 optimum
2102 2857 2205 2905 est.
2234 2847 2369 2915 Quia
2399 2848 2659 2902 nimirum
2682 2856 2768 2905 est
2790 2849 3046 2918 sapientia
3071 2864 3188 2919 qua:
3211 2848 3423 2919 deum;

1804 2957 1926 2998 sum
1954 2950 2051 3006 est,
2079 2940 2309 3008 primum
2331 2940 2541 3009 quidem
2579 2940 2772 3009 pudica
2797 2950 2871 2995 est
2889 2979 2909 3006 ,
2934 2926 3125 3015 deinde
3146 2942 3415 3010 paci/5cm:

1805 3032 2066 3098 modesta,
2097 3030 2402 3095 suadibilis,
2430 3030 2579 3085 bonis
2616 3032 2974 3095 consentiens,
3010 3030 3162 3100 plena
3190 3031 3419 3092 miseri-,

1804 3123 1992 3179 cordia
2026 3133 2076 3178 et
2128 3124 2385 3195 fructious
2418 3123 2597 3188 bonis,
2634 3122 2889 3193 judicans
2916 3124 3029 3178 sine
3063 3124 3419 3196 simulatione,

1808 3214 1950 3287 (Jac.
1977 3214 2112 3278 aut,
2144 3214 2256 3283 i7).
2286 3212 2559 3284 Sapientia
2582 3220 2716 3268 sane
2741 3227 2925 3268 nonne
2948 3213 3133 3287 sapida
3165 3213 3415 3281 scientiae

1807 3308 1923 3363 est?
1959 3308 2024 3362 Et
2064 3320 2258 3360 aurum
2299 3303 2442 3376 quod
2483 3320 2592 3360 non
2636 3304 2975 3362 solummodo
3012 3306 3246 3370 bonum,
3297 3304 3419 3365 sed.

1807 3399 1947 3469 quod
1973 3400 2241 3468 optimum
2269 3397 2455 3461 est,:in
2482 3404 2637 3452 terra
2655 3396 2878 3453 Evilatb‘
2891 3395 3154 3460 nascitur,
3176 3395 3422 3465 quando,

1807 3500 1863 3546 et
1892 3491 1962 3545 ab
1988 3490 2166 3545 anima
2193 3488 2304 3560 pia,
2330 3496 2385 3542 et
2412 3489 2465 3541 in
2492 3503 2597 3558 qua
2625 3503 2721 3559 per
2742 3488 2980 3543 studium
3007 3503 3179 3560 saera:
3200 3487 3415 3552 ἱερῆας»,

1807 3580 1893 3635 nis
1925 3577 2343 3637 visasinterier
2387 3573 2569 3648 [Par.,
2605 3576 2954 3648 intrinsecus]
2990 3577 3056 3632 ad
3079 3576 3413 3641 illustration

1806 3687 1961 3739 nem,
2002 3680 2057 3727 et
2093 3671 2235 3741 apud
2275 3686 2440 3743 quam
2481 3669 2992 3731 extrinsecnsnibil
3033 3668 3305 3739 profertur
3335 3669 3391 3727 in

1805 3778 1932 3828 ore,
1965 3763 2066 3818 nisi
2091 3766 2233 3833 quod
2261 3759 3080 3832 pertinet'ad'aaditicationem?
3106 3772 3411 3837 cum_san-,

1805 3865 1907 3912 cite
1938 3855 2198 3911 novitatis
2224 3858 2573 3925 parturitioni
2608 3852 2871 3922 intendit,
2902 3851 3411 3923 diligiturbomlms.

1806 3956 1857 4003 et
1891 3949 1949 4001 «in
1980 3948 2096 4017 ipso
2138 3946 2354 4004 interno
2382 3949 2563 4019 palato
2603 3963 2726 4015 suo,
2757 3963 2881 4003 ctnn
2920 3947 3129 4017 abjecta
3169 3957 3411 4016 prorsus.

1806 4040 1952 4096 omni
1991 4038 2277 4095 dulcedine
2308 4039 2489 4097 illicita
2508 4082 2524 4108 ,
2554 4039 2688 4095 nihil
2717 4040 2767 4095 ei
2797 4038 3061 4094 dulcescit
3086 4037 3205 4111 nisi
3241 4032 3393 4092 solus

1806 4132 1976 4196 Deus,
2011 4130 2153 4200 sapit
2181 4130 2233 4186 ei
2261 4133 2404 4202 quod
2440 4130 2680 4186 omnium
2702 4136 2787 4185 est
2812 4129 3072 4185 bonorum
3102 4129 3409 4204 optimum.‘

1807 4221 1875 4275 Et
1909 4221 1989 4276 sic
2016 4229 2101 4276 est
2127 4218 2221 4276 uni
2249 4236 2445 4276 nomen
2470 4220 2688 4293 Physon
2715 4236 2729 4274 :
2761 4228 2817 4274 et
2841 4220 2922 4275 sic
2945 4219 3139 4274 circuit
3172 4231 3401 4291 omnem,

1809 4322 2010 4367 terram
2036 4311 2271 4376 Evilatli,
2304 4311 2394 4367 ubi
2423 4312 2665 4367 nascitur
2694 4325 2908 4377 aurum,
2933 4318 2990 4365 et
3013 4322 3204 4365 aurum
3231 4316 3405 4371 terra,

1808 4400 1953 4459 illius
1975 4405 2238 4475 Optimum
2263 4411 2366 4459 cst.
2849 4454 2855 4463 .

2244 4491 2683 4550 UCAPlTULUM
2721 4492 2901 4548 XVIII.

1807 4600 1888 4656 De
1914 4603 2184 4671 generibus
2211 4612 2514 4671 sanctarum
2554 4600 2967 4671 meditationu’nr
2996 4595 3391 4671 quibus_inlen-

1861 4665 2000 4725 dcte
2028 4672 2172 4725 debet
2200 4671 2292 4740 qui
2325 4672 2393 4723 in.
2419 4670 2550 4723 cella
2578 4670 2850 4740 solitarius
2879 4668 3050 4733 sedet,
3086 4676 3135 4719 et
3172 4665 3237 4719 de
3271 4676 3399 4729 stu-2

1818 4800 1828 4809 ,
1878 4742 2028 4795 diosa
2055 4737 2222 4795 sacras
2248 4740 2536 4810 Scriptum
2564 4737 2942 4792 recordatione.

1876 4853 2047 4909 Porro
2068 4869 2264 4909 nomen
2286 4850 2506 4908 secundi
2528 4851 2670 4906 ﬂuvii
2691 4850 2841 4922 Gyon
2859 4890 2874 4914 ,
2900 4849 2989 4919 qui
3012 4849 3230 4925 cuntsit
3258 4862 3393 4931 prie--

1807 4938 2020 5017 rttptio”,
2060 4946 2258 5001 circuit
2292 4959 2521 4999 omnem
2554 4952 2748 4998 terram
2787 4941 3094 5008 Ethiopian
3146 4940 3258 5009 Ipsa
3303 4948 3401 5001 est,

1807 5037 2118 5103 meditatio,
2155 5052 2278 5107 quae
2309 5036 2572 5107 quidquid
2602 5045 2685 5090 est
2712 5033 3039 5103 Ethiopng
3066 5031 3384 5109 nigredinis,

1806 5130 1878 5185 ad
1913 5129 2122 5200 peccati
2149 5127 2472 5198 pertinentis
2494 5126 2889 5183 deformitatem
2912 5166 2928 5195 ,
2951 5126 3261 5195 priusquam
3288 5138 3388 5193 per

1806 5220 2129 5281 consensum
2158 5220 2392 5275 animam
2421 5218 2717 5275 deformem
2747 5218 2971 5274 reddere
2996 5216 3184 5286 possit,
3214 5214 3388 5278 virilis

1808 5324 1893 5371 ter
1913 5323 1969 5370 et
1998 5314 2240 5370 valenter
2276 5312 2578 5367 resistendo
2604 5312 2923 5381 perrumpit.
2956 5310 3089 5373 Cum
3118 5309 3261 5363 enim
3300 5307 3391 5371 in:

1806 5414 1976 5463 ternae
2014 5387 2382 5459 meditationis
2419 5401 2636 5473 puritati
2680 5402 2859 5457 anima
2902 5408 3089 5459 sancta
3119 5413 3189 5453 ex
3234 5397 3380 5451 omni

1805 5505 1959 5568 parte
1985 5500 2043 5552 se
2072 5494 2333 5561 intendit,
2364 5492 2507 5549 nulla
2550 5508 2671 5549 eam
2700 5492 2801 5548 sibi
2836 5489 3241 5561 quantumlibet
3260 5486 3381 5552 ένίο-

1805 5586 1948 5644 lenta
1982 5584 2208 5642 tentatio
2232 5594 2333 5655 per
2376 5598 2697 5641 consensum
2737 5581 3006 5651 subjicere
3050 5577 3211 5633 valet.
3258 5575 3383 5649 Mos

1805 5678 2005 5748 quippe
2032 5686 2093 5732 ut
2133 5676 2199 5731 ad
2228 5676 2397 5746 ipsam
2428 5675 2621 5730 mentis
2641 5672 2862 5741 januam
2897 5669 3116 5739 pulsare
3156 5669 3382 5723 tentutio

1808 5770 2033 5840 incipit,
2075 5770 2119 5827 si
2164 5769 2216 5825 in
2242 5768 2518 5826 deﬁccata
2554 5764 2908 5845 meditatione
2955 5760 3189 5841 perl'ce'e
3231 5772 3385 5816 uicus
