3984 6414
526 401 626 468 831
1437 363 1761 431 GUIGONIS
1789 362 1838 418 Il
1872 351 2151 416 CARTHU

531 512 798 580 occupas
833 499 1018 559 fuerit.
1050 495 1180 566 Ejus
1208 491 1466 548 nimirum
1492 487 1669 546 vires,
1706 495 1742 535 ιι

527 600 644 673 jam
673 573 985 656 nocuerunt
1015 585 1310 657 abrumpit,
1338 593 1501 652 quam
1538 589 1606 632 ne
1633 573 1704 628 de
1746 581 1888 625 novo
1917 575 2118 620 nocere

531 663 750 750 valeant
787 682 1088 760 perrumpit
1122 677 1309 752 [Pam
1351 663 1706 760 praerumpit].

532 747 940 856 qI—tibabi'tator
1053 747 1238 834 cellis,
1269 766 1411 822 sicut
1446 761 1544 817 tibi
1580 757 1721 828 sapit
1757 751 1996 856 studiosa,
2037 747 2118 804 te.

536 838 831 941 etio,quat
871 875 956 922 est
983 863 1220 934 Pbyson,
1256 869 1378 912 cum
1417 851 1535 922 ejus
1557 860 1738 941 aquas
1767 842 1932 908 bibis,
1977 838 2121 941 (qua:

536 929 966 1020 circuit-omnem
991 929 1187 1007 terram
1215 943 1449 1008 Evilatb,
1481 939 1572 996 ubi
1595 937 1858 1009 optimum
1881 929 2124 990 nascitur

538 1067 764 1118 aurum;
790 1050 810 1120 )
841 1049 920 1104 sic
953 1041 1300 1100 nihilominus
1325 1035 1502 1107 sapiat
1530 1031 1624 1086 tibi
1658 1025 1935 1085 meditatio
1962 1035 2118 1094 pura,

538 1162 660 1217 qua:
687 1113 956 1199 et'c'ircuit
978 1148 1194 1192 omnem
1227 1140 1426 1186 terram
1455 1121 1764 1192 Ethiopian.
1801 1116 1937 1173 Nam
1961 1113 2124 1171 nimis

534 1233 839 1309 periculose
862 1227 1070 1285 evomis
1096 1221 1358 1295 quidquid
1383 1215 1669 1274 scribendo
1697 1213 1763 1267 de
1790 1208 1946 1280 aquis
1971 1220 2122 1262 sum-

537 1297 694 1399 psisti
717 1309 958 1395 Physon,
981 1317 1086 1373 nisi
1112 1314 1296 1371 statim
1321 1311 1389 1365 de
1411 1307 1565 1378 aquis
1590 1306 1740 1360 bibas
1765 1302 1942 1372 Gyon.
1972 1297 2126 1354 Sicut

533 1390 678 1473 enim
711 1390 889 1482 legere
917 1418 972 1466 et
1002 1424 1108 1464 non
1140 1403 1438 1472 intelligere
1462 1396 1732 1469 negligere
1759 1400 1867 1456 est,
1898 1390 1976 1446 sic
2001 1403 2128 1458 pru-

535 1510 678 1564 tecto
707 1507 842 1562 lecta
871 1511 923 1558 et
949 1500 1218 1558 intellecta
1244 1491 1511 1555 oblivisci,
1533 1489 1662 1561 quid
1687 1485 1833 1541 aliud
1854 1491 1938 1538 est
1963 1495 2126 1551 quam

535 1600 759 1654 omnino
811 1595 1038 1666 perdere
1091 1585 1355 1660 quidquid
1405 1579 1627 1652 legendo
1678 1585 1734 1631 et
1780 1569 2127 1642 intelligendo

537 1661 850 1763 acquisisti'?
886 1686 1026 1740 Sunt
1053 1691 1233 1737 autem
1281 1677 1461 1748 plures
1497 1671 1904 1728 meditationum
1941 1661 2126 1728 modi,

536 1753 735 1856 quibus
760 1794 887 1834 cum
926 1775 1169 1830 studiose
1202 1766 1496 1825 intenderis
1519 1805 1535 1830 ,
1572 1763 1640 1817 ad
1671 1758 1920 1816 stabilem
1963 1753 2127 1809 nimi-

541 1843 658 1930 rum
697 1877 936 1926 mentem
972 1874 1115 1919 tuam
1148 1859 1544 1918 maturitatem,
1574 1861 1636 1907 vet
1663 1859 1930 1906 maturam
1961 1843 2132 1900 stabi-

540 1965 747 2017 litatem
779 1957 1105 2027 restringere
1135 1951 1355 2023 poteris.
1395 1947 1594 2015 Sicque
1615 1955 1780 2012 coges
1807 1953 1924 1995 eam
1959 1944 2019 1991 ut
2047 1948 2134 1991 so-

541 2054 648 2110 lide
687 2050 947 2109 subsistat
985 2049 1037 2102 in
1066 2062 1144 2109 se,
1176 2060 1275 2098 nec
1303 2057 1362 2097 se
1394 2039 1475 2093 vel
1505 2036 1738 2092 inaniter
1767 2032 1939 2088 elevet
1970 2041 2132 2098 supra

488 2159 500 2165 '
538 2160 618 2210 se,
669 2140 754 2197 vel
778 2140 1054 2197 enerviter
1088 2136 1301 2205 dejicint
1343 2131 1534 2186 subtus
1560 2143 1638 2182 se.
1677 2124 1787 2180 Nec
1814 2122 2130 2184 sordescat,

540 2247 792 2304 mquam,
819 2245 942 2288 cum
992 2229 1154 2284 fuerit
1195 2227 1263 2281 ab
1296 2225 1388 2280 illo
1424 2236 1638 2279 summo
1676 2217 1936 2288 magistro
1970 2226 2136 2283 super

536 2333 778 2388 tument:
808 2332 968 2382 term
993 2321 1219 2386 educta;
1251 2332 1349 2374 nec
1379 2316 1659 2373 insuescat
1697 2325 1822 2365 cum
1851 2319 2016 2378 super
2039 2317 2134 2358 vo,—

545 2425 728 2480 lucres
755 2419 878 2475 coeli
906 2415 1135 2472 erudita.
1171 2412 1323 2466 Sicut
1362 2419 1538 2463 autem
1570 2403 1730 2472 hujus
1758 2400 1826 2454 de
1853 2411 1959 2468 qua
1987 2395 2131 2464 loqui

539 2510 896 2584 proponimus
934 2501 1300 2561 meditationis
1327 2499 1524 2554 diversi
1575 2493 1716 2548 modi
1764 2497 1931 2558 sunt,
1969 2486 2042 2542 ita
2078 2495 2134 2539 et

542 2576 791 2657 diversas
830 2599 886 2654 in
926 2596 1111 2654 animo
1154 2589 1467 2649 meditantis
1507 2599 1699 2641 causas
1731 2582 1976 2654 gignunt.
2021 2576 2133 2633 Nos

541 2701 730 2750 autem
774 2687 925 2745 illum
963 2686 1140 2758 primo
1181 2680 1564 2750 locu_modum
1599 2675 1852 2748 ponimus
1874 2710 1892 2738 ,
1935 2684 2044 2742 quo
2076 2669 2130 2723 in

543 2779 862 2842 meditantis
903 2785 1088 2836 mente
1133 2788 1300 2832 causa
1347 2767 1592 2844 procedit
1636 2762 1996 2828 eruditionis;
2046 2775 2134 2816 se-

544 2875 756 2943 cundo,-
793 2872 886 2945 qui
917 2884 1137 2928 causam
1169 2865 1340 2940 gignit
1378 2863 1581 2920 doloris
1607 2869 1664 2917 et
1693 2857 1934 2921 timoris;
1971 2853 2132 2910 tertio

543 2981 677 3044 vero
700 2967 820 3022 loco
837 2963 1088 3037 ponimus
1108 2960 1284 3026 illum,
1305 2960 1398 3028 qui
1421 2952 1762 3012 occasionem
1788 2947 2133 3007 administrat

546 3041 752 3114 amoris
773 3065 832 3110 et
848 3050 1236 3111 consolationis
1259 3066 1274 3115 ;
1305 3054 1504 3118 quarto
1522 3057 1760 3114 quoque,
1785 3041 1852 3095 de
1879 3051 1986 3109 quo
2009 3049 2137 3102 pere

547 3146 680 3218 cipit
701 3159 863 3201 mens
893 3137 1120 3200 causam
1145 3139 1460 3211 pietatiset
1489 3126 2133 3204 cotnpassionis;:quinto

550 3247 702 3306 vero,
736 3239 804 3292 de
827 3236 936 3307 quo
961 3233 1309 3295 discretionis
1343 3242 1504 3285 causa
1529 3225 1680 3282 venit
1703 3234 1759 3279 et
1782 3218 2142 3290 abjcctionis;

551 3339 710 3388 sexto
734 3331 862 3385 loco
893 3329 1044 3384 illum
1079 3326 1334 3399 ponimus
1369 3321 1623 3388 modum,
1654 3316 1724 3372 de
1763 3330 1872 3386 quo
1903 3311 2052 3367 venit
2091 3309 2145 3364 iu

554 3420 739 3477 anima
773 3417 1142 3475 renovationis
1179 3429 1291 3472 sua!
1326 3425 1492 3469 causa
1538 3419 1594 3466 et
1631 3402 2024 3478 reparationis;
2056 3414 2144 3455 se-

554 3511 728 3584 ptimo
756 3522 990 3580 quoque,
1023 3507 1091 3563 de
1119 3521 1227 3576 quo
1252 3503 1489 3575 stuporis
1522 3515 1686 3557 causa
1715 3496 1864 3552 venit
1888 3502 1946 3552 et
1973 3491 2147 3548 admi-.

556 3603 826 3670 rationis;
884 3610 1078 3658 octavo
1131 3598 1280 3654 illum
1334 3595 1588 3667 ponimus
1633 3591 1850 3647 modum
1877 3629 1894 3656 ,
1942 3600 2051 3658 quo
2095 3586 2150 3642 in

557 3705 743 3753 mente
771 3691 1088 3751 meditantis
1129 3689 1219 3747 illa
1250 3688 1618 3752 revolvuntur,
1657 3698 1779 3755 qua:
1805 3689 1934 3739 sunt
1968 3679 2154 3737 invisi-

559 3790 690 3849 bilia
708 3797 765 3846 et
786 3785 1087 3860 spiritualia
1107 3801 1123 3853 ;
1145 3785 1238 3842 sed
1259 3792 1316 3839 et
1338 3780 1488 3838 illum
1510 3775 1862 3835 nihilominus
1879 3771 2152 3844 ponimus,

561 3893 673 3952 quo
699 3859 858 3937 mens
879 3878 1062 3935 sobria
1089 3884 1146 3932 et
1187 3882 1373 3930 sancta
1404 3871 1474 3926 ab
1503 3867 1649 3926 omni
1681 3880 1788 3921 non
1818 3859 2156 3920 solummodo

564 3948 853 4028 adfectione
888 3969 1121 4041 impura,
1149 3965 1245 4023 sed
1275 3973 1330 4021 et
1353 3962 1423 4018 ab
1447 3958 1594 4020 omni
1624 3953 1952 4028 cogitatione
1979 3948 2156 4006 otiosa

564 4077 790 4136 prorsus
810 4074 1005 4132 expers
1032 4056 1225 4115 enecta
1261 4065 1318 4111 et
1342 4054 1518 4109 aliena
1541 4091 1558 4117 ,
1601 4063 1700 4120 per
1738 4046 2004 4104 visionem
2047 4055 2157 4098 non

562 4130 678 4225 iam
706 4130 1072 4223 spiritualem,
1103 4146 1200 4203 sed
1238 4159 1340 4201 nec
1364 4141 1708 4206 rationalem,
1747 4136 1844 4193 sed
1874 4149 1971 4206 per
1996 4130 2160 4188 visio-

568 4257 696 4299 nem
722 4241 902 4311 potius
936 4235 1358 4294 intellectualem
1379 4272 1397 4299 ,
1440 4232 1496 4288 in
1536 4229 1673 4300 ipsis
1696 4226 1842 4283 veris
1869 4225 2040 4295 ipsam
2065 4235 2162 4278 ve~

569 4309 792 4390 ritatem
824 4330 997 4386 beatis
1024 4325 1310 4396 conspicit.
1343 4323 1444 4378 [lic
1471 4335 1623 4393 purae
1649 4316 1847 4374 mentis
1879 4315 2072 4372 beatus
2099 4309 2164 4368 lit

570 4425 822 4483 excelsus
847 4423 900 4478 in
929 4422 1134 4487 Deum,
1174 4417 1266 4488 qui
1291 4415 1405 4485 jam
1435 4427 1543 4469 non
1582 4408 1808 4480 simplex
1851 4403 2160 4471 meditatio,

572 4517 668 4574 sed
689 4514 956 4571 excellens
974 4511 1116 4566 valet
1136 4504 1519 4578 contemplatio
1539 4500 1744 4558 vocari.
1765 4499 1822 4554 In
1843 4512 1908 4553 ea
1929 4510 2158 4567 eamque

573 4609 666 4681 pia
694 4619 751 4664 et
783 4619 1046 4664 succensa
1078 4615 1254 4667 mens,
1281 4612 1443 4655 omne
1471 4609 1700 4666 corpus,
1725 4603 2022 4660 omnesque
2046 4603 2165 4645 001‘-

573 4678 772 4782 poreas
812 4695 1074 4768 imagines
1120 4690 1611 4757 similitudinesque
1648 4680 2071 4746 transcendens,
2111 4678 2167 4734 in

576 4770 695 4865 ipsa
724 4790 841 4845 luce
868 4785 1152 4849 Veritatis,
1183 4782 1238 4837 in
1267 4796 1376 4851 qua
1400 4793 1529 4834 vere
1561 4787 1619 4833 et
1643 4789 1773 4830 vera
1804 4782 1932 4832 sunt
1951 4770 2166 4836 omnia,

563 4861 852 4966 ipt-trtterita
894 4875 1185 4951 prmsentia
1217 4881 1274 4929 et
1320 4871 1534 4935 futura;
1564 4882 1666 4923 nec
1687 4865 1846 4921 aliter
1871 4861 2166 4935 praeterita,

577 4952 745 5046 quam
791 4970 972 5026 futura
1028 4966 1112 5023 vel
1152 4963 1470 5037 prasentia;
1511 4974 1611 5016 nec
1643 4959 1803 5013 aliter
1843 4952 2127 5027 prmsentia
2152 4994 2169 5021 ,

571 5077 746 5136 quam
776 5061 1056 5132 praeterita
1074 5056 1162 5112 vel
1187 5057 1366 5112 futura
1386 5070 1402 5123 ;
1437 5069 1555 5110 nec.
1575 5052 1736 5108 aliter
1754 5049 2171 5117 .l'utura,.quam

571 5151 900 5225 prteseutia,
926 5151 1011 5205 vel
1049 5147 1353 5220 praeterita;
1399 5145 1495 5201 sed
1518 5141 1706 5209 simul,
1751 5149 1810 5197 et
1844 5146 2082 5209 semper,
2119 5143 2178 5194 et

568 5245 780 5315 eodem
809 5241 970 5298 modo
994 5240 1198 5306 omnia,
1229 5252 1563 5311 quaecunque
1578 5235 1627 5292 ei
1653 5233 1870 5292 Veri-tas
1895 5230 2174 5296 revelavit,

589 5338 821 5410 simplici
851 5335 1048 5392 intuitu
1063 5331 1489 5401 contemplatur.
1509 5327 1783 5400 Quidquid
1812 5326 1867 5381 in
1889 5326 1994 5382 hac
2013 5320 2180 5380 fuerit

589 5430 812 5490 visione
831 5434 902 5484 ab
930 5425 1112 5482 anima
1138 5430 1329 5478 sancta
1364 5435 1500 5493 pure
1535 5418 2010 5490 comprehensum,
2048 5427 2179 5470 vere

592 5522 930 5595 luminosum
964 5529 1086 5574 esse
1125 5520 1372 5580 constat,
1409 5521 1466 5569 et
1499 5520 1731 5569 certum.
1779 5509 1900 5583 Ipsa
1937 5515 2022 5566 est
2059 5519 2183 5578 qua:

596 5617 806 5682 semota
832 5611 1040 5670 visione
1067 5605 1386 5679 imaginaria
1408 5604 1614 5676 pariter
1633 5595 1688 5660 et
1707 5601 2070 5674 pbantastica,
2094 5595 2184 5653 vl-

601 5707 813 5768 sionem
843 5703 1150 5762 sensualem
1171 5708 1227 5758 et
1245 5695 1581 5770 spiritualem
1605 5693 1891 5757 clariﬁcat,
1922 5701 1983 5747 ut
2011 5689 2106 5746 ﬁat
2128 5687 2183 5745 in

604 5801 672 5865 ea
697 5791 910 5871 videns,
939 5796 1025 5854 vel
1055 5791 1312 5876 mysteria
1346 5791 1594 5872 loquens,
1627 5785 1712 5846 vel
1735 5783 1951 5852 occulta
1973 5779 2186 5862 pateret

1745 491 1815 533 on
1853 482 1964 528 tam
1996 482 2165 539 quae;

2159 347 2290 407 SIE
2325 337 2616 402 MAJOR-IS
2642 329 2943 418 PBIORIS‘
3650 323 3728 386 82

2159 468 2194 527 Α
2220 460 2391 522 ciens,
2422 453 2506 508 vel
2530 459 2755 506 ventura
2794 435 3180 515 pramuntians.
3226 432 3356 490 Sunt
3383 438 3542 486 autem
3574 439 3622 486 et
3644 431 3722 488 alia

2218 546 2470 618 fortassis
2509 537 2920 598 meditationum
2962 543 3159 604 genera
3195 540 3312 598 qua:
3351 522 3654 580 rationabiles
3684 534 3726 580 et

2221 616 2606 698 convenientes
2631 647 2698 687 ex
2729 643 2788 684 se
2816 637 3013 681 causas
3035 619 3367 692 producunt;
3394 617 3479 671 sed
3499 616 3586 671 ista
3608 617 3724 672 nobis

2221 730 2277 788 in
2304 723 2554 800 praesenti
2598 722 2976 776 occurrerunt.
3019 711 3084 767 Et
3131 723 3273 765 nunc
3306 705 3442 788 audi
3483 705 3657 775 plenius
3687 717 3727 762 et

2218 785 2535 892 perfectius,
2562 822 2618 870 tu
2649 811 2740 882 qui
2774 805 3048 863 habitator
3087 800 3236 857 cellae
3268 785 3347 866 es,
3389 798 3604 867 quaedam
3639 814 3729 869 qua

2221 889 2496 985 pertinent
2519 905 2586 961 ad
2610 903 2749 959 haec.
2771 899 2981 968 Itaque,
3007 902 3066 949 ut
3095 893 3326 964 primum
3351 890 3414 945 de
3443 889 3594 960 primo
3612 889 3730 944 modo

2224 1013 2533 1060 sermonem
2565 996 2796 1060 habeam
2824 990 2893 1045 ad
2919 999 2994 1054 te,
3026 985 3221 1042 sedens
3249 983 3300 1036 in
3322 981 3449 1037 cella
3477 991 3576 1046 tua,
3597 989 3732 1036 mente

2223 1108 2321 1165 per
2339 1103 2531 1146 omnes
2555 1058 2766 1142 divina?
2780 1079 2989 1152 pagina:
3013 1077 3178 1131 libros
3207 1073 3478 1135 discurre;
3505 1071 3732 1125 comitante

2225 1163 2472 1240 silentem
2496 1179 2637 1234 hanc
2679 1171 3097 1231 ruminationcm
3127 1175 3181 1220 et
3207 1163 3601 1218 recordationem
3626 1170 3733 1216 tuam

2228 1271 2600 1343 intelligentia,
2647 1279 2878 1336 eamque
2913 1261 3275 1320 clarilicante,
3312 1253 3513 1309 revolve
3537 1252 3648 1323 apud
3681 1262 3733 1318 te,

2229 1369 2337 1423 into
2367 1367 2506 1420 intra
2536 1372 2609 1430 te,
2647 1361 2700 1415 in
2729 1366 2930 1420 mente,
2967 1368 3085 1423 quae
3116 1350 3168 1406 in
3200 1347 3354 1403 libris
3379 1353 3492 1400 sunt
3522 1344 3734 1416 legalibus,

2228 1468 2281 1515 et
2304 1456 2454 1513 libris
2474 1454 2881 1525 prapbetarum,
2911 1456 2967 1501 et
2989 1441 3465 1517 agiographorum;
3489 1437 3569 1492 sed
3593 1447 3636 1492 et
3653 1451 3738 1506 qua

2230 1523 2660 1602 continentur—in
2695 1538 2847 1594 libris
2885 1550 3004 1606 quas
3047 1533 3115 1588 ad
3157 1530 3367 1585 Novum
3405 1526 3640 1598 pertinent
3667 1523 3740 1580 Τε-

2228 1642 2580 1698 stamentum,
2603 1628 3059 1702 evangelistarum
3081 1620 3333 1678 videlicet
3351 1629 3404 1673 et
3427 1616 3738 1688 apostolorum,

2231 1738 2394 1798 atque
2438 1726 2719 1782 doctorum
2761 1719 3150 1776 catholicorum
3193 1710 3523 1768 narrationes
3557 1717 3601 1764 et
3624 1721 3740 1780 gene

2164 1805 2210 1863 Β
2236 1822 2494 1884 rationes,
2519 1824 2744 1873 eventus
2773 1826 2826 1869 et
2854 1822 3002 1884 gesta
3028 1827 3042 1874 ;
3075 1809 3189 1864 sive
3218 1820 3342 1875 qure
3379 1801 3632 1862 historice,
3661 1800 3744 1853 sive

2235 1931 2357 1986 qua:
2398 1912 2688 1984 allegorice
2714 1919 2807 1962 aut
2837 1900 3188 1974 trapologice,
3214 1896 3298 1954 vel
3325 1904 3467 1950 certe
3498 1889 3742 1961 auagogicn,

2236 1979 2384 2062 recte
2402 2013 2458 2060 et
2484 1979 2752 2060 catholice
2786 1992 3133 2067 intelligenda
3167 1998 3317 2045 sunt.
3364 1979 3472 2041 Duc
3503 1981 3746 2040 considen-

2236 2099 2437 2155 tionem
2466 2106 2612 2151 tuam
2643 2093 2710 2148 ab
2735 2092 2851 2161 ipso
2878 2084 3062 2142 mundi
3089 2080 3337 2145 exordio,
3366 2092 3459 2149 per
3485 2091 3540 2130 ea
3564 2086 3659 2143 qua
3683 2084 3747 2140 per

2235 2201 2470 2265 quatuor
2509 2185 2916 2244 successionum
2956 2176 3313 2233 variationem
3359 2167 3504 2242 [Pan
3544 2161 3746 2220 narratio-

2237 2260 2364 2356 nes]
2392 2290 2520 2338 sunt
2548 2281 2690 2335 facta
2720 2284 2775 2331 et
2800 2273 2966 2339 dicta,
2994 2283 3092 2340 per
3115 2274 3305 2321 aetates
3334 2260 3550 2330 sex,’per
3570 2263 3750 2324 tempora

2237 2345 2363 2442 tria:
2411 2390 2507 2446 per
2546 2380 2723 2428 status
2759 2367 2896 2422 duos
2928 2381 2943 2419 :
2972 2369 3027 2418 et
3069 2375 3101 2413 a
3145 2368 3389 2427 tempore
3436 2345 3752 2408 lncaruationis

2235 2433 2437 2524 Christi
2484 2478 2660 2534 usque
2709 2459 2776 2518 ad
2824 2453 2986 2525 hujus
3024 2448 3285 2521 temporis
3331 2445 3533 2506 lecem,
3577 2452 3671 2509 qua
3706 2433 3752 2488 ad

2236 2560 2413 2631 ipsum
2447 2556 2752 2618 Christum,
2788 2562 2909 2620 quae
2928 2545 3092 2602 etiam
3122 2540 3188 2596 ad
3218 2534 3506 2610 apostolos,
3543 2539 3591 2586 et
3610 2535 3753 2598 marty-

2245 2621 2360 2717 res,
2385 2655 2442 2703 et
2465 2643 2832 2706 confessores,
2873 2645 2930 2694 et
2965 2632 3204 2704 virgines
3228 2634 3490 2700 spectant.
3516 2621 3657 2690 Quam
3678 2630 3755 2672 tnt-

2251 2707 2418 2813 gnum
2450 2734 2551 2792 sub
2578 2731 2799 2792 siientio
2823 2729 2880 2785 in
2909 2725 3073 2793 corde
3101 2732 3193 2780 tuo
3228 2714 3603 2788 multiloquium
3625 2707 3743 2768 insin

2236 2803 2410 2902 gulis!
2460 2824 2601 2882 Num
2631 2821 2847 2895 quando
2882 2818 2998 2876 haec
3025 2812 3210 2873 omnia
3249 2819 3311 2868 et
3352 2805 3550 2902 singula
3596 2803 3758 2901 intrate

2237 2890 2506 2984 ruminas,
2529 2890 2824 2986 esse—solus
2844 2910 2900 2966 in
2921 2906 3057 2965 cella
3084 2902 3352 2961 dicendus
3381 2896 3474 2956 es?
3496 2894 3595 2951 Non
3619 2890 3754 2958 utique

2233 3020 2363 3069 tunc
2383 2978 2534 3064 solus
2561 2983 2662 3072 es,
2693 3002 2818 3075 quia
2849 3013 2974 3057 cum
3003 2997 3090 3054 his
3116 2993 3411 3068 diligenter
3433 2984 3651 3050 intendis,
3675 2978 3739 3043 ιιιιί

2246 3117 2423 3162 versa:
2445 3101 2514 3156 de
2533 3070 2732 3170 quibus
2763 3093 2876 3165 agit
2906 3098 3067 3148 vetus
3105 3095 3161 3142 et
3191 3100 3332 3162 nova
3365 3079 3636 3150 Scriptura,
3656 3081 3697 3128 et
3714 3070 3760 3133 tie

2246 3193 2444 3265 quibus
2473 3192 2527 3252 in
2550 3164 2849 3259 Srripturis
2877 3183 3097 3237 Patrum
3124 3176 3214 3248 qui
3256 3182 3383 3246 post
3411 3164 3757 3226 lucarnatiouem

2251 3263 2475 3346 fuerunt
2524 3279 2731 3338 entio
2781 3277 2863 3342 ﬁt,
2913 3281 3092 3330 tecum
3135 3267 3373 3341 quodam
3407 3263 3554 3328 modo
3582 3264 3756 3330 person:

2248 3387 2396 3436 sunt.
2422 3376 2538 3432 Nisi
2562 3374 2690 3446 quia
2711 3372 2816 3428 hoc
2842 3364 3089 3424 fortassis
3117 3358 3450 3435 peramplius
3470 3365 3520 3412 et
3540 3346 3757 3425 perlectqu

2251 3479 2358 3538 est,
2389 3469 2516 3541 quia
2541 3441 2597 3521 in
2633 3475 2686 3521 te
2715 3474 2931 3534 quoque
2973 3463 3102 3513 sunt
3132 3471 3146 3510 :
3174 3462 3229 3510 et
3251 3462 3500 3522 magnam
3524 3441 3758 3541 quidemst

2253 3531 2479 3618 multam
2511 3558 2600 3614 hic
2629 3531 2893 3626 percipies
2920 3545 3304 3610 eruditionem,
3339 3540 3429 3613 qui
3460 3539 3610 3609 ipsam
3649 3531 3752 3584 intra

2255 3664 2310 3717 te
2331 3667 2504 3713 sacrae
2531 3647 2830 3720 Scriptura:
2869 3635 3291 3712 comprehendis
3319 3626 3702 3689 universitatem.

2753 3750 3160 3816 CAPlTULUM
3198 3747 3346 3807 XIX.

2257 3882 2336 3940 De
2373 3881 2467 3938 illo
2497 3874 2852 3935 meditationis
2891 3869 3071 3937 modo,
3103 3866 3206 3947 Διηιὶ
3239 3864 3302 3947 ft!
3335 3861 3506 3947 αηξηερ

2739 3915 3303 4005 'éZItaZEt'e't’diidn‘;
3449 3931 3502 3986 in
3519 3934 3620 3982 om
3637 3915 3766 3981 tum

2375 4038 2443 4079 wt
2484 4039 2502 4077 ι
2531 4037 2614 4076 ur.

2328 4107 2660 4174 Meditationi
2681 4105 2808 4166 huic
2825 4100 3068 4162 succedit
3089 4098 3218 4166 alia,
3239 4103 3299 4153 et
3319 4103 3406 4152 est
3426 4091 3492 4164 (ο
3515 4097 3585 4153 ιιι,
3601 4079 3679 4174 qui
3694 4079 3761 4134 ha-

2259 4171 2463 4263 bitator
2512 4216 2574 4258 es
2601 4190 2786 4270 cellae)
2839 4209 2960 4268 quae
3003 4190 3318 4265 specialiter
3363 4182 3583 4258 pertinet
3622 4171 3767 4270 adule-

2263 4295 2473 4354 Sedens
2511 4294 2694 4364 itaque
2742 4261 2799 4346 in
2824 4261 2960 4348 cella
3009 4261 3100 4343 tua
3129 4280 3369 4354 recogita
3407 4277 3459 4333 in
3487 4261 3768 4364 amaritudint

2264 4389 2460 4446 anima:
2488 4354 2806 4443 tuae-annos
2843 4389 2901 4438 et
2929 4379 3044 4435 dies
3073 4386 3228 4441 tuos;
3279 4369 3498 4428 volvens
3525 4365 3644 4418 intra
3662 4363 3713 4446 te
3732 4354 3768 4446 ei

2183 4493 2238 4556 ι)
2264 4481 2548 4540 revolvens
2605 4491 2730 4550 qum
2774 4481 2832 4529 et
2879 4475 3082 4543 quanta
3121 4473 3178 4522 et
3217 4440 3406 4533 qualia
3445 4452 3598 4516 mala,
3632 4440 3705 4498 tibi
3725 4443 3768 4556 ,ἢ

2268 4530 2947 4647 quandoj-quavoluntate
2977 4569 3034 4618 et
3049 4530 3381 4622 intentione,
3420 4547 3508 4604 sed
3533 4530 3770 4647 etqu‘amli."

2270 4623 2511 4647 1'---—v;
2539 4623 2642 4642 -ιννη
2685 4623 2722 4624 η
2807 4623 2810 4626 .

2268 4672 2383 4730 sive
2405 4667 2462 4723 in
2496 4672 2678 4720 mente
2711 4661 2830 4717 sive
2873 4658 2927 4712 in
2955 4667 3125 4710 carne
3165 4659 3256 4706 tua
3296 4634 3618 4702 commisisti.
3640 4623 3770 4691 Coti"

2270 4772 2331 4822 et
2357 4759 2599 4830 recogita
2621 4756 2764 4811 intra
2818 4759 2890 4815 te,
2921 4761 3086 4818 quam
3115 4743 3192 4800 sis
3223 4748 3281 4797 et
3305 4742 3485 4796 mente
3528 4722 3771 4830 crearit-itif

2275 4806 2765 4920 ζιζηξεζιυζξᾞᾷέὶιι
2792 4806 3049 4915 proclivis
3072 4837 3142 4892 ad
3192 4832 3346 4898 vitia,
3385 4838 3540 4897 quam
3581 4806 3769 4920 invalidi?

2276 4949 2344 5005 ad
2381 4907 2639 5008 virtutes;
2672 4907 2837 5010 quam
2878 4931 3062 4990 multis
3095 4927 3172 4983 sis
3207 4920 3486 4986 timoribus
3521 4907 3770 5010 cohth

2278 5036 2568 5098 doloribus
2613 5030 2872 5094 afﬂictus,
2915 5019 3194 5081 erroribus
3227 5028 3412 5087 vagus,
3450 5004 3587 5066 curis
3623 4998 3762 5091 annos

2279 5092 2688 5200 suspicionibus
2714 5092 3034 5190 inquietus:
3062 5111 3259 5183 quibus
3299 5092 3769 5200 quanti-sque.

2279 5177 2810 5289 {ivgis-egomt“,-
2823 5205 3056 5265 vinculis
3078 5177 3297 5274 ligatus,
3327 5191 3576 5288 sordibus.

2279 5261 2350 5280 ""
2376 5261 2453 5278 “"’
2493 5261 2800 5289 νονν-’ν--ν
3120 5261 3151 5274 υ
3283 5261 3292 5264 τ

2277 5326 2388 5380 tus,
2415 5309 2650 5385 piaculis
2676 5303 2939 5376 repletus.
2974 5309 3142 5368 quam
3191 5296 3512 5385 magnorum

2281 5349 2388 5380 tua,
2457 5349 2650 5368 ..νυ-..τ
2678 5349 2939 5376 ..,,,.----,
2981 5349 3098 5368 νη
3283 5349 3314 5361 ν

2280 5349 2512 5478 rumque
2537 5401 2806 5459 malorum
2835 5390 3072 5450 molibus
3125 5391 3437 5456 oppressus.
3473 5349 3776 5478 Qualiter

2283 5450 2626 5558 incessanter
2647 5488 2840 5548 alienis
2859 5499 2890 5541 a
2929 5491 3006 5548 te,
3028 5450 3307 5538 dilanieris
3343 5469 3398 5525 in
3449 5473 3516 5558 te,

2860 5533 3158 5637 extraria.
3193 5560 3456 5636 deﬁciatis
3477 5533 3778 5654 intraui-ﬁni:

2283 5633 2656 5755 prosternat-is
2679 5633 2873 5730 srubtus
2891 5675 2974 5734 te,
2987 5661 3086 5721 sed
3109 5633 3168 5718 et
3191 5633 3426 5755 inaniter
3447 5633 3778 5755 detegi”:

2287 5721 3103 5846 :TET'Jtt-ti'n'inriswnngumt
3119 5759 3228 5821 est,
3261 5748 3368 5823 imo
3403 5721 3696 5818 inpossibili
3712 5725 3776 5772 ω

2171 3150 2217 3214 C
