3894 6298
181 349 277 419 833

1257 340 1463 400 LIBER
1496 340 1585 400 DE
1621 339 1988 399 EXERCITIO
2023 342 2292 400 CELLIE.

3287 351 3402 417 836

179 469 254 532 bis
275 472 352 525 est
371 471 551 520 omnes
581 469 868 515 numerare
907 451 1262 525 calamitates,
1302 470 1440 528 quas
1479 455 1628 512 intus
1667 465 1725 511 et
1750 459 1798 515 Α
1823 457 2074 527 corporis,
2103 465 2257 526 prout
2289 455 2469 526 gessit,
2493 454 2600 510 sine
2623 456 2841 523 bonum,
2869 459 3187 518 eiectantem
3220 465 3403 535 (Joan.

180 571 316 620 extra
349 555 510 610 miser
551 549 754 622 patitur
799 549 982 615 homo,
1009 549 1186 620 cogita
1212 548 1482 619 quomodo
1503 548 1580 602 sis
1605 547 1725 616 ipse

181 649 352 710 similis
377 640 816 700 descendentibus
865 639 919 694 in
969 639 1184 696 lacum:
1217 648 1273 696 et
1323 639 1427 696 nisi
1474 637 1569 693 tibi
1602 653 1726 709 gra-

180 741 298 797 tuita
320 732 615 791 Conditoris
645 729 719 784 lui
753 729 894 785 adsit
941 730 1135 802 gratia,
1180 729 1305 786 talis
1333 744 1399 810 es
1445 730 1500 784 in
1549 737 1724 784 tenta~

180 831 325 892 tione,
351 823 522 896 qualis
561 828 646 876 est
681 819 765 875 vel
809 831 934 876 cera
977 836 1008 875 a
1048 820 1186 878 facie
1225 821 1386 894 ignis,
1414 821 1502 876 vel
1548 821 1724 890 pulvis

178 916 455 974 levissimus
476 912 526 967 in
549 911 674 965 llatu
709 911 1165 968 vehementissimi
1197 914 1362 969 venti.
1402 913 1724 984 Repraesen-

179 1019 246 1065 tet
271 1007 359 1062 tibi
385 1013 503 1076 post
545 1002 661 1058 haec
687 1002 740 1058 in
787 1012 970 1059 mente
998 1013 1088 1060 tua
1125 1005 1238 1075 ipsa
1285 1005 1567 1060 meditatio
1609 1013 1721 1070 tua,

177 1109 320 1170 Quam
349 1089 598 1150 terribilis
625 1093 696 1148 sit
719 1092 835 1164 ipSe
873 1095 1139 1149 universae
1164 1103 1428 1150 creaturae
1466 1094 1725 1150 Conditor

179 1193 226 1246 in
247 1185 472 1243 consiliis
515 1199 679 1253 super
707 1184 846 1239 lilios
889 1184 1192 1250 hominum,
1229 1184 1576 1254 reproborum
1624 1199 1724 1240 nec

177 1282 298 1337 mala
331 1279 552 1342 diluens,
580 1290 678 1330 nec
707 1276 846 1330 bona
881 1285 1192 1346 acceptans,
1230 1275 1448 1344 insuper
1480 1284 1534 1329 et
1556 1275 1721 1331 corda

175 1384 339 1426 eorum
360 1365 504 1436 justo
540 1366 633 1420 sed
665 1365 876 1422 occulto
901 1364 1109 1434 judicio
1139 1380 1238 1422 suo
1271 1378 1379 1422 non
1405 1367 1711 1432 emolliens,

174 1462 254 1518 sed
281 1460 432 1515 etiam
459 1457 734 1522 indurans,
766 1473 833 1514 ne
855 1467 1204 1514 convertatur
1221 1469 1277 1516 et
1301 1469 1456 1516 sanet
1483 1476 1596 1516 eos.
1621 1461 1721 1516 (Io-

173 1551 265 1622 gita
308 1549 441 1602 intra
471 1555 523 1601 te
548 1547 690 1616 quod
723 1546 1080 1606 Ecclesiastes
1108 1548 1261 1613 dicit,
1289 1550 1414 1618 quia
1454 1558 1574 1604 sunt
1587 1549 1720 1618 justi

171 1651 212 1696 et
231 1639 492 1710 sapientes,
516 1646 564 1692 et
589 1653 745 1708 opera
771 1655 950 1693 eorum
977 1641 1030 1694 in
1059 1656 1218 1694 manu
1254 1639 1351 1694 Dei
1371 1649 1523 1705 sunt;
1554 1650 1602 1694 et
1615 1649 1720 1724 ⁸ια.

172 1749 272 1786 men
297 1731 446 1785 nescit
498 1730 654 1784 homo
699 1739 876 1785 utrum
911 1747 1088 1786 amore
1131 1748 1202 1786 an
1247 1733 1368 1786 odio
1412 1734 1603 1804 dignus
1651 1735 1716 1788 sit

1825 567 1942 619 xiv,
1967 554 2080 623 50).
2109 552 2442 609 Unus-homo
2467 561 2606 617 erat,
2636 552 2724 622 qni
2751 568 2850 622 pro
2879 553 3106 608 eosolus
3129 555 3406 626 ingressus

1823 655 1912 699 est
1964 644 2083 699 sine
2132 643 2368 708 macula,
2401 644 2571 713 quiet
2616 643 2765 699 solus
2792 643 2927 698 liber
2974 646 3118 698 inter
3164 657 3414 708 mortuos

1825 730 1950 800 fuit,
1975 732 2122 788 solus
2143 747 2361 803 quoque
2387 733 2570 788 dicere
2602 733 2818 804 potuit:
2861 731 3008 786 Venit
3029 739 3098 788 ad
3146 749 3228 787 me
3251 733 3408 804 Prin-

1823 841 1942 892 ceps
1966 821 2148 880 mundi
2171 828 2350 899 hujus,
2373 839 2421 884 et
2446 830 2500 883 in
2517 844 2598 884 me
2625 843 2729 884 non
2755 827 2907 884 habet
2951 826 3260 897 quidquam.
3286 825 3414 883 Non

1824 925 1909 969 est
1935 915 2134 985 aliquis
2166 925 2412 972 nostrum
2436 917 2489 972 in
2512 933 2621 988 quo
2640 932 2746 971 non
2771 916 2969 971 habeat
2995 914 3202 984 aliquid
3224 929 3403 971 suum.

1826 1004 2190 1076 Intuerepost
2219 1008 2335 1062 haec
2359 999 2810 1064 conSiderationis
2847 1017 2951 1063 tam
2977 1005 3157 1074 oculo,
3207 1007 3260 1061 in
3293 1007 3408 1077 ipsa

1827 1090 2041 1145 interna
2095 1091 2444 1149 meditatione
2476 1103 2586 1158 tua,
2623 1094 2752 1166 quid
2801 1094 2868 1149 de
2891 1103 2984 1150 tuo
3009 1108 3238 1164 corpore
3280 1095 3406 1160 erit,

1824 1192 2107 1252 postquam
2161 1184 2230 1238 ab
2255 1185 2524 1240 conn-ima
2568 1196 2658 1239 tua
2688 1186 2998 1240 recesserit.
3056 1185 3173 1240 Non
3225 1193 3407 1240 autem

1825 1287 2050 1330 necesse
2075 1273 2234 1329 habet
2281 1274 2508 1329 multum
2554 1275 2804 1331 laborare
2833 1276 2885 1329 in
2931 1276 3274 1344 prmvidendo
3302 1275 3409 1332 hoc

1831 1349 2115 1419 meditatio
2141 1372 2262 1430 tua;
2300 1363 2426 1434 quia
2459 1364 2585 1432 quid
2619 1378 2780 1433 super
2826 1364 2926 1418 hoc
2961 1365 3154 1419 debeat
3179 1365 3407 1428 sentire,

1830 1452 1950 1524 ipse
1985 1467 2201 1524 quoque
2231 1461 2284 1508 te
2313 1462 2519 1507 certum
2567 1452 2744 1506 reddit
2789 1453 3086 1521 corporalis
3133 1463 3403 1524 aspectus.

1823 1543 1958 1600 Nam
1988 1544 2124 1601 vade
2147 1545 2326 1611 modo,
2353 1553 2408 1599 et
2434 1543 2586 1614 cujus
2605 1543 2838 1598 volueris
2869 1545 3060 1599 mortui
3093 1545 3402 1614 sepulcrum

1823 1637 1972 1708 aperi
1999 1645 2057 1693 et
2083 1637 2310 1709 inspice.
2345 1636 2532 1691 Nonne
2560 1636 2604 1692 si
2632 1636 2734 1690 hoc
2763 1635 2991 1701 feceris,
3029 1635 3082 1689 in
3113 1645 3320 1690 tantum
3354 1645 3414 1690 et

1823 1729 2066 1800 aspectui
2119 1730 2224 1784 erit
2252 1738 2310 1785 et
2343 1727 2562 1784 olfactui
2600 1728 2744 1799 qttod
2774 1725 3312 1796 apparebitborrori,
3351 1733 3414 1780 ut

173 1819 353 1891 (Erae.
376 1834 449 1885 ει,
481 1819 570 1889 l);
599 1819 696 1875 sed
715 1820 891 1875 omnia
916 1820 969 1875 in
993 1820 1230 1876 futurum
1243 1831 1548 1877 servantur.
1571 1821 1721 1878 Tunc
1753 1817 1798 1878 Β
1828 1829 2077 1876 neutrum
2101 1819 2282 1892 aliquo
2310 1819 2482 1888 possit
2529 1818 2689 1874 modo
2713 1816 2797 1872 vel
2833 1817 2898 1871 ad
2931 1822 3265 1870 momentum
3293 1827 3414 1869 sus-

171 1918 309 1964 crunt
341 1916 508 1973 certe,
541 1911 761 1979 quando
804 1919 864 1966 ut
912 1925 975 1966 se
1023 1913 1276 1967 emendet
1314 1913 1494 1978 homo,
1519 1913 1722 1969 neclo-

169 2017 274 2057 cum
293 2001 397 2070 jam
422 2001 658 2069 habebit,
683 2017 784 2059 nec
816 2012 1044 2074 tempus.
1073 2003 1214 2060 Dicit
1247 2004 1375 2060 item
1401 2005 1542 2060 idem
1572 2005 1721 2075 ipse:

169 2090 427 2148 Considera
448 2109 602 2163 opera
625 2093 724 2150 Dei
731 2095 897 2165 ,quod
915 2111 1064 2150 nemo
1083 2097 1244 2163 possit
1269 2097 1550 2166 corrigere,
1573 2112 1725 2168 quem

170 2182 244 2237 ille
262 2184 536 2254 despexerit
568 2182 777 2255 (Eccle.
805 2199 902 2247 vn,
936 2183 1058 2255 η).
1093 2186 1283 2240 Statue
1312 2196 1434 2258 post
1469 2187 1581 2241 haec
1602 2195 1728 2242 ante

171 2273 336 2328 oculos
368 2273 964 2342 considerationistuze,
991 2276 1162 2345 ipsum
1193 2277 1522 2332 animm'tuae
1549 2291 1580 2330 a
1601 2291 1725 2332 cor-

171 2377 285 2433 pore
306 2377 575 2433 egressum
599 2364 898 2436 depingens
945 2367 1108 2420 modo
1138 2367 1277 2422 intra
1315 2377 1387 2433 te,
1413 2384 1574 2438 quam
1613 2376 1726 2425 ter-

172 2449 321 2505 ribilis
364 2451 455 2505 tibi
506 2451 612 2506 erit
653 2453 785 2508 hora
817 2452 928 2522 illa,
976 2463 1032 2510 et
1055 2455 1179 2511 ideo
1228 2472 1334 2512 non
1381 2458 1729 2514 mediocriter

170 2539 312 2594 etiam
337 2555 475 2596 nunc
500 2543 834 2600 metuenda?
865 2556 1068 2616 quanta
1116 2547 1221 2602 erit
1251 2557 1396 2614 tunc,
1420 2557 1476 2604 et
1529 2551 1580 2604 in
1609 2548 1728 2606 ani-

169 2645 245 2686 ma
264 2639 346 2686 tua
371 2631 677 2703 trepidatio,
704 2645 757 2692 et
781 2637 834 2691 in
865 2651 1094 2708 corpore
1125 2648 1216 2694 tuo
1241 2639 1480 2706 afﬂictio,
1511 2644 1730 2711 quando

169 2720 286 2777 duos
304 2722 430 2779 istos
458 2725 659 2793 (utsic
689 2727 894 2798 dicam)
927 2728 1138 2791 socios,
1177 2729 1268 2799 qui
1293 2729 1452 2784 simul
1481 2727 1730 2801 aliquan-

171 2819 218 2864 to
237 2810 441 2868 fuerunt
471 2813 625 2884 (dico
655 2824 835 2871 autem
882 2817 948 2872 de
981 2833 1209 2889 corpore
1236 2827 1328 2873 tuo
1355 2827 1409 2874 et
1451 2821 1516 2874 de
1545 2821 1728 2876 anima

170 2899 279 2971 tua)
325 2901 598 2972 separabit
623 2903 690 2958 ab
737 2904 966 2960 invicem
997 2921 1184 2961 amara
1207 2916 1261 2963 et
1301 2908 1519 2964 inimica
1557 2925 1721 2965 mors.

175 2990 408 3049 Meditare
457 3009 610 3051 nunc
650 2997 790 3066 apud
839 3007 912 3062 te,
961 2998 1070 3054 imo
1123 2999 1262 3053 intra
1298 3009 1371 3065 te,
1427 3014 1548 3070 qua:
1600 3009 1727 3058 tunc

161 3079 251 3135 erit
273 3081 360 3137 tibi
393 3082 448 3138 in
479 3095 692 3152 mente,
741 3101 850 3142 non
899 3086 1072 3142 solum
1119 3089 1359 3144 omnium
1388 3105 1508 3161 quae
1532 3092 1585 3146 in
1624 3091 1727 3148 hoc

162 3170 339 3226 mutulo
389 3181 516 3229 sunt
569 3189 776 3242 rerum,
830 3176 925 3232 sed
974 3185 1030 3234 et
1067 3184 1383 3235 cunctorum
1405 3155 1721 3248 cltarorum,
1752 3155 1795 3213 θ’

161 3263 433 3320 amicorum
459 3275 517 3322 et
543 3277 836 3337 parentum
861 3269 1080 3326 oblivio.
1131 3271 1198 3326 Et
1225 3271 1333 3327 erit
1359 3279 1487 3327 tunc
1507 3274 1725 3344 quidem

162 3353 270 3410 hinc
304 3360 569 3428 egressio,
597 3361 692 3416 sed
715 3361 996 3432 ignoratur
1021 3364 1234 3434 penitus
1279 3379 1390 3436 quo
1418 3369 1724 3439 emigratio;

158 3444 279 3499 sicut
305 3449 516 3517 quidem
544 3450 629 3506 ait
657 3450 724 3506 de
742 3453 951 3522 seipso:
987 3452 1265 3524 Egrediar,
1294 3458 1384 3511 sed
1407 3458 1580 3512 nescio
1599 3475 1722 3529 quo,

159 3535 237 3587 sed
283 3539 448 3592 nescio
501 3543 756 3612 quando;
807 3557 908 3598 nec
955 3542 1134 3613 aliqua
1177 3545 1399 3616 spiritus
1440 3548 1507 3602 ad
1530 3563 1727 3618 corpus

159 3636 270 3683 ante
288 3630 644 3688 novissimum
671 3633 810 3690 diem
833 3646 1086 3706 speratur
1115 3640 1378 3706 reversio,
1400 3638 1553 3710 juxta
1581 3641 1723 3701 illam

159 3730 320 3771 veram
351 3722 523 3777 sancti
555 3722 659 3777 viri
690 3725 1034 3792 sententiam,
1067 3741 1189 3798 qua:
1221 3729 1346 3786 talis
1382 3739 1468 3786 est
1499 3748 1514 3784 :
1547 3730 1724 3788 Homo

155 3822 261 3861 cum
282 3810 554 3868 dormieris
582 3828 688 3869 non
735 3814 979 3886 refulget,
1011 3817 1176 3872 donec
1223 3830 1482 3874 atteratur
1515 3821 1722 3890 calum,

152 3901 549 3972 nonaigilabit,
579 3920 674 3960 nec
699 3917 975 3977 consurget
1018 3908 1085 3962 de
1120 3924 1321 3965 sommo
1345 3928 1442 3966 suo
1468 3911 1565 3984 (11
1597 3912 1724 3970 Cor.

157 4004 206 4054 v,
229 3991 338 4062 l0).
369 3994 586 4051 De'serit
621 4010 819 4068 corpus
857 3998 1102 4069 spiritus,
1135 4001 1358 4073 ipsoque
1400 4002 1528 4058 illud
1569 4003 1726 4060 dese-

156 4091 290 4137 rente
313 4085 543 4140 moritur
577 4101 794 4156 corpus.
846 4088 1034 4159 itaque
1067 4106 1266 4160 corpus
1285 4093 1429 4162 quod
1469 4095 1604 4150 vivit
1655 4111 1723 4152 ex

155 4171 339 4238 anima,
364 4174 423 4229 lit
447 4177 724 4233 exanime.
759 4177 830 4234 Ut
849 4181 992 4234 enim
1017 4181 1208 4239 beatus
1236 4185 1367 4239 dicit
1392 4185 1724 4256 Augustinus

153 4264 316 4332 (quod
343 4275 400 4321 et
448 4283 556 4324 nos
591 4270 832 4340 quotidie
859 4272 911 4326 in
941 4272 1007 4329 iis
1035 4275 1127 4344 qui
1173 4291 1271 4331 nos
1301 4279 1614 4347 prmcedunt
1637 4280 1722 4334 in-

155 4359 382 4421 tuemur;
434 4357 582 4413 sicut
633 4367 689 4414 et
718 4361 772 4416 in
815 4362 994 4430 nobis,
1026 4379 1149 4420 cum
1205 4374 1418 4438 tempus
1474 4378 1722 4425 nostrum

1825 1913 2034 1968 tinere?
2073 1912 2232 1968 Certe
2265 1911 2546 1981 apparebit
2577 1909 2809 1966 cadaver
2844 1906 3177 1963 liorribiliter
3214 1904 3410 1970 fateris,

1824 2004 2109 2072 putredine
2130 2010 2366 2068 scatens,
2401 2000 2675 2057 vermibus
2699 1997 3003 2055 scaturiens
3027 2014 3044 2052 :
3071 2005 3126 2052 et
3147 2008 3319 2066 usque
3338 1993 3409 2048 ad

1825 2094 1929 2150 hoc
1951 2095 2201 2150 deveniet
2237 2093 2383 2149 istud
2432 2092 2501 2149 de
2545 2106 2655 2163 quo
2696 2089 2969 2162 loquimur
2999 2101 3219 2159 corpus,
3253 2093 3314 2141 ut
3339 2084 3414 2142 sit

1826 2193 1949 2256 post
1989 2184 2193 2240 exitum
2232 2183 2456 2249 animae,
2507 2181 2666 2248 fetor,
2704 2189 2830 2251 post
2853 2178 3116 2243 fetorem,
3154 2175 3412 2247 putredo;

1825 2285 1949 2347 post
1973 2276 2338 2346 putredinem,
2366 2273 2598 2340 vermis;
2648 2281 2772 2343 post
2805 2285 3073 2334 vermcm,
3105 2267 3252 2323 omni
3295 2267 3416 2338 pul-

1828 2379 1956 2421 vere
1988 2365 2274 2436 abjectior,
2304 2349 2486 2426 vilior,
2520 2361 2718 2428 ledior,
2742 2369 2798 2415 et
2832 2359 3052 2415 fetidior
3079 2356 3276 2428 pulvis.

2334 2463 2734 2522 CAPITULUM
2772 2461 2894 2518 XX.

1829 2579 1907 2636 De
1928 2578 2156 2652 generati
2187 2577 2562 2656 resurrectione
2595 2585 2942 2656 mortuorum,
2993 2574 3234 2656 et'ptenis
3257 2572 3418 2656 dan}.-

1902 2643 2142 2705 nﬁtorum
2167 2687 2182 2713 ,
2220 2657 2269 2702 et
2311 2647 2535 2718 qualiter
2566 2647 2727 2718 repeti
2756 2646 2974 2718 debeant
3001 2643 3080 2698 illi
3107 2654 3222 2700 octo
3248 2643 3428 2713 modi,

1890 2721 1954 2776 in
1982 2720 2168 2790 quibus
2189 2714 2392 2772 timetis
2420 2717 2591 2773 existit
2617 2714 2777 2770 causa
2805 2724 2852 2770 et
2882 2714 3116 2786 doloris.)

1894 2829 2018 2886 lam
2042 2830 2164 2896 tibi,
2191 2831 2283 2900 qui
2332 2829 2604 2885 habitator
2630 2842 2690 2883 es
2716 2827 2864 2883 cellae
2907 2825 3418 2897 prtemonstret,gde

1827 2937 1938 2992 qua
1965 2935 2270 2978 sermonem
2301 2921 2474 2977 habeo
2501 2920 2568 2976 ad
2599 2929 2670 2988 te,
2693 2929 2784 2974 tua
2811 2918 3114 2986 meditatio,
3143 2917 3324 2989 aliqua
3347 2917 3417 2975 de

1829 3011 2014 3071 futura
2041 3011 2131 3067 illa
2157 3013 2212 3068 in
2251 3011 2550 3067 novissimo
2570 3011 2661 3066 die
2707 3010 3040 3068 resurrectio
3071 3019 3415 3066 mortuorum

1828 3104 2099 3180 generali;
2127 3105 2344 3174 quando
2368 3103 2422 3159 in
2446 3103 2554 3164 line
2574 3101 2758 3158 smuli
2807 3102 2986 3162 veniet
3032 3101 3146 3173 ipse
3175 3101 3291 3159 Rex
3322 3116 3417 3158 re-

1827 3209 1980 3270 gum,
2009 3203 2064 3249 et
2082 3192 2252 3264 judex
2285 3194 2530 3250 vivorum
2559 3203 2615 3250 et
2648 3203 3007 3251 mortuorum.
3037 3193 3108 3250 Et
3134 3195 3316 3252 veniet
3355 3193 3415 3254 in

1827 3292 2100 3359 potestate
2141 3299 2334 3357 magna
2359 3293 2414 3340 et
2466 3283 2754 3353 majcsmte
2799 3283 3166 3354 judicatnrus,
3219 3283 3312 3356 qui
3357 3285 3415 3340 in

1826 3373 2144 3433 inﬁrmitate
2193 3383 2249 3429 et
2287 3373 2590 3436 humilitate
2636 3373 2838 3436 dudum
2885 3375 3040 3437 venit
3068 3373 3412 3450 iudicaturus.

1827 3469 1897 3524 Et
1921 3483 2043 3524 cum
2100 3465 2277 3544 (σεῖσαι
2298 3486 2414 3542 Ipse
2435 3471 2713 3542 promisit)
2742 3474 2820 3528 sic
2844 3473 3072 3538 venerit,
3113 3475 3315 3528 uenient
3366 3483 3416 3528 et

1825 3574 2003 3614 omnes
2052 3563 2228 3632 angeli
2274 3563 2390 3632 ejus
2425 3578 2544 3616 cum
2584 3577 2666 3629 eo,
2695 3574 2745 3619 et
2798 3563 3254 3634 congregabantur
3295 3573 3417 3620 ante

1825 3666 1942 3706 eum
1971 3667 2149 3708 omnes
2174 3663 2368 3724 gentes.
2402 3652 2555 3709 Tunc
2575 3653 2719 3709 dicet
2743 3651 2940 3723 justis,
2970 3664 3025 3709 et
3053 3654 3176 3709 ideo
3200 3653 3417 3709 salvan-

1825 3742 1908 3798 dis
1939 3756 1956 3798 :
1999 3741 2204 3810 Venite,
2239 3744 2530 3808 benedicti;
2559 3741 2796 3812 injustis,
2826 3753 2882 3798 et
2911 3744 3030 3800 ideo
3051 3744 3368 3800 damnandis
3395 3760 3411 3798 :

1823 3833 2086 3889 Discedite
2127 3854 2160 3889 α
2203 3851 2304 3901 me,
2330 3835 2616 3892 maledicti.
2645 3834 2754 3892 Illis
2790 3835 2978 3892 dicet:
3021 3834 3291 3890 Possidete
3327 3850 3415 3908 re-

1823 3941 2008 3995 gnum;
2032 3925 2150 3981 istis
2171 3940 2302 3982 vero
2325 3943 2340 3980 :
2367 3925 2452 3981 Ite
2475 3925 2530 3980 in
2551 3928 2720 3996 ignem
2746 3935 3017 3981 wternum.
3042 3927 3118 3982 ΟΣ
3141 3924 3415 3996 possidete

1825 4029 2073 4088 regnum.
2104 4015 2178 4073 Ol
2210 4016 2284 4072 ite
2313 4016 2367 4072 in
2394 4016 2574 4087 ignem
2597 4026 2886 4073 internum.
2917 4016 3038 4071 Erit
3062 4027 3190 4072 tunc
3222 4016 3416 4080 imple-

1828 4115 1936 4162 tum
1971 4107 2237 4164 veraciter
2283 4109 2426 4178 quod
2453 4110 2521 4163 de
2567 4107 2814 4178 reprobis
2861 4107 2916 4163 in
2949 4105 3273 4179 Apocalypsi
3307 4123 3408 4170 sua

1824 4208 2047 4256 sanctus
2086 4199 2326 4256 Joannes
2380 4201 2627 4255 narravit
2660 4201 2815 4270 quasi
2869 4201 3228 4270 praeteritum,
3266 4200 3414 4270 quod

1823 4291 2002 4348 adhuc
2025 4301 2107 4348 est
2122 4291 2384 4347 futurum.
2414 4291 2664 4362 sustulit,
2694 4289 2888 4361 inquit,
2930 4289 3147 4362 angelus
3183 4288 3414 4360 lapidem

1821 4385 1974 4456 quasi
2002 4383 2253 4439 molarem
2295 4400 2563 4454 magnum,
2616 4393 2664 4438 et
2714 4385 2856 4438 misit
2911 4383 2966 4438 in
3001 4398 3168 4450 mare,
3188 4383 3364 4437 dicens
3391 4398 3413 4436 :

153 4441 432 4553 advenerit,
464 4448 559 4518 qui
587 4459 748 4506 erunt
769 4455 1091 4522 superstites
1130 4457 1517 4530 intuebuntur)
1539 4459 1719 4516 disce-

1829 4441 1942 4531 Doc
1966 4475 2160 4544 impetu
2207 4441 2442 4529 mittetur
2470 4441 2712 4543 Babylon
2758 4474 2854 4528 illa
2903 4475 3082 4530 ciuitas
3113 4441 3327 4543 magna,
3366 4482 3415 4526 et

153 4530 299 4590 dente
324 4537 534 4603 anima,
572 4540 666 4609 qui
716 4543 1030 4600 ambulabat
1051 4544 1220 4614 jacet,
1254 4549 1346 4619 qui
1403 4550 1725 4620 loquebatur

153 4631 314 4682 tacet:
346 4629 518 4688 clausi
553 4632 697 4689 oculi
738 4634 915 4692 lucem
957 4653 1064 4694 non
1115 4643 1360 4712 capiunt,
1393 4657 1554 4700 aures
1594 4645 1726 4700 nulli

152 4716 258 4770 voci
290 4729 603 4790 patescunt,
633 4727 815 4782 omnia
844 4729 1211 4788 membrorum
1265 4733 1440 4792 cilicia
1471 4738 1727 4807 conquie-

149 4819 314 4865 scunt.
335 4807 464 4868 Non
485 4825 574 4870 est
591 4816 682 4886 qui
711 4828 925 4875 moveat
943 4834 1197 4892 egressus
1221 4825 1290 4879 ad
1316 4826 1725 4897 ambulandum,

145 4915 332 4990 manus
379 4907 453 4963 ad
494 4911 858 4980 operantium,
916 4926 1110 4970 sensus
1160 4915 1228 4971 ad
1291 4919 1722 4990 percipiendum.

149 4989 331 5050 Nonne
359 4996 466 5053 ista
497 5007 582 5055 est
622 5000 838 5068 domus,
865 5017 1031 5073 quam
1063 5006 1250 5061 nescio
1277 5007 1401 5078 quis
1441 4989 1729 5066 invisibilis

150 5083 715 5148 habitatos-ornabat?
757 5091 1005 5150 Recessit
1029 5095 1122 5166 qui
1164 5110 1272 5153 non
1299 5096 1609 5166 videbatur,
1640 5113 1729 5156 re-

149 5179 342 5235 mansit
367 5181 519 5252 quod
541 5198 665 5239 cum
693 5183 881 5241 dolore
925 5186 1196 5245 videatur.
1231 5187 1359 5245 litae
1400 5189 1598 5246 beatus
1619 5189 1729 5246 Au-

151 5269 390 5337 gustinns
411 5272 484 5328 de
519 5274 624 5330 his.
647 5273 944 5334 Cnnvertat
966 5292 1026 5335 se
1047 5279 1161 5351 jam
1188 5280 1255 5337 ad
1282 5281 1426 5336 aliud
1447 5281 1728 5338 meditatio

150 5367 256 5423 tua,
283 5372 340 5418 et
367 5366 664 5434 praevideat
703 5379 862 5439 prout
887 5379 1063 5441 potest
1098 5374 1570 5442 prmaentationem
1612 5375 1728 5430 auio

143 5467 245 5508 me
268 5464 374 5510 tua:
421 5474 453 5511 a
498 5474 726 5530 corpore
753 5472 964 5529 exutis,
1004 5465 1069 5519 ad
1103 5464 1334 5521 tribunal
1367 5467 1509 5524 illius
1530 5467 1729 5537 judicis

141 5546 424 5613 terribilis,
464 5548 662 5618 iudicis
685 5553 936 5610 districti.
979 5553 1054 5624 Ut
1090 5556 1576 5629 enimApostolus
1610 5559 1726 5613 ait:

138 5635 337 5696 Omnes
365 5657 466 5697 nos
505 5647 833 5717 manifestari
874 5658 1070 5719 oportet
1107 5661 1228 5706 ante
1255 5653 1489 5708 tribunal
1517 5651 1730 5709 Domini

140 5734 310 5788 nostri
355 5734 506 5790 Iesu
535 5737 730 5795 Christi
744 5749 846 5808 {ut
872 5742 1224 5814 unttsquisqne
1271 5743 1466 5814 referat
1515 5745 1729 5816 propria

1826 4568 1968 4624 ultra
1994 4584 2098 4622 non
2139 4565 2650 4638 incenietur(Apoc.
2703 4581 2860 4634 xvm,
2897 4565 3010 4636 21).
3047 4565 3145 4620 llic
3191 4564 3416 4634 angelus

1828 4660 1914 4716 ille
1935 4667 2038 4726 est,
2083 4659 2174 4730 qui
2225 4667 2449 4714 vocatur
2483 4659 2662 4728 magni
2700 4657 2913 4715 consilii
2959 4657 3218 4727 angelus;
3259 4656 3416 4712 fortis

1828 4751 2066 4822 quidem,
2100 4750 2224 4821 quia
2265 4750 2523 4805 Dominus
2586 4751 2696 4816 ipse
2735 4750 2890 4820 fortis
2915 4764 2965 4803 et
2999 4758 3177 4818 potens
3221 4749 3240 4819 (
3263 4747 3411 4802 Psal.

1829 4841 2087 4911 xxm,8).
2113 4841 2230 4910 lpse
2265 4855 2517 4910 magnam
2567 4840 2715 4896 illam
2757 4839 3108 4910 reproborum
3157 4838 3413 4910 stipulam

1828 4932 2031 4988 siccam
2074 4929 2293 4985 aeternis
2347 4929 2615 4986 incendiis
2672 4937 3030 5001 praeparatam
3079 4929 3243 4999 (qua:
3279 4925 3415 4999 lapis

1830 5024 2047 5088 dicitur,
2068 5030 2289 5092 praptcr
2312 5020 2682 5076 inscnsibilem
2709 5019 2961 5076 duritiam
2983 5036 2998 5084 ;
3017 5019 3238 5076 molaris
3258 5034 3413 5088 vero,

1828 5113 1956 5184 quia
1982 5113 2037 5166 in
2063 5113 2285 5167 circuitu
2322 5111 2470 5183 impii
2496 5109 2764 5165 ambulant
2791 5109 2811 5183 [
2835 5109 2981 5164 Psal.
3013 5125 3091 5178 ιι,
3115 5107 3214 5183 9])
3237 5109 3415 5166 mittet

1830 5204 1885 5260 in
1914 5218 2066 5258 mare
2095 5211 2314 5259 aeterna:
2341 5201 2728 5258 damnationis.
2756 5199 2856 5270 Qui
2887 5200 3026 5272 lapis
3049 5201 3290 5266 molaris,
3321 5200 3413 5258 illa

1829 5303 1913 5350 est
1938 5292 2175 5365 Babylon
2218 5308 2434 5364 magna,
2477 5307 2598 5364 quae
2633 5293 2712 5348 sic
2736 5292 2788 5348 in
2822 5291 2926 5348 hoc
2958 5307 3109 5349 mare
3147 5292 3408 5365 mittetur,

1829 5385 1972 5455 quod
1999 5364 2138 5439 ultra
2167 5399 2274 5440 non
2303 5383 2628 5440 invenietur.
2667 5384 2733 5440 Et
2782 5401 3034 5456 magnam
3064 5364 3280 5454 quidem
3317 5397 3410 5439 so-

1830 5475 1908 5532 let
1937 5475 2050 5530 haec
2099 5475 2151 5530 in
2181 5475 2361 5532 anima
2391 5475 2673 5533 meditatio
2722 5476 2902 5533 facere
2954 5489 3184 5541 moram,
3223 5473 3413 5544 depin-

1830 5581 1962 5640 gens
1995 5567 2137 5638 apud
2171 5581 2316 5635 eam,
2359 5566 2468 5622 imo
2521 5568 2662 5626 intra
2709 5582 2830 5623 eam
2874 5567 3021 5623 illum
3067 5565 3265 5636 judicis
3316 5563 3410 5633 qui

1831 5666 1962 5714 tunc
1985 5657 2603 5729 apparebit,emaximum
2629 5667 2914 5722 terrorem,
2943 5655 3197 5712 omnium
3228 5651 3410 5709 occul-

1832 5759 2007 5808 torum
2037 5749 2412 5820 aperitionem.
2447 5747 2601 5820 Nam
2645 5749 2910 5821 judicium
2941 5745 3149 5824 sedebit
3183 5753 3238 5802 ct
3286 5744 3410 5800 libri
