3894 6298
493 351 598 410 855

1369 337 1692 398 GUlGONiS
1741 335 1784 390 ll
1816 327 2238 390 CARTIIUSM‘]
2277 327 2572 385 MAJORIS
2613 322 2886 382 PlilOi‘tlS

3627 327 3703 386 836

499 461 892 532 praeteritarum
931 453 1402 514 conversationem
1447 460 1505 504 et
1561 449 1897 502 internarum
1943 455 2078 496 con-
2110 447 2158 506 Α
2189 437 2428 509 generali
2458 433 2858 490 resurrectione
2895 437 3267 532 mortuorum,
3295 437 3354 485 et
3379 429 3442 487 de
3471 439 3704 494 tremendo

499 553 850 610 scientiarum
897 551 1252 618 aperientur;
1305 553 1360 599 et
1421 539 1810 611 iudicabuntur
1857 533 2074 604 singuli,

495 646 795 705 secundum
825 641 878 697 id
903 641 1046 709 quod
1071 639 1328 708 scriptunt
1356 634 1633 688 habebunt
1667 627 1810 684 libri.
1834 626 2080 698 ‘Depinge

501 748 718 805 quoque
745 734 973 788 virtutes
1027 729 1284 784 cmlorum
1348 733 1547 787 motas,
1585 718 1750 775 cmlos
1803 709 1858 772 et
1909 724 2084 770 terras

503 827 784 890 ardentes,
833 824 1004 892 ipsam
1049 829 1264 889 quoque
1319 813 1618 870 terribilem
1659 818 1715 866 et
1765 807 2080 864 horribilem

507 930 668 986 quam
697 915 748 968 itt
798 911 1056 980 reprobus
1105 903 1718 965 exercebitviudictam,
1772 913 1966 969 ponens
1995 912 2081 950 eos

425 1025 428 1028 δ
511 1013 562 1058 ,ιε
590 1003 848 1058 clibanum
885 999 1024 1066 ignis
1057 997 1134 1048 in‘
1159 1004 1384 1063 tempore
1418 991 1586 1044 vultus
1630 991 1735 1053 sui,
1787 1003 1918 1058 quos
1973 986 2082 1054 ipse

511 1089 854 1153 conturbabit,
910 1097 956 1140 et
999 1083 1262 1138 det-orabit
1319 1099 1406 1136 eos
1435 1081 1568 1150 ignis
1619 1077 1802 1150 (Psal.
1831 1092 1920 1142 xx,
1953 1075 2079 1160 μὶ).

509 1182 648 1249 Ignis
673 1179 856 1246 utique
901 1177 990 1244 qui
1028 1185 1086 1228 ut
1107 1174 1358 1244 legimus,
1419 1185 1525 1224 non
1574 1169 1962 1238 exstinguitur.
2016 1165 2084 1220 Et

510 1269 674 1324 multa
695 1267 796 1322 alia
845 1266 1127 1330 terribilia,
1158 1273 1214 1318 et
1241 1261 1543 1328 horribilia,
1588 1271 1750 1330 atque
1783 1257 2080 1320 tremenda,

507 1373 626 1428 qua!
656 1363 832 1426 potest
894 1355 1075 1408 anima
1130 1361 1405 1420 utcunque
1427 1349 1746 1420 prmvidere,
1797 1363 1914 1416 quae
1961 1347 2086 1400 huic

507 1446 774 1512 studuerit
819 1442 1156 1499 meditationi
1205 1441 1434 1496 sollicite
1463 1452 1518 1494 et
1569 1438 1856 1506 diligenter
1913 1436 2084 1488 inten-

507 1538 654 1592 dere.
683 1535 806 1590 Jant
829 1549 960 1590 vero
983 1543 1102 1604 post
1131 1534 1244 1588 haec
1271 1532 1562 1587 circumeat
1591 1528 1868 1583 meditatio
1895 1535 2005 1591 tua,
2032 1533 2088 1580 et

509 1625 844 1695 perambulet
863 1633 1056 1678 terram
1083 1623 1229 1676 illam
1254 1623 1599 1686 tenebrosam,
1621 1631 1669 1674 et
1698 1629 1924 1689 opertam
1947 1634 2088 1671 mor-

509 1717 576 1769 tis
595 1716 851 1783 caligine,
881 1724 1076 1768 terram
1119 1713 1342 1766 miserita
1372 1721 1419 1764 et
1455 1711 1804 1773 tenebrarum,
1837 1708 1926 1762 ubi
1975 1723 2088 1761 nm—

2175 529 2380 598 iudicio
2399 527 2511 594 illo,
2542 527 2608 582 ad
2633 527 2776 597 quod
2799 526 2914 596 ipsa
2944 525 3363 596 congregabitur
3411 529 3604 596 generis
3627 532 3704 588 ltu-

2183 619 2328 674 mani
2361 616 2721 683 universitas.;
2761 615 2828 670 de
2855 624 3060 680 terrore
3087 613 3288 686 iudicis
3315 615 3367 668 in
3393 629 3492 684 quo
3517 624 3711 687 reprobi:

2185 709 2505 780 apparebit;
2561 710 2626 762 de
2657 707 2962 779 prolatione
3007 705 3264 762 terribilis
3307 709 3588 774 sententiae,
3621 728 3712 781 qua:

2187 800 2310 856 talis
2339 800 2484 854 erit:
2519 798 2619 874 lto,
2650 797 2933 864 maledicti,
2962 798 3016 852 in
3045 799 3216 868 ignem
3255 807 3501 850 wternum
3539 800 3698 870 (Matth

2184 909 2313 958 xxv,
2337 892 2449 960 41).
2489 891 2692 947 Octava
2713 900 2798 946 est
2821 891 2886 946 de
2913 889 3192 960 suppliciis
3233 889 3538 944 earumdem
3571 907 3718 960 repro-

2185 986 2374 1040 berum
2408 985 2462 1040 in
2483 995 2742 1039 aeternum
2769 984 3195 1048 dautnatorum;
3238 982 3306 1036 ad
3352 997 3472 1052 quae
3529 988 3718 1052 pertinet

2188 1075 2279 1130 ille
2317 1077 2384 1130 de
2410 1090 2516 1145 quo
2538 1075 2704 1130 Isaias
2725 1075 2871 1141 dicit,
2906 1075 3046 1145 ignis
3075 1089 3334 1138 exurens,
3361 1075 3552 1132 vermis
3569 1093 3717 1132 corro-

2187 1169 2319 1224 dens
2347 1169 2368 1239 (
2387 1157 2498 1224 ls'a.
2527 1184 2674 1233 um,
2708 1167 2841 1238 .24),
2888 1177 2942 1222 et
2968 1167 3251 1236 utriusque
3290 1165 3590 1232 aeternitas;
3627 1172 3718 1238 quia

2189 1259 2254 1312 de
2279 1258 2370 1312 illo
2395 1259 2596 1332 dicitur
2621 1257 2762 1327 quod
2783 1257 2898 1328 ierit
2921 1255 3399 1326 inexstinguibilis;
3427 1243 3490 1312 de
3509 1258 3602 1313 isto
3625 1275 3720 1316 vero

2187 1348 2312 1417 quia
2337 1348 2445 1403 erit
2466 1347 2810 1408 immortalis.

2689 1459 3094 1516 CAPITULUM
3135 1459 3278 1514 XXI.

2185 1565 2434 1639 Qualiter
2479 1575 2533 1627 in
2574 1575 2750 1627 animo
2809 1575 3106 1627 meditantis
3141 1573 3302 1626 timor
3349 1573 3550 1638 expellit
3582 1576 3724 1630 elatio-

2261 1661 2396 1706 nem,
2425 1655 2470 1697 et
2499 1645 2563 1696 de
2585 1645 2736 1696 tertio
2771 1644 3123 1696 meditationis
3141 1644 3321 1706 modo,
3344 1646 3434 1712 qui
3451 1649 3720 1699 occasionem

2260 1715 2594 1767 administrat
2637 1713 2832 1766 amoris
2861 1723 2910 1767 et
2955 1713 3353 1767 consolationis.

511 1809 604 1862 bra
631 1807 814 1861 mortis
837 1816 886 1860 et
923 1805 1100 1859 nullus
1139 1803 1288 1866 ordo,
1315 1796 1405 1856 sed
1429 1801 1770 1870 sernpiternus
1801 1799 1987 1852 horror
2007 1799 2089 1851 in-
2123 1787 2164 1840 Β
2260 1804 2382 1858 ista-
2415 1803 2818 1867 meditationes,
2847 1817 2983 1871 quas
3005 1817 3232 1860 numero
3284 1813 3410 1858 οειο
3440 1804 3529 1858 tibi
3555 1805 3631 1874 qui
3657 1807 3721 1860 ιιει.

509 1899 708 1952 habitat
733 1897 868 1967 (Job
905 1897 1082 1961 x,-2|,
1109 1893 1224 1966 2'3).
1279 1893 1470 1949 Videat
1497 1893 1550 1946 in
1595 1901 1736 1946 terra
1767 1891 1856 1944 illa
1900 1903 2090 1957 poenas

508 1999 738 2054 aeternas
809 1987 1185 2056 reproborum,
1243 1986 1542 2052 gehennam
1598 1980 1934 2044 inl‘ernnlem,
1999 1978 2087 2032 tibi

497 2080 652 2151 ignis
701 2078 804 2148 erit
851 2075 1334 2146 ittexstiuguibiiis,
1383 2073 1582 2128 vermis
1619 2068 2088 2126 itttntortaliswhi

508 2170 676 2224 etiam
711 2169 803 2240 (ut
831 2169 1112 2224 innumera
1141 2165 1305 2220 verbo
1333 2164 1654 2220 brevissimo
1685 2158 2086 2230 concludamus)

513 2260 646 2316 nihil
673 2259 848 2314 aderit
877 2258 1023 2326 boni,
1053 2258 1187 2312 nihil
1225 2256 1397 2312 deerit
1429 2255 1575 2308 ntali.
1611 2255 1750 2308 Ecce
1783 2253 2091 2306 meditatio-

511 2364 610 2403 nes
635 2358 780 2413 octo,
805 2361 940 2417 quas
981 2347 1100 2411 tibi,
1131 2346 1224 2416 qui
1269 2346 1542 2402 habitator
1573 2359 1631 2399 es
1681 2343 1848 2406 ccllte,
1897 2355 2092 2412 propo-

512 2439 628 2504 sui;
659 2453 754 2493 sex
794 2440 1009 2508 quidem
1061 2439 1116 2492 in
1141 2437 1373 2508 capitulo
1404 2437 1748 2508 praecedenti,
1785 2437 1918 2491 duas
1962 2449 2092 2490 vero

516 2529 568 2582 in
597 2529 702 2582 huc
727 2528 995 2598 sequenti.
1031 2526 1087 2580 ltt
1113 2527 1212 2580 has
1249 2541 1379 2580 vero
1411 2535 1531 2580 octo
1557 2523 1936 2580 meditationes
1962 2522 2090 2576 illud

515 2619 808 2676 secundum
835 2619 1242 2672 meditationum
1283 2627 1455 2688 genus
1485 2615 1762 2679 dividitur,
1808 2616 1860 2668 itt
1889 2630 1996 2684 quo
2025 2613 2094 2668 ti-

515 2711 682 2764 moris
711 2710 913 2779 pariter
938 2723 1100 2764 causa
1126 2708 1376 2764 consistit
1401 2715 1456 2762 et
1485 2705 1710 2762 doloris.
1746 2705 1854 2760 llas
1877 2719 2094 2776 quoque

517 2801 892 2854 meditationes
919 2808 1063 2866 octo,
1095 2798 1414 2867 repetitione
1442 2796 1687 2852 volumus
1708 2794 2093 2864 compendiosa

513 2905 796 2954 enarrare,
835 2900 894 2944 ttt
919 2903 1014 2945 eas
1040 2897 1094 2944 et
1123 2889 1326 2960 prctius
1355 2888 1408 2944 itt
1437 2889 1706 2958 ",memoria
1749 2887 2006 2950 retinere.
2037 2895 2098 2942 et

515 2999 642 3040 cum
669 2983 901 3038 volueris
921 2982 1084 3050 “intra
1116 2991 1168 3038 te
1185 2982 1366 3053 .possis
1411 2981 1710 3038 revolvere.
1741 2979 1932 3034 Prima
1973 2989 2091 3047 est;

494 3077 584 3134 de
611 3075 794 3130 multis
829 3083 1090 3144 quantum
1140 3073 1206 3128 ad
1256 3087 1356 3128 nos
1375 3073 1588 3142 absque
1637 3087 1886 3138 numero,
1923 3081 1980 3126 et
2026 3070 2093 3125 de

513 3166 726 3235 magnis
755 3165 872 3220 sine
904 3179 1158 3220 mensura
1189 3163 1524 3230 excessibus,
1549 3177 1686 3232 quos
1725 3171 1782 3217 et
1810 3162 1864 3216 in
1914 3171 2094 3216 mente

515 3257 646 3311 etin
669 3271 834 3312 carne
860 3255 1241 3311 dantnahiliter
1278 3255 1670 3310 commisimus.
1706 3253 1976 3320 Secunda,
2029 3255 2095 3310 de

497 3346 772 3424 ptuiseriis,
809 3359 928 3414 qua:
959 3353 1010 3400 et
1063 3345 1194 3416 ipsa:
1247 3358 1557 3406 mensuram
1599 3343 1887 3408 excedunt,
1912 3353 1966 3401 et
1993 3359 2096 3422 ttu-

516 3448 726 3490 mctum
749 3449 853 3488 non
877 3433 1188 3500 .‘idt’ttitt‘unt,
1223 3451 1358 3506 quas
1412 3436 1466 3490 in
1495 3436 1660 3492 corde
1685 3444 1740 3492 et
1783 3437 1836 3490 in
1868 3451 2095 3507 corpore

516 3524 875 3591 sustinemus;
909 3535 1017 3579 tam
1049 3525 1154 3580 illis
1178 3524 1300 3596 qua:
1327 3525 1395 3582 ad
1427 3526 1638 3598 culpam
1672 3526 1942 3596 pertinent
1987 3542 2092 3597 qua

493 3617 826 3692 'polluintur,
871 3633 1030 3688 quam
1081 3633 1202 3688 quae
1249 3618 1314 3672 ad
1361 3634 1578 3690 poenam
1605 3634 1710 3688 qua
1762 3619 2094 3674 cruciamur.

499 3705 698 3768 _'l‘ertia
723 3715 826 3768 est,
851 3707 914 3761 de
937 3706 1321 3772 secretissima,
1369 3707 1736 3772 severissima,
1766 3718 1820 3762 et
1851 3709 1904 3762 in
1932 3717 2094 3762 aeter-

503 3787 691 3850 nitate
743 3795 1091 3852 immobilitcr
1151 3795 1252 3852 lixa
1308 3797 1796 3862 animadversione,
1851 3815 1954 3868 qua
2007 3798 2096 3852 ille

495 3888 778 3956 “terribilis
816 3891 980 3958 Super
1017 3889 1154 3944 lilios
1183 3890 1486 3955 hominum,
1523 3889 1702 3960 iustus
1752 3901 1803 3946 et
1826 3891 2093 3958 oculatus,

497 3965 680 4048 Iatque
705 3977 982 4034 districtus
1002 3978 1170 4047 iudex
1198 3981 1339 4036 Deus
1364 3979 1548 4052 vigilat
1595 3996 1756 4050 super
1786 3989 2094 4035 creaturam

517 4069 894 4125 rationabilem
940 4073 1254 4140 reprobant;
1308 4089 1470 4142 quant
1502 4082 1556 4128 et
1583 4057 1654 4128 ab
1683 4082 1884 4128 :rterno
1911 4087 2096 4142 repro-

501 4160 609 4242 bat
629 4202 643 4228 ,
675 4170 730 4242 et
753 4161 806 4215 in
840 4171 1096 4218 aeternum
1119 4165 1358 4220 damnat.
1399 4165 1456 4220 ln
1487 4180 1594 4234 qua
1630 4167 1984 4220 meditatione
2003 4167 2098 4222 de-

517 4239 902 4324 prehendimus
927 4269 1028 4310 nos
1051 4270 1178 4323 ,non
1207 4257 1413 4325 alisque
1439 4255 1628 4326 grandi
1679 4255 1870 4310 timore
1899 4265 1954 4311 et
1989 4265 2097 4310 ter-

507 4360 644 4430 rore
659 4346 932 4416 ignorare,
955 4347 1008 4403 in
1047 4363 1152 4418 qua
1176 4349 1260 4401 via
1287 4347 1491 4404 habitet
1521 4347 1631 4413 lux,
1665 4357 1720 4402 et
1751 4348 2095 4404 tenebrarum

517 4437 640 4507 quis
693 4437 844 4495 locus
892 4439 982 4505 sit,
1030 4447 1086 4493 et
1133 4440 1345 4496 nescire
1382 4449 1562 4494 utrum
1602 4455 1788 4496 amore
1833 4441 2004 4495 simus
2026 4455 2092 4496 an
2121 4473 2174 4534 Β

501 4527 641 4586 odio
666 4527 835 4599 digni.
872 4529 1078 4598 Quarta
1111 4544 1324 4600 quoque
1365 4538 1450 4584 est
1493 4530 1558 4585 de
1605 4529 1691 4584 illa
1748 4529 2094 4586 resolutionis

521 4617 652 4673 hora
677 4619 924 4684 terribili,
954 4619 1006 4674 in
1029 4634 1133 4690 qua
1178 4635 1374 4691 corpus
1407 4620 1475 4674 ab
1505 4621 1686 4674 anima
1723 4629 1777 4676 et
1802 4621 2036 4674 animam
2063 4635 2094 4674 a

517 4723 747 4780 corpore
776 4709 1050 4780 continget
1075 4711 1336 4781 separari.
1364 4709 1559 4778 Quinta
1585 4711 1754 4766 estde
1776 4710 2094 4764 manifesta-

503 4791 664 4856 tione
693 4803 885 4856 anima:
907 4812 1034 4858 ante
1061 4803 1296 4860 tribunal
1336 4803 1563 4874 iudicis;
1617 4804 1836 4874 quando
1871 4803 1992 4858 talis
2022 4804 2096 4861 ibi

495 4883 956 4974 Lprzesentabitur,
980 4895 1154 4965 qualis
1171 4883 1298 4951 hinc
1325 4879 1634 4968 egredietur
1659 4913 1672 4950 :
1700 4897 1785 4952 cui
1820 4898 2099 4968 apparebit

523 4991 575 5036 et
613 4985 802 5050 hostis,
835 4987 900 5040 de
943 4987 1192 5042 omnibus
1239 5003 1360 5043 eam
1401 5003 1521 5058 qua:
1569 4989 1842 5044 commisit
1871 4989 2094 5056 illicitis,

501 5065 642 5142 quae
674 5088 767 5143 per
797 5077 1166 5142 paenitentiam
1191 5087 1246 5133 et
1271 5077 1669 5136 confessionem
1699 5091 1754 5138 et
1774 5081 2100 5138 satisfactio-

503 5177 650 5244 inem
701 5163 873 5219 deleta
919 5181 1024 5220 non
1055 5177 1202 5234 sunt,
1234 5183 1532 5226 accusans:
1572 5179 1626 5226 et
1672 5171 2002 5227 conscientia
2035 5172 2100 5228 iis

523 5259 818 5321 atteStans,
857 5263 911 5310 et
967 5256 1080 5326 ipse
1110 5257 1277 5328 iudex
1331 5261 1626 5316 secundum
1674 5277 1769 5316 sua
1819 5263 1866 5316 ei
1907 5263 2097 5318 merita

505 5335 775 5426 'rcddcns.
807 5344 969 5401 Sexta
1000 5348 1242 5417 profecto
1269 5359 1352 5405 est
1383 5351 1446 5404 de
1490 5365 1554 5405 eo
1585 5351 1724 5420 quod
1781 5363 2098 5408 evacuatum

529 5433 706 5510 anima
750 5449 946 5504 corpus
967 5437 1254 5507 sepultura:
1295 5439 1546 5503 traditur,
1577 5447 1719 5494 terra
1772 5449 1926 5496 terra:
1955 5459 2102 5498 cont-

529 5525 831 5590 mendatur,
887 5528 1022 5582 cinis
1052 5529 1104 5582 itt
1137 5529 1376 5583 cinerem
1418 5529 1730 5598 revertitur,
1755 5547 1882 5586 caro
1906 5515 2102 5590 vermi-

527 5613 626 5666 bus
646 5629 768 5670 esca
800 5617 977 5683 datur,
999 5617 1052 5670 in
1110 5619 1448 5686 putredinem
1476 5620 1733 5688 redigitur
1781 5632 1900 5692 post
1931 5637 2105 5694 putre-

529 5703 709 5758 dinetn
736 5704 1130 5773 abiectissimus
1153 5705 1326 5774 pulvis
1369 5705 1612 5763 cllicitur.
1652 5711 1892 5782 Septima
1929 5717 2104 5772 estde

2121 3135 2162 3192 C

2191 1879 2394 1952 bitator
2431 1911 2492 1952 es
2529 1895 2696 1960 cella),
2746 1895 3144 1965 proposuimus,
3187 1896 3256 1949 ad
3307 1896 3454 1950 illum
3509 1897 3722 1968 pet-tinent

2192 1988 2562 2044 meditationis
2610 1986 2826 2041 modum
2857 2001 3017 2056 quem
3047 1987 3286 2042 secundo
3339 1987 3459 2040 loco
3485 1989 3721 2058 proposui-

2191 2094 2362 2146 mus,_
2397 2079 2464 2134 de
2503 2093 2612 2148 quo
2665 2078 2825 2132 etiam
2868 2077 3103 2132 diximus
3147 2079 3288 2146 quod
3337 2076 3536 2132 doloris
3585 2079 3723 2148 gignat

2191 2185 2412 2225 causam
2435 2179 2490 2224 et
2521 2169 2754 2224 timoris.
2799 2168 2864 2222 Et
2892 2181 3080 2222 verum
3104 2169 3324 2237 quidem
3353 2169 3612 2222 diximus:
3633 2171 3725 2238 quid

2191 2263 2350 2317 enim.
2367 2262 2420 2316 in
2443 2260 2672 2332 singulis
2691 2269 2814 2314 octo
2843 2260 2928 2314 his
2963 2259 3107 2314 aliud
3131 2258 3345 2314 animus
3375 2259 3576 2314 invenit
3593 2261 3724 2312 medi-

2195 2353 2384 2418 tantis,
2417 2367 2578 2421 quam
2605 2352 2748 2421 quod
2779 2351 2942 2406 validi
2969 2351 3018 2405 ei
3047 2351 3261 2405 timoris
3285 2365 3507 2406 causam
3529 2351 3724 2406 occasio-

2193 2457 2426 2512 uetttque
2451 2444 2656 2513 gignat,
2687 2451 2744 2496 et
2784 2440 3014 2496 doloris?
3055 2441 3177 2494 lstat
3215 2449 3344 2494 sunt
3377 2439 3727 2502 meditationes,

2193 2549 2314 2604 qua
2367 2544 2604 2590 mentem
2649 2549 2772 2589 cum
2808 2533 2889 2588 eis
2943 2533 3234 2604 diligenter
3275 2533 3590 2597 intenderit;
3629 2549 3729 2602 pun-

2193 2632 2326 2694 gunt
2351 2633 2408 2680 et
2437 2623 2763 2692 percutiunt,
2785 2623 3068 2678 verberant
3095 2631 3151 2678 et
3177 2621 3471 2692 ﬂagellant,
3497 2621 3732 2675 vulnerant

2193 2723 2250 2768 et
2277 2714 2546 2778 cruciant,
2571 2714 2644 2767 ad
2661 2713 3138 2782 compunctionem
3187 2721 3488 2781 provocant
3515 2721 3564 2767 et
3582 2713 3638 2766 ad
3675 2711 3734 2764 la-

2183 2817 2412 2874 .Crymas
2439 2803 2704 2858 excitant.
2735 2801 2884 2876 Dolet
2907 2801 3104 2870 quippe
3149 2815 3312 2869 supra
3359 2801 3568 2855 modum
3594 2801 3732 2854 anima

2197 2895 2282 2950 his
2303 2895 2442 2948 intra
2467 2910 2526 2950 se
2556 2893 2998 2948 meditationibus
3015 2892 3306 2962 diligenter
3333 2891 3638 2960 intendens;
3664 2893 3735 2946 du-

2197 2984 2268 3040 let
2297 2984 2514 3053 inquam
2547 2992 2603 3038 et
2635 2983 2810 3038 timet.
2843 2983 3002 3038 Dolet
3049 2981 3303 3047 multum,
3332 2981 3462 3051 quia
3507 2995 3560 3034 se
3609 2982 3735 3035 sentit

2199 3076 2252 3130 in
2281 3077 2532 3144 prasenti
2587 3078 2698 3146 pati
2725 3085 2834 3132 tam
2875 3078 3096 3146 gravia;
3125 3077 3222 3132 sed
3253 3077 3428 3147 magis
3451 3077 3617 3142 timet,
3642 3077 3736 3145 quia

2189 3167 2448 3232 .l'orntidat
2481 3185 2550 3224 ne
2574 3170 2626 3223 in
2655 3169 2835 3224 futuro
2861 3171 3106 3239 patiatur
3137 3169 3294 3228 valde
3329 3169 3595 3238 graviora.
3617 3166 3738 3222 Hunc

2197 3258 2250 3312 in
2281 3274 2338 3313 se
2365 3259 2552 3314 habuit
2577 3259 2816 3314 dolorem
2869 3269 2924 3314 et
2973 3260 3247 3324 timorem,
3282 3259 3374 3330 qui
3403 3273 3674 3314 concussus
3695 3267 3736 3312 et

2186 3357 2572 3420 compunctus,
2603 3349 2676 3402 illi
2703 3347 2939 3409 terribili.
2959 3347 3130 3416 iudici
3183 3349 3288 3404 hoc
3321 3349 3538 3404 dicebat
3561 3366 3574 3402 :
3601 3347 3656 3402 In
3678 3365 3739 3400 me

2185 3444 2516 3518 transierunt
2571 3443 2680 3498 irat-
2717 3449 2838 3506 tua,
2871 3447 2920 3498 et
2950 3451 3172 3494 terrores
3225 3440 3304 3493 tui
3349 3439 3738 3493 conturbauerunt

2197 3547 2278 3586 me
2305 3530 2488 3602 (Psal.
2530 3547 2774 3598 uxxvn,
2813 3532 2924 3600 17).
2967 3527 3260 3602 Postquam
3309 3527 3408 3586 ira:
3454 3541 3566 3586 sua:
3593 3528 3739 3586 ianos

2189 3623 2550 3692 transierunt,
2584 3633 2821 3680 terrores
2849 3623 3012 3679 etiant
3039 3624 3124 3680 sui
3157 3639 3255 3680 nos
3283 3624 3628 3686 conturbant,
3643 3623 3739 3691 quia

2197 3727 2320 3768 cum
2351 3727 2513 3780 supra
2543 3713 2761 3768 modum
2799 3713 2958 3768 nobis
2993 3713 3288 3770 videantur
3317 3713 3454 3767 dura
3475 3727 3592 3782 quae
3631 3725 3742 3766 nunc

2191 3801 2520 3868 toleramus,
2547 3803 2841 3858 metuimus
2863 3817 3078 3872 quoque
3113 3817 3182 3858 ne
3229 3802 3570 3873 exigentibus
3609 3799 3742 3868 culpis

2197 3894 2423 3960 nostris,
2450 3895 2518 3948 ad
2556 3893 2832 3950 toleranda
2855 3895 2909 3948 in
2935 3893 3041 3949 line
3067 3897 3184 3950 sine
3207 3893 3315 3950 line
3369 3895 3530 3965 longe
3563 3893 3742 3948 duriora

2197 3986 2598 4056 perveniamus.
2623 3985 2728 4040 lste
2757 3985 3126 4040 meditationis
3151 3985 3366 4050 modus,
3391 4001 3552 4056 quem
3575 3985 3622 4039 in
3642 3995 3739 4039 octo

2197 4079 2386 4132 modos
2407 4077 2708 4140 divisimus,
2742 4077 2836 4131 tibi
2865 4079 2956 4146 qui
2981 4077 3256 4131 habitator
3299 4092 3360 4132 es
3389 4077 3738 4145 cell:e,queut-

2187 4169 2320 4224 dam
2351 4169 2442 4224 dat
2467 4168 2691 4239 ignitum
2741 4168 2946 4222 sentire
2970 4166 3248 4232 aﬂ'ectum;
3301 4167 3448 4222 sicut
3469 4165 3739 4236 prazcedeus

2197 4261 2306 4327 ille,
2336 4261 2404 4316 ad
2427 4260 2754 4315 luntinosum
2783 4259 3072 4329 quemdam
3115 4269 3172 4314 et
3221 4259 3543 4329 praeclarum
3577 4269 3624 4312 te
3649 4269 3742 4326 per-

2199 4351 2344 4406 ducit
2371 4349 2723 4406 intellectum.
2756 4351 2820 4404 Et
2851 4365 2974 4406 cum
3000 4360 3228 4420 uterque
3257 4351 3451 4405 modus
3498 4351 3568 4405 sit
3590 4349 3740 4404 adnut-

2199 4441 2324 4496 dum
2357 4442 2550 4507 bonus,
2597 4441 2770 4510 magis
2816 4440 2912 4496 tibi
2961 4441 3062 4496 iste
3097 4450 3183 4496 est
3239 4441 3603 4506 necessarius,
3643 4437 3743 4508 quia

2197 4533 2288 4590 ille
2315 4534 2536 4602 quidem
2559 4533 2880 4602 teinstruit,
2915 4533 3010 4588 sed
3039 4533 3146 4589 iste
3181 4542 3234 4588 te
3262 4531 3461 4601 allicit;
3515 4533 3598 4587 ille
3618 4529 3742 4601 quasi

2195 4626 2398 4682 multas
2427 4625 2644 4681 divitias
2691 4625 2949 4691 ostendit,
2981 4626 3083 4682 iste
3111 4641 3242 4683 vero
3267 4627 3334 4680 ad
3357 4639 3548 4681 earum
3580 4633 3628 4680 te
3649 4637 3742 4693 pos-

2197 4719 2496 4778 sessionem
2521 4717 2792 4789 perdueit.
2827 4715 2960 4774 Vide
3017 4718 3144 4789 quia
3173 4718 3264 4774 ille
3311 4719 3416 4774 dici
3447 4719 3594 4775 dives
3619 4715 3742 4772 debet

2197 4811 2288 4882 qui
2319 4811 2536 4866 divitias
2565 4809 2764 4864 multas
2791 4810 3054 4878 possidet,
3097 4825 3201 4865 non
3231 4817 3412 4864 autem
3447 4809 3537 4865 ille
3560 4807 3640 4879 qui
3673 4821 3743 4860 eas

2198 4901 2538 4958 solummodo
2559 4899 2577 4971 (
2601 4915 2722 4954 cum
2778 4901 2884 4959 sint
2917 4899 3164 4964 alterius,
3191 4909 3246 4956 et
3288 4915 3396 4954 non
3431 4901 3576 4970 sure)
3607 4898 3744 4953 oculis

2199 4991 2456 5046 videt.lbi
2491 4990 2760 5062 percipies
2789 4991 3098 5062 scientiam,
3133 4992 3224 5046 hic
3269 5001 3456 5046 autem
3487 4987 3743 5060 sapientia;

2201 5084 2272 5138 ibi
2311 5093 2372 5138 ut
2399 5083 2744 5151 agnoscendo
2785 5082 2945 5152 scias,
3004 5091 3060 5138 et
3099 5081 3320 5137 sciendo
3367 5095 3651 5152 agnoscas;
3679 5079 3746 5133 hic

2199 5183 2383 5230 autem
2417 5183 2480 5229 ttt
2519 5174 2760 5229 timendo
2781 5173 2986 5238 doleas,
3029 5182 3084 5230 et
3111 5173 3342 5229 dolendo
3375 5175 3586 5230 timeas.
3623 5170 3747 5240 Quod

2201 5267 2274 5323 ibi
2299 5277 2404 5334 est,
2454 5267 2608 5337 quasi
2641 5266 2882 5322 tenuiter
2907 5265 3114 5337 fragrat
3139 5266 3196 5321 in
3233 5266 3460 5334 olfactu,
3486 5245 3620 5336 quod
3645 5275 3747 5316 vero

2201 5358 2290 5420 hic
2310 5367 2416 5422 est,
2443 5357 2600 5426 plene
2643 5357 2786 5427 sapit
2825 5357 2878 5410 in
2899 5365 3076 5428 gustu.
3109 5357 3204 5426 illi
3243 5358 3546 5424 intendere,
3583 5353 3748 5410 nisisi-

2201 5451 2404 5507 utiliter
2437 5452 2684 5506 intendas
2708 5459 2764 5505 et
2795 5450 2907 5517 isti,
2959 5449 3320 5520 periculosum
3365 5459 3453 5506 est
3483 5451 3612 5513 tibi;
3647 5449 3746 5517 quia

2203 5541 2292 5597 ille
2325 5555 2710 5612 nonnunquam
2740 5541 3086 5596 administrat
3111 5541 3424 5610 elationem,
3457 5543 3544 5598 hie
3597 5547 3748 5594 autem

2203 5643 2419 5698 semper
2451 5629 2828 5694 humilitatem,
2873 5644 2998 5684 nam
3031 5629 3254 5690 scientia
3275 5629 3449 5696 inﬂat,
3473 5639 3528 5686 et
3547 5629 3750 5701 cogitto

2206 5721 2700 5778 mentem‘inaniter
2723 5721 2926 5778 exultat
2953 5741 2965 5776 :
2994 5721 3324 5792 dolorvcro,
3358 5722 3484 5782 dum
3515 5735 3746 5792 compun-
