3984 6418
175 383 276 439 857

1300 378 1630 451 LIBERJDE
1666 379 2036 438 EXERCITIO
2075 381 2345 438 (ῑΕιιιιΑἱ.

3333 396 3436 452 838

177 472 354 550 gendo
379 469 632 543 ﬂagellat,
662 468 995 526 inflationem
1021 464 1391 526 detuil’l‘escere
1411 470 1574 536 facit;
1601 480 1656 524 et
1685 471 1756 526 ti-
1785 478 1832 536 Α
1861 483 2017 542 gatus
2063 473 2164 529 fuit
2218 473 2488 530 funiculus
2536 473 2763 545 triplex;
2817 475 3163 546 adulterium,
3211 482 3439 540 homici-

174 580 316 628 mor,
367 564 492 618 dum
544 562 698 632 quasi
764 561 1024 617 minando
1071 563 1371 628 excruciat,
1445 563 1660 617 inanem
1703 562 1757 617 in

173 662 361 710 mente
385 651 766 707 exaltationem
804 651 1023 722 premit.
1046 649 1237 720 Itaque
1257 665 1418 706 causa
1445 659 1529 706 est
1560 651 1761 706 multo-

175 744 278 799 ties
317 742 542 797 scientia
566 751 620 797 et
639 742 894 812 cognitio,
917 741 1193 808 elationis;
1221 742 1314 796 sed
1337 751 1422 798 est
1445 741 1598 796 dolor
1617 749 1670 796 et
1693 741 1760 796 ti-

175 848 300 886 mor
344 847 560 901 semper
603 845 766 886 causa
812 832 1092 900 profundae
1135 831 1474 887 humilitatis.
1503 832 1761 902 ltaque‘in

163 924 346 995 primo
375 923 466 978 illo
483 923 852 978 meditationis
882 924 1061 990 modo,
1086 925 1238 993 quasi
1261 924 1440 980 cernis
1469 925 1760 995 quamdam

169 1016 468 1071 maximam
505 1015 714 1081 lucem;
750 1017 803 1070 in
850 1016 953 1072 hoc
985 1017 1222 1072 secundo
1248 1018 1537 1087 quemdam
1589 1017 1763 1072 maxi-

169 1119 322 1158 mum
355 1104 526 1160 sentis
571 1103 855 1160 calorem:
905 1114 959 1160 et
1009 1105 1212 1161 idcirco
1251 1107 1432 1162 statim
1477 1115 1760 1177 postquam

170 1193 808 1264 diiigenterintenderis
851 1195 950 1260 illi,
983 1197 1202 1252 intende
1253 1212 1361 1253 non
1414 1198 1608 1253 minori
1643 1197 1764 1254 dili-

169 1287 354 1356 gentia
397 1293 452 1340 et
502 1287 614 1352 isti,
662 1289 794 1342 utsi
849 1288 989 1344 forte
1014 1288 1306 1360 inquinasti
1347 1289 1400 1344 in
1448 1290 1760 1359 illopedes

169 1385 315 1442 tuos,
347 1377 403 1432 in
432 1377 537 1434 isto
562 1394 777 1449 quoque
796 1379 944 1436 laves
980 1389 1093 1437 eos.
1130 1381 1353 1449 Verum,
1397 1381 1534 1436 sicut
1558 1382 1764 1450 primus

168 1464 261 1521 ille
315 1468 505 1522 modus
559 1468 765 1538 indiget
816 1469 923 1526 isto
953 1471 1210 1537 secundo,
1241 1486 1309 1526 ne
1333 1471 1495 1526 nimis
1533 1470 1764 1525 inaniter

169 1564 273 1623 per
305 1563 572 1610 tumorem
602 1556 857 1620 elationis
880 1559 1084 1630 erigat;
1108 1561 1180 1614 ita
1206 1558 1555 1615 nihilominus
1585 1567 1638 1614 et
1663 1559 1764 1613 iste

169 1645 449 1701 secundus
475 1646 683 1718 indiget
710 1647 941 1716 quodam
977 1649 1158 1715 tertio,
1206 1663 1276 1704 ne
1309 1648 1470 1703 nimis
1495 1648 1764 1703 lethaliter

169 1751 276 1806 per
328 1739 609 1793 horrorem
657 1738 1051 1810 deSperationis
1104 1741 1343 1812 dejicial.
1405 1741 1542 1808 Quia
1599 1743 1763 1814 igitur

165 1827 320 1881 nihil
345 1828 399 1882 in
427 1829 528 1892 hoc
551 1830 788 1884 secundo
818 1831 1186 1886 meditationis
1235 1831 1394 1886 modo
1438 1841 1547 1898 tua,
1579 1846 1632 1895 ο,
1663 1832 1756 1901 qui

161 1917 446 1974 habitator
469 1935 528 1974 es
556 1919 725 1987 cellae,
749 1935 905 1975 mens
955 1921 1162 1976 invenit
1189 1922 1293 1977 nisi
1320 1922 1462 1992 quod
1485 1932 1569 1977 est
1613 1923 1767 1978 dolo-

165 2010 272 2077 ris,
321 2011 463 2080 quod
519 2026 729 2081 magnae
776 2021 856 2068 est
897 2014 1300 2081 amaritudinis;
1340 2030 1406 2068 ne
1427 2014 1564 2070 forte
1596 2015 1768 2086 (quod

162 2101 353 2171 absit)
407 2101 793 2158 abundantiori
853 2105 1072 2160 tristitia
1144 2105 1500 2160 absorbeatur
1548 2107 1768 2175 quando

172 2193 296 2248 ha‘c
316 2194 542 2264 cogitat,
570 2194 706 2250 bene
734 2195 864 2251 facit
896 2197 940 2250 si
971 2197 1074 2252 sibi
1104 2195 1228 2251 lmta
1272 2198 1518 2267 qumdam
1567 2206 1621 2251 et
1649 2197 1767 2265 dul-

164 2283 282 2347 ‘cia,
311 2284 379 2336 ad
412 2285 705 2355 mitiganda
740 2287 954 2341 tristitia
1009 2286 1144 2354 haec,
1171 2294 1225 2343 et
1267 2287 1336 2341 ad
1382 2288 1669 2343 minuenda
1701 2303 1767 2342 ne

161 2375 227 2430 in
266 2375 320 2430 id
345 2377 488 2444 quod
517 2377 678 2432 niinis
700 2387 783 2432 est
804 2393 862 2433 se
893 2379 1187 2434 extendant
1209 2393 1393 2433 amara
1413 2379 1536 2443 ista,
1573 2394 1768 2448 reprae-

162 2477 378 2522 sentat.
406 2467 612 2524 idcirco
646 2480 996 2539 repraesentet
1041 2471 1129 2525 hic
1177 2471 1369 2525 tertius
1397 2470 1766 2526 meditationis

161 2559 365 2613 modus
392 2567 495 2613 tuac
519 2559 844 2615 intrinsecus
871 2561 1059 2628 menti,
1104 2573 1319 2631 quanta:
1363 2560 1436 2615 sit
1467 2561 1767 2615 dulcedinis

158 2659 226 2705 ct
250 2649 489 2720 pietatis,
515 2661 728 2719 quantae
757 2651 1057 2707 clementiae
1083 2652 1412 2707 ethooitatis
1451 2652 1566 2720 ipse
1599 2653 1764 2717 Deus,

161 2741 316 2810 quod
337 2740 520 2795 suavis
538 2749 620 2796 est
655 2741 941 2805 universis,
965 2741 1104 2811 quod
1129 2742 1502 2796 miserationes
1535 2739 1651 2809 ejus
1677 2756 1766 2795 su-

157 2845 268 2900 per
305 2830 486 2884 omnia
516 2845 684 2900 opera
714 2830 850 2899 ejus,
879 2833 1021 2901 quod
1065 2831 1262 2884 multus
1287 2839 1368 2883 est
1393 2833 1767 2900 adignoscen-

163 2919 326 2984 dum,
353 2921 495 2988 quod
536 2922 864 2990 praestabilis
897 2936 1060 2991 super
1108 2922 1336 2986 malitia,
1377 2923 1521 2991 quod
1580 2921 1767 2992 longa-

145 3009 344 3064 .nimis
360 3021 447 3079 est
478 3011 532 3065 in
571 3013 956 3080 exspectando,
983 3013 1132 3081 quod
1181 3011 1405 3065 nndtum
1454 3011 1766 3066 misericors

166 3102 224 3156 in
260 3102 623 3175 remittendo,
673 3104 815 3173 quod
840 3103 998 3158 Pater
1051 3113 1167 3158 est.
1193 3103 1682 3170 misericordiarum
1712 3111 1766 3157 et

1855 565 2028 629 dium,
2052 566 2327 634 proditio;
2362 566 2534 621 fmdus
2557 567 2692 637 ipse,
2731 579 3003 625 cruentus
3031 580 3087 627 et
3115 574 3348 632 doloSus.
3376 580 3440 634 Et

1862 653 2074 709 diilicile
2103 655 2318 724 quidem
2351 657 2460 710 imo
2490 657 2822 726 impossibile
2851 669 2908 713 ut
2937 675 3312 731 rumperetur,
3333 669 3437 723 nisi

1861 742 1990 811 quia
2022 741 2109 795 ubi
2137 743 2432 797 abundavit
2461 744 2740 810 delictum,
2772 748 3250 817 superabundavit,
3285 754 3338 806 in
3369 769 3437 810 co

1850 839 1917 886 “et
1955 831 2150 900 gratia.
2191 831 2324 886 Nam
2367 835 2482 889 haec
2528 833 2645 902 ejus
2683 847 2902 905 peccata
2945 849 3132 904 erant;
3173 843 3438 910 incestus,

1861 921 2154 977 crudelitas
2179 931 2235 977 et
2263 922 2441 986 dolus.
2464 922 2585 980 Sed
2613 927 2700 982 ubi
2733 927 3034 1002 abundavit
3061 932 3323 999 incestus,
3350 951 3440 990 su-

1861 1012 2256 1080 perabundavit
2303 1016 2564 1070 munditia
2603 1015 2619 1081 ;
2661 1017 2751 1071 ubi
2792 1017 3086 1077 abundavit
3123 1027 3438 1093 crudelitas,

1862 1105 2323 1172 superabundavit
2371 1107 2592 1176 pietas;
2645 1111 3193 1180 superabundavit'et
3236 1120 3444 1190 simpli-

1862 1192 1998 1246 citas
2025 1194 2296 1263 puritatis,
2322 1196 2410 1248 uhi
2429 1196 2892 1265 abundavitdolus
2913 1203 3252 1271 proditionis.
3281 1207 3442 1264 Certe

1853 1284 2292 1355 multiplicantur
2320 1302 2483 1356 super
2512 1302 2794 1344 numerum
2821 1290 3078 1361 qui'tales'
3105 1305 3252 1362 sunt,
3283 1287 3326 1350 Si
3354 1313 3444 1352 ve-

1850 1373 2022 1429 limus
2049 1374 2214 1445 (quod
2249 1383 2428 1430 tamen
2458 1383 2564 1430 nun
2599 1381 2906 1450 possumus)
2959 1395 3212 1448 revocare
3239 1384 3306 1437 ad
3332 1400 3446 1438 me-

1863 1465 2090 1519 moriam
2138 1467 2421 1522 universos
2464 1481 2693 1535 quorum
2732 1468 3040 1525 misericors
3072 1473 3212 1528 Deus
3245 1481 3300 1528 et
3326 1474 3416 1544 piu

1851 1556 2454 1626 ‘retuittitiniquitates,
2510 1557 2640 1626 tegit
2665 1566 2932 1626 peccata;
2976 1559 3201 1616 abluens
3237 1577 3354 1627 eos,
3391 1569 3446 1617 ct

1846 1641 2189 1712 .jnstificans,
2237 1661 2302 1700 ac
2338 1647 2688 1702 sanctificans
2734 1635 2792 1703 in
2828 1648 3032 1720 Spiritu
3078 1661 3292 1720 sancto.
3332 1653 3423 1708 Sic

1867 1737 1968 1801 sic,
1998 1752 2266 1810 quantum
2301 1738 2467 1793 distat
2501 1747 2653 1794 ortus
2695 1739 2764 1794 ab
2800 1741 3100 1806 occidente,
3130 1741 3285 1812 longe
3311 1742 3438 1798 fecit

1791 1834 1830 1890 Β
1858 1827 1927 1882 ab
1954 1828 2034 1885 eis
2077 1829 2390 1899 iniquitates
2429 1840 2642 1898 eorum,
2687 1847 2896 1901 ponens
2935 1833 2986 1886 in
3019 1833 3099 1888 eis
3127 1835 3327 1888 bonum
3357 1834 3446 1888 ubi

1850 1928 1987 1974 erat
2019 1920 2238 1986 malum,
2271 1922 2361 1977 ubi
2395 1920 2656 1990 injustitia
2701 1923 2778 1978 ibi
2811 1923 3087 1990 meritum,
3117 1935 3172 1980 et
3208 1926 3443 1996 gratiam

1867 2011 1958 2066 ubi
1983 2012 2158 2082 culpa.
2187 2013 2254 2067 Et
2286 2013 2373 2068 hic
2394 2022 2478 2068 est
2513 2014 2704 2068 tertius
2730 2015 3101 2082 meditationis
3134 2017 3345 2084 modus,
3377 2017 3447 2072 de

1847 2115 1976 2170 .quo
2003 2102 2096 2157 tibi
2122 2103 2376 2170 diximus,
2411 2103 2501 2174 qui
2539 2103 2810 2159 habitator
2847 2119 2907 2160 es
2936 2106 3102 2172 cellar,
3134 2106 3445 2175 quiaocca-

1848 2193 2073 2248 sionem
2125 2194 2296 2264 gignit
2338 2205 2395 2248 et
2439 2205 2658 2264 causam
2699 2196 2987 2251 amoriset
3029 2196 3444 2262 consolationis;

1848 2284 2011 2346 sicut
2033 2285 2363 2352 praecedens,
2395 2285 2488 2354 qui
2519 2285 2789 2341 secundus
2812 2295 2894 2340 est
2919 2277 2944 2350 ,’
2982 2285 3192 2340 timoris
3222 2287 3450 2341 admini-

1868 2381 2004 2427 strat
2033 2387 2254 2427 causam
2283 2383 2339 2428 et
2364 2374 2671 2444 doloris._Et
2701 2377 3066 2430 necessarium
3086 2377 3244 2432 valde
3277 2387 3335 2431 ut
3361 2377 3450 2432 hic

1849 2464 2063 2532 ntodus
2093 2465 2290 2520 tertius
2313 2467 2571 2520 succedat
2593 2465 2792 2535 primo,
2816 2475 3084 2535 quatenus
3104 2467 3452 2537 quemadmo—

1848 2555 1996 2609 dum
2024 2557 2296 2610 secundus
2327 2556 2379 2610 in
2409 2555 2586 2625 primo
2613 2565 2840 2610 evacuat
2877 2565 3142 2612 tumorem
3172 2558 3447 2623 i-iatiimis,

1846 2645 1941 2700 ita
1970 2656 2025 2700 et
2055 2646 2246 2701 tertius
2288 2646 2572 2701 horrorem
2605 2662 2633 2700 a
2671 2649 2908 2703 secundo
2935 2647 3147 2703 auferat
3189 2651 3448 2719 despera-

1847 2737 2050 2793 -tionis.
2090 2738 2286 2807 Sicque
2317 2738 2626 2794 induobus
2664 2739 2749 2794 his
2795 2740 2992 2805 modis,
3036 2742 3275 2796 secundo
3305 2741 3449 2794 vide-

1844 2828 1993 2883 .licet
2023 2836 2079 2882 et
2107 2830 2268 2883 tertio
2294 2843 2448 2884 mens
2485 2838 2572 2882 tua
2609 2829 2718 2882 Deo
2744 2837 2970 2883 cantare
2999 2828 3196 2892 valeat,
3230 2833 3334 2882 non
3365 2844 3448 2883 so-

1869 2919 1978 2973 lum
2018 2918 2474 2984 misericordiam,
2519 2934 2585 2986 ne
2610 2933 2732 2973 eam
2761 2919 2939 2988 elevet
2973 2919 3261 2987 temeraria
3306 2935 3450 2988 prse-

1846 3011 2150 3082 -sumptio,.
2177 3026 2278 3066 nec
2327 3011 2507 3065 solum
2545 3010 2832 3078 judicium,
2884 3026 2953 3066 ne
2997 3026 3120 3064 eam
3159 3012 3452 3066 absorbcat

1871 3103 2146 3160 mortifera
2193 3104 2529 3174 desperatio;
2580 3104 2676 3160 sed
2717 3104 3142 3177 misericordiam
3170 3104 3374 3175 pariter
3397 3115 3454 3159 et

162 3192 324 3264 Deus
376 3193 538 3261 totius
591 3169 959 3250 con-solatonis
989 3235 1005 3261 ,
1064 3193 1154 3263 qui
1205 3169 1666 3258 consolatursuos
1711 3194 1765 3249 in
1794 3169 1839 3230 C
1865 3193 2149 3264 judicium,
2182 3204 2242 3250 ut
2270 3210 2613 3265 nequaquam
2642 3196 2695 3251 in
2741 3169 2905 3252 unam
2933 3197 3016 3252 sui
3059 3207 3268 3267 partem
3302 3197 3452 3251 clau-

161 3276 323 3342 omni
361 3285 705 3342 tribulatione
736 3303 950 3352 eorum,
999 3287 1143 3358 quod
1187 3288 1456 3358 quomodo
1482 3286 1770 3342 miseretur

160 3386 332 3448 pater
369 3363 603 3440 filiorum
645 3379 716 3432 ita
749 3376 938 3450 [Par.,
975 3377 1146 3450 ipse.]
1197 3393 1415 3450 quoque
1457 3378 1769 3432 timentibus

165 3483 231 3526 se
280 3469 588 3525 miseretur.
646 3469 702 3524 ιιι
732 3479 912 3526 autem
962 3485 1124 3540 quam
1166 3471 1404 3525 maxime
1465 3471 1766 3536 meditatio,

161 3562 292 3616 haec
319 3560 485 3614 menti
509 3569 611 3615 ttae
633 3568 1006 3632 repraesentet,
1017 3561 1160 3631 quod
1173 3561 1391 3631 preprio
1401 3559 1541 3615 Filio
1552 3575 1649 3616 suo
1661 3576 1768 3616 non

161 3649 440 3720 pepercit,
476 3650 570 3705 sed
595 3665 694 3720 pro
727 3649 880 3705 nobis
901 3651 1154 3706 omnibus
1182 3649 1404 3705 tradidit
1434 3649 1582 3704 illum
1611 3668 1624 3704 :
1653 3665 1771 3704 om-

166 3745 267 3799 nia
320 3743 480 3798 nobis
507 3744 561 3798 in
609 3744 702 3800 illo
727 3745 966 3809 donans;
997 3754 1052 3798 et
1084 3744 1138 3799 in
1171 3743 1310 3814 ipso,
1354 3752 1409 3799 et
1452 3758 1546 3814 per
1571 3743 1768 3812 ipsum,

141 3839 440 3892 mundum
492 3835 595 3892 sibi
653 3837 1034 3892 reconcilians.
1081 3834 1432 3902 Quodidem
1490 3833 1660 3888 Filius
1715 3835 1768 3887 in
1842 3867 1848 3873 -

164 3933 390 3992 tantum
413 3939 511 3980 nos
541 3924 730 3980 dilexit
758 3925 902 3995 quod
932 3923 1064 3978 lavit
1093 3939 1194 3980 nos
1231 3937 1261 3977 a
1303 3923 1544 3993 peccatis
1569 3923 1770 3976 nostris

165 4017 225 4072 in
259 4016 534 4086 sanguine
558 4031 690 4084 suo;
721 4017 864 4088 quod
893 4032 990 4087 pro
1015 4016 1171 4073 nobis
1216 4017 1439 4071 indutus
1470 4025 1553 4070 est
1580 4029 1766 4083 carne,

162 4115 429 4179 turpatus
503 4121 702 4175 cruce,
772 4107 1029 4178 multatus
1086 4116 1280 4163 morte.
1337 4107 1491 4174 Quod
1548 4119 1768 4162 carnem

163 4212 332 4254 suam
374 4206 431 4252 et
486 4199 803 4270 sanguinem
861 4213 1021 4253 suum
1086 4199 1235 4255 dedit
1287 4199 1484 4265 nobis,
1538 4207 1594 4253 et
1654 4198 1771 4252 ani-

161 4309 323 4350 mam
379 4307 480 4363 pro
518 4294 706 4360 nobis;
761 4309 980 4350 carnem
1021 4296 1088 4350 ad
1135 4295 1325 4349 duram
1355 4335 1372 4362 ,
1426 4303 1481 4348 et
1544 4294 1716 4349 diram
1748 4332 1765 4357 ,

162 4395 221 4441 et
290 4385 706 4455 ignominiosam
764 4387 1108 4457 passionem;
1159 4387 1474 4458 sanguinem
1529 4401 1658 4441 vero
1699 4386 1769 4441 ad

1849 3289 2034 3354 dicet,
2076 3303 2143 3344 ne
2174 3288 2338 3358 (quod
2377 3288 2540 3359 absit)
2565 3303 2594 3342 a
2626 3296 2776 3344 recta
2807 3289 3001 3344 semita
3039 3288 3328 3354 exorbitet,
3356 3289 3451 3343 sed

1845 3381 1957 3436 'via
1990 3390 2138 3436 recta
2171 3379 2425 3436 incedere
2449 3389 2644 3435 curet:
2682 3395 2788 3434 non
2819 3380 3121 3447 declinans,
3151 3381 3235 3436 vel
3268 3395 3297 3435 a
3323 3381 3452 3436 dex-

1844 3475 1992 3540 -tris,
2016 3474 2334 3544 insipienter
2360 3475 2413 3527 in
2443 3488 2539 3544 spe
2567 3489 2700 3528 vana
2730 3471 2909 3545 [Par.,
2932 3472 3124 3544 vacua]
3145 3472 3451 3536 exsultans;

1840 3564 1956 3620 “vel
1988 3581 2018 3619 a
2067 3565 2329 3631 sinistris,
2385 3565 2768 3651 damnabiliter
2819 3564 2876 3621 in
2925 3564 3302 3636 desperatione
3328 3577 3450 3634 pro-

1870 3655 2033 3712 funda
2064 3655 2364 3726 trepidans.
2393 3694 2396 3696 η
2425 3695 2427 3698 -
2458 3709 2460 3711 .
2516 3690 2523 3698 -

2356 3787 2756 3845 CAPITULUM
2795 3785 2960 3842 XXII.

1870 3901 1948 3954 De
1975 3911 2164 3970 quarto
2205 3900 2555 3953 meditationis
2601 3901 2776 3964 modo,
2816 3897 2907 3968 qui
2944 3875 3356 3970 εαιιδὰηξῖιξῇηἱε
3395 3894 3449 3947 in

1942 3967 2119 4022 tritinia
2189 3970 2492 4035 meditantis
2555 3971 2760 4039 pietatis
2810 3967 2856 4021 et
2888 3967 3278 4039 Acontpassiortis
3323 3977 3354 4039 ί
3402 3975 3447 4039 et

1883 4047 1887 4052 '
1939 4041 2076 4110 quod
2121 4033 2364 4109 qua'dam
2401 4055 2517 4108 qua:
2555 4033 2793 4092 ridemus
2844 4037 2907 4110 ab
2952 4033 3084 4089 aliis
3119 4035 3260 4088 mala
3306 4033 3450 4102 ﬁeri,

1939 4105 2106 4178 inagis
2133 4105 2435 4162 debeamus
2478 4110 2618 4161 intra
2668 4123 2760 4161 nos
2819 4105 3120 4177 plerumque
3172 4119 3447 4173 “curare,

1939 4195 2098 4251 quant
2131 4191 2320 4233 temere
2340 4178 2612 4247 judicare.

1940 4287 2302 4342 Meditatiouis
2339 4302 2556 4357 quoque
2599 4299 2829 4358 quartus
2867 4287 3060 4343 modus
3105 4293 3211 4352 est,
3243 4283 3454 4356 dequo

1869 4378 2146 4447 percipere
2181 4377 2345 4433 debes
2377 4385 2455 4443 tu,’
2481 4380 2573 4447 qui
2603 4379 2878 4434 habitator
2903 4391 2964 4432 es
3011 4376 3452 4445 cella-causam

161 4475 540 4546 largissimum
615 4477 682 4532 de
742 4477 1000 4548 quinque
1045 4477 1178 4532 locis
1235 4477 1586 4532 sacratissimi
1646 4492 1768 4532 cor-
1793 4505 1844 4566 υ
1869 4469 2570 4539 pietatisetcompassionis.
2605 4468 2671 4522 Et
2696 4479 2822 4538 apte
2849 4469 3040 4524 modus
3063 4469 3183 4531 iste,
3213 4465 3288 4520 illi
3329 4479 3456 4519 suc—

161 4569 325 4638 poris
391 4569 477 4623 sui
542 4567 894 4634 eil‘usionem,
960 4569 1196 4624 animam
1261 4570 1329 4624 ad
1384 4570 1760 4632 emissionem.

160 4657 235 4714 Et
285 4657 331 4714 si
370 4658 618 4714 volumus
677 4658 880 4728 aliquid
943 4659 1172 4713 interius
1243 4657 1298 4712 in
1365 4658 1450 4712 his
1498 4657 1762 4722 scrutari,

162 4749 336 4804 nobis
380 4759 436 4804 et
489 4763 712 4804 carnem
756 4749 906 4804 dedit
961 4749 1016 4802 in
1085 4747 1288 4814 cibum,
1343 4757 1398 4802 et
1444 4747 1762 4818 sanguinem

165 4841 224 4896 in
299 4848 532 4911 potum,
597 4851 653 4896 et
717 4841 953 4895 animam
1031 4840 1083 4894 in
1147 4840 1399 4909 pretium.
1452 4840 1589 4906 Quid
1663 4840 1802 4915 hoc,

164 4933 237 4986 ad
302 4933 440 4986 nos?
495 4932 722 5010 multum
779 4947 876 5001 per
933 4945 1151 4986 omnem
1208 4933 1472 4997 modum;
1537 4941 1595 4985 ut
1641 4932 1764 4986 reii-

164 5023 393 5079 ciamur
416 5023 664 5078 videlicet
682 5022 874 5092 jejuni,
911 5031 1165 5092 putemur
1214 5023 1378 5088 aridi,
1430 5023 1765 5077 redimamur

143 5114 404 5184 .captivi.
457 5113 558 5180 Qui
601 5123 681 5168 tot
722 5127 778 5168 et
829 5123 974 5167 tanta
1011 5128 1204 5184 passus
1245 5121 1331 5168 est
1367 5128 1463 5181 pro
1519 5122 1571 5167 te
1608 5124 1765 5182 putas

165 5205 324 5274 quod
353 5204 570 5260 deserat
607 5206 694 5261 te?
732 5206 892 5261 Absit
927 5215 986 5260 ut
1014 5206 1116 5260 hoc
1146 5213 1319 5274 putes.
1346 5204 1516 5272 Quam
1543 5206 1762 5273 multos,

163 5299 270 5368 qui
302 5297 512 5367 longius
535 5309 696 5369 qoam
721 5308 1144 5360 tu;recesserant
1166 5299 1234 5353 ab
1257 5313 1322 5354 eo
1352 5299 1560 5352 vocavit
1583 5299 1650 5353 ad
1671 5300 1765 5354 se?

171 5389 319 5442 Nam
355 5391 468 5460 ipse
501 5402 604 5458 est,
651 5391 743 5460 qui
783 5393 872 5445 ubi
902 5390 1194 5446 abundavit
1223 5390 1504 5454 delictum,
1545 5406 1764 5460 supera-

165 5480 427 5556 bundare
455 5484 682 5553 gratiam
714 5483 862 5538 facit.
894 5482 1070 5537 Testis
1089 5491 1170 5538 est
1199 5493 1419 5538 sanctus
1457 5481 1646 5549 David,
1673 5481 1765 5550 qui

175 5573 438 5641 peccavit
467 5582 749 5641 peccatum
769 5572 991 5642 grande.
1021 5571 1181 5636 Nam,
1216 5571 1482 5627 adulterio
1507 5571 1760 5641 pollutus,

168 5663 484 5718 homicidio
511 5674 790 5730 cruentus,
838 5663 1060 5719 adauxit
1085 5677 1299 5733 quoque
1339 5663 1612 5733 geminum
1649 5678 1765 5716 ma-

153 5753 298 5812 lum
326 5754 431 5812 hoc
464 5756 796 5814 abominatio
821 5754 1168 5828 proditionis.
1203 5753 1335 5810 Erat
1366 5755 1546 5809 autem
1570 5767 1678 5824 quo
1703 5751 1766 5808 ii-

1868 4561 2012 4615 cedit
2041 4561 2198 4615 tertio
2241 4560 2421 4626 modo,
2449 4561 2538 4630 qui
2567 4575 2786 4615 causam
2817 4561 2914 4614 tibi
2945 4559 3290 4618 administrat
3318 4569 3453 4612 cou-

1847 4650 2179 4715 solationis;
2232 4660 2291 4704 ut
2340 4659 2396 4704 tu
2445 4649 2703 4704 nimirum
2733 4650 3053 4705 consolatus
3101 4660 3455 4717 quoscunque

1861 4741 2067 4795 videris
2094 4740 2176 4794 vel
2209 4740 2426 4795 miseria
2456 4739 2708 4806 alllictos,
2739 4739 2826 4794 vel
2860 4739 3016 4810 culpa
3053 4740 3456 4807 contaminatos

1866 4836 2038 4906 magis
2073 4833 2322 4904 prosilias
2344 4835 2410 4888 ad
2438 4832 2896 4903 eompa'tiendum,
2925 4847 3088 4904 quam
3123 4831 3190 4886 ad
3208 4828 3453 4901 judican-

1847 4929 2024 4992 -dum;
2057 4926 2230 4996 magis
2251 4926 2316 4979 ad
2339 4923 2728 4980 consolandum
2755 4934 2808 4979 te
2835 4931 3146 4994 promptum
3170 4922 3452 4984 exhibeas,

1845 5034 2028 5088 quam
2058 5018 2124 5070 ad
2139 5015 2594 5085 exprobrandam.
2633 5013 2746 5069 Hoc
2774 5014 2896 5070 ideo
2925 5014 3182 5080 diximus,
3203 5009 3329 5083 quia
3353 5011 3452 5078 illi,

1866 5111 1958 5181 qui
1991 5109 2173 5164 habitu
2221 5106 2496 5178 religionis
2534 5106 2706 5172 induti
2738 5106 3008 5187 videntur,
3045 5119 3140 5160 seu
3170 5103 3450 5168 monachi,

1867 5217 1961 5257 seu
1989 5200 2153 5255 etiam
2180 5197 2360 5253 clerici
2390 5195 2687 5267 regulares,
2719 5197 2770 5251 in
2803 5195 3058 5264 claustris
3085 5195 3200 5251 suis
3227 5209 3452 5249 moran-

1869 5303 1969 5360 tes,
2004 5292 2086 5347 vel
2116 5307 2213 5346 nos
2243 5307 2457 5361 quoque
2479 5290 2821 5346 anachoreta:
2853 5301 2909 5346 et
2945 5291 3206 5366 eremitae,
3237 5289 3328 5360 qui
3352 5286 3451 5343 soli

1867 5383 2110 5454 degimus
2132 5382 2209 5450 (et
2233 5381 2437 5436 utinam
2469 5381 2618 5451 soli),
2651 5396 2782 5454 cum
2811 5381 3010 5451 aliquid
3044 5381 3322 5436 intuentur
3351 5378 3450 5446 ipsi

1865 5475 2011 5546 quod
2033 5476 2112 5530 eis
2133 5473 2400 5543 displicet,
2436 5474 2707 5529 intuemur
2735 5482 2790 5529 et
2820 5489 2918 5529 nos
2955 5473 3100 5546 nulla
3129 5469 3452 5527 discretione

1865 5584 1979 5640 prae
2002 5568 2174 5624 oculis
2195 5566 2401 5633 habita,
2433 5568 2640 5636 absque
2661 5567 3033 5638 compassione
3060 5564 3262 5634 aliqua.
3289 5561 3354 5617 Et
3377 5561 3451 5618 illi.

1845 5660 2146 5720 .multoties
2186 5659 2253 5713 ad
2285 5655 2634 5726 jndicandum
2672 5658 2850 5728 potius
2879 5671 3043 5727 quam
3071 5654 3138 5710 ad
3164 5651 3450 5708 consolan-

1870 5755 1998 5811 dum
2039 5760 2392 5819 concurrunt,
2427 5751 2802 5810 concurrimus
2845 5762 3020 5822 quam.
3054 5760 3198 5818 smpe
3234 5755 3287 5803 et
3332 5761 3450 5802 nos.
