3894 6298
1325 293 1649 356 GUIGONIS
1685 291 1724 348 ιι
1765 280 2067 348 CABTIIUE

2170 286 2184 342 ἰ
2223 280 2514 344 ΜΑιοιιιε
2542 284 2817 345 Ρηιοιιιδ
3609 295 3691 359 ett

479 413 552 471 Ut
580 411 711 484 quid
741 419 798 468 tu
824 411 920 484 qui
950 410 1006 468 iu
1036 407 1246 482 angulis
1269 400 1419 464 cellae
1449 417 1553 463 tua;
1577 403 1776 466 latitas,
1809 400 1943 456 alios
1963 399 2054 470 ju-
2081 402 2130 464 Α
2159 397 2235 452 ita
2281 395 2635 455 nihilominus
2679 411 2802 454 cum
2843 395 3194 468 reprehendis
3237 403 3533 472 eompassio
3566 407 3690 470 debet

474 504 661 570 dicas;
693 517 802 560 non
829 503 1048 573 quidem
1072 501 1184 572 jam
1218 500 1284 554 ad
1313 495 1720 553 similitudinem
1749 491 1860 561 lupi
1901 505 2058 560 rapa-

477 594 580 661 cis,
609 592 707 650 sed
741 594 916 665 magis
945 591 1194 650 mordens
1232 586 1300 642 ad
1340 588 1514 642 instar
1540 583 1730 656 pulicis
1757 581 2060 639 mordacis?

478 684 590 741 Nec
621 683 836 754 iudicas
861 723 879 750 ,
923 693 982 738 ut
1013 681 1098 736 ille
1124 678 1291 748 judex
1311 675 1512 746 justus,
1560 675 1614 730 in
1652 674 1928 744 aequitate,
1962 671 2060 728 sed

476 775 654 848 magis
680 783 741 832 ut
771 773 936 844 judex
967 773 1205 842 iniquus,
1236 769 1328 840 qui
1358 782 1461 824 nec
1479 767 1728 822 homines
1757 766 1934 830 times,
1961 779 2063 820 nec

477 867 648 924 Deum
679 864 964 929 revereris,
992 863 1048 917 in
1070 861 1373 931 iniquitate.
1403 857 1812 928 Namitupingis
1833 857 1886 910 in
1911 855 2058 926 prio—

480 972 593 1012 rem
626 965 796 1022 tuum,
831 961 925 1010 aut
956 953 1010 1008 in
1048 965 1171 1008 eum
1218 949 1311 1022 qui
1354 949 1471 1006 loco
1505 947 1645 1018 ejus,
1686 949 1805 1018 ipso
1834 947 2059 1003 absente

479 1051 574 1106 tibi
605 1056 819 1118 praeest,
849 1059 943 1102 seu
973 1045 1028 1100 in
1052 1043 1386 1116 provisorem
1415 1051 1587 1108 tuum,
1618 1041 1703 1098 vel
1733 1041 1788 1097 in
1816 1040 2059 1110 aliquem

477 1138 702 1194 fratrum
727 1146 962 1192 tuorum.
992 1135 1276 1207 Nunquam
1289 1135 1524 1206 aliquem
1543 1135 1772 1190 istorum
1797 1132 2056 1202 reperies,

478 1228 568 1298 qui
604 1243 711 1284 non
746 1226 842 1283 tibi
871 1226 1146 1282 multoties
1172 1224 1610 1298 reprehensibilis
1641 1232 1915 1294 appareat,
1958 1220 2064 1278 etsi

480 1320 853 1390 unusquisque
883 1319 1152 1375 veraciter
1177 1316 1690 1389 irreprehensibilis,
1722 1317 1863 1371 sicut
1899 1317 2063 1372 homo

480 1426 600 1474 esse
625 1420 804 1482 potest
829 1412 1048 1468 existat.
1075 1411 1377 1480 Quomodo,
1407 1411 1505 1476 ait,
1532 1411 1638 1466 erit
1663 1410 1828 1474 istud,
1857 1417 1916 1463 ut
1936 1423 2062 1464 cum

480 1501 678 1573 aliquis
702 1519 892 1561 eor-um
922 1504 1118 1560 merito
1159 1503 1480 1574 reprehendi
1523 1518 1631 1558 non
1669 1502 1882 1569 debeat,
1931 1501 2066 1557 mihi

482 1610 700 1666 quoque
727 1597 1098 1668 unusquisque
1119 1611 1306 1652 eorum
1325 1595 1447 1666 jure
1474 1593 1952 1665 reprehendendus
1972 1608 2068 1664 ap-

483 1684 708 1754 pareat?
750 1685 828 1740 Ex
857 1699 925 1741 eo
947 1685 1166 1756 quidem
1195 1691 1280 1740 est
1306 1685 1451 1754 quod
1480 1691 1538 1738 tu
1567 1683 1832 1754 superbus
1862 1691 1919 1740 et
1955 1683 2068 1739 ira-

2158 489 2373 546 adesse.
2417 489 2623 546 Idcirco
2666 503 2790 546 cum
2830 490 3111 548 sinistrum
3141 492 3345 560 aliquid
3376 492 3487 552 lleri
3514 491 3688 572 Videris,

2157 588 2286 649 puta
2316 579 2368 634 id
2396 580 2616 635 evenire
2640 593 2708 634 ex
2751 579 3087 647 infirmitate,
3112 591 3244 653 puta
3272 598 3338 638 ex
3368 586 3688 661 'subreptione,

2159 678 2288 740 puta
2315 683 2386 725 ex
2416 683 2566 726 casu.
2612 669 2825 726 Excusa
2858 671 3214 728 intentionem
3251 677 3536 743 operantis.
3561 680 3598 735 si
3621 697 3691 738 ex-

2157 775 2355 817 cusare
2379 776 2488 816 non
2519 770 2672 831 potes
2701 762 2874 832 ipsum
2907 777 3064 834 opus.
3087 763 3244 831 Quod
3271 767 3314 820 si
3345 782 3441 824 nec
3465 769 3613 838 ipsam
3633 775 3693 828 vi-

2159 853 2310 910 deris
2334 869 2555 924 prorsus
2573 853 2810 926 aliquam
2838 858 3244 912 excusationem
3274 857 3564 930 admittere,
3594 876 3692 934 puta

2164 946 2519 1002 tentationem
2561 946 2723 1002 nimis
2762 945 2928 1003 luisse
2960 947 3360 1008 vehementem.
3402 949 3528 1007 Cum
3554 954 3694 1025 itaque

2163 1037 2398 1107 aliquem
2430 1037 2630 1095 videris
2672 1038 3026 1110 spiritualiter
3051 1048 3338 1110 aegrotare,
3379 1043 3454 1098 sic
3487 1044 3588 1113 ejus
3621 1050 3693 1105 tilI'

2159 1128 2447 1201 displiceat
2467 1131 2751 1202 aegritudo,
2777 1140 2836 1187 ut
2855 1131 3063 1202 placeat
3081 1141 3261 1189 tamen
3283 1134 3379 1190 tibi
3401 1138 3488 1208 qui
3507 1146 3697 1210 aegrotum

2156 1215 2304 1292 jacet
2335 1238 2349 1276 :
2379 1236 2480 1277 nec
2507 1220 2602 1276 tibi
2635 1220 2842 1293 placeat
2871 1222 3015 1292 quod
3039 1235 3273 1294 aegrotus
3292 1233 3397 1291 est,
3427 1226 3512 1280 sed
3536 1227 3610 1284 ille
3625 1229 3699 1286 tibi

2164 1311 2377 1382 placeat
2397 1312 2488 1382 qui
2513 1321 2751 1384 aegrotus
2778 1322 2882 1368 est.
2913 1312 3028 1379 Sic,
3056 1313 3133 1369 sic
3156 1313 3348 1385 diliges
3374 1316 3637 1384 hominem,
3658 1327 3703 1375 et

2165 1401 2511 1471 persequeris
2536 1411 2874 1472 peccatorem
2903 1418 2917 1456 :
2956 1403 3047 1472 qui
3079 1413 3260 1459 tamen
3289 1404 3498 1474 placere
3518 1407 3602 1462 tibi
3625 1409 3696 1462 de

2166 1493 2277 1560 bet,
2321 1508 2427 1548 non
2467 1493 2594 1564 quia
2639 1503 2892 1563 peccator
2926 1505 3033 1561 est,
3071 1497 3168 1552 sed
3206 1497 3334 1567 quia
3367 1497 3518 1554 homo
3541 1509 3631 1556 est.
3660 1501 3709 1562 In

2165 1585 2325 1641 malis
2353 1585 2603 1656 proinde.
2643 1601 2764 1656 qum
2801 1587 3002 1643 videris
3037 1602 3301 1660 apparere
3337 1588 3393 1642 in
3423 1589 3711 1657 hominibus,

2169 1691 2270 1732 nec
2297 1676 2450 1734 zelus
2493 1677 2612 1745 tibi,
2649 1693 2752 1735 nec
2791 1679 3102 1750 compassio
3127 1677 3271 1736 desit
3296 1697 3312 1734 :
3347 1689 3403 1736 et
3425 1680 3500 1738 sic
3521 1689 3619 1737 tam
3639 1681 3717 1738 illa

486 1777 718 1844 cundus,
739 1777 970 1834 immitis
1007 1787 1063 1833 et
1103 1775 1394 1848 impatiens
1422 1789 1504 1841 es,
1536 1784 1592 1831 et
1627 1790 1900 1846 nunquam
1931 1789 2063 1845 pro-
2095 1765 2140 1822 Β
2163 1782 2328 1838 quam
2357 1767 2460 1824 ista
2500 1768 2556 1824 in
2590 1777 2644 1826 te
2682 1769 2784 1836 sit.
2809 1777 2870 1825 ut
2899 1772 3182 1842 multisque
3213 1785 3402 1836 causa,
3426 1771 3720 1843 principium

482 1869 659 1939 priam
687 1879 858 1936 tuam,
888 1880 1368 1942 quantumcunque
1387 1867 1554 1924 fuerit
1573 1881 1848 1938 perversa,
1873 1867 2066 1922 volnu-

481 1965 650 2016 tatem
678 1958 760 2014 vis
801 1958 1084 2031 frangere;
1125 1956 1221 2014 sed
1271 1971 1392 2013 eam
1421 1969 1639 2027 semper
1679 1955 1983 2026 contraius
2011 1962 2069 2011 et

479 2047 587 2119 fas,
620 2059 910 2121 protervus
937 2059 993 2106 et
1031 2048 1268 2116 rebellis,
1317 2057 1484 2120 atque
1519 2056 1783 2118 quantum
1821 2047 1875 2101 in
1906 2057 1958 2101 te
1982 2053 2068 2102 est

479 2142 697 2213 penitus
721 2140 1050 2198 invincibilis
1077 2140 1294 2196 conaris
1312 2138 1628 2211 adimplere.
1648 2137 1893 2207 Cumque
1907 2148 2068 2192 omne

480 2232 626 2302 quod
668 2231 722 2286 in
756 2239 811 2289 te
834 2240 940 2298 est,
961 2217 1058 2288 sic
1083 2232 1155 2288 sit
1181 2232 1236 2286 in
1279 2240 1352 2298 te,
1387 2239 1581 2286 utnon
1624 2229 1694 2285 ab
1725 2229 1906 2298 aliquo
1936 2225 2066 2293 alio,

482 2319 579 2376 sed
607 2336 638 2376 a
668 2321 841 2392 teipse
872 2321 976 2388 sit;
1016 2329 1072 2376 tu
1101 2328 1282 2376 tamen
1320 2335 1426 2376 non
1460 2319 1512 2374 id
1548 2320 1666 2386 tibi,
1697 2319 1793 2375 sed
1821 2319 1944 2374 aliis
1969 2331 2068 2389 po-

485 2411 592 2466 tius
619 2411 878 2482 imputas,
904 2411 1032 2481 quia
1053 2409 1239 2468 oculos
1259 2410 1477 2480 quidem
1504 2417 1624 2464 tuos
1656 2410 1722 2463 ad
1760 2407 1896 2463 alios
1935 2420 2066 2478 ape-

485 2499 681 2563 ris,'ad
736 2498 965 2570 teipsum
994 2507 1176 2554 autem
1206 2513 1274 2554 ex
1297 2505 1414 2555 toto
1435 2511 1529 2553 eos
1554 2496 1762 2553 claudis
1786 2513 1802 2555 :
1832 2496 1974 2551 unde
2008 2494 2069 2551 ﬁt

471 2598 542 2644 «ιιι
573 2589 864 2644 salubriter
892 2589 1124 2660 teipsum
1180 2590 1364 2646 videre
1395 2605 1504 2645 non
1545 2589 1742 2660 possis,
1774 2588 1901 2642 dum
1927 2602 2068 2643 nun-

467 2694 650 2751 quam
683 2689 754 2747 te,
791 2679 886 2736 sed
915 2694 1131 2752 semper
1152 2679 1286 2736 alios
1317 2680 1573 2736 attendis.
1613 2677 1670 2735 Si
1693 2679 1838 2735 enim
1869 2687 1992 2734 tuus
2015 2688 2068 2734 te

481 2773 673 2830 oculus
719 2774 877 2844 plene
946 2774 1186 2840 videret,
1237 2771 1417 2829 nullus
1464 2771 1738 2828 multoties
1785 2770 1882 2825 tibi
1929 2769 2068 2826 alius

481 2866 772 2937 quisquam
799 2880 964 2938 quam
1011 2864 1207 2936 tuipse,
1243 2864 1445 2935 tibiipsi
1499 2861 1946 2934 reprehensibllis
1969 2875 2068 2932 ap-

481 2964 722 3026 pareret.
770 2953 878 3012 Sed
926 2955 1053 3027 quia
1085 2956 1318 3026 quadam
1359 2955 1522 3010 nimis
1556 2953 1709 3026 gravi
1755 2952 2069 3010 inﬁrmitate

483 3047 807 3120 deprimeris
859 3062 955 3105 eos
982 3048 1082 3120 qui
1127 3048 1292 3105 etiam
1315 3048 1455 3104 bene
1479 3046 1578 3102 tibi
1607 3047 1666 3101 in
1689 3045 1942 3102 omnibus
1966 3045 2069 3102 mi-

482 3103 741 3208 nis'trant,
777 3103 1414 3211 semper'reprebendis:
1450 3151 1573 3194 cum
1595 3137 1699 3192 hoc
1728 3144 1782 3192 te
1807 3145 1966 3210 cogat
1990 3135 2070 3192 fa—
2093 3103 2138 3164 ο

482 3242 612 3285 cere
639 3244 746 3285 non
776 3243 965 3287 eorum
989 3229 1171 3301 aliqua
1210 3228 1359 3301 (quia
1397 3241 1624 3300 prorsus
1657 3226 1808 3282 nulla
1831 3225 1938 3300 est)
1967 3241 2067 3285 ne-

483 3319 759 3391 gligentia,
793 3335 918 3377 cum
941 3320 1088 3378 omni
1137 3320 1343 3391 tibiipsi
1367 3317 1609 3376 serviant
1631 3317 1939 3389 diligentia;
1972 3317 2070 3374 sed

483 3418 576 3465 tua
605 3410 786 3482 potius
829 3411 1118 3470 inﬁrmitas
1149 3425 1367 3481 magna.
1399 3407 1512 3465 Nec
1545 3409 1648 3465 ista
1688 3409 1895 3467 idcirco
1921 3407 2069 3466 dixi-

485 3516 632 3568 mus,
680 3502 821 3572 quod
862 3502 1044 3559 omnia
1077 3517 1198 3572 qua:
1232 3502 1300 3556 ab
1336 3501 1460 3557 aliis
1494 3500 1646 3556 vides
1683 3500 1825 3568 ﬁeri,
1856 3514 2071 3571 semper

487 3593 724 3649 debeant
761 3593 994 3659 laudari,
1033 3601 1090 3648 et
1119 3609 1396 3664 nunquam
1439 3607 1540 3662 pro
1571 3592 1689 3649 loco
1716 3601 1772 3648 et
1804 3604 2066 3662 tempore,

484 3699 585 3754 pro
623 3699 855 3754 persona
889 3693 946 3740 et
976 3699 1140 3740 causa
1173 3698 1203 3738 a
1235 3692 1286 3740 te
1313 3683 1631 3753 reprehendi
1657 3687 1803 3750 (cum
1826 3699 1932 3739 non
1958 3691 2066 3736 tam

485 3794 654 3850 saepe,
693 3794 861 3850 quam
905 3777 1018 3835 fere
1053 3791 1265 3848 semper
1302 3779 1473 3849 magis
1510 3776 1950 3848 reprehendenda
1991 3775 2069 3830 vi-

484 3869 616 3926 deas
649 3884 812 3940 quam
871 3868 1182 3940 laudanda),
1207 3868 1300 3924 sed
1322 3877 1380 3922 ut
1406 3869 1505 3933 sic,
1537 3883 1661 3923 cum
1685 3881 1848 3922 causa
1879 3866 2066 3936 exigit,

485 3961 621 4018 alios
649 3976 894 4028 accuses,
928 3970 988 4015 ut
1017 3961 1072 4015 in
1101 3960 1244 4014 iisin
1275 3959 1474 4030 quibus
1517 3960 1692 4029 tuipse
1725 3959 1884 4029 digne
1909 3973 2069 4014 accu-

469 4052 596 4109 .sari
634 4052 824 4118 debes,
854 4061 906 4114 te
936 4067 1208 4122 nunquam
1235 4067 1486 4107 excuses.
1514 4052 1579 4106 Et
1608 4051 1688 4106 sic
1738 4051 1830 4106 lict
1855 4059 1915 4105 ut
1941 4051 2070 4106 dum

477 4141 826 4197 "incessanter
849 4141 1086 4197 attendis
1111 4155 1275 4211 quam
1298 4140 1482 4211 gravia
1509 4147 1634 4194 sunt
1667 4140 1806 4193 mala
1829 4140 2068 4210 propria,

487 4232 854 4289 tolerabiliora
895 4233 993 4289 tibi
1038 4233 1330 4288 videantur
1371 4229 1598 4298 aliena;
1651 4239 1712 4285 ut
1755 4233 1880 4287 dum
1922 4233 2068 4288 zelus

487 4331 613 4379 tuus
641 4323 797 4394 plene
826 4332 1160 4394 temperatus
1199 4320 1367 4377 fuerit
1393 4322 1558 4378 etiam
1594 4322 1792 4378 nimius
1813 4338 1934 4379 esse
1963 4339 2068 4380 non

485 4415 683 4486 possit:
724 4415 950 4486 Eritque
981 4413 1084 4469 hoc
1121 4427 1245 4468 cum
1277 4427 1550 4483 nunquam
1579 4413 1742 4469 nimis
1777 4415 1859 4471 vel
1894 4415 2070 4472 subsi-
2099 4442 2146 4501 ι)

484 4516 636 4564 stens
657 4507 820 4572 citra,
845 4505 932 4561 vel
961 4518 1022 4560 se
1047 4504 1348 4560 extendens
1376 4503 1539 4570 ultra,
1575 4505 1677 4562 sub
1705 4505 1864 4561 modo
1893 4519 1953 4563 se
1977 4519 2070 4562 co-

487 4597 668 4654 hibeat
708 4603 763 4650 et
797 4607 1081 4661 mensura;
1132 4593 1218 4650 via
1257 4593 1474 4665 quidem
1524 4597 1674 4667 regia
1706 4595 1989 4652 ambulans
2017 4604 2074 4652 et

485 4699 831 4758 nequaquam
859 4684 1022 4740 nimis
1048 4693 1253 4742 temere
1275 4686 1358 4742 vel
1385 4701 1416 4741 a
1444 4687 1648 4743 dextris
1670 4687 1806 4743 vela
1834 4688 2073 4744 sinistris

484 4777 786 4833 dedimus.
811 4775 997 4847 Itaque
1021 4783 1076 4831 tu
1099 4777 1190 4846 qui
1211 4777 1484 4833 habitator
1503 4792 1564 4832 es
1593 4776 1764 4843 cella,
1791 4792 1914 4834 cum
1941 4792 2074 4834 nou-

465 4910 470 4914 .
487 4869 640 4924 nulla
657 4868 742 4924 vel
769 4866 1012 4925 audieris
1036 4868 1119 4924 vel
1132 4870 1335 4927 videris
1351 4885 1382 4925 a
1399 4868 1722 4941 quibusdam
1754 4870 1897 4926 mala
1917 4885 2072 4927 corn-

489 4959 655 5025 Iuitti,
683 4959 765 5014 sic
789 4974 855 5014 ea
885 4973 985 5030 per
1019 4959 1193 5017 selum
1219 4967 1277 5017 et
1305 4961 1691 5018 rectitudinem
1728 4975 1976 5030 accuses,
2013 4969 2075 5024 ιιι

469 5063 557 5106 .ex
591 5049 846 5106 nonnulla
891 5061 1046 5123 parte
1089 5067 1184 5123 per
1231 5053 1492 5124 pietatem
1541 5061 1598 5109 et
1635 5055 2070 5126 eompassionem

490 5155 736 5198 excuses.
767 5140 1113 5216 Nequaquam
1139 5144 1469 5200 laudandum
1491 5153 1646 5216 putes
1665 5145 1810 5217 quod
1829 5145 1954 5215 jure
1976 5145 2076 5202 de-

490 5232 586 5289 bet
631 5235 975 5306 reprehendi,
1023 5236 1165 5292 sicut
1207 5249 1310 5292 nec
1357 5238 1885 5307 reprehendendum,
1931 5239 2073 5308 quod

489 5325 689 5382 merito
713 5327 949 5388 laudari:
983 5343 1052 5385 ne
1086 5329 1216 5386 illud
1247 5331 1623 5402 propheticum
1653 5332 1903 5390 incurras
1929 5335 2074 5405 quod

491 5405 602 5474 tale
618 5427 740 5473 est:
778 5418 870 5474 Va:
899 5421 986 5491 qui
1013 5420 1193 5475 dicunt
1219 5421 1419 5477 malum
1441 5423 1655 5490 bonum,
1685 5435 1733 5479 et
1756 5425 1946 5479 bonum
1970 5441 2075 5480 ma-

491 5509 633 5576 lunt;
661 5525 908 5581 ponentes
936 5528 1179 5566 amarum
1198 5513 1253 5566 in
1280 5513 1453 5577 dulce,
1482 5525 1530 5570 et
1556 5516 1708 5572 dulce
1727 5517 1784 5572 in
1807 5533 2073 5583 amaram,

481 5612 738 5673 .pomates
752 5601 920 5657 lucem
939 5603 1197 5669 tenebras,
1217 5614 1264 5658 et
1287 5609 1522 5660 tenebras
1535 5606 1697 5662 lucem
1719 5609 1858 5679 (lsa.
1873 5624 1922 5670 v,
1940 5610 2071 5681 20)-;

493 5695 586 5750 sed
613 5693 753 5749 sicut
774 5707 987 5763 semper
1012 5707 1137 5750 cum
1162 5693 1372 5764 laudas,
1404 5695 1639 5754 adulatio
1667 5699 1823 5755 debet
1850 5701 2072 5769 abesse;

2165 1870 2404 1929 quoque,
2431 1868 2488 1914 et
2513 1860 2796 1928 medietas,
2826 1868 2990 1932 atque
3015 1860 3158 1928 linis,
3187 1861 3403 1918 sincera
3431 1872 3484 1918 et
3499 1863 3724 1918 ordinata

2166 1948 2408 2006 charitas
2438 1949 2601 2005 adsit.

2634 2081 3032 2140 CAPITULUM
3082 2081 3270 2140 XXIII.

2169 2173 2413 2242 Qualiter
2440 2175 2678 2247 quintum
2718 2177 3070 2244 meditationis
3109 2177 3324 2247 modum
3359 2191 3602 2246 apponere
3648 2178 3733 2233 de-

2240 2246 2458 2317 beamus
2492 2246 2547 2300 in
2571 2256 2738 2306 mente
2764 2256 2965 2310 nostra,
2995 2257 3177 2300 contra
3220 2246 3389 2312 illam,
3419 2263 3518 2316 qua
3547 2247 3733 2317 jugitev

2237 2315 2536 2386 pulsamur,
2564 2317 2900 2370 tentationem
2929 2319 3128 2381 carnis,
3160 2317 3360 2370 diaboli
3399 2315 3443 2372 et
3477 2315 3682 2372 muniti.

2239 2405 2314 2462 De
2342 2406 2531 2476 quinto
2565 2405 2934 2462 meditationis
2970 2408 3155 2473 modo,
3191 2408 3551 2476 despectlonis
3579 2425 3741 2465 causa

2172 2499 2323 2553 venit
2347 2507 2404 2554 et
2434 2496 2778 2566 abjectionis,
2809 2507 2866 2554 et
2893 2497 3044 2576 venit
3065 2499 3171 2556 hoc
3198 2501 3382 2556 modo.
3409 2499 3557 2570 Jugis
3579 2510 3635 2556 te
3657 2515 3744 2557 ex-

2169 2590 2430 2662 perientia
2459 2589 2619 2646 debet
2644 2590 2873 2646 reddere
2907 2602 3142 2658 certum,
3173 2593 3266 2663 qui
3309 2593 3576 2649 habitator
3599 2594 3748 2650 cella

2167 2694 2250 2746 es,
2284 2679 2412 2750 quia
2440 2677 2752 2735 nullatenus
2806 2679 3012 2749 absque
3066 2681 3366 2737 tentatione
3415 2696 3534 2737 esse
3571 2693 3747 2752 potes.

2167 2767 2229 2825 Si
2249 2769 2395 2825 enim
2424 2783 2554 2824 vera
2577 2779 2664 2825 est
2692 2768 2780 2824 illa
2815 2770 2990 2826 sancti
3026 2769 3130 2824 viri
3157 2771 3472 2826 sententia:
3513 2771 3751 2829 Τιηιιιίο

2167 2870 2242 2916 est
2277 2861 2379 2916 vita
2406 2861 2632 2916 hominis
2672 2876 2829 2931 super
2862 2869 3060 2916 terram
3102 2859 3227 2932 (Job
3256 2877 3300 2925 ι,
3332 2861 3408 2932 7),
3461 2862 3587 2929 imo,
3627 2864 3753 2934 quia

2167 2963 2300 3005 vera
2346 2959 2433 3006 est
2457 2989 2474 3016 ,
2509 2950 2740 3006 tentatio
2768 2963 3044 3021 nunquam
3082 2950 3274 3008 deesse
3310 2961 3482 3022 potest
3517 2955 3754 3023 quandin

2171 3043 2280 3098 vita
2308 3057 2472 3116 super
2497 3053 2701 3101 terram
2737 3045 2857 3101 est?
2897 3043 3249 3115 Consequens
3281 3047 3508 3119 proinde
3541 3059 3652 3115 est,
3697 3058 3758 3105 ut

2169 3147 2296 3189 cum
2314 3135 2430 3204 jam
2459 3147 2568 3191 non
2593 3147 2760 3206 super
2782 3143 2983 3199 terram
3003 3134 3236 3208 amplius
3264 3137 3423 3207 vivis,
3451 3139 3594 3195 scias
3612 3140 3758 3209 quod

2169 3235 2512 3293 nequaquam
2536 3231 2687 3291 ante,
2721 3224 2816 3280 sed
2859 3231 2988 3281 tunc
3027 3225 3264 3294 primum
3295 3226 3418 3283 sine
3465 3229 3758 3284 teutatiaue

2171 3311 2269 3368 sis.
2305 3311 2459 3370 Nunc
2482 3324 2536 3370 te
2577 3321 2751 3370 tentet
2789 3329 2942 3380 caro,
2987 3323 3159 3371 tentat
3197 3317 3456 3383 mundus,
3492 3325 3676 3375 tentat
3702 3330 3757 3377 et

2170 3399 2262 3457 ille
2289 3401 2464 3460 hostis
2492 3404 2769 3475 antiquus.
2801 3404 3048 3462 Trahere
3089 3415 3142 3462 te
3179 3405 3374 3462 nititur
3413 3422 3536 3464 caro
3559 3411 3636 3464 ad
3664 3426 3758 3467 va-

2171 3490 2458 3564 luptatem,
2487 3497 2722 3553 mundus
2763 3497 2833 3552 ad
2861 3499 3179 3567 vanitatem,
3225 3499 3471 3558 diabolus
3507 3501 3573 3557 ad
3609 3503 3758 3560 illum

2171 3597 2280 3652 quo
2309 3585 2426 3657 ipse
2450 3587 2644 3658 plenus
2670 3598 2776 3656 est,
2808 3589 3075 3660 superbiae
3100 3600 3159 3646 et
3187 3593 3433 3658 tumoris,
3469 3593 3692 3650 invidia
3710 3607 3763 3652 et

2171 3673 2382 3745 livoris,
2413 3680 2530 3748 irae,
2575 3681 2707 3749 odii,
2746 3695 2802 3738 et
2843 3683 3074 3738 aliorum
3117 3699 3240 3755 quae
3287 3686 3342 3740 in
3371 3686 3514 3742 hunc
3535 3689 3762 3744 modum

2168 3785 2298 3834 sunt
2325 3775 2583 3831 vitiorqu
2606 3775 2968 3846 spiritualium
2996 3778 3303 3833 hominem.
3329 3778 3410 3833 Tn
3430 3789 3613 3836 autem
3638 3796 3764 3836 cum

2170 3867 2349 3938 aliqua
2390 3866 2619 3924 istarum
2651 3867 3010 3923 tentationum
3039 3867 3243 3940 pulsari
3276 3878 3328 3925 te
3362 3871 3547 3936 sentis,
3581 3880 3768 3928 statue

2173 3965 2369 4013 teante
2395 3966 2468 4023 te,
2497 3957 2693 4013 sedens
2718 3957 2772 4012 in
2801 3958 2938 4014 cella
2965 3966 3097 4016 tua:
3125 3960 3260 4018 etin
3287 3960 3494 4017 interna
3521 3963 3766 4018 medita-

2149 4051 2318 4106 tione
2347 4058 2438 4104 tua
2460 4051 2582 4106 vide
2607 4059 2663 4106 et
2679 4051 2962 4107 considera
2987 4051 3226 4123 qualiter
3243 4067 3365 4108 eam
3386 4053 3692 4124 despicere,
3709 4067 3771 4112 et

2151 4158 2201 4196 -a
2231 4152 2285 4197 te
2315 4142 2552 4212 abjicere
2581 4143 2778 4214 possis.
2814 4142 2952 4199 Cum
2991 4151 3046 4199 te
3081 4158 3210 4199 caro
3239 4146 3496 4201 tentando
3525 4145 3768 4218 alloqui-

2173 4242 2280 4300 tur,
2311 4234 2430 4289 voci
2461 4233 2580 4303 ejus
2623 4233 2842 4289 nei‘ari'e
2868 4249 2974 4290 non
3004 4235 3251 4306 praebeas
3277 4250 3490 4298 aurem.
3515 4237 3621 4296 sed
3647 4239 3774 4294 abs-

2171 4341 2280 4395 que
2331 4325 2478 4380 omni
2529 4341 2679 4380 mora
2733 4324 2819 4382 lac
2859 4341 2978 4382 eam
3037 4325 3199 4383 silere
3231 4343 3247 4382 :
3279 4327 3367 4384 lac
3419 4337 3606 4384 autem
3667 4330 3772 4384 huc

2173 4418 2354 4474 modo.
2381 4416 2682 4474 Considera
2713 4418 2766 4472 in
2797 4419 3150 4474 meditatione
3193 4429 3283 4474 tua
3324 4436 3486 4490 quam
3523 4420 3770 4491 impura,

2156 4523 2442 4580 quamque
2467 4506 2588 4564 feda
2622 4507 2692 4564 sit
2717 4509 2830 4564 haec
2858 4523 2988 4565 caro
3017 4523 3178 4578 quam
3211 4518 3421 4580 portas,
3451 4525 3626 4580 quam
3671 4513 3772 4566 im-

2171 4598 2372 4653 munda
2399 4606 2455 4652 et
2479 4597 2662 4653 brevis
2682 4596 2754 4652 sit
2779 4598 2959 4653 omnis
2979 4597 3269 4653 delectatio
3293 4598 3435 4669 ejus,
3465 4599 3618 4668 quod
3646 4608 3772 4670 post

2171 4689 2448 4745 modicum
2477 4688 2637 4744 morti
2658 4700 2744 4744 est
2761 4689 3042 4754 tradenda,
3065 4698 3123 4745 et
3179 4697 3304 4761 post
3326 4699 3552 4746 mortem
3585 4691 3774 4746 tutata

2171 4785 2256 4832 est
2283 4776 2508 4844 vermis,
2534 4785 2589 4834 et
2617 4778 2870 4849 putredo,
2899 4787 2954 4834 et
2979 4777 3150 4845 letor;
3179 4789 3304 4851 post
3335 4794 3583 4836 vermem
3617 4795 3776 4845 veru.

2171 4865 2400 4926 fetorem
2429 4877 2486 4926 et
2521 4870 2882 4941 putrediuetu,
2915 4869 3315 4940 abiectissimus
3369 4878 3430 4928 et
3464 4871 3779 4929 vilissimus

2173 4961 2366 5032 pulvis.
2403 4960 2541 5018 Cum
2569 4961 2736 5034 igitur
2767 4964 2836 5018 ad
2872 4963 3265 5035 experientiam
3287 4962 3489 5020 illicita
3508 4971 3572 5020 es
3595 4965 3780 5022 scels-

2175 5062 2328 5121 ratc,
2352 5068 2419 5110 ac
2439 5053 2558 5110 ideo
2577 5053 2870 5112 mortiferae
2890 5053 3192 5110 dulcedinis
3215 5055 3520 5112 trsherete
3541 5055 3778 5122 nititur.

2173 5145 2386 5217 depicta
2421 5146 2492 5202 ab
2521 5145 2614 5202 illo
2641 5146 2931 5203 seductore
2974 5144 3172 5201 callido
3209 5160 3397 5202 coram
3426 5147 3639 5203 mentis
3671 5157 3782 5205 tu

2158 5215 2366 5305 oculis,
2395 5238 2632 5296 carnalis
2662 5240 2872 5312 species
2911 5238 3126 5305 formai;
3159 5239 3470 5304 considera,
3499 5253 3621 5295 non
3655 5240 3781 5309 ηεξ.
3892 5215 3894 5232 ³

2173 5329 2299 5387 dem
2321 5331 2498 5402 qualis
2527 5339 2804 5401 utcunque
2841 5329 3188 5386 extrinsecus
3223 5330 3443 5385 videtur
3475 5345 3779 5401 apparere,
3892 5399 3894 5404 ι

2173 5423 2268 5478 sed
2293 5425 2466 5494 magis
2493 5422 2669 5494 qualis
2699 5423 2752 5478 in
2781 5423 2898 5491 ipsa
2926 5421 3005 5476 rei
3033 5421 3281 5484 veritate,
3317 5421 3371 5474 in
3391 5419 3579 5490 seipsa
3604 5421 3781 5476 etiam
3892 5433 3894 5440 '

2176 5500 2319 5569 hunc
2344 5516 2400 5570 in
2421 5517 2529 5571 vita
2554 5515 2648 5580 sit,
2675 5523 2731 5567 et
2751 5513 2928 5583 qualis
2947 5519 3070 5585 post
3099 5521 3327 5567 mortem
3345 5511 3526 5566 futura
3555 5513 3664 5569 sit.
3689 5511 3784 5568 Vi-

2175 5606 2329 5662 debis
2357 5617 2564 5677 aperte,
2595 5605 2722 5677 quia
2743 5604 2897 5676 quasi
2925 5618 3116 5661 saccus
3139 5601 3363 5673 quidem
3393 5599 3532 5658 foris
3561 5602 3783 5659 nitidus

2177 5708 2417 5771 apparet,
2447 5701 2542 5757 sed
2572 5700 2716 5758 intus
2738 5698 2884 5757 omni
2913 5695 3197 5770 spurcitia,
3224 5705 3282 5752 et
3307 5695 3700 5769 immundius,
3725 5704 3786 5753 et
