3984 6420
547 438 657 495 8ιὸ

3387 316 3396 323 ν
3424 311 3453 327 ’Ὗ

1405 383 1726 485 GUlGONlS
1754 422 1798 478 ιι
1834 418 2159 480 (ιΑιιτιιιιε

2294 414 2584 475 ιιιιοιιιε
2612 411 2885 474 ιδιιιοιιις
3209 376 3211 378 ’
3695 415 3772 471 ιιι

552 560 694 612 lacte
742 555 989 606 materno
1042 542 1328 607 nutritum,
1372 520 1776 596 circumcisioni
1827 536 2134 601 subditum;
2170 541 2216 600 Α
2241 533 2473 591 Jacobus
2500 536 2822 603 prostratus,
2846 523 3155 582 Joannesin
3185 523 3448 579 ferventis
3471 523 3573 578 olei
3594 525 3772 592 dolium,

555 649 906 718 apparentem
940 638 1217 708 Magorum
1260 633 1385 688 ﬁdei
1415 632 1586 687 Deum
1615 625 2143 718 aeternum,llegetn

552 717 998 804 omnipmetttem,
1031 726 1304 783 hominem
1332 722 1652 787 mortalem;
1684 721 1738 775 in
1770 717 1970 789 templo
2000 732 2142 786 prae-

554 825 848 887 Selllalum,
882 823 936 877 in
957 806 1190 890 Egypto
1217 829 1342 870 cum
1369 821 1543 868 matre
1563 811 1809 876 ductum,
1833 817 1888 864 et
1916 808 1970 863 in
2001 815 2144 860 terra

552 922 691 978 .luda
729 917 1032 978 reductum,
1069 909 1442 982 proficientem
1479 903 1770 975 sapientia,
1791 911 1844 956 et
1876 907 2059 965 aetate,
2089 905 2146 952 et

555 1013 750 1084 gratia.
777 1005 1071 1065 Considera
1100 1016 1220 1056 eum
1245 999 1604 1070 baptizatum,
1625 995 1990 1067 jejunantem,
2019 1006 2146 1047 esu-

556 1109 808 1166 rientem,
839 1105 1126 1161 tentatum,
1152 1109 1274 1150 eum
1306 1090 1616 1148 hominibus
1643 1093 2051 1150 conversatum,
2074 1097 2140 1139 ex

557 1197 750 1250 itinere
777 1189 1080 1257 fatigatum,
1123 1190 1531 1240 conversantem
1555 1193 1654 1248 per
1677 1175 1861 1232 omnia
1889 1181 2084 1229 sancte
2122 1188 2139 1227 v:

558 1291 872 1354 operantem
917 1280 1079 1344 mira,
1111 1275 1497 1347 praedicantem
1536 1268 1808 1335 salubria,
1851 1267 2142 1321 docentem

558 1390 710 1438 vera,
732 1373 1024 1443 patientem
1047 1370 1203 1434 dura,
1227 1365 1583 1423 sustinentem
1607 1360 1848 1431 indigna,
1875 1366 2145 1413 tacentem

559 1465 628 1520 ad
659 1464 904 1520 convicia
925 1505 939 1525 ,
971 1461 1292 1514 tolerantem
1325 1452 1640 1525 opprobria,
1690 1449 1934 1505 lavandis
1981 1448 2146 1503 disci-

558 1553 808 1624 pulorum
851 1550 1079 1621 pedibus
1108 1562 1168 1602 se
1191 1545 1467 1601 humiliter
1491 1540 1862 1604 inclinantem,
1903 1535 2147 1608 corporis

561 1647 647 1701 sui
673 1661 738 1700 ac
765 1640 1048 1712 sanguinis
1073 1644 1413 1694 sacramenta
1445 1633 1832 1705 porrigentem,
1874 1628 1926 1682 in
1953 1627 2148 1698 agonia

567 1736 770 1790 factum
801 1730 1066 1802 prolixius
1093 1735 1366 1792 orantem,
1397 1724 1648 1780 sudorem
1682 1718 1962 1790 sanguinis
1984 1716 2146 1772 emit-

471 1815 476 1819 ’
567 1834 790 1882 tentent.
814 1823 1012 1892 Aspice
1039 1837 1160 1876 eum
1192 1819 1489 1883 venditum,
1518 1823 1781 1884 emptum,
1817 1809 2003 1867 osculo
2035 1819 2148 1864 tra-

565 1919 759 1984 ditum,
809 1879 932 1972 cunt
979 1913 1170 1985 gladiis
1221 1920 1276 1966 et
1322 1879 1556 1964 fustibus
1612 1879 1851 1974 captum,
1901 1902 2146 1971 ligatum,
2181 1879 2224 1939 Β

565 2007 878 2074 adductum,
910 2004 1047 2060 falso
1078 2011 1416 2066 accusatum,
1445 1997 1645 2066 injuste
1679 1993 1999 2066 iudicatum,
2026 2007 2152 2047 eru-

565 2099 759 2155 deliter
799 2099 1147 2163 damnatum,
1179 2093 1351 2166 sputis
1399 2092 1616 2152 illitum,
1655 2083 1898 2156 colaphis
1927 2099 2146 2150 orsum,

565 2191 831 2255 velatum,
887 2189 1055 2260 alapis
1104 2202 1346 2259 passum.
1394 2184 1570 2241 Cerne
1613 2198 1737 2240 eum
1789 2181 2150 2256 ﬂagellatum,

567 2282 769 2336 derisui
794 2280 1060 2344 habitum,
1086 2278 1372 2349 chlamyde
1393 2277 1648 2332 coccinea
1672 2274 1940 2337 indutum,
1967 2272 2154 2343 spinea

569 2387 774 2427 corona
810 2378 972 2440 caput
1014 2369 1416 2424 sanctissimum
1461 2366 1748 2424 habentem
1778 2365 2152 2430 dilaceratum,

573 2469 848 2531 sceptrum
882 2459 1241 2512 arundineum
1275 2465 1546 2510 tenentem
1571 2495 1587 2522 ,
1625 2469 1867 2527 purpura
1909 2451 1978 2508 ad
2007 2452 2158 2522 ignoo

570 2551 797 2608 miniam
837 2557 1058 2615 tectum,
1107 2548 1161 2604 in
1191 2547 1376 2602 derisu
1408 2545 1714 2612 adoratum,
1746 2545 1814 2601 ab
1856 2541 2069 2599 Herode
2101 2547 2158 2596 et

567 2644 817 2701 exercitu
847 2657 950 2699 suo
975 2647 1374 2712 contemptum,
1415 2639 1470 2695 in
1515 2647 1666 2694 veste
1705 2635 1827 2694 alba
1855 2635 2093 2700 illusum,
2124 2648 2156 2690 a

572 2735 836 2791 militibus
856 2733 998 2788 male
1020 2739 1335 2798 tractatum,
1367 2745 1585 2786 crucem
1616 2743 1770 2786 suam
1799 2725 2155 2795 baiulantem,

575 2827 746 2882 clavis
796 2824 942 2880 cruci
973 2823 1268 2879 crudeliter
1301 2823 1542 2887 afﬁxum,
1575 2819 1756 2876 verbis
1785 2819 1937 2876 duris
1973 2818 2160 2874 convi-

575 2916 778 2970 ciatum
797 2955 810 2978 ,
854 2912 977 2968 felle
1008 2913 1274 2978 cibatum,
1312 2920 1470 2967 ace-to
1500 2919 1743 2981 potatum
1768 2951 1783 2976 ,
1812 2917 1974 2980 caput
2001 2906 2157 2964 ineli-

573 3021 680 3064 nan
690 3012 822 3070 tem,
839 3002 1090 3073 spiritum
1113 3002 1473 3066 emittentem,
1490 2999 1736 3055 dilectam
1755 2997 1900 3054 illam
1922 2997 2160 3053 animam

573 3110 729 3152 suam
756 3095 809 3150 in
840 3109 1036 3150 manus
1050 3093 1231 3149 Patris
1253 3093 1749 3149 commendantem.
1775 3091 1992 3148 intuere
2013 3089 2161 3146 illum

575 3187 760 3244 lancea
785 3186 974 3242 militis
996 3187 1048 3241 in
1071 3185 1246 3241 latere
1276 3184 1656 3251 vulneratum;
1682 3195 1737 3240 et
1763 3199 1827 3240 ex
1857 3199 1924 3240 eo
1943 3181 2163 3255 sangui-

573 3295 700 3336 nem
725 3280 791 3334 ad
817 3288 1058 3334 nostram
1076 3278 1524 3350 redemptionem,
1542 3287 1596 3334 et
1612 3293 1808 3350 aquam
1831 3278 1897 3334 ad
1919 3285 2162 3333 nostram

576 3368 910 3440 spiritualem
933 3367 1286 3433 ablutionem,
1315 3365 1790 3433 ell‘nndentem,de
1815 3383 1980 3424 cruce
2001 3367 2165 3438 depo-

576 3459 764 3524 situm,
788 3458 1078 3529 sepultum,
1103 3457 1306 3514 inferos
1321 3459 1670 3528 spoliantem,
1688 3459 1862 3531 ipsum
1891 3459 2164 3515 infernum

579 3550 954 3616 mordentem,
999 3558 1229 3606 mortem
1258 3549 1675 3606 mortificantem
1698 3591 1712 3617 ,
1759 3553 2164 3619 resuscitatum,

578 3651 953 3716 apparentem,
993 3656 1115 3696 cum
1163 3641 1441 3712 discipulis
1488 3651 1927 3711 convescentem,
1977 3659 2166 3700 ascen-

578 3736 798 3792 dentem
825 3733 916 3790 uhi
957 3741 1076 3789 erat
1102 3732 1286 3805 prius;
1317 3733 1414 3805 qui
1452 3749 1552 3791 nec
1595 3734 1721 3791 inde
1763 3734 1992 3792 recessit
2041 3751 2166 3792 curn

577 3828 688 3885 huc
733 3827 906 3894 venit,
957 3840 1059 3881 nec
1115 3824 1248 3882 hinc
1290 3824 1426 3881 abiit
1459 3839 1584 3882 eum
1628 3825 1725 3881 ille
1751 3825 2002 3882 accessit.
2030 3825 2170 3892 ﬂos

579 3917 744 3974 modo
767 3917 908 3972 habe
929 3917 1122 3972 oculos
1149 3925 1269 3972 tuos
1303 3915 1358 3971 in
1401 3916 1580 3988 capite
1607 3925 1717 3972 tuo.
1756 3915 1909 3986 Quod
1951 3917 1998 3974 si
2044 3917 2167 3974 dili-

561 4018 769 4079 genter
795 4007 909 4062 haec
937 4006 1142 4072 omnia,
1163 4014 1220 4061 et
1243 4006 1351 4062 alia
1379 4021 1502 4077 qua:
1529 4007 1630 4064 hoc
1659 4007 1818 4064 modo
1840 4007 1908 4064 de
1934 4021 2000 4065 eo
2019 4017 2165 4077 sunt,

581 4112 710 4152 cum
737 4096 1024 4152 devotione
1071 4095 1284 4161 debita,
1308 4105 1365 4151 et
1405 4097 1820 4167 compunctione
1860 4097 1972 4168 pia,
2023 4097 2166 4168 apud

585 4195 668 4253 te,
691 4187 801 4242 imo
831 4186 974 4242 intra
1001 4194 1055 4242 te
1081 4186 1464 4252 ruminaveris,
1508 4196 1761 4258 putamus
1790 4188 1934 4259 quod
1966 4187 2038 4243 ab
2061 4189 2165 4245 hac

541 4327 548 4344 ,
585 4275 782 4332 inertia
812 4284 903 4331 tua
939 4290 1007 4332 ex
1037 4275 1289 4332 nonnulla
1343 4285 1498 4346 parte
1525 4277 1660 4348 eripi
1689 4278 1911 4348 poteris.
1943 4277 2080 4334 Nam
2113 4280 2167 4335 in

531 4361 535 4365 ’
583 4375 788 4438 quanto
834 4368 1043 4425 honore
1079 4375 1135 4424 et
1169 4367 1343 4439 gloria
1374 4367 1463 4423 illa
1511 4369 1585 4424 sit
1625 4369 1862 4427 exaltata
1898 4381 2088 4427 natura
2114 4373 2168 4428 in

583 4462 806 4518 dextera
827 4515 832 4520 .
854 4459 1063 4530 Patris,
1084 4475 1203 4531 qua:
1230 4469 1286 4516 et
1327 4461 1447 4518 sine
1485 4463 1631 4517 onmi
1661 4464 1912 4534 contagio
1941 4464 2169 4536 alicujus

2245 635 2303 683 et
2351 626 2569 681 demum
2621 623 2677 677 in
2722 620 2976 676 exsilium
3023 618 3254 682 missus;
3301 627 3360 672 et
3413 617 3587 672 caeteri
3632 633 3776 675 omnia

2247 715 2474 789 apostoli
2507 711 2904 777 consummati,
2935 710 3010 765 illi
3053 724 3184 766 vero
3209 707 3398 763 bimuli
3418 750 3434 774 ,
3467 708 3776 766 testimonium

2246 810 2464 867 Christo
2491 823 2600 862 non
2636 820 2790 872 voce,
2821 803 2915 860 sed
2963 810 3138 857 morte
3167 801 3427 856 ferentes.
3473 801 3714 871 Appareat
3740 815 3777 858 et

2248 914 2474 960 sanctus
2495 901 2805 970 Stephanus
2837 895 3133 967 lapidatus,
3161 894 3493 950 Laurentius
3515 903 3724 957 assatus;
3741 905 3778 948 rt

2249 994 2400 1068 (quia
2425 991 2586 1048 nimis
2610 991 2851 1060 longum,
2884 988 2993 1042 imo
3022 985 3359 1057 impossibile
3389 993 3498 1052 est,
3525 985 3778 1054 singulatim

2247 1089 2628 1145 universorum
2657 1083 2748 1153 qui
2775 1095 2874 1152 pro
2908 1078 3128 1135 Christo
3165 1076 3312 1149 passi
3364 1085 3494 1132 sunt
3537 1085 3779 1147 martynttn

2248 1179 2455 1237 referre
2476 1173 2780 1248 passiones)
2822 1178 3154 1242 repraasenta
3195 1169 3290 1224 tibi
3321 1178 3489 1240 prout
3523 1171 3721 1239 poteris,
3743 1179 3782 1224 et

2249 1276 2510 1340 quantum
2530 1263 2760 1336 poteris,
2793 1275 2982 1316 eorum
3015 1260 3067 1314 itt
3099 1267 3332 1329 utroque
3363 1273 3520 1323 sexu,
3546 1258 3594 1312 in
3619 1258 3782 1313 diversa

2247 1367 2434 1424 rotate,
2482 1352 2836 1410 admirabiles
2882 1363 3084 1421 agones
3125 1358 3181 1404 ct
3230 1347 3558 1419 triumphos.
3599 1346 3690 1403 Sed
3742 1356 3784 1403 et

2249 1459 2568 1504 sanctorum
2608 1443 2988 1500 confessorum
3012 1437 3355 1494 venerabiles
3382 1439 3784 1504 conversationes,

2250 1540 2339 1611 qui
2377 1539 2481 1594 etsi
2528 1551 2626 1608 per
2653 1532 2934 1606 sanguinis
2986 1531 3068 1586 sui
3101 1529 3432 1587 effusionem
3476 1545 3569 1600 per
3589 1540 3782 1601 apertius

2251 1627 2576 1700 martyrium
2619 1639 2729 1681 non
2780 1623 3118 1694 migrarent,
3145 1619 3316 1676 vitam
3366 1629 3548 1676 tamen
3592 1630 3783 1676 sanctam

2250 1718 2512 1791 martyrio
2541 1732 2648 1772 non
2694 1712 3014 1771 dissimilem
3040 1713 3340 1767 duxerunt.
3391 1710 3450 1768 Si
3494 1710 3575 1767 his
3605 1711 3681 1766 diu
3713 1712 3784 1765 im-

2250 1819 2494 1867 moratus
2523 1806 2713 1873 fueris,
2739 1817 2994 1876 putamus
3039 1803 3184 1872 quod
3215 1803 3286 1858 ab
3333 1802 3442 1856 hoc
3467 1816 3571 1872 quo
3596 1802 3786 1873 gravaris

2249 1911 2305 1959 et
2334 1899 2584 1958 oneraris
2612 1897 2811 1964 taedio,
2836 1893 3099 1952 continuo
3131 1893 3497 1960 liberaberis;
3530 1901 3674 1965 atque
3690 1892 3784 1947 alle-

2249 1993 2454 2048 viatum
2476 1999 2532 2045 et
2567 1987 2951 2052 exhilaratum,
2975 1993 3031 2040 et
3071 1981 3308 2040 alacrem
3349 1982 3596 2039 effectum
3632 1983 3785 2038 sentite

2252 2093 2307 2140 te
2339 2083 2565 2156 poteris.
2594 2078 2941 2137 Consulimus
2965 2086 3149 2132 autem
3178 2087 3240 2131 ut
3269 2075 3390 2132 hzec
3415 2075 3678 2131 sollicitius
3695 2085 3785 2130 tunc

2253 2176 2471 2247 quidem
2521 2173 2702 2229 facere
2750 2169 2993 2238 studeas,
3047 2168 3271 2239 quando
3317 2167 3525 2240 aliquid
3558 2169 3642 2223 tibi
3685 2166 3788 2222 lout:

2256 2265 2340 2338 (ut
2373 2277 2765 2334 nonnunquam
2803 2260 3026 2316 evenire
3067 2258 3228 2321 solet}
3273 2269 3471 2316 contra
3515 2259 3784 2315 voluntatem

2256 2369 2406 2416 tuam
2438 2360 2639 2416 dictant
2671 2355 2943 2412 factumve
2980 2353 3180 2419 fuerit;
3214 2368 3314 2424 per
3341 2353 3512 2424 quod,
3539 2360 3591 2408 et
3616 2360 3785 2423 propter

2257 2453 2401 2524 quod
2431 2453 2593 2508 nimis
2618 2451 2848 2510 emceris
2873 2452 3246 2526 pusillanimis
3272 2461 3330 2508 et
3379 2454 3568 2520 tristis,
3595 2452 3787 2508 turbatur

2257 2551 2312 2599 ct
2339 2545 2545 2611 iratus;
2577 2543 3064 2616 disceptationibus
3086 2546 3314 2612 amaris,
3345 2546 3602 2615 susurris,
3638 2544 3790 2614 iniquis

2259 2635 2776 2692 comminationibus
2801 2677 2817 2704 ,
2869 2636 3274 2708 objectionibus
3297 2678 3318 2705 ,
3370 2635 3789 2709 responsionibus,

2260 2724 2589 2782 intrinsecus
2623 2726 3016 2783 miserabiliter
3038 2735 3300 2784 vastatus.
3339 2728 3516 2785 Curre
3549 2739 3787 2793 tone,cntn

2260 2815 2375 2872 haec
2409 2815 2576 2873 fuerit
2617 2816 2670 2874 in
2701 2820 2838 2874 mari
2880 2820 3064 2876 cordis
3108 2821 3184 2876 tui
3227 2829 3526 2892 tempestas
3552 2835 3729 2891 ntagna,
3750 2825 3789 2873 et

2259 2908 2504 2980 proiecto
2537 2925 2567 2964 a
2613 2919 2663 2966 te
2711 2910 2905 2967 silente
2935 2911 3195 2979 clamore,
3235 2923 3292 2968 et
3345 2912 3580 2968 clamoso
3606 2911 3787 2972 sileniio,

2261 3009 2558 3072 strepente,
2587 3013 2642 3058 et
2672 3003 3009 3060 ltorribiliter
3035 3004 3406 3062 tumultuante
3433 3007 3484 3062 itt
3515 3006 3621 3060 foro
3643 3003 3792 3059 tuentis

2264 3098 2404 3158 tute;
2443 3092 2646 3148 suscita
2669 3094 2817 3163 pium
2842 3093 3036 3161 Jssuu,
3070 3095 3163 3165 qui
3211 3095 3438 3165 adjutor
3462 3106 3542 3153 est
3568 3097 3615 3152 in
3645 3109 3792 3164 oppor-

2273 3181 2626 3248 tunitatibus,
2678 3184 2732 3238 in
2771 3184 3156 3253 tribulatione;
3200 3197 3399 3258 petens
3429 3199 3488 3244 ut
3526 3183 3791 3260 periclitanti

2266 3271 2362 3328 tibi
2391 3285 2692 3331 succurrat.
2726 3274 2934 3333 Idcirco
2965 3279 3148 3334 veniat
3175 3291 3301 3336 ante
3325 3282 3517 3337 oculos
3531 3280 3700 3336 utentis
3715 3289 3791 3332 tu:

2265 3376 2487 3424 sanctus
2533 3367 2671 3425 Abel
2707 3385 2738 3425 a
2788 3369 2963 3428 fratre
3009 3373 3264 3440 occisus,
3309 3372 3485 3431 Iacob
3528 3389 3615 3444 per
3655 3370 3790 3442 fugant

2263 3455 2522 3514 humilem
2549 3476 2824 3532 germana:
2867 3463 3165 3521 iracundia:
3191 3466 3424 3532 cedens,
3461 3464 3686 3538 .losepha
3710 3462 3790 3516 ira.

2266 3549 2444 3607 tribus
2477 3553 2748 3622 venditus,
2777 3554 2905 3627 quia
2949 3572 3184 3629 peccare
3233 3557 3444 3625 noluit,
3475 3558 3610 3628 quod
3646 3567 3790 3628 pecca-

2264 3642 2406 3698 verit
2441 3655 2758 3714 accusatus,
2787 3649 2909 3706 sine
2934 3650 3094 3721 culpa
3143 3652 3364 3707 carceri
3421 3651 3791 3723 mancipatus,el

2237 3815 2240 3818 ἑ
2266 3734 2529 3793 innocens
2559 3737 2614 3794 in
2639 3740 2819 3797 lacum
2847 3743 3065 3800 missus.
3097 3744 3296 3802 Veniat
3321 3748 3400 3803 ad
3426 3762 3521 3803 eor
3545 3757 3692 3809 ιιιιιιιι,
3713 3742 3791 3795 imo

2267 3826 2410 3883 intra
2450 3843 2550 3885 cor
2576 3840 2749 3901 tuum,
2792 3834 3118 3893 mitissimus
3160 3853 3326 3909 super
3368 3854 3554 3896 omnes
3601 3835 3792 3894 homines

2267 3919 2358 3990 qui
2403 3921 2756 3980 morabantur
2779 3942 2941 3998 supra
2977 3937 3212 3998 terram,
3239 3930 3456 4004 Moyses
3484 3942 3693 3994 sanctus,
3722 3939 3793 3998 pro

2266 4009 2469 4080 populo
2495 4012 2682 4084 iniquo
2703 4015 2947 4086 lapidare
2973 4034 3032 4075 se
3061 4020 3277 4077 volente
3321 4022 3672 4084 intercedens;
3694 4034 3790 4074 con-

2269 4099 2650 4159 tradictionem
2678 4113 2733 4160 et
2762 4107 3110 4166 rebellionem
3142 4113 3536 4169 contentiosam
3560 4129 3588 4167 a
3614 4110 3791 4171 Dathaﬂ.

2267 4199 2324 4248 et
2365 4191 2571 4249 Abiron
2599 4203 2762 4265 atque
2789 4197 2971 4256 Cltore
3005 4203 3284 4258 sentiens:
3320 4215 3381 4260 et
3429 4204 3602 4260 fratris
3641 4202 3725 4265 sui.
3753 4204 3792 4252 ei

2268 4290 2474 4346 sororis
2503 4290 2898 4352 detractionem
2944 4299 3264 4355 sustinens?
3297 4299 3494 4357 Veniat
3532 4301 3676 4356 etiarn
3710 4295 3793 4359 ille.

2268 4393 2430 4449 quem
2455 4395 2715 4440 accusare
2748 4386 3306 4460 nemojuste‘potcst,
3339 4404 3674 4448 conversatus
3708 4387 3792 4444 sine

2269 4471 2491 4540 querela
2530 4474 2599 4530 ab
2626 4475 2994 4534 adolescentia
3022 4495 3202 4550 usque
3226 4485 3294 4538 ad
3320 4499 3507 4548 canos,
3536 4483 3617 4554 qui
3639 4475 3792 4552 grande

585 4570 809 4628 prorsus
837 4555 1074 4629 peccati,
1105 4555 1370 4626 processit
1405 4568 1471 4610 ex
1510 4556 1702 4614 matris
1727 4557 1965 4627 Virginis
1989 4567 2166 4627 utero,
2200 4581 2246 4637 η
2271 4577 2329 4617 se
2351 4564 2593 4633 peccavit
2623 4576 2908 4637 peccatum
2941 4571 3305 4640 committere,
3336 4575 3382 4629 si
3435 4591 3537 4628 non
3581 4586 3667 4643 pro
3695 4564 3791 4634 deji-

582 4657 640 4704 et
669 4663 919 4720 magnant
953 4647 1189 4703 tolerans
1225 4646 1356 4703 dirae
1393 4647 1585 4704 mortis
1626 4648 1876 4720 agoniam
1911 4651 2165 4720 pependit

584 4741 639 4797 in
663 4740 830 4812 ligno,
856 4747 918 4802 ut
948 4740 1000 4796 id
1041 4739 1136 4796 tibi
1166 4740 1437 4811 possimus
1467 4738 1741 4811 explicare
1760 4780 1776 4808 ,
1819 4741 2040 4796 omnino
2061 4757 2166 4796 non

585 4846 872 4902 possumus
896 4830 1378 4902 comprehendere.
1417 4829 1532 4886 lloe
1556 4839 1736 4888 tamen
1772 4829 2161 4894 indubitanter,

586 4920 1232 4991 veraciter'promittente
1263 4919 1381 4992 ipso
1402 4919 1627 4986 scimus,
1653 4921 1798 4992 quod
1825 4921 1916 4977 ubi
1953 4931 2037 4977 est
2058 4920 2168 4990 ille,

587 5009 662 5063 ibi
711 5020 767 5064 et
817 5010 1068 5065 minister
1117 5009 1235 5079 ejus
1283 5011 1410 5068 erit.
1459 5009 1528 5066 Et
1574 5021 1660 5067 eat
1708 5010 1833 5081 ejus
1877 5011 2052 5068 oratio
2103 5013 2171 5066 ad

589 5089 827 5166 Patrem,
859 5099 1003 5154 hunc
1027 5098 1238 5158 habens
1269 5099 1488 5158 modum
1533 5117 1548 5156 :
1598 5098 1749 5167 Volo,
1777 5098 1961 5168 Pater,
1997 5111 2052 5156 ιιι
2083 5103 2173 5156 ubi

588 5205 683 5260 ego
709 5204 845 5253 sum,
877 5199 925 5243 et
967 5189 1048 5243 illi
1091 5191 1196 5246 sint
1234 5208 1472 5259 mecum;
1519 5200 1578 5247 ω
1613 5191 1820 5248 videant
1870 5193 2166 5249 claritatem

589 5298 760 5337 meam
797 5297 970 5353 quam.
993 5283 1183 5338 dedisti
1211 5285 1338 5340 mihi
1382 5286 1564 5358 (Joan.
1594 5302 1732 5358 xm,
1763 5287 1880 5361 24).
1903 5290 2175 5360 Appareat

591 5376 735 5435 inter
775 5376 891 5432 hare
922 5375 1002 5446 (ut
1033 5390 1064 5430 a
1104 5377 1282 5447 capite
1325 5379 1718 5438 descendamus
1761 5380 1834 5436 ad
1884 5381 2172 5453 membra),

591 5480 871 5544 appareat,
892 5472 1134 5543 inquam,
1165 5471 1393 5528 interna:
1414 5475 1868 5532 conside-rationis
1885 5477 2174 5535 tu:eoculis

589 5561 833 5634 Baptista
877 5561 1113 5619 Joannes
1147 5563 1324 5634 capite
1372 5573 1684 5633 truncatus;
1714 5566 1906 5624 Petrus
1949 5569 2176 5639 pedibus

592 5669 809 5711 sursum
838 5656 1060 5724 erectis,
1088 5664 1144 5714 et
1173 5657 1356 5727 capite
1403 5657 1659 5713 deorsum
1686 5661 1954 5730 pendente
1991 5662 2172 5717 cruci-

594 5746 765 5815 ﬁxus;
808 5745 1010 5806 Paulus
1033 5750 1349 5807 decollattts.
1388 5752 1666 5822 Appareat
1711 5751 1980 5818 Andreas,
2012 5753 2176 5812 biduo

595 5835 653 5894 'tu
677 5850 840 5894 cruce
867 5838 1082 5908 Vivens,
1119 5839 1354 5906 Iacobus
1394 5844 1610 5901 occisus
1639 5843 1837 5913 gladio,
1868 5844 2005 5899 alter
2046 5859 2174 5902 vero

2268 4653 2448 4712 ciente
2476 4671 2601 4713 eum
2629 4673 2663 4713 a
2690 4659 2996 4730 principatu
3020 4663 3218 4733 populo
3266 4664 3639 4722 intercederet.
3659 4658 3735 4727 Qui
3753 4662 3792 4708 ει

2271 4745 2459 4818 lugere
2522 4765 2630 4804 non
2683 4751 2918 4808 cessavit
2969 4768 3149 4825 regem
3199 4771 3232 4812 a
3275 4754 3388 4814 Deo
3411 4757 3686 4829 abiectum,
3722 4757 3791 4804 ωε

2271 4846 2400 4894 tunc
2447 4840 2666 4910 quidem
2705 4842 2924 4914 quando
2961 4859 3023 4900 se
3051 4845 3122 4901 ab
3152 4861 3219 4903 eo
3258 4847 3444 4904 timuit
3479 4841 3786 4902 occidendum-

2273 4925 2470 4982 Veniat
2499 4930 2852 4988 nihilominus
2881 4940 2936 4990 et
2979 4933 3071 4991 ille
3119 4937 3213 5008 qui
3263 4947 3648 5010 persecutorem
3678 4941 3790 4988 sum

2274 5017 2553 5076 humiliter
2581 5021 2718 5096 fugit
2745 5032 2804 5077 ttt
2833 5024 3153 5094 dominum;
3186 5035 3241 5083 et
3272 5043 3332 5096 se
3378 5023 3650 5083 ulciscendi
3673 5031 3790 5080 οων

2274 5107 2481 5164 sionem
2517 5115 2816 5184 accipiens,
2860 5125 2915 5170 et
2962 5117 3164 5185 locum,
3196 5135 3302 5175 non
3333 5116 3632 5191 recognovit
3655 5106 3789 5168 inimi-

2275 5218 2398 5260 cum
2426 5223 2439 5259 :
2469 5221 2630 5278 quem
2662 5210 2827 5264 etiam
2865 5209 3044 5267 ﬂendo
3083 5211 3293 5284 planxit
3338 5213 3600 5277 occisum,
3633 5213 3790 5264 ωωκ

2277 5307 2460 5354 tamen
2515 5315 2624 5356 non
2674 5301 2953 5373 ignoraret
2995 5304 3115 5376 ejus
3171 5304 3226 5360 in
3277 5319 3443 5375 regno
3489 5303 3788 5360 successorell

2274 5384 2540 5444 futurum.
2570 5390 2693 5462 Ipse
2722 5402 2804 5447 est
2827 5392 2916 5462 qui
2946 5393 3146 5464 pietate
3174 5405 3363 5465 pectus
3387 5395 3583 5450 habens
3603 5389 3787 5463 plcan

2274 5479 2607 5548 parricidam
2631 5481 2798 5539 illium
2828 5483 2989 5539 deflet
3007 5486 3332 5542 exstinctum
3364 5505 3381 5542 :
3408 5496 3463 5542 et
3491 5476 3720 5540 interdicit
3740 5480 3788 5523 ³⁸

2274 5568 2503 5627 feriatur
2549 5589 2740 5630 servus
2789 5575 3120 5633 maledicens
3163 5579 3234 5644 ei,
3281 5595 3398 5634 cum
3437 5579 3506 5634 sit
3550 5574 3611 5629 ab
3647 5581 3699 5624 eo
3729 5560 3785 5615 τίῐ

2275 5665 2624 5733 sanguinum,
2647 5666 2731 5720 vir
2749 5665 2915 5721 Belial
2949 5679 3194 5725 vocatus.
3207 5668 3273 5724 Et
3297 5678 3353 5725 ut
3381 5676 3582 5724 montes
3603 5672 3649 5716 et
3665 5650 3790 5712 00"“

2275 5755 2646 5813 trattsilientes
2681 5759 2994 5814 omittamus
3031 5762 3122 5832 (ne
3170 5762 3442 5818 fastidium
3496 5756 3582 5814 tibi
3621 5754 3785 5818 ίηιεη·

2273 5848 2437 5916 musl,
2479 5851 2611 5907 alios
2643 5851 2954 5909 innumeros
2991 5857 3136 5910 viros
3176 5854 3572 5918 misericordia.
3608 5843 3787 5915 (ιυοηιω
