3984 6420
179 418 290 474 διες

1315 403 1524 460 LIBER
1567 401 1652 456 DE
1693 395 2067 454 EXERCITIO
2101 395 2374 454 CELLIE.

3356 398 3478 458 846

176 532 411 605 iustitiae
437 530 767 586 oblivionem
790 543 894 584 non
929 532 1275 596 acceperunt,
1297 531 1352 577 et
1379 522 1576 575 saltum
1603 516 1771 571 facia-
1804 516 1850 572 Α
1878 515 2010 568 locis
2039 513 2142 568 sibi
2175 508 2609 582 competentibus
2632 518 2759 565 sunt
2784 509 3078 580 disposita;
3104 511 3291 584 sicque
3312 529 3472 570 crea-

180 639 312 680 mus
343 624 412 678 ad
438 629 604 691 caput
633 633 854 683 eorum;
886 617 994 673 scis
1044 615 1158 695 ipse
1188 614 1315 683 quia
1357 613 1520 667 homo
1560 617 1784 664 vocatus

178 725 270 772 est
321 731 512 778 vorax,
559 723 617 770 et
666 720 880 783 potator
930 709 1062 776 vini,
1108 708 1314 762 amicus
1342 712 1689 776 peccatorum
1729 708 1786 755 et

181 807 625 877 publicanorum,
673 814 730 859 et
769 801 1098 857 daemonium
1148 799 1350 854 habere
1398 796 1576 852 dictus
1600 799 1786 858 esl,et

183 898 567 954 Samaritanus
595 905 820 952 vocatus
848 910 860 947 :
893 903 1095 948 etcum
1121 895 1474 945 accusaretur
1501 899 1534 939 a
1566 881 1771 946 multis,

181 988 323 1045 nihil
355 986 670 1057 respondit;
703 984 796 1055 qui
823 992 878 1038 et
904 983 1046 1038 sicut
1073 995 1246 1050 agnus
1273 977 1341 1034 ad
1391 967 1799 1031 immolandum

182 1083 382 1139 ductus
402 1091 508 1146 est,
540 1088 597 1134 et
624 1092 731 1133 non
766 1075 981 1146 aperuit
1005 1089 1068 1129 os
1094 1088 1272 1128 suum.
1328 1069 1425 1125 llis
1465 1067 1784 1124 condimen-

184 1175 258 1231 tis
290 1175 472 1230 refove
509 1173 716 1228 viscera
745 1178 854 1234 tua,
886 1183 1009 1224 cum
1043 1164 1231 1222 lcthali
1263 1179 1327 1219 ea
1355 1176 1567 1218 veneno
1597 1158 1778 1214 studet

182 1266 564 1322 contaminare
595 1261 745 1334 pacis
791 1260 882 1316 ille
912 1259 1180 1323 turbator,
1214 1267 1266 1312 et
1299 1254 1521 1310 unitatis
1551 1251 1776 1316 divisor,

183 1361 280 1431 qui
320 1358 629 1413 fervescere
658 1355 792 1410 facit
818 1353 982 1409 ollam
1024 1351 1179 1422 quasi
1218 1349 1546 1421 profundum
1591 1359 1779 1411 mare;

183 1467 352 1507 omne
396 1449 628 1505 sublime
675 1447 885 1513 videns,
938 1453 994 1500 et
1042 1459 1139 1499 rex
1190 1456 1354 1512 super
1403 1453 1592 1496 omnes
1641 1436 1781 1493 ﬁlios

183 1542 462 1612 superbire
490 1540 755 1596 existens.
787 1537 901 1594 lloc
925 1537 1071 1592 enim
1099 1535 1317 1592 salubre
1358 1532 1454 1588 tibi
1486 1540 1547 1586 ut
1573 1529 1776 1595 facias;

185 1643 464 1706 quatenus
512 1632 734 1704 depulsa
777 1646 809 1685 a
857 1639 910 1685 te
958 1627 1172 1684 turbida
1209 1634 1266 1682 et
1317 1623 1631 1689 tenebrosa,
1677 1636 1783 1692 qua

184 1725 505 1795 cooperitur
535 1737 689 1778 mens
719 1729 832 1787 tua,
871 1720 1014 1775 nube
1041 1720 1170 1787 hac,
1197 1715 1470 1788 repareris
1497 1713 1701 1784 pariter
1727 1719 1784 1765 et

188 1817 475 1875 renoveris
513 1830 530 1870 :
575 1823 630 1870 et
653 1821 910 1886 surgente
935 1811 1063 1868 Iesu
1095 1811 1150 1866 in
1189 1810 1507 1870 tluctuante,
1535 1814 1590 1860 et
1619 1802 1784 1858 vacil-

187 1872 358 1975 lante,
412 1919 466 1965 et
492 1872 883 1978 ﬂuctibusvjam
913 1913 1192 1975 c00perta,
1229 1911 1392 1970 atque
1441 1895 1783 1969 periclitante
1810 1872 1859 1934 Β

189 2002 445 2058 navicula
477 2003 658 2058 cordis
687 2000 790 2065 tui,
829 2007 885 2054 et
913 1998 1217 2067 imperante
1248 1991 1604 2047 tentationum
1647 2002 1780 2042 ven-

189 2094 286 2161 tis,
333 2104 389 2148 et
415 2092 695 2161 profundae
736 2099 900 2159 atque
951 2085 1169 2142 tun-tida:
1207 2080 1589 2139 amaritudinis
1621 2077 1782 2143 mari,

191 2184 566 2254 tranquillitas
603 2198 800 2254 magna
833 2184 946 2236 fiat.

670 2291 1071 2350 CAPITULUM
1117 2288 1306 2345 XXVI.

189 2386 274 2443 De
299 2387 516 2456 septimo
547 2383 898 2456 meditationis
947 2382 1100 2456 modo
1127 2382 1218 2456 qui
1259 2379 1492 2456 stu-poris
1528 2377 1581 2431 in
1617 2385 1785 2456 mente

265 2449 567 2512 meditantis
593 2471 808 2508 causam
837 2453 1024 2523 gignit.
1051 2461 1099 2506 et
1127 2449 1516 2523 admirationis,
1548 2457 1611 2523 et_
1632 2450 1696 2523 de
1723 2463 1784 2523 _eo

263 2528 405 2597 quod
426 2543 519 2596 per
532 2543 593 2581 ea
621 2541 738 2596 qua:
757 2518 908 2593 faciti
921 2532 1042 2576 sunt
1063 2520 1384 2592 conspicitur
1402 2520 1508 2588 ipse
1523 2519 1612 2588 qui
1640 2518 1782 2586 fecit.

265 2617 458 2675 Modus
487 2633 617 2673 vero
663 2615 1030 2672 meditationis
1076 2628 1237 2684 quem
1268 2611 1499 2681 septimo
1539 2611 1659 2666 loco
1691 2623 1787 2678 po-

190 2708 426 2774 suimus,
457 2707 545 2762 ille
572 2716 656 2762 est
675 2705 769 2776 qui
800 2705 854 2759 in
881 2713 953 2768 te,
977 2703 1070 2773 qui
1091 2702 1366 2758 habitator
1386 2714 1446 2756 es
1467 2699 1638 2766 cellae,
1661 2714 1784 2754 cum

194 2799 252 2858 in
285 2814 353 2856 eo
396 2799 706 2869 aliquandiu
756 2795 1010 2858 moraris,
1064 2793 1303 2864 stuporis
1339 2806 1560 2847 causam
1605 2790 1782 2844 admi-

195 2872 396 2947 ἦὶἷιηιι
420 2899 475 2946 et
510 2888 907 2945 admirationis.
933 2886 1088 2942 llunc
1112 2885 1157 2940 si
1183 2884 1386 2940 habere
1415 2885 1468 2938 in
1498 2893 1550 2938 te
1568 2883 1786 2938 modum

197 2980 504 3043 desideras,
538 2986 749 3049 oportet
776 2985 835 3031 ut
865 2974 1144 3030 solitarius
1174 2975 1390 3039 sedens,
1420 2982 1476 3028 et
1503 2970 1786 3042 cogitatio-

195 3087 323 3128 nem
352 3080 499 3126 tuam
533 3083 725 3138 puram
769 3075 823 3122 et
850 3067 1123 3132 stabilem,
1152 3065 1221 3119 ab
1265 3065 1382 3134 ipso
1414 3063 1598 3118 mundi
1628 3077 1789 3118 exor—

196 3161 312 3227 dio,
343 3175 442 3230 per
489 3147 679 3214 aetates
717 3167 775 3214 et
816 3157 1196 3228 generationes
1226 3153 1581 3225 singulorum,
1616 3166 1789 3224 usque

194 3252 268 3308 ad
288 3253 393 3308 hoc
423 3261 634 3322 tempus
659 3251 715 3305 in
749 3265 857 3322 quo
885 3258 941 3303 tu
972 3263 1033 3304 es
1058 3247 1344 3318 perducas,
1376 3254 1432 3301 et
1470 3259 1590 3315 qua:
1621 3245 1674 3299 in
1704 3245 1785 3300 eis

196 3343 305 3401 illa:
347 3345 614 3399 universa:
655 3351 920 3399 creatura:
967 3339 1238 3405 conditor,
1288 3347 1452 3408 atque
1493 3337 1787 3408 dispositor

196 3435 468 3492 mirabilia
519 3435 861 3501 mirabiliter,
909 3433 1026 3503 ipse
1068 3431 1335 3487 mirabilis
1387 3441 1648 3501 operatus
1693 3429 1785 3495 sit,

198 3528 486 3600 dﬂigenter
535 3526 805 3583 attendas.
861 3523 1154 3580 Considera
1218 3521 1421 3592 absque
1467 3520 1789 3592 exceptione

196 3621 384 3693 aliqua
415 3622 599 3677 omnia
630 3636 749 3692 quae
781 3631 983 3692 praeter
1015 3618 1192 3690 ipsum
1231 3627 1360 3673 sunt
1402 3616 1470 3672 de
1521 3629 1627 3671 non
1667 3630 1790 3670 esse

198 3712 272 3769 ad
300 3726 422 3768 esse
451 3712 567 3782 ipso
589 3711 802 3766 volente
823 3709 1091 3780 prodiisse
1118 3715 1174 3764 et
1214 3706 1430 3763 venisse
1460 3721 1475 3761 :
1506 3706 1790 3777 ipsumque

199 3805 296 3877 qui
332 3805 542 3861 vivitjn
568 3814 831 3860 aeternum
863 3816 1076 3858 creasse
1098 3801 1279 3856 omnia
1299 3797 1460 3856 simul
1486 3816 1499 3854 :
1530 3809 1584 3855 et
1609 3811 1789 3854 tamen

199 3899 382 3969 primo
427 3895 672 3952 omnium
717 3903 956 3951 creatam
1006 3893 1224 3963 quidem
1277 3890 1626 3960 sapientiam;
1666 3903 1789 3944 cum

199 4004 373 4046 verax
415 4001 634 4059 quoque
681 3988 826 4044 dicat
871 3986 1150 4056 Scriptura
1199 3985 1373 4054 quia:
1427 3982 1496 4037 In
1534 3981 1790 4052 principio

201 4085 398 4139 creavit
422 4081 567 4138 Deus
592 4080 775 4136 coelum
807 4088 856 4134 et
884 4090 1076 4134 terram
1113 4074 1268 4147 (Gen.
1295 4091 1333 4141 ι,
1360 4075 1439 4145 1).
1473 4073 1579 4130 Sed
1609 4073 1664 4129 in
1707 4073 1791 4128 bis

202 4176 410 4232 nullam
471 4189 694 4246 prorsus
736 4186 858 4228 esse
902 4171 1343 4226 contrarietatem
1390 4177 1547 4238 putes
1593 4183 1609 4221 :
1659 4166 1790 4236 quin

200 4269 383 4342 potius
406 4268 547 4323 inter
575 4267 748 4338 ipsum
778 4263 1036 4336 temporis
1058 4261 1266 4318 initium
1299 4270 1355 4316 et
1380 4259 1790 4331 praerogativam

201 4361 517 4432 dignitatis,
573 4359 977 4415 distinctionem
1023 4355 1222 4412 factum
1279 4367 1562 4426 agnoscas.
1611 4351 1794 4420 Quan-

203 4465 322 4510 tum
374 4455 520 4510 enim
566 4455 633 4509 ad
672 4453 724 4508 id
758 4452 900 4522 quod
946 4452 1121 4522 primo
1150 4450 1270 4505 loco
1309 4448 1588 4519 posuimus
1627 4462 1640 4500 :
1685 4442 1790 4510 Qui

1887 614 2008 659 tura
2040 603 2268 660 visibilis
2289 615 2372 657 est
2416 602 2670 656 formata.
2695 598 2837 653 'Nam
2868 599 3042 670 prima
3074 601 3160 656 die
3205 601 3292 657 lux
3324 601 3471 659 facta

1885 704 1985 757 est,
2019 705 2075 750 ct
2106 710 2136 749 a
2167 694 2408 749 tenebris
2443 693 2635 748 divisa.
2668 691 2916 746 Secunda
2954 691 3040 746 die
3068 692 3472 750 firmamentum

1886 785 2028 838 inter
2059 798 2229 855 aquas
2260 784 2569 854 superiores
2594 780 2976 838 et‘iuferiores
3003 782 3261 836 locatum.
3288 783 3474 842 Tertia

1885 877 1971 931 die
1998 890 2150 944 aquae
2181 877 2233 932 in
2263 892 2427 930 unum
2459 876 2636 930 locum
2668 883 2796 930 sunt
2845 884 3216 946 congregatm,
3241 890 3474 944 quarum

1885 967 2335 1038 congregationes
2365 967 2534 1022 maria
2579 977 2705 1023 sunt
2735 963 3036 1036 appellata,"
3079 975 3134 1022 et
3165 975 3306 1021 terra
3358 983 3481 1036 gra-

1885 1059 2124 1114 minibus
2165 1067 2220 1112 et
2261 1057 2546 1112 arboribus
2592 1065 2676 1112 est
2717 1057 2930 1111 vestita.
2965 1055 3020 1109 ln
3055 1056 3227 1111 tribus
3258 1071 3480 1124 quoque

1887 1148 2346 1216 subsequentibus
2373 1147 2563 1202 diebus
2591 1147 2781 1202 ordine
2821 1146 3164 1202 convenienti
3204 1161 3476 1201 exornan-

1887 1249 1995 1294 tur.
2032 1238 2272 1294 Primum
2325 1239 2461 1292 fiunt
2503 1238 2822 1302 luminaria,
2862 1237 2966 1302 sol,
3015 1237 3140 1290 luna
3186 1245 3241 1303 et
3280 1237 3473 1291 stellae.

1885 1330 1981 1404 Die
2009 1330 2196 1400 quinta
2243 1329 2380 1383 [lunt
2411 1330 2592 1398 pisces
2622 1337 2678 1384 ct
2714 1329 2976 1383 volatilia.
3007 1327 3075 1382 Et
3096 1339 3249 1384 sexta
3285 1344 3480 1398 repert-

1884 1422 1980 1488 tia,
2015 1423 2260 1493 jumenta
2284 1437 2348 1478 ac
2376 1421 2561 1478 bestiae
2589 1429 2778 1486 terrae;
2804 1421 2859 1474 et
2881 1420 2993 1489 ipse
3021 1421 3208 1483 homo,
3231 1422 3476 1476 omnium

1883 1512 2178 1568 visibilium
2219 1511 2471 1568 dominus
2521 1509 2754 1564 iuturus.
2797 1509 2852 1563 In
2896 1508 3136 1564 Sabbato
3183 1525 3335 1576 vero,
3387 1510 3478 1564 die

1887 1605 2143 1661 videlicet
2174 1608 2405 1676 septimo
2433 1605 2632 1661 dicitur
2657 1603 2946 1672 quievisse,
2969 1603 3094 1674 quia
3123 1605 3257 1660 nihil
3281 1605 3482 1678 legitur

1892 1697 1947 1752 in
1984 1713 2048 1752 eo
2079 1697 2296 1753 fecisse.
2327 1697 2514 1768 Itaque
2545 1696 2590 1751 si
2624 1696 2912 1765 diligenter
2941 1695 3081 1748 intra
3127 1702 3179 1748 te
3225 1696 3482 1752 conside-

1889 1797 2096 1853 raveris
2137 1795 2431 1852 informem
2476 1802 2743 1850 creatura:
2795 1805 3075 1862 corporeae
3124 1781 3499 1856 creationem,

1889 1888 1933 1943 si
1962 1896 2271 1943 creatorum
2319 1885 2731 1948 formationem,
2767 1882 3123 1937 formalornm
3169 1881 3482 1953 dispositio-

1889 1994 2044 2043 nem,
2072 1976 2232 2047 primi
2259 1977 2497 2032 hominis
2528 1975 2878 2037 creationem,
2912 1972 3332 2039 institutionem,
3359 1981 3482 2044 post

1889 2072 2094 2140 lapsum
2136 2068 2560 2140 reparationem,
2588 2075 2646 2122 et
2675 2083 2771 2122 sex
2800 2076 3020 2122 zelatum
3051 2074 3279 2122 eventus
3303 2064 3392 2134 qui
3426 2063 3482 2118 in

1887 2161 1967 2215 cis
2013 2160 2382 2230 contigerunt,
2409 2170 2663 2230 putamus
2701 2157 2843 2228 quod
2889 2157 3129 2228 stuporis
3174 2155 3271 2209 tibi
3316 2170 3482 2211 causa

1889 2267 1994 2306 non
2025 2251 2196 2305 deerit
2225 2259 2280 2304 ct
2317 2249 2714 2304 admirationis.
2745 2248 2894 2305 later
2923 2248 3038 2303 lucc
3086 2248 3139 2302 in
3179 2247 3292 2317 ipsa
3325 2260 3480 2300 men-

1890 2343 1958 2398 tis
1987 2352 2090 2397 tuac
2126 2341 2481 2397 meditatione
2508 2350 2697 2413 tange,
2741 2349 2796 2396 et
2844 2337 2991 2394 andi.
3032 2337 3207 2394 Ilabet
3251 2352 3485 2407 namque

1889 2439 2003 2507 ipsa
2037 2453 2189 2494 mens
2218 2448 2307 2492 tua
2334 2437 2624 2507 quemdam
2661 2445 2888 2501 tactum,
2917 2433 3082 2492 habet
3113 2443 3169 2488 et
3192 2431 3484 2502 quemdam

1888 2529 2165 2593 auditum;
2207 2528 2302 2583 sed
2351 2537 2642 2598 utrumque
2680 2526 3054 2598 spiritualcm,
3100 2525 3226 2595 quia
3265 2534 3320 2578 et
3367 2510 3485 2593 ipsa

1889 2633 2042 2672 mens
2073 2616 2299 2687 Spiritus
2330 2626 2435 2672 est.
2468 2616 2759 2688 Contingat
2796 2617 2981 2686 itaque
3021 2625 3198 2672 tactus
3227 2614 3343 2684 ejus
3371 2614 3485 2684 spi-

1891 2709 2102 2763 ritualis
2130 2709 2231 2763 tria
2257 2725 2378 2779 qua:
2410 2708 2596 2764 insunt
2633 2709 2924 2764 creaturis.
2955 2708 3197 2763 Primum
3225 2715 3310 2762 est
3341 2705 3485 2775 quod

1888 2816 1953 2855 ex
1985 2815 2044 2856 se
2080 2814 2095 2854 :
2149 2801 2446 2855 secundum
2497 2800 2640 2870 quod
2670 2816 2734 2856 ex
2777 2809 3025 2855 creatore
3056 2817 3069 2852 :
3103 2798 3320 2854 tertium
3355 2813 3484 2852 vero

1890 2889 2146 2944 bifarium
2175 2900 2280 2958 est,
2328 2891 2491 2962 digno
2537 2891 2732 2947 merito
2759 2891 3091 2960 condignum
3125 2890 3356 2946 reddens
3389 2890 3487 2944 stic

1889 2980 2188 3052 pendium;
2237 2979 2320 3035 vel
2365 2991 2425 3035 ut
2461 2980 2715 3051 justitiae,
2750 2981 2952 3046 vitam;
3000 2979 3087 3035 vel
3132 2989 3190 3034 ut
3232 2979 3487 3047 nequitias

1890 3079 2147 3124 mortem.
2187 3069 2242 3124 ln
2276 3069 2452 3139 primo
2505 3077 2852 3141 contemptus
2893 3069 3107 3139 cperis;
3143 3069 3196 3123 in
3245 3069 3487 3124 secundo

1893 3161 2062 3232 gloria
2090 3161 2429 3228 conditoris;
2463 3161 2514 3214 in
2552 3161 2709 3216 tertio
2735 3158 3104 3215 famulationis
3136 3158 3484 3223 beneﬁcium,

1892 3253 2284 3310 admonitionis
2340 3251 2662 3320 consilium,
2713 3251 3083 3307 damnationis
3135 3250 3484 3322 supplicium.

1891 3346 2094 3402 llorum
2143 3346 2332 3416 itaque
2385 3343 2550 3400 trium
2609 3344 2846 3416 primum
2892 3344 3113 3414 quidem
3165 3341 3484 3409 auxiliatur,

1890 3435 2189 3493 secundum
2233 3434 2574 3502 exhortatur,
2621 3435 2855 3492 .tertium
2905 3434 3289 3491 comminatur.
3340 3433 3488 3488 Inter

1891 3529 2004 3585 lucc
2027 3529 2248 3584 accedat
2279 3538 2456 3584 tactus
2487 3536 2613 3584 tuus
2643 3528 2948 3599 spiritualis
2978 3527 3046 3582 ad
3098 3528 3202 3583 tria
3245 3528 3486 3584 visibilia

1892 3621 2188 3679 visibilium
2221 3629 2622 3688 creaturarum,
2661 3630 2716 3677 et
2744 3622 2977 3692 primum
3003 3621 3225 3692 quidem
3253 3621 3487 3676 immen~

1892 3715 2028 3771 sitas
2050 3722 2156 3782 est,
2185 3713 2499 3770 formositas
2534 3713 2857 3779 secundum,
2901 3712 3109 3768 utilitas
3153 3713 3394 3769 tertium.
3426 3712 3484 3766 ln

1893 3807 2070 3878 prima
2123 3805 2324 3875 reperit
2354 3814 2530 3861 tactus
2575 3805 2678 3860 iste
2706 3803 3008 3874 spiritualis
3042 3801 3482 3868 admirationem,

1893 3900 1946 3955 in
1994 3899 2231 3955 secunda
2281 3897 2748 3968 approbationem,
2800 3897 2854 3954 in
2893 3896 3056 3952 tertia
3093 3893 3484 3950 revelationem

1895 3987 2054 4064 lPar.
2097 3987 2530 4061 relevationem].
2572 3988 2708 4043 Nam
2735 4002 2929 4048 earum
2969 3985 3146 4058 prima
3186 3983 3486 4041 multitudi-

1895 4097 2018 4137 nem
2053 4091 2106 4137 et
2138 4081 2563 4151 magnitudinem
2589 4081 2838 4136 vendicat
2860 4079 2984 4146 sibi,
3014 4088 3172 4138 etest
3196 4077 3486 4134 multitudo

1895 4175 1947 4230 in
1983 4174 2276 4240 similibus,
2304 4175 2356 4228 in
2399 4173 2746 4240 diversis,,in
2777 4171 3057 4247 permistis
3102 4188 3116 4225 :
3165 4169 3484 4240 magnitudo

1895 4281 2025 4322 vero
2053 4265 2106 4320 in
2153 4265 2317 4331 mole,
2350 4279 2469 4334 quae
2508 4273 2592 4320 est
2624 4264 2676 4317 in
2709 4277 2906 4328 massa,
2931 4271 3007 4320 ,et
3037 4261 3310 4332 pondere;
3343 4270 3398 4316 et
3430 4261 3485 4319 in

1893 4359 2089 4429 Spatio,
2118 4356 2262 4427 quod
2298 4364 2383 4410 est
2412 4354 2466 4409 in
2513 4354 2675 4425 longo
2697 4363 2753 4407 et
2787 4353 2918 4417 lato,
2963 4350 3234 4422 profundo
3259 4360 3314 4408 et
3349 4351 3483 4408 alto.

1895 4447 2258 4503 Multitudinis
2301 4459 2432 4500 vero
2486 4453 2650 4504 testes
2698 4451 2828 4499 sunt
2882 4443 3055 4498 stellae
3107 4441 3265 4508 cmli,
3315 4456 3485 4497 arena

201 4547 325 4601 vivit
359 4547 414 4600 in
435 4555 710 4609 wternum,
743 4543 936 4597 creavit
967 4541 1142 4595 omnia
1173 4538 1356 4604 simul,
1378 4547 1424 4592 et
1453 4538 1508 4591 in
1531 4535 1786 4606 principio
1819 4563 1871 4623 ο
1898 4538 2098 4602 maris,
2160 4545 2326 4607 gutta:
2370 4534 2674 4605 pluviarum
2697 4573 2713 4598 ,
2759 4533 2876 4589 dies
2929 4531 3273 4597 saeculorum,
3335 4533 3486 4587 horae

199 4638 398 4692 creavit
425 4636 564 4691 Deus
602 4634 789 4691 cwlum
817 4645 862 4688 et
886 4643 1080 4688 terram
1109 4629 1279 4701 (Eccl.
1308 4644 1462 4692 xvnl,
1496 4627 1566 4698 l).
1603 4625 1790 4693 Quan-

204 4740 318 4785 tum
345 4743 476 4784 vero
503 4729 570 4784 ad
598 4727 648 4783 id
680 4726 821 4798 quod
845 4726 1102 4789 secundo,
1129 4723 1304 4793 primo
1326 4720 1566 4776 omnium
1605 4725 1790 4772 creata

199 4825 287 4879 est
309 4821 598 4892 sapientia,
635 4835 755 4891 qua:
785 4827 869 4873 est
901 4816 1179 4872 rationalis
1229 4822 1500 4870 creatura.
1546 4808 1791 4866 Visibilis

199 4929 420 4986 quoque
451 4923 720 4976 creatura,
764 4912 997 4984 primum
1039 4910 1093 4964 in
1131 4908 1273 4971 rudi,
1314 4916 1369 4962 et
1393 4903 1790 4976 quodammodo

200 5006 426 5062 informi
448 5003 978 5076 apparuitmateria;
1006 5015 1127 5071 qua:
1168 4999 1234 5054 ad
1268 4997 1356 5053 illa
1387 5007 1620 5067 quatuor
1661 5010 1790 5065 per-

201 5098 341 5154 tinet
358 5098 651 5162 elementa,
682 5110 803 5166 quae
841 5101 988 5157 sunt,
1013 5091 1174 5162 ignis,
1216 5105 1331 5156 aer,
1363 5104 1503 5160 aqua
1531 5097 1588 5143 et
1609 5096 1789 5153 terra;

201 5188 400 5244 deinde
428 5202 525 5258 per
551 5184 833 5242 intervalla
859 5199 954 5239 sex
979 5183 1187 5238 dierum
1208 5181 1260 5235 in
1293 5179 1520 5234 formam
1547 5177 1784 5234 redacta.

201 5280 350 5336 Sane
381 5281 438 5336 in
485 5279 660 5335 tribus
703 5277 845 5333 banc
896 5275 962 5332 de
1011 5289 1118 5344 qua
1155 5273 1430 5344 loquimur
1474 5279 1786 5326 creaturam

201 5355 752 5444 comprehendimus;
783 5370 834 5423 in
863 5366 1078 5421 informi
1109 5365 1385 5421 creatione
1411 5377 1516 5418 non
1546 5360 1789 5415 existen-

203 5465 365 5532 tium,
398 5463 453 5520 in
496 5449 822 5518 formatione
865 5461 944 5514 sic
974 5468 1280 5514 creatorutn
1301 5497 1319 5525 ,
1352 5457 1404 5512 in
1435 5451 1789 5524 dispositione

200 5571 424 5628 quoque
450 5556 829 5611 formatorum.
861 5551 916 5606 ln
948 5552 1062 5620 ipso
1104 5550 1299 5620 quippe
1326 5548 1481 5603 initio
1509 5544 1785 5616 temporis,

201 5659 334 5702 ante
358 5652 572 5704 omnem
603 5647 766 5708 diem,
811 5645 865 5699 in
898 5643 1004 5699 illis
1031 5651 1265 5712 quatuor
1300 5638 1585 5695 elementis
1616 5635 1787 5691 infor-

201 5742 311 5799 mis
338 5749 394 5795 ct
425 5741 594 5804 rudis,
639 5739 706 5796 de
743 5753 851 5793 non
892 5751 1015 5792 esse
1055 5735 1123 5790 ad
1159 5748 1280 5789 esse
1309 5730 1508 5804 prodiit
1538 5727 1785 5785 materia.

205 5831 404 5890 Pestea
463 5830 634 5888 tribus
691 5826 1118 5902 praecedentibus
1170 5823 1360 5882 diebus
1410 5819 1676 5880 elementa
1730 5818 1785 5874 in

1895 4631 2127 4694 dierum,
2152 4634 2425 4681 momenta
2461 4625 2740 4688 horarum,
2771 4623 2862 4694 pili
2883 4623 3483 4691 animalium,gramina

1894 4732 2231 4788 camporum,
2259 4716 2383 4772 folia
2415 4715 2695 4781 arborum,
2736 4728 2977 4784 squama:
3005 4713 3267 4783 piscium,
3295 4727 3485 4782 pennas

1897 4809 2202 4872 volucrum,
2229 4815 2280 4862 et
2309 4804 2562 4859 universa
2585 4800 2917 4873 bujusmodi.
2948 4799 3332 4873 Magnitudinis
3351 4816 3484 4856 vero

1896 4907 2060 4954 testes
2089 4891 2238 4962 sunt,
2269 4895 2440 4952 moles
2483 4895 2746 4950 montium
2768 4932 2784 4958 ,
2817 4907 3056 4949 concava
3087 4891 3342 4956 vallium,
3374 4902 3486 4948 tra-

1893 4999 2013 5044 ctus
2052 4986 2359 5052 llutninum,
2409 4984 2636 5042 altitudo
2663 4982 2810 5049 cmli,
2850 4981 3080 5039 latitudo
3130 4991 3327 5049 terrae,
3357 5000 3483 5055 pro-

1895 5082 2117 5136 fundum
2159 5079 2380 5152 abyssi,
2413 5087 2466 5136 et
2508 5077 2924 5132 innumerabilia
2964 5077 3019 5135 in
3058 5078 3200 5139 buuc
3235 5079 3473 5138 modum,

1892 5176 2160 5242 Quantum
2185 5173 2252 5229 ad
2273 5187 2395 5238 nos,
2429 5185 2528 5226 nec
2554 5169 2642 5225 illa
2666 5185 2984 5236 numerum,
3013 5185 3113 5230 nec
3145 5169 3248 5226 ista
3279 5171 3480 5225 admit-

1894 5275 2014 5320 tunt
2059 5279 2391 5320 mensuram.
2429 5262 2595 5318 Porro
2643 5245 2954 5320 formositas
2997 5261 3348 5328 admiranda,
3385 5261 3470 5314 illa

1891 5369 2124 5429 quatuor
2176 5354 2632 5422 comprehendit}
2663 5354 2867 5420 situm,
2918 5363 3151 5419 motum,
3199 5353 3466 5423 speciem,

1890 5447 2230 5522 qualitatem.
2274 5445 2332 5502 lu
2378 5446 2483 5501 situ
2511 5446 2856 5515 compositio,
2908 5453 2963 5499 et
3010 5443 3316 5513 dispositio,
3357 5458 3477 5510 qua

1891 5540 1991 5600 sibi
2023 5537 2268 5594 vendicat
2297 5551 2408 5602 res,
2431 5535 2571 5602 loca,
2604 5545 2661 5590 et
2689 5544 2951 5605 tempora.
2987 5532 3160 5586 Motus
3187 5545 3315 5585 vero
3341 5547 3477 5599 qua-

1892 5629 2145 5686 drifarius
2169 5636 2282 5694 est;
2316 5626 2525 5694 localis,
2553 5629 2645 5697 qui
2684 5633 2768 5681 est
2810 5632 2939 5679 ante
2973 5629 3026 5676 et
3057 5631 3221 5685 retro,
3255 5635 3471 5680 sursum
3540 5679 3545 5684 ,

1890 5734 1943 5780 ct
1973 5726 2242 5792 deorsum,
2270 5723 2610 5780 dextrorsum
2642 5729 2697 5775 et
2721 5718 3114 5777 sinistrorsum,
3147 5724 3201 5770 et
3223 5716 3468 5783 circum;

1893 5820 2176 5890 naturalis,
2207 5824 2296 5898 qui
2329 5831 2487 5896 auget
2523 5828 2579 5876 et
2610 5815 2837 5884 minuit;
2873 5807 3140 5892 animalis,
3173 5808 3265 5884 qui
3309 5823 3472 5886 appe-
