3894 6298
533 367 642 424 817

1405 321 1724 427 GUIGONlS
1839 341 2258 422 CARTIIUSIE
2295 367 2586 424 MAIORIS
2621 368 2892 426 PRIORIS
3652 373 3724 428 Sal!

541 461 607 538 tit
641 489 698 537 et
736 482 936 548 sentit;
971 479 1268 550 rationalis,
1295 481 1386 551 qui
1432 481 1690 536 discernit
1716 488 1770 533 et
1799 479 1950 533 facit.
1975 476 2110 548 Spe-
2141 489 2184 536 Α
2214 481 2471 543 radicum,
2501 491 2552 535 et
2583 495 2914 552 quaesitique.
2937 490 3058 536 sunt
3105 481 3361 540 absconsa
3399 489 3454 534 et
3501 483 3732 551 improvisa,

536 575 678 632 ciem
710 588 929 643 quoque
951 573 1063 628 haec
1091 574 1326 642 quinque
1351 571 1653 626 mirabilem
1677 569 1912 624 clamant
1951 583 1966 622 :
1999 569 2108 622 for-

532 665 666 720 mosi
677 674 782 730 tas,
797 664 1127 730 delormitas,
1141 663 1464 726 immanitas,
1479 661 1734 731 parvitas,
1751 661 2110 728 raritas.Qua-

532 756 740 808 litatem
777 769 906 809 vero
929 753 1042 808 haec
1066 753 1304 822 quinque
1331 752 1634 808 mirabilem
1666 761 1936 814 asserunt,
1987 765 2106 822 qua:

2207 570 2389 624 didici.
2453 571 2700 626 Omnium
2755 574 2894 626 enim
2937 572 3132 640 artifex
3181 572 3363 626 docuit
3408 588 3490 626 me
3513 572 3728 642 Sapientis

2209 661 2362 736 (Sep.
2385 663 2700 732 vult-3|).
2721 662 2886 733 Igitur
2913 663 2958 718 si
2977 663 3093 718 hac
3115 663 3300 720 omnia
3327 663 3472 718 intra
3497 665 3726 736 tediligcn-

2207 768 2292 812 ter
2317 755 2696 818 ruminat-eris,
2717 754 2942 808 habebis
2961 754 3204 823 profecto
3235 755 3290 808 in
3323 754 3726 814 hacmeditatione

530 846 755 901 totidem
804 859 994 900 sensus
1050 843 1294 912 corporis
1331 850 1597 912 pascunt;
1654 843 1820 897 decor
1866 841 2074 897 colorum

2209 860 2302 904 tua
2327 847 2597 914 nonnihil,
2623 847 2764 904 unde
2783 847 3132 914 obstupescas
3159 855 3214 902 et
3245 846 3548 914 admireris.

529 933 841 988 demulcens
869 931 1142 1000 aspectum
1161 971 1176 996 ,
1204 929 1372 986 melos
1399 944 1654 984 sonorum
1685 930 1927 984 auditum
1948 970 1962 994 ,
1993 929 2105 983 fra-

527 1025 734 1098 grantia
762 1024 985 1078 odorum
1013 1021 1290 1088 olfactum,
1319 1022 1561 1076 suavitas
1582 1036 1836 1091 saporum
1865 1033 2102 1091 gustum,

525 1114 766 1182 aptitudo
791 1126 1074 1180 corporum
1109 1119 1330 1166 tactum.
1361 1111 1656 1168 Utilitatem
1693 1111 1910 1182 quidem
1949 1123 2102 1166 crea-

523 1213 766 1262 turarum
795 1203 910 1260 haec
925 1209 1156 1272 quatuor
1173 1210 1442 1260 exornant
1479 1219 1492 1255 :
1519 1202 1786 1272 aptitudo,
1807 1201 2098 1272 gratitude,

520 1293 808 1364 placitum,
841 1292 1159 1348 necessitas.
1213 1291 1328 1346 Non
1363 1301 1516 1362 potes
1552 1292 1736 1360 utique
1775 1305 1878 1348 non
1917 1290 2102 1345 obstu-

518 1399 738 1454 pescere
765 1395 820 1438 et
853 1384 1132 1446 admirari,
1159 1393 1214 1436 tu
1257 1383 1346 1452 qui
1381 1382 1652 1436 habitator
1681 1396 1741 1437 es
1769 1380 1936 1446 cellae,
1970 1387 2094 1435 cum

515 1475 632 1529 haec
663 1473 804 1528 intra
843 1481 893 1528 te
941 1472 1226 1541 diligenter
1275 1471 1482 1541 cogitas
1529 1479 1586 1528 et
1611 1469 1909 1525 meditaris.
1955 1469 2100 1524 Visi-

515 1565 702 1618 Lilinm
737 1579 970 1634 namque
993 1572 1048 1618 et
1076 1563 1410 1618 sensibilium
1439 1571 1806 1617 creaturarum
1847 1561 1940 1616 Dei
1973 1561 2098 1615 dili-

513 1641 646 1723 gens
671 1657 952 1725 inspectio,
983 1669 1174 1724 magna
1214 1663 1266 1710 et
1295 1654 1566 1724 pervalida
1601 1653 1700 1708 tibi
1725 1653 1830 1708 erit
1857 1653 2093 1708 admira-

2659 955 3057 1014 CAPITULUM
3108 956 3323 1012 XXVII.

2202 1070 2282 1126 De
2311 1071 2516 1125 uocibus
2553 1079 2600 1124 et
2634 1067 3012 1132 locationibus,
3053 1085 3184 1138 quas
3224 1067 3404 1122 anima
3439 1067 3726 1136 spiritualiter

2271 1142 2462 1196 audit:
2489 1148 2536 1193 et
2557 1138 2782 1208 qualiter
2801 1139 2980 1192 anima
3009 1139 3078 1191 ad
3101 1139 3382 1206 imaginem
3403 1138 3496 1191 Dei
3517 1139 3638 1206 facta
3657 1147 3722 1206 sit,

2273 1219 2496 1334 zthuem
2521 1219 2720 1332 mo‘mm
2746 1207 3020 1277 suscipiat,
3041 1218 3088 1262 et
3125 1210 3280 1278 cujus
3317 1217 3488 1270 motus
3517 1214 3726 1281 susceptis

2305 1295 2320 1332 ι
2347 1295 2390 1333 is
2427 1295 2532 1334 non
2557 1295 2600 1332 si
2629 1313 2646 1331 .

2271 1375 2510 1444 Tempus
2535 1381 2619 1427 est
2641 1355 2776 1442 jam,
2803 1378 2864 1426 ut
2891 1369 2957 1425 ad
2991 1369 3138 1424 illum
3173 1369 3500 1427 accedamus
3523 1354 3718 1430 octavum

2196 1465 2562 1522 meditationis
2599 1462 2840 1527 modum,
2878 1450 2986 1532 quo
3013 1457 3272 1526 diximus,
3311 1461 3366 1516 in
3397 1463 3570 1540 animo
3593 1455 3724 1520 medi;

2199 1558 2364 1612 tantis
2407 1571 2532 1625 quae
2571 1553 2872 1626 spiritualia
2925 1561 2982 1610 et
3029 1551 3320 1608 invisibilia
3371 1564 3498 1608 sunt
3543 1549 3723 1612 revolvi.

2195 1644 2320 1700 llaec
2345 1654 2546 1710 autem,
2574 1644 2640 1700 de
2671 1643 2864 1716 quibus
2893 1641 3035 1712 loqui
3065 1641 3442 1712 proponimus,
3473 1643 3718 1716 spiritualis

515 1746 677 1800 tionis
701 1761 858 1799 causa
889 1754 942 1800 et
971 1746 1202 1800 occasio.
1233 1744 1287 1801 in
1313 1743 1398 1802 eis
1428 1743 1473 1798 si
1517 1743 1730 1813 quidem
1763 1743 1877 1814 ipsa
1907 1744 2092 1800 invisi—
2122 1807 2161 1814 _
2194 1747 2251 1792 et
2291 1735 2602 1801 invisibilia.
2647 1736 2716 1790 ad
2749 1734 2986 1788 animam
3037 1733 3312 1804 pertinent
3356 1733 3648 1802 humanam,
3669 1739 3722 1794 ad

511 1839 636 1894 bilis
658 1837 924 1908 sapientia
969 1837 1364 1907 quodammodo
1411 1835 1647 1900 videtur,
1676 1851 1796 1906 quas
1836 1836 1887 1890 in
1916 1851 2092 1891 seme-
2121 1807 2166 1862 Β
2189 1836 2498 1882 creaturam
2545 1825 2868 1898 angelicam.
2908 1823 2980 1880 ad
3017 1835 3264 1878 naturam
3303 1825 3470 1880 etiam
3507 1825 3720 1884 divinam.

510 1925 646 1995 tipsa
682 1943 712 1980 a
745 1928 960 1982 nemine
983 1927 1144 1982 sicuti
1167 1935 1280 1990 est,
1316 1927 1370 1980 in
1398 1925 1680 1996 praesentis
1727 1925 1900 1979 exsilii
1929 1925 2086 1980 ecci-

507 2025 618 2077 tate
649 2017 817 2074 videri
865 2026 1061 2088 potest.
1103 2017 1240 2074 llinc
1292 2017 1420 2071 illud
1463 2025 1546 2072 est
1592 2017 1734 2086 quod
1761 2017 1978 2087 quidam
2019 2016 2089 2072 de

507 2107 785 2177 Sapientia
816 2107 951 2162 dixit
977 2125 990 2161 :
1023 2106 1089 2162 In
1120 2107 1214 2164 viis
1235 2107 1346 2160 suis
1375 2105 1598 2160 ostendit
1625 2121 1680 2160 se
1705 2105 1946 2160 hilariter
1977 2105 2086 2160 illis

505 2197 664 2269 (δίῳ.
691 2213 768 2260 vi,
797 2197 907 2267 Π).
951 2195 1062 2252 Via:
1089 2197 1376 2252 invisibilis
1404 2197 1715 2268 Sapientiae,
1761 2197 1929 2268 ipsius
1959 2205 2086 2252 sunt

504 2285 752 2340 visibiles
772 2296 827 2340 et
857 2285 1138 2341 sensibiles
1163 2296 1426 2341 creaturae
1461 2304 1477 2340 :
1513 2287 1568 2340 in
1609 2287 1807 2356 quibus
1843 2286 2085 2356 profecto

501 2374 608 2430 viis
633 2389 691 2428 se
714 2376 972 2440 ostendit,
995 2375 1122 2445 quia
1159 2379 1212 2430 in
1242 2375 1354 2430 suis
1373 2374 1525 2444 juxta
1553 2376 1838 2444 quemdam
1867 2377 2084 2430 modum

503 2467 760 2535 cperibns
773 2475 1027 2537 apparet;
1057 2481 1175 2537 quae
1199 2467 1250 2522 in
1277 2466 1564 2536 semetipsa
1591 2479 1691 2520 nos
1733 2465 1908 2522 adhuc
1931 2465 2078 2520 latet.

501 2556 569 2612 Et
599 2557 962 2612 benedictum
991 2567 1073 2612 est
1097 2556 1337 2612 hilariter
1375 2558 1500 2626 quia
1527 2543 1681 2627 quasi
1711 2556 1956 2624 quaedam
1986 2558 2083 2611 ad-

499 2646 718 2700 modum
764 2644 1094 2702 delectabilis
1140 2645 1418 2720 cujusdam
1444 2643 1794 2711 iucunditatis
1837 2645 2080 2701 hilaritas

498 2739 602 2796 est,
659 2732 710 2789 in
759 2733 1093 2802 inspectione
1139 2734 1350 2802 operis,
1393 2733 1530 2790 visio
1575 2733 1891 2789 conditoris.
1945 2735 2080 2790 Vide

497 2821 664 2893 igitur
711 2824 858 2882 intra
905 2834 956 2879 te
1007 2825 1060 2878 in
1111 2825 1460 2881 meditatione
1519 2833 1648 2893 tua,
1694 2833 1926 2894 quatuor
1974 2826 2077 2880 ista

494 2912 782 2980 elementa,
841 2924 895 2966 ct
931 2929 998 2970 ex
1049 2915 1128 2969 eis
1183 2915 1415 2970 formata
1465 2916 1765 2985 corporalia
1807 2917 2102 2976 universa..

495 3001 630 3058 Vide
645 3005 826 3058 omnia
843 3005 942 3060 sub
968 3013 1112 3059 terra
1143 3006 1405 3075 repentia,
1436 3005 1503 3062 de
1528 3015 1669 3061 terra
1693 3007 2073 3079 get-minantia,

491 3109 654 3161 super
688 3103 887 3149 terram
921 3097 1242 3167 gradientia,
1291 3098 1348 3158 in,
1377 3111 1502 3152 aere
1531 3097 1786 3164 volantia,
1819 3099 1873 3153 in
1921 3099 2075 3169 aquis

491 3183 766 3246 natantia,
797 3183 849 3237 in
896 3185 1236 3246 lb'tiiaiiietito
1287 3186 1520 3241 lucentia
1569 3203 1583 3241 :
1629 3197 1685 3242 et
1741 3203 2078 3257 quaecunque

489 3285 618 3328 sum
657 3291 686 3326 ει
731 3273 837 3327 Deo
882 3275 1182 3344 corporalia
1222 3286 1278 3334 et
1317 3277 1552 3332 visibilis
1596 3287 1810 3344 creata,
1843 3277 2070 3333 formata

487 3377 544 3422 et
571 3364 826 3435 diSposita
855 3385 868 3420 :
903 3375 958 3421 et
988 3368 1124 3424 scito
1170 3368 1270 3423 has
1296 3385 1416 3424 esse
1453 3371 1737 3428 invisibilis
1783 3371 2072 3440 Sapientiae

489 3458 626 3518 vias,
661 3459 937 3528 inquibus
980 3475 1038 3514 se
1078 3461 1176 3516 tibi
1223 3461 1472 3517 hilariter
1515 3465 1771 3519 ostendit.
1819 3463 1889 3519 Ut
1923 3467 2067 3519 enim

486 3549 776 3618 Apostolus
807 3551 882 3613 ait
919 3568 932 3605 :
971 3551 1267 3610 lnrisibilia
1295 3555 1481 3628 ipsius,
1513 3571 1546 3610 a
1577 3565 1820 3610 creatura
1859 3555 2066 3622 mundi,

482 3657 574 3710 per
602 3659 662 3696 ea
697 3653 816 3714 quia
838 3643 980 3714 facta
1009 3653 1149 3708 sunt,
1179 3644 1439 3700 intellecta
1468 3649 1860 3716 conspiciuntur
1889 3647 2070 3720 (Rom.

482 3745 520 3792 ι,
551 3731 662 3803 20).
697 3733 812 3787 Non
861 3743 1040 3789 autem
1079 3735 1184 3790 alia
1233 3743 1368 3791 sunt
1400 3737 1693 3794 invisibilia
1743 3737 1872 3802 Dei,
1923 3739 2065 3795 aliud

483 3823 598 3892 ipse
643 3823 826 3891 Deus;
874 3827 1002 3896 quia
1059 3826 1202 3904 quod
1252 3827 1448 3894 habet,
1486 3829 1591 3886 hoc
1637 3839 1745 3886 est.
1805 3829 1959 3886 Unde
2009 3838 2066 3887 et

479 3917 723 3986 adjnngit
747 3918 1032 3986 Apostolus
1058 3935 1073 3972 :
1100 3918 1429 3989 Sempiterna
1466 3935 1672 3990 quoque
1715 3922 1878 3976 uirtus
1914 3921 2060 3991 ejus,

477 4015 524 4058 et
549 4006 794 4064 divinitas
819 4019 838 4058 :
869 4015 926 4061 et
947 4005 1082 4061 nihil
1103 4015 1186 4062 est
1205 4008 1370 4074 aliud,
1389 4009 1504 4064 haec
1527 4009 1814 4068 invisibilia
1832 4009 1948 4074 Dei,
1966 4025 2064 4081 per

477 4111 540 4148 ea
573 4111 694 4166 qum
723 4096 862 4156 facta
904 4107 1031 4156 sunt
1070 4099 1338 4169 conspici,L
1389 4109 1554 4168 ‘quam
1603 4100 1778 4170 ipsum
1821 4099 2062 4156 invisibi-

481 4188 670 4246 bilium
703 4188 990 4255 factorem,
1012 4189 1066 4244 in
1093 4191 1159 4245 iis
1187 4206 1306 4260 quae
1331 4190 1528 4248 fecitet
1555 4205 1652 4260 per
1676 4207 1740 4248 ea
1769 4207 1888 4262 quae
1909 4192 2058 4260 fecit,

479 4278 888 4346 quodammodo
911 4279 1104 4334 videri.
1139 4279 1246 4334 Sed
1277 4281 1356 4336 sic
1401 4280 1652 4335 videntur
1683 4282 1844 4336 modo
1871 4281 2060 4338 invisi-

473 4369 504 4422 b
531 4369 602 4426 lia
632 4369 746 4426 lucc
775 4378 1024 4424 creatura
1070 4371 1288 4432 mundi;
1321 4371 1446 4439 quia
1481 4369 1688 4426 ratione
1713 4380 1870 4426 utens
1906 4388 2060 4428 crea-

2189 1915 2258 1970 Et
2281 1914 2496 1984 quidem
2523 1915 2592 1968 de
2619 1914 2703 1969 his
2730 1913 2922 1980 tribus,
2947 1912 3050 1968 hoc
3073 1921 3179 1980 est,
3203 1913 3274 1966 de
3304 1914 3483 1968 anima
3511 1909 3715 1978 humana,

2189 2007 2256 2062 de
2283 2005 2416 2075 ipsis
2444 2004 2670 2076 angelis,
2702 2012 2754 2058 et
2781 2004 2846 2058 de
2870 2004 2980 2058 Deo
3006 2002 3185 2072 aliqua
3218 2011 3453 2058 tractare
3483 2004 3532 2058 in
3559 2003 3632 2062 liis
3653 2021 3722 2060 cu-

2185 2095 2370 2165 pitulis
2410 2093 2652 2164 proxime
2687 2091 3158 2160 subsequentibus,
3195 2091 3254 2146 in
3287 2092 3556 2162 proposito
3587 2093 3715 2148 balte-

2185 2203 2327 2242 mus.
2361 2183 2442 2240 Tu
2473 2199 2623 2254 ergo,
2655 2183 2748 2254 qui
2784 2183 3057 2240 habitator
3085 2197 3144 2237 es
3179 2181 3349 2242 cellae,
3374 2190 3430 2236 et
3453 2182 3587 2236 solus
3609 2183 3716 2236 inea

2187 2275 2514 2340 consistens,
2549 2283 2606 2329 et
2650 2287 2756 2328 non
2798 2271 2970 2338 solus,
3017 2273 3071 2328 in
3111 2273 3306 2343 primis
3345 2275 3494 2342 erige
3530 2274 3646 2328 intra
3679 2283 3716 2327 te

2183 2366 2428 2422 auditum
2461 2365 2611 2420 illum
2653 2362 3008 2436 spiritualem,
3038 2379 3198 2434 quem
3239 2363 3490 2431 superius
3526 2363 3714 2418 diximus

2185 2455 2238 2512 in
2271 2457 2454 2512 anima
2491 2455 2702 2521 haberi,
2729 2464 2785 2509 et
2814 2455 3000 2510 audiat
3039 2454 3200 2509 trium
3237 2455 3520 2523 spirituum
3545 2470 3714 2512 vocent.

2181 2545 2398 2608 Primus
2429 2555 2614 2602 noster
2641 2555 2744 2609 est,
2773 2543 3048 2602 secundus
3085 2545 3382 2614 angelicas,
3419 2545 3594 2600 tertius
3617 2560 3714 2598 vero

2182 2640 2272 2697 ille
2298 2647 2382 2696 est
2407 2640 2502 2711 qui
2523 2639 2766 2694 condidit
2792 2639 2944 2695 istos.
2975 2639 3114 2694 Dicit
3142 2640 3286 2696 enim
3317 2641 3386 2696 de
3421 2640 3509 2694 illo
3537 2639 3716 2710 spiritu,

2179 2731 2270 2800 qui
2297 2729 2438 2786 Deus
2465 2739 2521 2785 et
2547 2732 2708 2786 homo
2732 2737 2815 2786 est
2857 2745 2874 2784 :
2920 2729 3152 2800 Spiritus
3179 2741 3256 2784 est
3279 2729 3426 2784 Deus
3473 2729 3635 2802 (Joan.
3655 2745 3712 2796 tr,

2177 2821 2292 2890 24).
2331 2820 2505 2876 Habet
2542 2827 2720 2875 autem
2769 2819 3142 2890 unusquisque
3189 2820 3422 2874 istorum
3469 2820 3714 2890 spirituum

2177 2927 2364 2968 vocem
2403 2926 2556 2970 suam
2575 2953 2588 2977 ,
2623 2920 2678 2968 et
2703 2925 3136 2984 unamquamque
3169 2912 3390 2983 quidem
3423 2921 3544 2968 tunc
3571 2921 3620 2967 tu
3643 2929 3722 2970 vos

2177 3017 2296 3058 cem
2335 3002 2510 3066 anulis,
2555 3017 2678 3056 cum
2725 3003 2800 3056 de
2830 3016 3151 3072 unaquaque
3199 3003 3484 3074 diligenter
3519 3021 3576 3059 ac
3611 3019 3716 3074 pure

2177 3093 2474 3150 meditaris.
2517 3091 2648 3160 Quae
2679 3092 2892 3146 illorum
2920 3107 3080 3148 voces
3107 3109 3230 3148 cum
3262 3095 3330 3148 ad
3359 3097 3720 3150 ﬁrmamentum

2173 3182 2512 3251 pertineant;
2553 3181 2726 3252 prima
2769 3182 2868 3237 sub
2899 3181 3035 3252 ipso,
3062 3186 3298 3238 secunda
3329 3184 3397 3239 de
3427 3185 3559 3255 ipso,
3587 3185 3716 3240 tertia

2173 3287 2334 3343 supra
2365 3273 2536 3342 ipsum
2566 3280 2649 3328 est
2683 3289 2700 3330 :.
2735 3281 2790 3328 et
2827 3273 2880 3326 in
2925 3272 3025 3327 hac
3069 3273 3295 3346 gradum
3337 3285 3594 3344 coguntur
3625 3275 3718 3334 ani-

2171 3363 2332 3418 malia
2366 3363 2550 3434 ligare,
2574 3372 2629 3418 et
2653 3365 2770 3419 alas
2797 3363 3132 3420 submittere.
3165 3361 3440 3434 Percipiat
3463 3366 3615 3422 etiam
3643 3381 3720 3418 au-

2169 3454 2314 3510 ditus
2341 3455 2462 3522 iste,
2489 3465 2544 3510 et
2565 3453 2746 3510 audiat
2771 3454 3018 3524 spiritum
3037 3455 3378 3522 .inereatum,
3405 3457 3503 3512 hos
3523 3463 3722 3527 quatuor

2167 3545 2528 3616 alloquentem
2551 3564 2566 3600 :
2587 3545 2838 3616 angelos,
2857 3554 3167 3603 sanctorum
3197 3548 3431 3614 animas,
3459 3547 3720 3614 diabolum,

2169 3637 2434 3696 homines.
2494 3637 2552 3692 In
2599 3637 2876 3693 locutione
2913 3635 3128 3707 prima,
3178 3637 3378 3696 infusio
3427 3647 3512 3694 est
3555 3637 3721 3694 divina:

2167 3729 2656 3784 animadversionis
2687 3745 2700 3782 :
2737 3729 2791 3783 in
2833 3727 3090 3790 secunda,
3144 3729 3411 3786 immissio
3441 3739 3724 3800 spontanee

2165 3821 2616 3889 exspectationis.
2667 3821 2848 3876 Tertia
2887 3836 3019 3878 vero
3047 3832 3282 3893 quatuor
3315 3823 3508 3894 recipit
3539 3821 3724 3880 modosi.

2163 3913 2378 3974 Primus
2421 3913 2846 3982 increpationem
2886 3916 3130 3972 continet
3165 3915 3445 3986 nequitiae,
3483 3915 3728 3971 secundus

2163 4003 2377 4060 laudem
2415 4003 2662 4076 justitize,
2711 4005 2904 4062 tertius
2957 4007 3271 4062 tentationis
3318 4005 3724 4070 concessionem,

2163 4105 2390 4166 quartus
2423 4111 2552 4150 vero
2579 4095 3022 4166 prohibitionem.
3075 4095 3134 4156 In
3166 4095 3382 4152 duobus
3404 4110 3532 4149 vero
3557 4093 3730 4148 distiuc

2161 4188 2343 4258 suitur
2368 4188 2594 4244 verbum
2626 4187 2776 4250 illud,
2807 4189 2950 4258 quod
2983 4186 3224 4257 Spiritus
3249 4189 3317 4244 de
3350 4201 3461 4257 quo
3501 4201 3634 4240 nunc
3659 4183 3724 4238 lo-

2159 4281 2399 4350 quitnur,
2449 4280 2726 4336 increatus
2772 4279 2927 4349 quasi
2979 4281 3112 4336 dicit
3165 4280 3233 4334 ad
3281 4281 3551 4336 homines.
3607 4273 3730 4332 ΙΙΙυὼ

2157 4384 2395 4438 namque
2424 4385 2521 4438 per
2555 4384 2640 4438 se,
2676 4380 2768 4424 aut
2810 4384 2904 4439 per
2937 4368 3232 4440 subiectam
3284 4367 3488 4423 format
3533 4373 3730 4422 creauh

473 4467 588 4510 tura
635 4458 858 4524 nobilis,
899 4460 1078 4514 anima
1131 4461 1388 4520 videlicet.
1433 4461 1706 4528 humana,
1746 4463 1846 4517 hoc
1892 4463 2051 4520 modo
2078 4476 2130 4536 ι)
2159 4476 2312 4528 ram;
2355 4475 2452 4530 per
2479 4470 2784 4516 creaturam
2816 4461 3067 4518 videlicet
3109 4460 3433 4532 angelicam,
3463 4459 3590 4515 etin
3617 4465 3726 4512 octo

469 4547 642 4604 adhuc
663 4551 944 4616 exsulans,
979 4551 1030 4606 in
1061 4551 1194 4624 ipsis
1233 4553 1536 4614 visibilibus
1565 4554 1884 4610 invisibilem
1921 4569 2056 4613 con-1
2156 4553 2340 4610 modis.
2361 4553 2630 4622 reperitur
2655 4569 2670 4612 :
2695 4568 2822 4612 nam
2851 4552 3120 4610 formatur
3145 4551 3345 4618 verbis.
3375 4551 3558 4619 rebus,
3582 4546 3730 4608 simul

465 4639 646 4708 spicit,
667 4651 720 4695 et
747 4641 798 4695 in
822 4641 982 4700 factis
1007 4643 1231 4699 factoris
1255 4645 1500 4699 notitiam
1515 4645 1891 4716 apprehendit.
1913 4645 2050 4707 Nam

464 4741 718 4790 creatura
770 4732 896 4790 costi
933 4733 1078 4804 (ipsa
1126 4743 1212 4792 est
1259 4735 1526 4804 angelica)
1568 4750 1674 4790 non
1727 4736 1828 4798 hoc
1873 4735 2004 4800 facit
2034 4757 2054 4798 ε,

469 4824 748 4878 non-enim
773 4823 979 4894 indiget
1007 4825 1060 4878 in
1094 4831 1350 4880 creatura
1378 4825 1564 4882 videre
1597 4838 1900 4883 creatorem
1930 4845 2052 4900 quas

464 4914 644 4981 ipsum
684 4914 1060 4972 indesinenter
1089 4915 1239 4971 videt
1279 4915 1332 4970 in
1379 4917 1580 4986 seipse.
1631 4918 1710 4974 Tu
1751 4929 1930 4975 autem
1957 4922 2050 4990 qui

463 5009 562 5060 hac
593 5007 822 5064 necdum
863 5015 1058 5078 potes;
1083 5007 1304 5064 interim
1332 5023 1454 5065 eum
1485 5011 1576 5080 qui
1624 5010 1755 5068 fecit
1797 5013 2051 5084 conspiee

459 5099 514 5151 in
551 5097 760 5168 iisquae
788 5097 936 5153 fecit.
959 5099 1050 5154 Ait
1077 5100 1296 5170 quidam
1324 5119 1339 5154 :
1377 5099 1501 5172 Ipse
1523 5103 1666 5162 dedit
1697 5105 1826 5158 mihi
1863 5103 2050 5162 horum

451 5205 576 5258 quae
631 5201 752 5245 sunt
789 5193 1059 5248 scientiam
1099 5209 1312 5262 ueram,
1337 5205 1394 5250 ut
1441 5196 1610 5256 sciam
1655 5197 2050 5267 dispositionem

453 5283 597 5338 orbis
631 5292 948 5350 terrarum;
975 5296 1024 5340 et
1067 5287 1282 5343 uirtutes
1319 5287 1698 5358 elementorum
1727 5289 1952 5343 initium
1999 5300 2049 5344 et

459 5379 979 5446 consummationem,
1007 5389 1056 5435 et
1085 5382 1416 5436 medietatem
1444 5389 1761 5451 temporum,
1787 5383 2048 5437 uicissitu-

455 5469 640 5524 dinum
697 5471 1107 5537 permutationes
1143 5481 1195 5525 et
1243 5471 1676 5526 commutationes
1723 5482 2044 5543 temporum,

455 5563 583 5616 anni
605 5579 788 5618 cursus
815 5573 862 5618 et
891 5563 1167 5617 stellarum
1179 5561 1576 5632 dispositiones;
1599 5573 1814 5620 naturas
1843 5564 2049 5618 anima-

455 5653 581 5704 lium
603 5661 652 5708 ιι
691 5653 800 5708 iras
827 5655 1136 5720 bestiarum,
1167 5653 1304 5709 viam
1331 5661 1600 5706 ventorum
1626 5665 1673 5707 et
1707 5637 2046 5725 cogitationes

454 5743 752 5812 (textrinum,
805 5758 852 5799 et
905 5746 1231 5822 diferentias
1279 5742 1656 5816 virgultorum,
1689 5757 1768 5814 _et
1829 5747 2044 5801 uirtutes

2153 4644 2336 4704 verbis
2363 4653 2416 4698 et
2444 4645 2635 4712 rebus,
2664 4643 2992 4714 imaginibus
3040 4645 3220 4700 cordis
3269 4643 3446 4699 oculis
3487 4641 3728 4706 ostensis,

2155 4735 2486 4808 imaginibus
2521 4744 2574 4790 et
2617 4745 2742 4794 ante
2779 4751 3074 4806 corporeus
3110 4735 3297 4792 oculos
3336 4736 3404 4790 ad
3439 4745 3642 4806 tempus
3667 4747 3726 4786 ex

2153 4843 2282 4883 aere
2333 4827 2662 4897 assumptis,
2722 4825 3036 4884 ccclestibus
3084 4827 3448 4896 substantiis,
3493 4823 3724 4890 terrenis,

2151 4919 2312 4975 simul
2350 4919 2662 4978 cmlestibus
2692 4928 2748 4976 et
2775 4920 3025 4976 terrenis.
3063 4915 3170 4974 Sed
3215 4919 3268 4974 in
3303 4921 3450 4990 quod
3481 4918 3724 4974 formetur

2153 5008 2241 5064 illa
2277 5024 2398 5088 quas
2437 5025 2536 5079 per
2568 5025 2629 5066 se
2667 5018 2782 5076 est,
2824 5009 3079 5064 animalis
3128 5009 3304 5064 homo
3337 5024 3446 5068 non
3491 5005 3724 5080 percipit.

2152 5101 2296 5160 Sane
2325 5102 2426 5157 hoc
2457 5102 2642 5156 tandiu
2679 5102 2810 5158 latet
2847 5101 3202 5166 intellecwm,
3233 5100 3474 5170 quandiu
3502 5107 3557 5153 ct
3579 5109 3726 5167 expe-

2151 5194 2462 5252 rimentum.
2491 5193 2640 5252 Illum
2667 5195 2847 5250 adhuc
2874 5195 2964 5265 qui
2990 5194 3071 5250 eis
3097 5193 3357 5264 loquitur,
3381 5193 3486 5248 hos
3511 5200 3727 5262 quatuor

2149 5287 2300 5341 audit
2321 5286 2684 5356 alloquentes.
2709 5283 2864 5340 Modo
2887 5301 2994 5340 uno
3025 5283 3264 5355 angelos,
3287 5293 3344 5342 et
3361 5283 3573 5340 anitnas
3597 5293 3722 5334 uno:

2150 5377 2306 5444 illos,
2353 5378 2956 5450 ineomprehensibilem
3008 5378 3305 5434 divinitatis
3359 5375 3722 5432 inlinalitatem

2148 5469 2668 5526 admirandutislas
2709 5485 2840 5528 vero
2889 5469 3177 5526 vindictam
3226 5470 3512 5541 sanguinis
3549 5475 3721 5534 exspe-

2147 5563 2363 5618 ctando.
2398 5562 2678 5619 Diabolum
2707 5563 2880 5620 tribus
2907 5563 3102 5632 modis,
3127 5572 3182 5618 et
3211 5564 3438 5620 totidem
3471 5563 3724 5618 homines.

2145 5650 2332 5717 Illum,
2385 5653 2648 5708 malitiam
2697 5652 2876 5708 celare
2919 5668 3026 5708 non
3073 5653 3322 5720 volendo,
3371 5649 3720 5708 innocentiam

2147 5743 2354 5821 injuste
2387 5747 2726 5816 accusando,
2757 5755 2812 5803 et
2845 5761 2965 5808 eam
3001 5749 3070 5806 ad
3109 5747 3428 5808 tentandum
3471 5741 3724 5802 malitiose

2717 5919 2784 5931 ο-ς-ι-
