3984 6424
207 463 317 520 849

1346 459 1546 517 LIBER
1589 461 1675 518 DE
1711 455 2082 516 EXERCITIO
2118 455 2387 514 CELLIE.

3374 458 3484 518 850

209 576 551 649 expetendo:
577 574 826 631 homines
853 587 1088 646 quoque,
1118 575 1392 646 precando
1418 575 1634 632 veniam
1663 589 1795 646 pecu
1823 575 1871 635 Α
1897 573 2254 629 variationem
2276 611 2291 636 ,
2329 570 2456 641 quia
2497 571 2771 626 mutabilis
2806 581 2910 628 est.
2955 571 3052 628 Est
3084 583 3266 630 autem
3303 585 3483 636 motus

211 678 485 733 calorum,
514 665 748 739 gratiam
788 665 1131 734 meritorum,
1161 665 1387 738 gloriam
1426 665 1794 736 praemiorum.

212 757 354 831 Lege
404 757 733 824 secundum,
783 765 840 813 et
913 758 1238 829 vigesimum
1299 765 1550 814 octavum
1600 757 1796 812 librum

210 845 493 906 Horalium
541 849 690 906 beati
732 847 1019 924 Gregorii;
1077 851 1131 906 in
1182 851 1263 908 eis
1307 851 1578 916 invenies,
1635 865 1795 920 quam

161 939 494 1012 [profunda
535 954 808 1009 quamque
839 940 1006 996 nitide
1044 940 1184 996 idem
1210 940 1297 996 vir
1323 940 1392 996 de
1415 940 1500 995 his
1532 939 1784 1005 disserat,

207 1044 370 1099 quem
401 1030 542 1086 inter
568 1038 796 1086 caeteros
823 1040 1043 1088 constat
1079 1029 1248 1088 fuisse
1282 1032 1533 1088 doctores
1564 1040 1622 1089 et
1648 1032 1798 1105 inge-

207 1121 302 1176 nio
328 1130 568 1188 acutum,
599 1131 654 1178 et
683 1123 736 1177 in
764 1122 978 1193 eloquio
1005 1125 1281 1181 decorum.
1320 1124 1459 1181 Vide
1491 1124 1633 1180 inter
1657 1126 1793 1195 haec,

207 1211 262 1266 in
312 1211 429 1282 ipsa
476 1213 826 1270 meditatione
870 1224 964 1269 tua
1013 1215 1250 1284 interna,
1297 1216 1441 1286 quod
1479 1232 1548 1273 ex
1586 1217 1796 1276 duabus

206 1301 528 1358 substantiis
570 1303 732 1358 homo
775 1304 955 1362 l‘actus
991 1314 1102 1372 est;
1136 1322 1245 1362 una
1286 1321 1572 1378 corporea,
1617 1307 1796 1364 incor-

207 1408 375 1462 porea
405 1393 596 1449 altera.
644 1393 702 1450 In
731 1408 992 1466 quantum
1030 1400 1111 1469 (ut
1136 1409 1263 1455 ante
1289 1413 1387 1455 nos
1411 1398 1568 1470 longe
1591 1399 1795 1457 dictum

202 1484 317 1556 est)
347 1500 412 1540 ex
445 1501 707 1557 corporea
738 1497 842 1553 est,
871 1503 997 1544 cum
1039 1491 1254 1547 caeteris
1293 1489 1616 1545 animalibus
1643 1505 1794 1546 com-

202 1579 388 1634 munis
421 1589 628 1635 naturae
653 1581 816 1636 habet
847 1581 1316 1653 participationem
1343 1603 1357 1639 :
1383 1583 1476 1638 sed
1519 1583 1575 1638 In
1604 1583 1793 1638 formae

201 1670 626 1740 compositione,
655 1671 722 1727 ad
749 1671 854 1727 alia
895 1673 1150 1729 animalia
1197 1671 1557 1730 differentiam
1605 1673 1788 1730 habet.

202 1761 345 1818 Nam
387 1761 476 1816 illa
519 1762 752 1818 formam
790 1765 859 1819 ad
899 1773 1097 1820 terram
1141 1763 1344 1821 habent
1384 1764 1698 1821 inclinatam
1738 1773 1794 1820 et

199 1868 434 1924 pronam
463 1871 475 1908 :
501 1868 608 1924 quo
655 1855 1018 1928 signiﬁcatur,
1061 1865 1260 1926 praeter
1305 1872 1368 1913 ea
1407 1871 1526 1928 quae
1575 1866 1791 1913 terrena
1823 1919 1840 1928 __

201 1923 358 2008 sunt,
400 1943 471 1998 ab
509 1923 589 2000 eis
626 1923 771 2000 nulla
813 1961 934 2004 esse
980 1923 1304 2018 appetenda.
1367 1923 1611 2006 Ilominis
1659 1965 1791 2006 vero
1821 1923 1866 1985 Β

199 2035 381 2090 forma
409 2037 463 2092 in
491 2028 660 2093 altum
691 2038 938 2112 erigitur,
968 2051 1023 2097 et
1047 2058 1260 2098 sursum
1294 2043 1575 2108 elevatur;
1615 2046 1708 2116 qui
1738 2055 1794 2102 et

199 2137 408 2196 praeter
452 2139 647 2184 caetera
694 2133 994 2188 animantia
1039 2130 1229 2208 [Par.,
1258 2135 1536 2210 animalia]
1583 2146 1791 2194 rectum

198 2217 374 2273 habet
419 2219 712 2288 incessum,
749 2233 804 2279 et
841 2225 908 2280 ad
946 2240 1179 2296 superna
1225 2237 1527 2298 aspectum.
1575 2230 1692 2298 Quo
1724 2231 1792 2288 Ii-

196 2313 373 2384 quide
414 2315 741 2383 declaratur,
783 2327 837 2372 et
871 2334 996 2375 eum
1036 2337 1158 2391 quas
1184 2337 1399 2378 sursum
1431 2335 1556 2381 sunt
1597 2342 1792 2397 sapere

197 2403 431 2473 debere,
463 2415 518 2463 et
549 2417 662 2465 tota
704 2412 899 2466 mentis
940 2411 1240 2470 intentione
1277 2413 1403 2470 illuc
1451 2419 1671 2474 tendere
1699 2419 1792 2475 ubi

197 2491 458 2589 Christus
480 2495 630 2552 sedet
656 2497 709 2552 in
736 2499 954 2555 dextera
977 2501 1071 2558 Dei
1092 2501 1290 2559 Patris.
1315 2501 1469 2562 Unde
1493 2516 1548 2562 et
1573 2508 1808 2589 quidam.

197 2591 318 2637 ait:

269 2672 562 2746 Pronaque
584 2695 701 2732 cum
730 2690 956 2749 spectent
984 2683 1236 2739 animalia
1265 2695 1455 2741 caztera
1484 2696 1700 2756 teriam,

271 2765 357 2856 (ξε
383 2766 580 2822 homini
606 2769 826 2826 sublime
847 2773 1009 2839 dedit,
1034 2775 1319 2848 coelumque
1341 2780 1514 2836 videre
1536 2779 1718 2856 [tueri]

265 2855 470 2923 Iussit,
498 2869 546 2913 et
573 2872 770 2917 erectos
797 2865 867 2918 ad
889 2866 1063 2920 sidera
1099 2867 1280 2923 tollere
1311 2870 1502 2927 vultus.

921 2957 1122 3028 (OVID.,
1157 2959 1401 3028 Metam,
1435 2965 1469 3018 1.
1501 2979 1542 3029 ι,
1569 2963 1682 3035 84.)

270 3035 375 3092 Sic
404 3052 535 3108 ergo
562 3038 722 3097 homo
750 3057 816 3097 ex
845 3047 1091 3116 corporis
1129 3047 1304 3104 forma
1345 3052 1691 3120 admonetur,
1736 3054 1789 3108 in

197 3129 452 3198 appetitu
511 3129 777 3187 bonorum
831 3149 862 3190 a
907 3137 1121 3194 caneris
1174 3137 1391 3196 differre
1445 3144 1792 3213 animalibus,

197 3233 520 3289 quanquam
570 3236 690 3277 cum
717 3223 796 3280 eis
821 3228 1065 3296 corporis
1094 3243 1433 3287 communem
1465 3232 1662 3290 habeat
1690 3253 1789 3292 na-

201 3317 414 3368 turam.
437 3311 505 3366 At
529 3314 823 3370 secundum
854 3318 1111 3386 animam,
1138 3335 1259 3375 cum
1283 3323 1403 3379 aliis
1429 3325 1796 3385 animantibus

198 3416 311 3456 non
335 3403 520 3458 habet
556 3405 899 3476 proprietatis
945 3413 1400 3470 communionem.
1451 3415 1525 3471 Ea
1561 3433 1794 3489 namque

199 3490 316 3545 sola
371 3492 442 3545 ad
491 3492 782 3564 imaginem
833 3496 926 3551 Dei
963 3505 1018 3553 et
1060 3500 1467 3558 similitudinem
1508 3504 1650 3563 facta
1689 3517 1790 3565 est.

199 3580 283 3636 Ad
331 3582 651 3652 imaginem,
695 3594 753 3640 ut
797 3586 969 3654 aiunt,
999 3589 1094 3644 Dei
1144 3591 1286 3646 facta
1331 3603 1442 3662 est,
1493 3600 1790 3655 secundum

199 3671 568 3728 substantiam
597 3683 652 3729 et
677 3677 967 3746 puritatem
1015 3682 1254 3737 rationis.
1305 3683 1412 3742 Sed
1446 3689 1514 3743 ad
1539 3689 1794 3746 similitu-

197 3763 414 3831 dinem,
447 3766 741 3821 secundum
779 3769 1136 3827 imitationem
1177 3776 1428 3844 puritatis
1462 3789 1517 3833 et
1551 3795 1792 3838 amorem

199 3849 521 3906 charitatis.
575 3852 702 3921 Vel,
755 3859 823 3911 ad
885 3859 1174 3930 imaginem
1221 3863 1319 3919 Dei
1374 3863 1518 3920 facta
1573 3869 1790 3939 dicitur,

199 3950 474 4008 quantum
501 3942 567 3996 ad
591 3945 834 4000 veritatis
862 3949 1221 4017 cognitionem
1246 3968 1260 4007 :
1286 3952 1352 4005 ad
1384 3953 1791 4013 Similitudinem

200 4045 362 4098 vero,
407 4043 672 4103 quantum
725 4039 792 4092 ad
842 4047 1052 4095 natura!
1100 4050 1157 4095 et
1207 4043 1434 4100 rationis
1479 4048 1790 4117 puritatem.

199 4122 303 4178 Est
349 4133 535 4180 autem
589 4128 767 4182 anima
817 4129 993 4200 imago
1037 4131 1131 4186 Dei
1183 4133 1250 4187 ad
1301 4135 1589 4204 imaginem
1633 4155 1646 4191 :
1695 4155 1794 4196 nec

199 4211 458 4282 ejusdem
497 4225 709 4272 natura:
737 4232 860 4273 cum
890 4219 1019 4286 Deo,
1043 4224 1136 4278 sed
1166 4223 1324 4294 longe
1354 4227 1423 4280 ab
1453 4241 1516 4283 eo
1542 4227 1797 4287 ditieren-

199 4304 311 4370 tis;
357 4305 486 4374 quia
529 4306 804 4376 profectus
845 4319 902 4365 et
941 4311 1184 4369 defectus
1228 4329 1395 4386 capax
1439 4325 1541 4384 est,
1577 4329 1634 4375 et
1675 4319 1796 4378 ideo

199 4393 503 4451 variationi
547 4398 789 4468 subjecta
821 4411 924 4458 est.
954 4404 1024 4460 Et
1061 4405 1113 4459 in
1143 4407 1245 4462 hoc
1271 4408 1582 4479 longissime
1622 4429 1652 4468 a
1684 4413 1795 4470 Deo

198 4482 379 4541 distat
434 4485 786 4558 (quanquam,
835 4491 1012 4565 imago
1056 4493 1173 4563 eius
1215 4499 1462 4566 quaedam
1507 4503 1597 4569 sit,
1631 4511 1686 4558 et
1721 4503 1796 4560 si-

1900 663 2198 718 secundum
2236 661 2432 725 locum,
2461 662 2754 717 secundum
2787 671 3018 735 tempus,
3045 667 3345 723 secundum
3373 667 3482 726 for-

1899 767 2065 811 mam.
2095 751 2244 809 Illius
2267 767 2397 807 vero
2423 760 2618 820 motus,
2649 752 2741 824 qui
2773 756 3070 811 secundum
3113 757 3342 813 l‘ormam
3375 770 3477 824 est,

1901 855 2011 903 tres
2034 846 2253 917 quidam
2288 845 2477 901 dicunt
2511 847 2724 917 species
2751 863 2890 913 esse,
2923 859 3293 921 augmentum,
3323 852 3483 907 dimi~

1897 938 2197 1000 nationem,
2247 936 2650 993 alterationem.
2723 937 2965 995 Movetur
3011 941 3227 1010 quidem
3276 941 3479 1012 aliquid

1896 1029 2192 1086 secundum
2227 1029 2427 1099 locum,
2477 1046 2600 1087 cum
2657 1031 2833 1102 ipsum
2883 1034 2948 1088 de
2993 1033 3111 1089 loco
3157 1035 3226 1089 ad
3271 1035 3477 1100 locum,

1895 1119 2169 1176 mediante
2203 1119 2327 1176 loco
2353 1121 2552 1177 transit
2576 1139 2591 1178 :
2617 1123 2763 1193 quod
2793 1125 2859 1179 ad
2886 1125 3060 1180 solum
3087 1140 3286 1196 corpus
3308 1127 3481 1197 perti-

1894 1219 2016 1278 net;
2066 1225 2174 1267 non
2218 1212 2364 1267 enim
2404 1212 2508 1269 hoc
2556 1213 2766 1283 spiritui
2810 1215 3069 1282 humano,
3107 1217 3193 1272 vel
3238 1217 3480 1289 angelico

1894 1303 2169 1359 convenit.
2199 1301 2506 1359 Secundum
2549 1313 2762 1375 tempus
2802 1306 2904 1362 alia
2950 1309 3155 1364 moveri
3205 1310 3476 1375 dicuntur,

1896 1409 2017 1465 qua:
2056 1394 2209 1465 prius
2249 1402 2304 1450 et
2339 1395 2609 1465 posterius
2661 1396 2981 1466 suscipiunt.
3031 1397 3339 1454 Secundum
3388 1415 3481 1454 an.

1894 1495 2172 1558 gmentum
2232 1485 2314 1541 vel
2381 1485 2795 1542 diminutionem
2864 1484 2955 1543 illa
3010 1499 3293 1544 moventur
3359 1504 3480 1559 quae

1893 1579 2199 1647 quantitate
2244 1586 2509 1649 augentur
2546 1578 2633 1634 vel
2672 1579 3006 1633 minuuntur.
3055 1578 3255 1635 Motum
3296 1589 3478 1635 autem

1893 1667 2230 1724 alterationis
2253 1668 2339 1724 illa
2368 1670 2689 1742 suscipiunt,
2714 1686 2833 1741 quae
2857 1670 3153 1726 formarum
3181 1679 3233 1727 et
3257 1680 3476 1728 actuum

1895 1762 2212 1817 diversitate
2261 1761 2662 1832 quodammodo
2717 1761 3038 1821 alterantur.
3099 1760 3240 1818 Sunt
3295 1771 3478 1818 autem

1893 1865 1984 1908 res
2011 1852 2279 1922 qmedam,
2311 1869 2430 1923 quae
2457 1854 2696 1908 omnium
2723 1867 2982 1924 generum
3014 1863 3255 1908 motuum
3286 1868 3479 1910 susce-

1891 1945 2052 2014 ptivaa
2073 1953 2227 2011 sunt;
2261 1944 2407 1999 velut
2428 1959 2516 2000 res
2539 1958 2832 2014 corporeae,
2857 1944 2981 2014 quia
3009 1942 3126 1998 loco
3150 1953 3204 1998 et
3233 1953 3476 2012 tempore

1893 2043 2198 2090 moventur.
2241 2035 2476 2106 Spiritus
2503 2051 2720 2106 quoque
2761 2035 2935 2091 creati
2983 2033 3150 2088 variis
3195 2032 3476 2089 adectibus

1894 2136 2183 2184 moventur
2209 2143 2346 2199 quos
2377 2129 2639 2198 incipiunt
2666 2127 2886 2194 habere,
2919 2137 2972 2183 et
3000 2127 3272 2182 desinunt.
3305 2125 3372 2180 Et
3399 2125 3472 2179 ita

1891 2232 2098 2278 motum
2143 2222 2438 2278 secundum
2479 2220 2727 2283 formam,
2770 2236 2984 2292 semper
3018 2221 3260 2289 sequitur
3297 2227 3475 2273 motus

1891 2313 2186 2372 secundum
2243 2323 2473 2383 tempus.
2531 2313 2763 2383 Spiritus
2809 2328 2937 2384 ergo
2980 2312 3169 2376 creati,
3217 2309 3341 2380 quia
3405 2309 3472 2362 de

1890 2406 2034 2462 bono
2081 2406 2134 2461 in
2167 2405 2367 2461 malum
2421 2412 2724 2472 moventur,
2760 2405 2826 2459 de
2858 2403 3001 2458 malo
3047 2405 3102 2457 in
3141 2401 3372 2465 bonum,
3403 2400 3471 2455 de

1890 2495 2033 2551 bono
2067 2496 2119 2550 in
2147 2496 2378 2568 bonum,
2406 2495 2472 2550 de
2497 2495 2637 2551 malo
2668 2495 2718 2549 in
2751 2490 2950 2548 malum
2971 2534 2986 2560 ,
3017 2491 3226 2546 duabus
3259 2491 3468 2560 specie-

1891 2587 1994 2643 bus
2030 2596 2274 2643 motuum
2313 2597 2621 2643 movcntur.
2681 2585 2854 2642 Motus
2888 2600 3015 2640 vero
3060 2582 3352 2639 secundum
3397 2581 3475 2637 Io-

1893 2691 2039 2744 cum,
2091 2679 2287 2734 animze
2333 2679 2622 2733 convenire
2659 2692 2765 2733 non
2809 2685 3018 2747 potest;
3067 2675 3159 2732 scd
3207 2674 3348 2728 illius
3382 2673 3475 2742 qui

1892 2771 2184 2827 secundum
2223 2780 2453 2840 tempus,
2483 2779 2536 2825 et
2562 2769 2853 2824 secundum
2903 2767 3130 2821 I‘ormam
3174 2765 3251 2831 Iit,
3285 2779 3476 2819 susce-

1891 2862 2095 2933 ptibilis
2120 2873 2221 2917 est.
2255 2857 2389 2916 Nam
2430 2877 2525 2931 per
2555 2861 2731 2916 varias
2762 2859 3075 2914 affectiones
3120 2874 3260 2928 saepe
3295 2856 3474 2910 varia-

1893 2952 2189 3024 tur,'quod
2239 2952 2355 3007 sine
2404 2961 2551 3005 motu
2613 2950 2893 3019 temporali
2946 2949 3061 3005 ﬁeri
3123 2964 3227 3003 non
3271 2955 3472 3016 potest.

1893 3043 2008 3099 Non
2035 3043 2178 3099 enim
2208 3045 2475 3098 mediante
2506 3043 2640 3106 loco,
2668 3042 2734 3096 ad
2762 3041 2938 3096 locum
2970 3041 3034 3096 de
3059 3041 3177 3096 loco
3203 3048 3474 3103 mavetur,

1891 3137 2019 3208 quia
2065 3134 2308 3191 localiter
2355 3151 2462 3189 non
2511 3140 2781 3189 movetur:
2834 3133 2975 3188 Dicit
3018 3148 3232 3203 quoque
3279 3131 3471 3186 beatus

1894 3225 2263 3296 Augustinus:
2294 3245 2312 3278 ι
2347 3223 2491 3279 Nihil
2540 3222 2680 3294 quod
2719 3239 2915 3293 corpus
2954 3239 3057 3278 non
3106 3231 3210 3285 est,
3259 3222 3312 3276 in
3353 3219 3475 3274 Iuro

1895 3326 1998 3374 est.
2046 3336 2065 3370 ι
2130 3314 2236 3372 Sed
2289 3325 2345 3372 et
2388 3313 2605 3369 Boetius
2657 3315 2709 3368 in
2754 3313 2895 3368 libro
2943 3314 3008 3368 de
3048 3313 3314 3367 'I‘rinitate
3371 3326 3472 3366 nec

1897 3408 2246 3478 quantitates,
2295 3422 2396 3463 nec
2437 3408 2724 3477 qualitates
2765 3407 2818 3461 in
2852 3407 2968 3461 loco
2993 3405 3124 3460 dicit
3149 3419 3268 3460 esse
3296 3422 3309 3458 :
3334 3418 3472 3472 quas

1897 3509 2076 3555 tamen
2105 3513 2292 3554 verum
2322 3507 2407 3554 est
2435 3498 2487 3553 in
2514 3498 2756 3569 subjecto
2787 3512 2926 3552 esse.
2973 3497 3182 3553 Etenim
3213 3495 3361 3550 aliud
3391 3504 3476 3550 est

1895 3607 2017 3648 esse
2052 3591 2104 3646 in
2140 3591 2404 3662 subjecto,
2436 3591 2580 3646 aliud
2619 3591 2670 3646 in
2704 3590 2823 3645 loco
2846 3607 2861 3645 :
2888 3591 3026 3645 sicut
3066 3589 3208 3644 aliud
3239 3599 3322 3643 est
3353 3589 3473 3641 au?-

1895 3697 2037 3737 mam
2076 3697 2197 3738 esse
2236 3681 2289 3737 in
2328 3696 2576 3752 corpore,
2618 3667 2760 3736 aliud
2802 3681 3035 3734 animam
3071 3694 3192 3735 esse
3239 3679 3292 3732 in
3329 3678 3470 3733 loco.

1895 3771 2026 3839 Quae
2053 3772 2197 3826 enim
2226 3771 2278 3825 in
2310 3771 2428 3827 Ioco
2455 3779 2598 3834 sunt,
2631 3771 2807 3824 locum
2839 3769 3067 3838 replent,
3105 3769 3279 3822 locum
3307 3783 3474 3822 occu-

1893 3872 2045 3934 pant,
2068 3864 2210 3932 quod
2233 3862 2330 3917 soli
2353 3862 2566 3932 corpori
2590 3863 2865 3915 convenit.
2889 3857 3018 3913 Nam
3049 3874 3152 3913 non
3177 3857 3292 3912 sine
3308 3874 3472 3912 causa

1894 3951 2244 4022 philosophus
2268 3951 2398 4006 dicit
2427 3950 2568 4020 quod
2604 3967 2624 4001 ί
2661 3949 2882 4019 singulae
2911 3947 3182 4016 particula:
3210 3948 3337 4010 loci,
3374 3947 3471 4000 ob-

1897 4041 2317 4112 tinentsingulas
2336 4039 2632 4112 particulas
2654 4040 3022 4110 corporis(lib.
3051 4054 3120 4102 tv,
3145 4037 3434 4110 Physica.).
3450 4056 3468 4089 ι

1895 4134 2105 4205 Corpus
2132 4133 2330 4206 quippe
2361 4134 2413 4190 in
2445 4133 2562 4190 loco
2582 4149 2724 4199 esse,
2758 4143 2840 4189 cst
2872 4135 3042 4204 ipsum
3071 4149 3264 4202 corpus
3291 4132 3466 4189 locum

1896 4225 2134 4296 replere;
2160 4233 2242 4282 est
2266 4225 2438 4296 ipsum
2469 4225 2779 4281 distantiam
2817 4225 3022 4292 facere;
3051 4227 3207 4280 idest
3234 4242 3469 4294 sursum,

1897 4315 2168 4380 deursum,
2192 4323 2339 4371 retro
2371 4322 2426 4369 et
2449 4322 2598 4381 ante,
2624 4314 2967 4372 dextrorsum
2996 4323 3049 4369 et
3081 4315 3474 4370 sinistrorsum.

1896 4403 2009 4461 Iloe
2025 4405 2278 4460 nimirum
2301 4406 2494 4460 anima!
2514 4423 2620 4461 non
2639 4408 2910 4471 convenit,
2925 4423 3044 4476 qua:
3059 4409 3138 4462 sic
3155 4417 3238 4462 est
3265 4410 3314 4461 in
3336 4407 3478 4472 loco,

1897 4504 1952 4552 et
1967 4496 2045 4552 sic
2062 4495 2587 4567 circumscriptibilis
2607 4507 2712 4562 est,
2738 4499 2879 4568 quod
2913 4497 3113 4552 nullius
3141 4497 3240 4550 loci
3266 4497 3472 4551 ambitu

198 4575 512 4647 militudo),
540 4578 682 4634 unde
708 4590 764 4636 et
799 4582 867 4637 ab
894 4582 984 4637 illa
1014 4585 1246 4655 imagine
1279 4587 1434 4643 valde
1464 4600 1665 4648 remota
1695 4601 1796 4659 est,
1831 4605 1876 4661 ι)
1900 4589 2209 4644 continetur
2235 4597 2290 4644 et
2334 4589 2642 4656 includitur,
2692 4590 2835 4644 sicut
2873 4589 3179 4644 continetur
3217 4596 3270 4641 et
3309 4574 3497 4652 inclu-f

198 4679 332 4736 qua
372 4681 498 4721 cum
537 4667 652 4736 ipso
699 4670 810 4726 Deo
843 4671 1269 4744 circumquaque
1304 4675 1445 4730 Idem
1479 4687 1584 4744 est,
1627 4679 1680 4734 id
1708 4688 1792 4736 est

200 4772 232 4808 a
277 4756 426 4812 Filio
473 4757 568 4814 Dei
618 4759 832 4827 Patris,
879 4761 970 4832 qui
1019 4765 1442 4836 circumquaque
1484 4767 1624 4824 idem
1670 4785 1794 4826 cum

198 4845 377 4905 Patre
413 4859 516 4906 est.
547 4851 693 4907 Inest
725 4863 903 4910 autem
940 4857 1137 4912 animae
1181 4858 1442 4914 naturalis
1477 4861 1796 4932 simplicitas

199 4940 469 4995 essentia:
494 4957 624 4996 sum.
657 4942 753 4998 Est
790 4944 955 5000 etiam
997 4946 1046 5001 ei
1090 4947 1231 5002 idem
1274 4963 1393 5003 esse
1418 4952 1561 5018 quod
1589 4951 1793 5008 vivere.

199 5028 330 5086 Non
398 5041 579 5088 autem
641 5035 872 5092 dicimus
919 5039 1061 5106 quod
1120 5047 1205 5094 est
1251 5040 1468 5105 vivere,
1519 5041 1602 5096 vel
1661 5043 1799 5100 bene

199 5134 478 5192 quantum
508 5126 575 5179 ad
603 5129 965 5194 sanctitatem,
998 5130 1080 5184 vel
1107 5133 1262 5188 beate
1288 5141 1552 5203 quantum
1581 5134 1647 5188 ad
1675 5134 1796 5190 feli-

201 5215 462 5270 citatem.
503 5216 638 5272 Cum
677 5220 820 5275 enim
865 5240 973 5280 non
1011 5224 1183 5296 possit
1230 5241 1297 5280 ex
1337 5241 1447 5295 quo
1488 5236 1670 5282 creata
1713 5235 1800 5284 est

200 5307 511 5378 aliquando
540 5329 645 5368 non
675 5313 875 5380 vivere,
905 5317 1046 5371 sicut
1075 5331 1174 5372 nec
1199 5317 1491 5388 aliquando
1517 5333 1622 5373 non
1654 5333 1795 5386 esse,

202 5410 404 5470 potest
445 5410 622 5460 tamen
651 5407 833 5462 vivere
873 5407 1030 5472 male,
1071 5424 1194 5464 cum
1225 5419 1310 5464 est
1353 5411 1564 5480 iniqua;
1595 5420 1652 5465 et
1697 5411 1800 5466 mi-

203 5505 365 5555 sere,
390 5508 510 5548 cum
534 5506 618 5552 est
638 5498 910 5555 damnata.
944 5499 1039 5554 Est
1071 5499 1123 5555 in
1149 5516 1212 5556 ea
1239 5509 1293 5556 et
1317 5501 1540 5556 libertas
1564 5501 1797 5568 arbitrii,

202 5597 325 5652 qua
357 5584 502 5640 inter
522 5585 723 5643 bonum
753 5599 809 5645 et
829 5591 1028 5646 malum
1057 5591 1337 5657 discernit,
1363 5602 1418 5647 et
1442 5593 1583 5661 quod
1609 5607 1798 5648 eorum

205 5676 461 5732 voluerit
497 5680 672 5750 diligit
701 5691 757 5737 et
782 5683 949 5754 eligit,
978 5694 1036 5740 ut
1073 5685 1127 5740 in
1170 5685 1238 5740 iis
1275 5686 1526 5740 meritum
1562 5686 1678 5757 cj‘ns
1705 5685 1796 5741 sit.

205 5767 370 5824 Ecce
398 5769 450 5824 in
480 5773 682 5838 anima,
711 5777 964 5832 essentiae
999 5775 1339 5845 simplicitas,
1370 5776 1494 5831 vita:
1521 5775 1798 5846 perpetui-

206 5868 303 5917 tas
337 5901 355 5928 ,
424 5862 630 5920 arbitrii
689 5867 931 5924 libertas.
991 5869 1230 5939 Suscipit
1285 5868 1503 5938 quidem
1559 5877 1797 5924 motuum

1899 4677 2044 4732 ditur
2085 4692 2303 4748 corpus.
2352 4677 2465 4732 Hoc
2495 4687 2674 4732 autem
2715 4677 2907 4732 falsum
2954 4691 3072 4732 esse
3120 4675 3296 4730 nullus
3323 4676 3476 4739 dicit,

1897 4769 2262 4840 quiquautum
2297 4777 2491 4824 natura
2517 4769 2743 4838 spiritus
2766 4785 2795 4824 a
2827 4783 3088 4839 corporea
3105 4768 3268 4823 distet
3287 4776 3477 4822 natura

1899 4861 2328 4932 comprehendit.

2347 4947 2750 5008 CAPITULUM
2793 4949 3027 5005 XXVIII.

1906 5065 1981 5121 De
2001 5067 2104 5120 illis
2126 5067 2287 5122 beatis
2313 5066 2607 5135 spiritibus,
2638 5065 3010 5136 quwitridelicet
3033 5064 3124 5118 illa
3147 5066 3249 5119 sint
3270 5082 3388 5136 quo:
3409 5066 3479 5120 ad

1975 5154 2060 5190 eos
2101 5139 2388 5217 pertinent,
2418 5146 2463 5190 et
2499 5136 2624 5217 quid
2653 5135 2721 5188 de
2749 5135 2862 5217 illis
2892 5137 2946 5217 in
2981 5151 3113 5202 pura
3146 5135 3480 5217 meditatione

1971 5204 2265 5272 sua,'cellae
2289 5208 2472 5261 debeat
2496 5204 2638 5260 intra
2666 5221 2721 5260 se
2740 5205 3004 5259 habitator
3027 5204 3301 5260 revolvere.

1970 5320 2125 5377 Nune
2175 5330 2352 5375 autem
2388 5321 2503 5386 tibi,
2547 5319 2639 5392 qui
2689 5317 2960 5374 habitator
2992 5317 3140 5375 cella:
3185 5333 3267 5383 cs,
3299 5317 3478 5388 aliqua

1901 5412 1968 5467 de
1997 5412 2115 5466 Istis
2153 5410 2469 5468 coelestibus
2505 5409 2783 5480 Spiritihus
2814 5409 2994 5465 dicere
3029 5410 3176 5466 libet.
3215 5407 3350 5462 Nam
3385 5417 3472 5461 tua
3503 5400 3506 5404 ’

1898 5501 2236 5572 potissimum
2261 5501 2603 5556 conversatio
2624 5514 2746 5555 cum
2774 5499 2878 5554 illis
2903 5513 3022 5554 esse
3043 5513 3140 5569 per
3161 5497 3476 5566 puritatem,

1900 5603 1956 5648 et
1999 5593 2348 5659 aViditatem,
2400 5601 2560 5662 atque
2607 5606 2704 5662 per
2754 5591 3079 5647 desiderium
3128 5588 3306 5644 debet.
3358 5587 3473 5643 Non

1901 5685 2043 5739 enim
2071 5693 2260 5754 putare
2287 5685 2450 5741 debes
2479 5685 2620 5755 quod
2650 5685 2864 5754 quando
2895 5683 2946 5737 in
2975 5681 3108 5736 cella
3137 5696 3216 5744 es,
3245 5681 3390 5736 solus
3421 5682 3473 5735 in

1900 5791 1964 5832 ea
1991 5778 2084 5832 sis.
2123 5775 2256 5831 Nam
2283 5793 2556 5846 nunquam
2584 5776 2760 5830 minus
2784 5775 2931 5828 solus
2957 5789 3037 5837 es,
3068 5787 3226 5843 quam
3258 5789 3378 5828 cum
3416 5773 3468 5827 in

1901 5882 1963 5921 ca
1993 5868 2138 5922 solus
2165 5881 2223 5920 es
2265 5863 2364 5927 (ita
2391 5861 2622 5920 dicimus
2648 5863 2793 5934 hoc),
2843 5864 2885 5918 si
2911 5863 2963 5918 in
3002 5862 3088 5919 illa
3133 5878 3199 5920 eo
3227 5877 3284 5919 es
3314 5863 3473 5919 modo
