3894 6298
487 405 610 476 ,εει

1376 395 1698 458 (ἶῐΙΙϐΟΝῘΞ
1734 396 1778 452 ιι
1811 387 2232 452 CARTHUSIE
2268 383 2558 444 MAJORIS
2595 381 2870 440 PRIOBIS

3639 379 3722 436 85!

507 533 619 596 quo
643 535 766 580 esse
789 521 976 578 debes.
1012 517 1165 577 Tune
1194 525 1320 574 tunc
1347 515 1494 570 solus
1523 528 1608 578 es,
1637 526 1760 566 cum
1793 509 1848 564 in
1875 508 2092 563 interm
2119 505 2168 566 Α
2197 503 2322 574 quia
2373 500 2641 596 foramina
2689 513 2786 596 sua
2837 497 2894 596 in
2937 493 3026 596 die
3229 489 3494 550 conditus
3509 501 3588 596 est
3621 497 3720 596 dicit

509 627 665 684 parte
709 621 768 668 et
815 610 1076 668 defecatte
1125 605 1320 662 mentis
1371 611 1477 658 tua;
1523 598 1774 656 cubiculo
1823 597 2088 659 inclusus,

515 701 708 758 clauso
739 701 882 758 ostio
909 699 1092 757 cordis
1124 704 1312 752 contra
1343 693 1592 748 universa
1621 689 1852 754 inutilia,
1881 702 2006 744 oras
2033 687 2090 742 in

510 793 708 863 spiritu
735 789 952 846 Patrem
983 787 1168 843 tuum?
1204 783 1432 840 Solusne
1462 790 1590 838 tunc
1613 796 1692 846 es,
1725 795 1852 838 cum
1879 780 1932 836 in
1961 778 2093 848 ipsis

509 882 743 940 internis
786 881 951 936 animi
1003 878 1104 943 tui,
1133 875 1456 946 quibusdam
1499 875 1730 928 maturis
1773 881 1832 928 et
1870 872 2094 942 integris

511 971 818 1032 intellectus
863 968 1134 1033 luminosi,
1163 975 1220 1024 et
1247 965 1474 1022 affectus
1521 966 1766 1022 succensi
1817 965 2092 1036 passibus,

513 1064 750 1120 exclusis
791 1077 823 1116 a
863 1070 916 1116 te
952 1062 1084 1116 hora
1127 1058 1316 1114 eadem
1363 1058 1633 1114 universis
1674 1056 2096 1130 cogitationibus

514 1150 725 1208 levibus
771 1161 826 1207 et
851 1151 1061 1218 otiosis,
1107 1150 1314 1207 lucidas
1341 1159 1399 1207 et
1437 1149 1834 1222 pulcherrimas
1877 1163 2096 1219 peram-

509 1237 666 1300 bulas
691 1251 748 1299 et
774 1241 1033 1299 circumis
1084 1242 1398 1300 mansiones
1450 1239 1740 1313 spirituum
1785 1239 2096 1304 beatorum,

509 1335 602 1404 qui
634 1335 686 1390 in
709 1333 862 1390 cmlis
889 1349 1104 1404 semper
1133 1335 1322 1390 vident
1349 1333 1544 1390 faciem
1571 1331 1787 1388 Patris?
1815 1331 2097 1398 Quomodo

505 1435 642 1482 tunc
679 1425 824 1482 solus
854 1441 936 1490 es,
975 1441 1098 1482 cum
1141 1427 1198 1482 in
1235 1425 1475 1482 dilatatis
1509 1435 1566 1480 et
1593 1423 1916 1494 puriﬁcatis,
1943 1430 2002 1478 ct
2041 1423 2095 1477 in

507 1513 686 1589 longis
733 1518 1002 1589 prattoriis
1050 1519 1273 1590 spiritus
1323 1520 1425 1586 ttti,
1477 1519 1530 1572 in
1579 1517 1782 1572 lumine
1821 1525 1876 1572 et
1901 1515 2099 1572 ardore
2165 1575 2168 1578 ,

507 1621 730 1680 magno,
761 1625 866 1665 non
895 1610 1100 1680 absque
1123 1611 1322 1682 gaudio
1345 1609 1600 1666 ineffabili
1625 1617 1682 1666 et
1707 1610 2094 1676 exsultatione,

509 1689 779 1754 discurris
822 1713 920 1770 per
965 1713 1170 1755 cuneos
1213 1699 1679 1769 patriarcharum,
1729 1715 1826 1770 per
1873 1699 2098 1771 collegia

507 1791 928 1860 prophetarum,
962 1805 1060 1861 per
1087 1799 1334 1847 senatum
1380 1791 1775 1862 apostolorum,
1808 1806 1904 1861 per
1929 1791 2096 1848 deco—

509 1890 603 1935 ras
639 1895 796 1936 rosas
833 1891 1154 1952 martyrum,
1182 1895 1278 1951 per
1303 1880 1576 1938 formosas
1601 1883 1776 1938 violas
1815 1883 2101 1940 confesso-

513 1981 658 2032 rum,
702 1984 801 2040 per
837 1985 1054 2026 amoena
1099 1979 1156 2026 et
1196 1985 1362 2026 suave
1406 1971 1606 2027 olentia
1657 1972 1768 2028 lilia
1797 1974 2104 2046 virginum?

509 2055 686 2125 Quam
711 2059 909 2114 bonum
931 2069 1016 2116 est
1037 2059 1126 2117 hic
1149 2069 1200 2117 te
1217 2063 1368 2117 esset
1395 2077 1558 2132 quam
1577 2061 1735 2118 dulce
1758 2071 1843 2118 est
1865 2076 1922 2118 et
1939 2078 2106 2120 suave

506 2145 764 2207 formosa:
791 2161 846 2208 et
873 2153 1134 2224 speciosa:
1162 2153 1446 2218 columbte,
1477 2163 1534 2210 et.
1563 2155 1758 2210 anima:
1789 2156 1966 2227 (cujus
1989 2156 2106 2212 hac

505 2255 613 2294 vox
639 2251 722 2296 est
747 2259 760 2296 :
791 2242 1021 2298 Dilectus
1045 2257 1192 2298 meus
1215 2243 1367 2308 mihi,
1389 2254 1435 2298 et
1460 2260 1554 2314 ego
1578 2245 1657 2298 illi
1685 2244 1864 2312 (Cant.
1893 2262 1958 2313 tt,
1983 2243 2101 2316 {6):

508 2331 605 2385 sed
633 2339 689 2385 et
719 2331 818 2386 ista
845 2343 862 2386 ς
896 2331 1182 2388 Vulnerata
1229 2335 1486 2388 charitate
1515 2350 1606 2404 ego
1651 2351 1770 2390 sum
1809 2335 1998 2406 (lbid.,
2023 2335 2102 2406 5),

509 2421 656 2478 inter
699 2419 938 2490 ejusdem
981 2423 1160 2478 dilecti
1195 2421 1383 2476 laevam
1419 2433 1473 2478 et
1507 2424 1790 2480 dexteram
1826 2426 2106 2482 dormire?

509 2509 604 2565 ubi
635 2526 699 2566 eo
735 2512 984 2568 seettrius
1013 2524 1224 2584 pausat,
1254 2529 1362 2584 quo
1401 2501 1688 2570 sollicitius
1713 2525 1768 2570 et
1798 2515 2106 2586 diligentius

505 2611 610 2667 pro
639 2592 780 2656 illius
809 2602 990 2672 quiete
1021 2605 1135 2672 ipse
1173 2605 1544 2669 vehementer,
1581 2605 1694 2676 ipse
1729 2605 1911 2660 zelans
1937 2619 2106 2678 omne

505 2683 651 2761 quod
689 2695 830 2750 hunc
865 2693 1084 2766 vigilem
1121 2693 1240 2764 ejus
1283 2707 1534 2765 soporem
1579 2695 1799 2751 turbare
1837 2696 2002 2760 valet,
2049 2705 2108 2752 et

505 2783 832 2850 diminuere,
855 2799 919 2840 ac
947 2785 1227 2854 impedire,
1255 2786 1444 2856 procul
1471 2785 1732 2856 repellere
1763 2801 1869 2841 non
1899 2795 2098 2842 cessat.

507 2869 752 2948 Dciiiqne
783 2891 908 2934 eum
937 2869 1279 2947 adiuratione
1327 2879 1560 2949 quadam
1611 2879 1919 2934 admirabili
1969 2879 2105 2934 allo-

505 2969 692 3037 quitur
719 2961 858 3024 ﬁlias
878 2968 1182 3024 Jerusalem
1211 2986 1228 3024 :
1257 2965 1342 3024 Ne
1367 2970 1650 3034 suscitatis,
1678 2971 1778 3034 ait,
1806 2985 1968 3038 neque
1999 2970 2104 3023 eri-

504 3057 672 3128 gilare
691 3059 901 3129 faciatis
929 3060 1198 3125 dilectam,
1222 3061 1386 3116 donec
1413 3061 1526 3132 ipsa
1553 3062 1672 3117 uelit
1699 3061 1883 3132 (Cant.
1911 3077 1992 3126 Ill,
2023 3062 2101 3132 5).

510 3144 583 3208 Et
613 3169 774 3219 nunc,
805 3151 1158 3208 dilectissime
1186 3153 1362 3220 nobis,
1387 3159 1441 3210 tu
1469 3149 1560 3226 qui
1594 3155 1927 3212 inhabitator
1957 3155 2106 3211 cella:

508 3256 592 3309 es,
625 3243 760 3296 dans
792 3241 845 3296 in
876 3251 1138 3311 quantum
1167 3251 1340 3313 potes,
1373 3245 1707 3301 transitoriis
1745 3254 1958 3317 tergum
1989 3253 2101 3301 ter-

513 3335 670 3392 renis
695 3343 752 3389 et
785 3333 1012 3400 inllmis,
1065 3333 1262 3390 faciem
1293 3349 1424 3392 vero
1470 3337 1836 3407 sempiternis,
1866 3336 2104 3392 ccelesti-

507 3421 616 3482 bus
664 3433 720 3482 et
747 3425 1014 3497 supernis,
1042 3427 1190 3498 erige
1214 3429 1394 3484 cordis
1419 3429 1496 3484 tui
1531 3430 1916 3501 cogitationem
1943 3429 2014 3485 ad
2037 3445 2100 3486 ea

509 3527 634 3587 quite
663 3516 730 3570 de
758 3517 1042 3586 spiritibus
1091 3517 1195 3573 illis
1235 3519 1549 3575 ccelestibus
1591 3521 1874 3576 sentienda
1915 3531 1970 3576 et
2021 3531 2103 3578 te—

515 3609 695 3663 nenda
725 3615 870 3663 sunt.
900 3607 980 3664 De
1014 3625 1120 3664 non
1152 3623 1272 3666 esse
1301 3611 1368 3666 ad
1395 3625 1538 3676 esse,
1569 3609 1786 3666 volente
1808 3609 1919 3667 Deo
1941 3609 2102 3684 [Pan

509 3695 628 3770 illo]
659 3697 1028 3766 omnipotente
1062 3699 1329 3755 universae
1353 3709 1622 3754 creatum
1643 3699 1940 3756 Couditore
1979 3717 2105 3770 pro-

507 3788 746 3842 dierunt.
779 3787 895 3842 Non
924 3790 1072 3844 enim
1097 3790 1206 3846 Deo
1231 3789 1486 3846 coaeterni
1517 3798 1666 3858 sunt,
1698 3791 1840 3846 sicut
1871 3805 1974 3846 nec
2007 3807 2104 3847 co-

507 3879 769 3950 aequales,
801 3895 902 3936 nec
926 3881 1416 3938 consubstantiales
1440 3899 1455 3938 :
1480 3883 1606 3952 quia
1645 3883 1761 3938 .icet
1785 3883 1942 3939 valde
1967 3900 2104 3955 prm-

511 3969 674 4024 celsm
693 3979 748 4024 et
773 3970 970 4040 dignm,
999 3981 1264 4028 creatum
1293 3980 1472 4028 tamen
1502 3983 1650 4030 sunt.
1680 3974 1736 4028 ln
1771 3974 1886 4044 ipso
1917 3975 2100 4030 mundi

511 4062 742 4116 (exordio
767 4063 937 4117 creati
967 4073 1112 4132 sunt,
1145 4065 1360 4134 quando
1391 4065 1588 4121 malum
1615 4075 1672 4120 et
1697 4075 1840 4122 terra
1865 4067 2102 4135 primum

511 4153 728 4208 condita
753 4161 896 4207 sunt.
925 4153 992 4209 Et
1015 4155 1176 4210 simul
1198 4156 1416 4225 quidem
1445 4157 1614 4212 creati
1637 4157 1880 4222 fuerunt,
1899 4167 1956 4214 et
1977 4157 2102 4214 boni

513 4247 604 4314 qui
635 4245 1012 4314 perstiterunt,
1049 4256 1106 4304 et
1139 4249 1268 4304 mali
1309 4249 1402 4318 qui
1439 4257 1796 4316 corruerunt;
1841 4249 1986 4304 sicut
2029 4252 2105 4305 si-

513 4335 626 4388 mul
675 4345 731 4390 et
765 4337 940 4392 aversi
987 4340 1340 4408 praecipitati,
1381 4347 1436 4392 et
1477 4339 1726 4394 conversi
1773 4338 2100 4395 confirmati.

515 4425 610 4482 Sic
653 4427 794 4484 enim
840 4438 1216 4494 asserucrunt,
1264 4437 1321 4485 et
1365 4429 1420 4484 in
1463 4431 1575 4486 suis
1629 4430 1916 4499 scripturis
1977 4431 2106 4486 reli-

513 4528 750 4587 querunt
781 4519 1029 4576 doctores
1061 4519 1352 4588 catholici,
1383 4523 1474 4592 qui
1504 4523 1572 4578 de
1609 4523 1677 4578 iis
1710 4531 2098 4579 tractaverunt.

512 4603 696 4666 Creati
739 4613 1059 4680 rationales,
1105 4622 1162 4668 et
1215 4630 1404 4670 omnes
1441 4615 1685 4686 quidem,
1737 4625 1845 4670 tam
1893 4617 1966 4671 illi
2011 4619 2104 4687 qui

511 4695 684 4758 futuri
727 4715 886 4760 erant
923 4705 1073 4772 mali,
1115 4721 1276 4776 quam
1320 4707 1392 4760 illi
1429 4708 1520 4778 qui
1565 4707 1731 4762 futuri
1767 4720 1928 4764 erant
1954 4710 2104 4776 boni,

513 4787 801 4851 charilatis
831 4797 998 4852 creati
1041 4807 1168 4852 sunt
1196 4813 1443 4868 capaces.
1487 4798 1602 4853 Non
1647 4809 1828 4856 autem
1877 4802 2110 4857 dicimus

513 4885 658 4955 quod
704 4888 1026 4943 charitatem
1065 4905 1256 4944 manes
1297 4899 1456 4946 erant
1499 4893 1794 4962 capientes,
1849 4894 1942 4948 sed
1976 4895 2106 4949 cha-

511 4979 699 5034 ritatis
745 4993 989 5050 capaces.
1037 4981 1172 5036 Nam
1218 4984 1306 5052 qui
1355 5000 1414 5040 se
1450 5000 1479 5038 a
1517 4985 1626 5040 Deo
1664 4995 2003 5052 averterunt,
2055 4995 2110 5044 et

511 5073 570 5126 in
600 5081 864 5128 aeternum
925 5075 1169 5131 damnati
1237 5086 1392 5141 sunt,
1455 5095 1726 5149 nunquam
1783 5080 2106 5136 charitatem

513 5165 846 5231 habuerunt,
905 5167 1002 5222 sed
1063 5181 1162 5224 nec
1225 5185 1464 5238 unquam
1517 5171 1823 5236 habebunt;
1877 5181 1932 5226 et
1989 5171 2109 5228 ideo

515 5257 839 5314 charitatem
877 5259 1155 5330 capientes
1203 5269 1260 5316 et
1289 5262 1576 5326 habentes,
1623 5262 1751 5318 mali
1795 5263 1966 5319 creati
1999 5279 2106 5320 non

515 5358 661 5414 sunt,
717 5351 814 5406 sed
871 5351 1157 5409 charitatis
1199 5366 1448 5422 capaces.
1503 5351 1638 5407 Nam
1669 5354 1872 5410 habere
1915 5365 2108 5426 potuea

511 5449 662 5509 runt,
698 5443 792 5498 sed
837 5452 1026 5500 contra
1068 5443 1416 5501 Conditorem
1457 5459 1614 5499 suum
1661 5444 2104 5517 intumescentes,

511 5543 636 5586 eam
659 5533 860 5590 habere
884 5534 1195 5590 noluerunt.
1225 5535 1364 5590 Dicit
1384 5549 1516 5605 ergo
1542 5535 1802 5604 propheta
1831 5537 2106 5603 Ezechiel,

517 5623 584 5678 de
612 5623 702 5680 illo
731 5625 821 5696 qui
855 5627 1024 5682 ruinae
1057 5625 1268 5681 illorum
1299 5635 1490 5682 auctor
1519 5627 1728 5682 exstitit
1759 5627 1862 5684 hoc
1913 5631 2102 5686 modo:

517 5717 746 5783 Aurum,
787 5731 915 5790 o‘pus
943 5719 1146 5774 decoris
1175 5719 1252 5774 tui
1270 5760 1284 5784 ,
1309 5729 1356 5774 et
1399 5719 1666 5789 foramina
1689 5729 1784 5774 tua
1811 5721 1864 5776 in
1889 5724 1976 5776 die
2001 5739 2108 5791 qua

520 5822 761 5867 conditus
787 5829 860 5878 cs,
885 5823 1179 5882 purpurata
1209 5823 1329 5869 sunt
1357 5811 1572 5882 (Exerit.
1607 5829 1798 5878 xxvm,
1827 5815 1934 5884 15).
1969 5814 2108 5869 Ecce

2193 603 2526 666 praeparata,
2551 592 2678 662 quia
2729 589 3014 646 cbaritatis
3039 588 3262 658 quidem
3311 599 3478 655 capax
3507 583 3616 652 fuit;
3649 592 3722 644 sed

2193 699 2469 754 nunquam
2499 682 2752 753 impleta,
2775 682 2904 751 quia
2929 679 3254 736 cbaritatem
3276 677 3496 746 capiens
3519 679 3721 736 nonfuit.

2191 776 2426 846 Exponit
2477 787 2714 844 namque
2759 773 2864 828 hoe
2911 773 3075 826 modo
3123 770 3244 826 hare
3287 767 3452 823 verba
3489 770 3725 837 prophetia

2195 865 2376 938 [Par.,
2391 862 2698 936 prophetas]-
2731 862 2924 918 beatus
2943 860 3240 928 Gregorius
3265 859 3320 914 in
3347 857 3482 912 libro
3503 857 3726 917 lioraliu

2195 954 2473 1026 trigesimo
2501 951 2740 1008 secundo
2765 951 2910 1022 (cap.
2937 951 3062 1020 18):
3093 969 3112 1002 ι
3147 949 3380 1012 Aurum,
3424 948 3602 1018 inquit,
3625 966 3725 1020 opus

2193 1047 2315 1118 ejus
2339 1045 2572 1110 exstitit,
2599 1043 2726 1114 quia
2755 1042 3038 1114 sapientia)
3067 1041 3318 1096 claritate
3347 1041 3578 1106 canduit,
3603 1059 3726 1112 quam

2195 1137 2338 1196 bene
2367 1145 2586 1192 creatus
2613 1134 2846 1206 accepit.
2893 1132 3186 1188 anm‘na
3215 1147 3348 1188 vero
3391 1131 3582 1186 ideirco
3607 1132 3647 1186 in
3669 1133 3728 1188 la-

2195 1229 2414 1300 pidibus
2441 1226 2600 1296 tlunt,
2625 1235 2687 1282 ut
2714 1223 2976 1280 vinculati
3015 1237 3170 1288 auro,
3215 1223 3272 1277 in
3305 1222 3594 1282 ornamenti
3615 1237 3728 1280 com-

2199 1321 2470 1392 positione
2512 1319 2848 1390 jungantur;
2890 1324 2952 1372 ut
2981 1329 3331 1386 nequaquam
3377 1328 3408 1368 a
3447 1313 3730 1370 sedissidant

2201 1409 2385 1486 [Par.,
2409 1408 2714 1482 discedant]
2763 1421 2902 1478 quos
2945 1406 3270 1462 interfusum
3325 1421 3518 1460 aurum
3562 1406 3732 1474 repletis

2201 1499 2558 1556 foraminibus
2595 1497 2746 1568 ligat.
2785 1497 2954 1568 Hujus
2981 1509 3118 1568 ergo
3161 1495 3358 1566 lapidis
3399 1495 3456 1550 in
3489 1493 3568 1550 die
3587 1497 3731 1552 condi-

2157 1625 2166 1636 -
2199 1592 2368 1648 tionis
2406 1605 2518 1646 sua:
2555 1589 2822 1644 foramina
2857 1596 3160 1660 prmparata
3201 1595 3360 1652 sunt,
3387 1586 3514 1657 quia
3537 1587 3734 1645 videlicet

2160 1731 2171 1754 ,ι
2201 1681 2688 1754 capax'charitatis
2715 1689 2803 1738 est
2827 1680 3080 1737 conditus
3103 1697 3118 1735 :
3141 1694 3252 1750 qua
3287 1678 3336 1734 si
3367 1678 3734 1748 repleri-voluis-

2201 1783 2318 1840 set,
2371 1772 2642 1830 stantibus
2689 1771 2928 1842 angelisy
2993 1781 3254 1842 ιθηειυαω
3307 1769 3500 1840 Ροθίίίθ
3551 1771 3736 1844 inm.“

2128 1859 2178 1920 Β
2203 1871 2527 1922 ornamento
2571 1863 2842 1935 lapidibus
2893 1862 3160 1934 potuisset
3215 1861 3506 1916 inhaerere.
3547 1860 3597 1916 Si
3628 1863 3734 1916 enim

2207 1957 2492 2014 charitatis
2531 1969 2668 2012 aure
2711 1969 2835 2012 sese
2871 1953 3260 2026 penetrabilem
3297 1951 3620 2024 prabeisset,
3641 1969 3736 2008 san-

2207 2049 2312 2106 ctis
2358 2048 2566 2118 angelis
2613 2046 2890 2112 sociatus,
2933 2045 2988 2102 in
3039 2053 3368 2102 ornamento
3413 2047 3498 2114 (ut
3535 2045 3736 2114 diximus)

2207 2141 2356 2212 regio
2399 2139 2595 2211 lapidis
2632 2138 2775 2194 ﬁxus
2808 2145 3076 2194 maneret.
3111 2135 3314 2192 Habuit
3354 2150 3484 2208 ergo
3515 2135 3636 2206 lapis
3667 2137 3739 2190 iste

2207 2232 2474 2289 foramina
2493 2271 2510 2298 ,
2549 2231 2644 2288 sed
2675 2247 2772 2303 per
2799 2231 3072 2302 superbiai
3097 2229 3312 2296 vitium,
3359 2228 3625 2284 charitatis
3643 2243 3739 2282 auro

2207 2341 2316 2381 non
2355 2333 2484 2380 sunt
2529 2323 2756 2396 repleta.
2791 2321 2930 2378 Nam
2967 2322 3096 2392 quia
3141 2321 3351 2378 idcirco
3387 2319 3612 2392 ligantur
3645 2333 3740 2374 aurs

2209 2431 2277 2472 ne
2305 2417 2536 2482 cadant;
2585 2413 2792 2470 idcirco
2825 2413 2928 2470 iste
2963 2413 3180 2478 cecidit,
3205 2412 3332 2481 quia
3361 2411 3522 2466 etiam
3551 2409 3742 2482 perfora-

2209 2518 2298 2563 tus
2335 2521 2498 2562 manu
2541 2505 2798 2573 artificis,
2838 2505 3044 2560 amoris
3069 2503 3302 2559 vinculis
3351 2503 3506 2574 ligari
3551 2512 3742 2558 conteru-

2207 2599 2335 2670 psit.
2367 2599 2521 2654 Nunc
2557 2605 2738 2652 autem
2780 2597 2963 2654 caeteri
2995 2594 3234 2666 lapides,
3261 2594 3360 2666 qui
3399 2593 3632 2649 similiter
3651 2593 3740 2648 fue-

2209 2697 2330 2746 rant
2369 2687 2654 2760 perforati,
2691 2696 3018 2758 penetrante
3053 2701 3114 2744 se
3153 2687 3388 2742 invicem
3421 2687 3664 2742 charitate
3693 2685 3744 2739 li-

2207 2781 2318 2853 gati
2356 2789 2506 2848 sunt,
2547 2790 2710 2853 atque
2755 2782 2861 2838 hoc
2899 2781 2954 2836 in
2983 2793 3211 2836 munere
3261 2781 3370 2835 isto
3411 2779 3626 2835 cadente
3663 2793 3746 2832 me-

2207 2885 2458 2942 ruerunt,
2504 2883 2566 2932 ut
2611 2891 2956 2950 nequaquam
2999 2872 3116 2944 jam
3163 2873 3233 2930 de
3275 2881 3590 2928 ornamento
3631 2871 3746 2942 regio

2207 2968 2452 3026 cadendo
2479 2968 2780 3024 solvantur.
2815 2987 2835 3022 ι
2881 2967 3010 3022 limo
3037 2965 3229 3022 beatus
3256 2964 3567 3036 Gregorius,
3601 2964 3746 3019 ethoc

2209 3061 2370 3118 modo
2399 3061 2466 3116 de
2495 3061 2600 3116 his.
2635 3057 2762 3118 Haec
2795 3069 2978 3118 autem
3005 3069 3242 3131 quatuor
3277 3059 3333 3114 in
3369 3059 3486 3129 ipsa
3511 3072 3602 3112 sua
3629 3071 3746 3112 crea-

2217 3153 2365 3208 tione
2391 3195 2406 3219 ,
2463 3151 2640 3224 angeli
2693 3152 2998 3224 suscepisse
3049 3152 3398 3208 creduntur:
3436 3148 3746 3206 substantiam

2207 3245 2458 3302 videlicet
2490 3245 2793 3316 simplicem
2821 3255 2880 3300 et
2918 3244 3370 3308 immaterialem;
3409 3242 3748 3298 discretione

2203 3337 2542 3408 personalem
2584 3337 2888 3408 sapientiae,
2927 3345 2988 3392 et
3037 3335 3410 3406 intelligentia:
3449 3333 3673 3388 veritatis
3703 3345 3750 3385 ac

2204 3429 2464 3486 bonitatis
2499 3429 2730 3496 divinae;
2769 3429 2997 3486 formam
3047 3427 3456 3491 rationabilem,
3483 3435 3537 3480 et
3567 3423 3748 3478 liberta-

2207 3531 2314 3578 tem
2357 3523 2592 3588 arbitrii,
2625 3523 2678 3578 id
2707 3531 2814 3587 est,
2865 3520 3176 3576 facultatem
3205 3519 3409 3574 bonum
3445 3531 3474 3571 a
3511 3515 3646 3570 malo
3669 3515 3751 3570 dis-

2206 3611 2486 3676 cernendi,
2546 3619 2602 3666 et
2655 3612 2706 3666 in
2743 3611 3068 3668 alterutrum
3111 3625 3212 3680 per
3247 3607 3564 3663 eiectionem
3601 3620 3652 3660 se
3683 3601 3752 3657 lle-

2205 3701 2408 3756 ctendi.
2455 3700 2580 3756 Ideo
2629 3701 2930 3771 simplicem
2976 3709 3035 3756 et
3079 3697 3495 3754 immaterialem
3545 3694 3751 3751 substan-

2207 3793 2368 3862 tiam,
2402 3793 2532 3863 quia
2563 3809 2628 3850 ex
2667 3793 2812 3848 nulla
2841 3793 3156 3848 diversitate
3187 3792 3428 3864 partium
3473 3789 3748 3846 subsistunt.

2205 3884 2284 3939 Ex
2319 3885 2556 3954 partium
2585 3885 2750 3940 etiam
2781 3883 3197 3954 compositione,
3234 3885 3330 3938 sed
3361 3881 3558 3937 nullius
3585 3881 3753 3933 dimen-

2207 3973 2378 4028 sionis
2407 3972 2712 4043 suscipiunt
2737 3973 3096 4042 quantitatem
3123 3988 3140 4024 :
3166 3972 3220 4026 id
3247 3981 3354 4036 est,
3386 3985 3486 4027 nec
3511 3968 3753 4039 longitudi-

2205 4081 2354 4132 nem,
2387 4080 2488 4120 nec
2517 4065 2886 4130 latitudinem,
2918 4079 3018 4119 nec
3043 4053 3586 4118 altitudinemeunt
3611 4067 3752 4114 autem

2205 4171 2398 4214 Omnes
2438 4157 2490 4211 in
2517 4157 2790 4226 personali
2821 4155 3156 4227 preprietate
3181 4152 3520 4209 differentes.
3549 4149 3754 4207 Scienti:

2206 4263 2337 4306 vero
2391 4249 2753 4320 aptitudiuem
2809 4249 3152 4314 habuerunt,
3203 4256 3258 4303 et
3311 4257 3466 4302 tanto
3517 4243 3752 4314 majorem,

2206 4348 2411 4412 quanto
2442 4341 2679 4412 purioris
2717 4339 3036 4396 substantiae
3078 4347 3226 4394 sunt.
3267 4338 3394 4394 liceo
3421 4338 3656 4394 habilitas
3685 4351 3753 4390 ea-

2205 4433 2499 4502 gnoscendi
2529 4441 2672 4496 erat,
2709 4447 2807 4502 per
2835 4447 3002 4502 quam
3045 4432 3190 4487 scire
3219 4439 3475 4502 poterant
3505 4431 3622 4500 quid
3655 4441 3754 4482 con.

2207 4524 2392 4592 ditori,
2423 4524 2552 4596 quid
2581 4523 2708 4590 sibi,
2739 4531 2794 4578 et
2823 4524 2952 4594 quid
2988 4523 3340 4580 consortibus
3381 4525 3494 4578 suis
3519 4521 3750 4575 deberent.

2209 4616 2411 4672 Eorum
2435 4631 2568 4672 vero
2592 4625 2836 4687 potestas
2863 4617 3134 4689 tripertita
3161 4615 3362 4672 dicitur
3387 4631 3525 4672 esse.
3561 4613 3678 4668 Nam
3705 4611 3752 4664 :ul

2211 4724 2270 4764 se
2301 4711 2383 4781 (ut
2411 4709 2632 4780 dicitur)
2661 4719 2984 4781 potestatem
3018 4710 3312 4776 habebant,
3343 4719 3401 4765 et
3445 4711 3584 4764 inter
3621 4721 3687 4766 se,
3713 4713 3752 4756 et

2211 4803 2278 4858 ad
2303 4817 2368 4858 ea
2397 4817 2520 4872 qua
2541 4811 2702 4858 erant
2725 4813 2880 4859 extra
2913 4819 2992 4860 se.
3031 4804 3206 4872 Quam
3233 4818 3368 4859 vero
3401 4804 3468 4858 ad
3507 4817 3562 4858 se
3587 4801 3752 4856 habue-

2213 4904 2340 4950 runt
2381 4903 2731 4965 potestatem,
2778 4911 2886 4952 non
2927 4911 3122 4952 omnes
3169 4896 3481 4952 habuerunt
3507 4893 3752 4964 aqualem;

2210 4989 2336 5059 quia
2376 4989 2674 5045 secundum
2693 4988 3030 5044 substantiae
3058 5003 3170 5043 sum
3193 4987 3574 5052 subtilitatem,
3604 5000 3658 5038 ac
3685 4997 3756 5034 ua-

2211 5091 2348 5137 ειη-ω
2383 5081 2704 5152 puritatem,
2746 5081 2800 5136 in
2831 5081 2934 5136 hac
2965 5089 3124 5136 erant
3163 5087 3438 5150 potestate
3469 5076 3754 5132 diﬂ'ercntes.

2215 5174 2431 5242 Quanto
2467 5175 2613 5230 enim
2637 5173 2765 5244 quis
2806 5173 3106 5230 subtilioris
3127 5181 3336 5228 natura:
3372 5185 3438 5226 ac
3463 5163 3756 5242 perfectioris

2209 5273 2350 5332 erat,
2405 5273 2561 5320 tanto
2613 5265 2670 5320 in
2721 5265 2826 5320 hac
2871 5274 3138 5336 potestate
3189 5263 3356 5318 alium
3411 5261 3694 5333 superabat,
3717 5263 3758 5308 et

2209 5357 2314 5413 hoc
2355 5357 2657 5428 promptior
2691 5366 2812 5412 erat
2857 5357 2926 5413 ad
2973 5365 3344 5427 contemptum
3401 5355 3560 5420 mali,
3599 5362 3646 5409 et
3679 5363 3758 5416 air

2209 5451 2438 5520 petitum
2483 5451 2634 5506 boni.
2697 5449 2766 5506 Et
2811 5451 2914 5506 hac
2957 5459 3224 5522 potestate
3275 5465 3440 5522 quam
3489 5449 3552 5503 ad
3591 5461 3642 5501 se
3679 5441 3758 5495 hae

2210 5541 2394 5596 buisse
2443 5541 2719 5606 dicuntur,
2779 5540 2940 5597 facile
2999 5549 3252 5612 poterant
3313 5549 3370 5594 et
3397 5540 3594 5595 bonum
3637 5545 3758 5586 assc-

2197 5635 2325 5708 _qui,
2373 5641 2430 5689 et
2475 5635 2676 5690 malum
2731 5635 3034 5704 aspernari.
3087 5633 3290 5690 Verum
3343 5631 3432 5686 illa
3467 5645 3618 5701 quam
3647 5626 3760 5680 inter

2210 5739 2270 5779 se
2336 5723 2578 5788 habent,
2643 5722 3030 5780 dominationis
3095 5733 3218 5776 esse
3281 5719 3514 5782 dicitur,
3577 5717 3624 5770 in
3671 5721 3760 5778 qua

2209 5823 2474 5886 potestate
2519 5813 2907 5870 dominationis
2962 5811 3050 5869 alii
3103 5811 3452 5883 superiores,
3511 5807 3597 5864 alii
3647 5798 3760 5857 infe-

2131 3200 2178 3265 α

2136 4545 2188 4602 Β,
