3984 6398
229 343 340 404 853

1358 341 1559 397 LIBER
1595 341 1684 397 DE
1717 339 2084 398 EXERCITIO
2117 340 2388 397 CELLIE.

3375 341 3484 396 πέει

233 463 409 520 riores
446 476 462 515 ι
501 474 569 519 eo
591 457 738 529 quod
769 457 858 516 isti
885 457 1228 529 praecipiunt,
1259 455 1332 515 illi
1371 456 1805 528 praecipientibus
1833 465 1884 525 Α
1906 454 2130 525 spiritus
2156 454 2245 524 qui
2275 453 2342 508 ad
2371 453 2535 508 Demn
2576 451 2823 514 conversi
2867 460 2992 507 sunt
3015 493 3032 516 ,
3079 453 3489 522 glorillcatidnis

233 567 336 622 pro
378 550 566 609 debito
596 549 951 620 subjectionis
982 548 1259 605 obediunt.
1297 545 1356 602 lu
1401 561 1509 616 qua
1549 555 1816 619 potestate
1915 545 2197 618 praemium
2239 553 2566 615 acceperunt
2612 542 2999 600 beatitudinem
3033 551 3324 609 aeternam,
3381 561 3490 621 qua

235 656 343 696 non
368 639 544 696 solum
571 646 701 694 sunt
725 634 1091 704 excellentes,
1121 637 1216 693 sed
1241 643 1298 692 et
1324 633 1654 692 diﬂ‘erentes.
1680 633 1815 690 Nam
1915 649 2016 704 pro
2059 634 2268 690 meritis
2313 633 2460 704 digni
2513 631 2639 688 l'acti
2684 639 2812 688 sunt
2858 633 3030 702 gratia
3089 632 3184 688 Dei
3232 634 3467 706 adjuvan

234 738 293 786 et
317 729 386 785 ab
417 725 524 784 illis
567 726 768 798 quibus
806 724 1074 782 dominari
1113 724 1338 792 debent,
1376 739 1446 781 ex
1472 739 1538 782 eo
1564 724 1711 796 quod
1737 725 1820 780 eis

232 817 586 874 dominantur
629 813 906 871 diﬂ'erunt.
977 813 1226 870 Potestas
1267 827 1398 868 vero
1439 825 1559 883 quae
1605 811 1672 866 ad
1717 826 1818 868 ex-

236 910 395 963 terna
434 913 554 972 est,
600 912 847 977 potestas
894 903 1382 961 administrationis
1422 919 1456 960 a
1496 903 1818 974 quibusdam

233 997 570 1054 nominatur.
618 994 756 1051 Nam
801 994 892 1052 illa
943 995 1092 1052 circa
1141 995 1314 1053 bonos
1360 1003 1654 1068 operantur
1701 1009 1821 1065 qua:

231 1101 426 1147 eorum
463 1085 626 1143 saluti
672 1085 985 1142 necessaria
1027 1094 1183 1154 sunt,
1231 1095 1328 1142 aut
1372 1085 1441 1142 ad
1487 1085 1684 1142 bonam
1727 1099 1821 1141 eos

233 1178 576 1236 voluntatem
601 1177 944 1244 inclinando,
987 1186 1082 1234 aut
1117 1179 1184 1234 ad
1223 1177 1461 1235 habitam
1499 1177 1821 1249 explendam

235 1267 387 1324 vires
414 1267 728 1338 praebendo,
751 1277 806 1324 et
829 1282 861 1323 a
891 1269 1161 1324 contraria
1190 1276 1455 1340 potestate
1478 1283 1576 1324 eos
1602 1267 1820 1323 tuendo.

235 1357 366 1417 Mali
389 1360 554 1417 etiam
607 1358 856 1416 homines
899 1372 999 1431 per
1039 1373 1136 1417 eos
1162 1360 1461 1430 saepissime
1503 1361 1821 1431 puniuntur,

1918 733 2006 792 te,
2075 725 2281 794 absque
2345 724 2628 780 coactione
2698 724 2954 794 quidem,
3017 733 3072 780 et
3131 724 3187 780 in
3231 734 3487 783 αξιοι-πων

1918 814 2088 871 Deum
2118 816 2396 879 videntes,
2438 815 2491 869 in
2525 815 2642 886 ipso
2663 856 2679 882 ,
2720 815 2786 870 de
2815 815 2960 884 ipso,
2999 822 3056 869 et
3083 829 3205 869 eum
3235 816 3351 887 ipso
3379 818 3490 875 sine

1919 904 2030 961 line
2053 905 2291 977 gaudent
2327 903 2519 977 [Par.,
2544 904 2911 976 gaudebunt].
2953 905 3022 960 At
3048 918 3176 960 vero
3209 905 3354 975 quia
3383 902 3488 963 Dor

1919 997 2096 1054 aversi
2131 1005 2291 1064 sunt,
2332 997 2531 1053 inferni
2578 1005 2705 1054 sunt
2743 997 3061 1052 rudentibus
3093 997 3272 1051 traditi
3311 997 3489 1067 (quod

1920 1105 1989 1146 ex
2011 1089 2168 1160 culpa
2189 1098 2506 1147 meruerunt
2543 1089 2655 1145 Deo
2693 1089 2998 1153 deserente,
3034 1089 3239 1159 absque
3275 1103 3486 1158 oppres-

1921 1181 2076 1238 sioue
2103 1180 2348 1251 tamen),
2381 1187 2437 1234 et
2483 1179 2536 1233 in
2573 1189 2832 1234 :eternum
2863 1179 3039 1233 Deum
3065 1194 3172 1234 non
3217 1178 3493 1233 videbunt.

1922 1271 2214 1343 Dispositio
2260 1285 2390 1326 vero
2439 1269 2702 1326 bonorum
2751 1271 2804 1325 in
2854 1271 3063 1327 duobus
3092 1271 3389 1327 consistit:
3440 1270 3496 1326 in

1922 1363 2082 1420 laude
2106 1362 2359 1418 videlicet
2392 1361 2573 1416 divina
2593 1401 2614 1426 ,
2655 1363 2707 1417 in
2739 1379 2844 1433 qua
2882 1363 3086 1436 jugiter
3111 1371 3499 1432 perseverant,

231 1451 398 1524 quia,
434 1449 888 1522 quemadmodum
931 1451 1008 1506 ait
1041 1450 1375 1521 Augustinus
1398 1489 1414 1517 ,
1467 1469 1487 1503 ι
1520 1465 1618 1521 per
1655 1451 1826 1506 bonos
1923 1453 2051 1510 etin
2069 1451 2246 1510 otlicio
2265 1449 2754 1506 administrationis
2777 1451 3069 1506 multarum
3097 1453 3148 1506 in
3171 1451 3276 1506 hoc
3300 1449 3502 1506 mundo

233 1540 464 1612 angelos
500 1548 557 1615 et
589 1555 690 1612 per
730 1539 927 1608 malos,
972 1540 1221 1598 homines
1243 1539 1417 1596 malos
1440 1555 1825 1611 nonnunquam
1923 1544 2316 1616 gerendarum,
2365 1541 2481 1598 sive
2523 1538 2670 1596 circa
2706 1542 2988 1607 homines,
3036 1542 3150 1597 sive
3193 1541 3337 1598 circa
3368 1539 3505 1598 alias

233 1630 389 1690 Deus
419 1631 672 1704 ﬂagellat.
717 1650 737 1685 ι
793 1631 902 1689 Sed
936 1633 1082 1703 quod
1123 1649 1223 1705 per
1259 1629 1477 1703 angelos
1515 1632 1688 1690 bonos
1722 1647 1825 1687 un-
1923 1649 2276 1705 quascunque
2307 1649 2429 1702 res,
2470 1633 2525 1689 in
2554 1649 2781 1704 quarum
2812 1632 3280 1689 administratione
3309 1632 3505 1688 divina:

228 1738 409 1796 quam
453 1724 596 1780 Deus
642 1723 894 1781 homines
935 1724 1138 1781 bonum
1179 1723 1558 1795 tlagellaverit,
1599 1723 1730 1780 dicit
1766 1738 1827 1779 se
1927 1723 2184 1780 obediunt
2219 1722 2580 1792 dispositioni.
2619 1721 2850 1776 Maxima
2893 1735 3025 1777 vero
3058 1736 3244 1777 eorum
3277 1719 3508 1774 admini-

232 1811 446 1887 legisse
488 1829 598 1874 non
646 1814 908 1872 recolere.
949 1813 1123 1884 Hujus
1164 1825 1347 1871 autem
1393 1815 1674 1887 potestatis
1718 1829 1826 1870 non
1857 1798 1903 1859 Β
1931 1814 2124 1871 stratio
2151 1815 2295 1869 circa
2320 1814 2568 1869 homines
2587 1812 2865 1877 consistit,
2899 1820 3009 1867 tam
3042 1812 3096 1867 in
3119 1809 3507 1880 corporalium,

230 1907 469 1964 minima
502 1923 630 1980 pars
661 1916 779 1975 est,
825 1906 1050 1964 libertas
1083 1907 1295 1964 arbitrii
1335 1923 1550 1965 eorum.
1610 1906 1703 1962 Est
1733 1921 1832 1961 au-
1931 1923 2094 1980 quam
2151 1907 2206 1962 in
2263 1905 2624 1977 spiritualium
2673 1903 3061 1960 beoeliciorum
3111 1901 3450 1959 exhibitione
3489 1917 3506 1955 :

231 2009 354 2056 tem
377 2000 606 2056 liberum
629 1999 942 2066 arbitrium,
959 1996 1221 2071 judicium
1238 1999 1535 2056 voluntatis
1555 1999 1782 2055 liberum
1809 2015 1826 2055 :

229 2103 354 2160 quo
373 2091 572 2164 quippe
590 2091 706 2149 fere
734 2097 894 2150 modo
915 2103 973 2151 et
990 2109 1021 2150 a
1039 2092 1373 2164 philosophis
1394 2091 1726 2166 descriptum
1748 2093 1830 2148 in-

227 2180 478 2236 venitur.
494 2181 662 2238 Aiunt
677 2182 822 2239 enim
840 2201 853 2238 :
871 2201 894 2236 ί
912 2182 1166 2240 Liberum
1180 2180 1463 2238 arbitrium
1475 2190 1575 2246 est,
1601 2182 1830 2238 liberum

228 2273 312 2327 de
339 2269 622 2328 voluntate
669 2271 956 2343 judicium.
993 2291 1014 2327 ι
1056 2271 1114 2329 ld
1140 2279 1256 2338 est,
1281 2270 1510 2328 liberum
1541 2271 1828 2328 arbitrium

226 2369 332 2416 est
357 2369 596 2431 potestas
636 2361 976 2418 discernendi
1002 2361 1146 2417 inter
1166 2361 1390 2427 bonum,
1408 2373 1468 2416 et
1484 2360 1684 2416 malum
1703 2377 1830 2417 cum

223 2450 545 2507 Voluntaria
569 2451 834 2508 electione
875 2452 1002 2509 boni
1030 2459 1088 2509 et
1111 2451 1491 2524 reprobatione
1515 2451 1665 2507 mali.
1693 2449 1831 2508 Nam

228 2544 528 2599 arbitrium
573 2544 639 2598 ad
681 2543 1066 2600 discretionem
1094 2543 1357 2615 judicium
1396 2541 1590 2616 [Par.,
1615 2540 1828 2616 judicii]

225 2635 513 2724 pertiqet,
577 2635 721 2692 unde
768 2636 1006 2692 arbitros
1044 2633 1259 2705 judices
1299 2635 1484 2692 dicere
1533 2635 1770 2692 solemus
1813 2654 1827 2692 :

226 2724 470 2782 libertas
514 2741 645 2782 vero
679 2726 745 2782 ad
781 2725 1154 2794 voluntatem,
1199 2741 1360 2796 quam
1403 2724 1627 2782 liberam
1667 2726 1833 2782 habet

1930 2015 2051 2070 qua:
2091 2000 2308 2071 quidem
2335 2001 2454 2056 sine
2481 1998 2628 2054 omni
2660 1998 2879 2062 labore,
2916 1997 3010 2052 sed
3039 2004 3216 2050 tamen
3249 2009 3353 2048 non
3393 1991 3509 2047 sola

1931 2092 2210 2149 voluntate
2239 2088 2538 2160 adimplere
2582 2099 2811 2160 possunt
2855 2089 3028 2160 (quod
3060 2085 3227 2142 solius
3254 2083 3349 2139 Dei
3384 2091 3469 2138 est
3490 2121 3508 2145 ,

1931 2184 2087 2256 cujus
2112 2183 2252 2239 velle
2280 2182 2459 2238 facere
2487 2181 2624 2252 est),
2673 2181 2768 2236 sed
2817 2179 2997 2249 aliquo
3031 2178 3114 2233 vel
3157 2175 3387 2242 visibili,
3421 2174 3510 2230 vel

1931 2277 2220 2343 invisibili,
2259 2283 2419 2346 prout
2457 2274 2536 2330 eis
2571 2273 2864 2342 competit,
2917 2280 3062 2326 actu.
3112 2267 3342 2324 Ordines
3379 2280 3510 2320 vero

1932 2366 2173 2438 ipsorum
2211 2363 2494 2420 beatorum
2539 2361 2857 2432 spirituum,
2909 2358 3203 2414 secundum
3237 2363 3347 2409 tres
3390 2353 3510 2408 hie-

1932 2457 2180 2514 rarchias
2229 2453 2469 2511 distincti
2519 2459 2684 2516 sunt,
2727 2465 2958 2520 quarum
3008 2448 3263 2518 qualibet
3293 2445 3513 2500 ordines

1934 2547 2174 2604 continet
2203 2554 2335 2602 tres.
2374 2545 2430 2600 lu
2463 2544 2637 2614 prima
2664 2539 2968 2597 bierarchia
2999 2547 3128 2594 sunt
3158 2547 3270 2594 tres
3295 2535 3513 2592 ordines

1934 2638 2057 2705 isti,
2089 2636 2374 2708 seraphin,
2406 2625 2666 2690 cherubin
2701 2641 2758 2687 et
2808 2631 3006 2686 tln'oni.
3034 2629 3089 2683 In
3113 2627 3380 2691 secunda,
3412 2625 3514 2680 do-

1934 2728 2297 2791 minationes,
2337 2725 2675 2796 principatus
2734 2734 2792 2778 οι
2838 2727 3150 2790 potestates.
3220 2715 3278 2772 lu
3349 2715 3513 2770 tertia

225 2827 501 2875 creatura
529 2817 830 2875 rationalis.
870 2817 1007 2872 Nam
1033 2817 1202 2874 libere
1226 2819 1428 2873 bonum
1456 2817 1568 2873 vult
1593 2817 1681 2873 illa
1711 2834 1830 2901 quas
1932 2820 2196 2882 virtutes,
2243 2815 2550 2885 archangeli
2591 2821 2648 2869 et
2681 2811 2878 2883 angeli.
2921 2810 3035 2878 Qua
3059 2823 3190 2864 vero
3219 2806 3429 2862 ratione
3462 2815 3521 2901 et

227 2907 446 2963 bonum
488 2909 601 2963 vnlt
645 2927 659 2964 :
705 2919 761 2965 et
788 2909 956 2964 libere
991 2908 1188 2963 malum
1219 2907 1332 2962 vult
1363 2907 1450 2963 illa
1485 2924 1605 2980 qua:
1631 2893 1829 2964 malum
1933 2924 2098 2964 causa
2129 2907 2256 2962 talia
2303 2905 2523 2961 ordines
2569 2903 2655 2959 isti
2695 2901 2874 2959 sortiti
2919 2907 3048 2956 sunt
3088 2898 3342 2963 nomina,
3378 2893 3513 2950 satis

229 3001 381 3056 vult.
408 2996 513 3056 Séd
535 3001 663 3057 illud
687 3003 742 3056 llt
766 3003 937 3072 gratia
962 2999 1054 3056 Dei
1077 3001 1457 3071 pratveuiente,
1498 3001 1550 3056 id
1569 3011 1672 3065 est,
1689 3002 1833 3071 quod
1934 3011 2205 3071 superque
2245 2997 2536 3054 multorum
2575 2994 2964 3052 catholicorum
3006 2994 3285 3049 doctorum
3331 2997 3514 3044 osten-

228 3101 502 3148 creatura
533 3093 813 3149 rationalis
842 3093 956 3148 vult
984 3094 1186 3151 bonum
1222 3111 1238 3149 :
1273 3096 1376 3151 hoc
1405 3105 1587 3152 autem
1617 3097 1678 3152 llt
1702 3113 1831 3168 gra-
1862 3136 1906 3196 ο

230 3183 319 3242 tia
356 3182 452 3238 Dei
484 3183 804 3253 deserente,
845 3184 900 3241 id
927 3194 1043 3252 est,
1082 3186 1228 3257 quod
1265 3195 1518 3242 creatura
1550 3187 1833 3246 rationalis

236 3276 368 3330 vult
416 3275 666 3331 malum:
699 3276 795 3333 sed
829 3290 1044 3346 semper
1089 3286 1380 3349 utrumque
1429 3279 1487 3333 lit
1533 3279 1834 3337 voluntate.

236 3363 387 3420 Nam
420 3379 520 3420 nec
548 3367 722 3436 gratia
770 3365 864 3422 Dei
911 3366 1204 3437 adiuvans,
1256 3366 1586 3423 voluntatem
1639 3369 1838 3439 premit

239 3455 608 3520 necessitate.
649 3471 749 3512 nec
771 3457 1030 3513 deserens
1062 3456 1258 3528 spoliat
1288 3457 1558 3514 libertate.
1596 3458 1724 3515 Inde
1753 3469 1839 3518 est

237 3545 395 3615 quod
429 3543 677 3600 voluntas
717 3546 998 3616 praemium
1035 3556 1276 3603 meretur
1315 3557 1370 3604 et
1414 3562 1665 3618 poenam,
1709 3555 1838 3620 quia

238 3637 423 3692 libere
450 3644 515 3692 .et
555 3637 761 3707 absque
805 3636 954 3692 omni
991 3638 1274 3694 coactione
1332 3639 1398 3694 ad
1445 3648 1733 3710 utrumque
1780 3656 1838 3697 se

238 3727 511 3797 inclinat,
551 3729 602 3784 id
649 3738 734 3785 est
789 3729 856 3784 ad
893 3729 1092 3785 bonum
1139 3739 1195 3786 et
1227 3729 1450 3786 malum.
1493 3727 1611 3786 Non
1655 3740 1838 3786 autem

239 3821 374 3877 sine
398 3835 564 3876 causa
599 3821 806 3876 dictum
828 3831 914 3876 est
954 3820 1184 3876 liberum
1215 3821 1510 3877 voluntatis
1536 3821 1800 3894 judicium
1821 3861 1838 3891 ,

240 3912 338 3968 vel
367 3912 598 3968 liberum
622 3914 688 3967 de
714 3912 1297 3982 voluntatejudicium.
1331 3912 1455 3970 Sola
1487 3930 1618 3970 vero
1648 3915 1840 3972 volun-

241 4013 337 4062 tas
369 4019 586 4075 semper
614 4015 880 4061 creatura:
916 4006 1202 4062 rationalis
1225 4016 1329 4062 est.
1372 4005 1505 4062 Nam
1545 4009 1613 4064 ad
1644 4008 1840 4065 volun-

241 4107 426 4154 tatem
454 4092 756 4154 habendam
799 4098 944 4154 nullo
991 4099 1194 4168 indiget
1221 4107 1380 4155 extra
1396 4115 1455 4156 se
1482 4102 1659 4170 posito
1682 4116 1839 4158 crea-

243 4198 380 4245 tura
410 4187 689 4243 rationalis
721 4204 736 4242 :
769 4188 913 4253 quod
944 4186 998 4243 in
1029 4188 1168 4244 mala
1197 4189 1470 4245 voluntate
1498 4205 1690 4246 onmes
1717 4207 1841 4248 esse

241 4278 528 4335 novimus.
569 4277 704 4333 Nam
736 4279 803 4333 ad
839 4294 960 4334 eam
992 4279 1296 4336 habendam
1326 4297 1393 4337 ex
1415 4297 1476 4337 se
1502 4282 1616 4338 sola
1638 4323 1653 4348 ,
1683 4298 1839 4338 crea-

243 4379 380 4424 tura
405 4368 688 4424 rationalis
715 4368 990 4426 suliiciens
1025 4379 1110 4426 est
1141 4388 1154 4425 :
1185 4371 1282 4427 sed
1310 4372 1377 4427 ad
1401 4373 1600 4427 bonum
1633 4374 1840 4429 haben-

1937 3093 2091 3148 sione
2133 3089 2478 3146 notissimum
2519 3095 2634 3152 est,
2681 3096 2738 3144 et
2768 3087 2972 3143 idcirco
3001 3098 3224 3141 necesse
3261 3096 3368 3136 non
3397 3085 3512 3144 est,

1938 3193 1998 3240 ut
2022 3185 2089 3239 de
2129 3183 2220 3238 illa
2267 3195 2372 3236 nos
2406 3179 2615 3235 ratione
2649 3187 2704 3234 et
2731 3193 2896 3234 causa
2927 3175 3128 3246 aliquid
3167 3174 3219 3228 in
3263 3169 3516 3242 praesenti

1938 3275 2243 3346 loquamur.
2279 3273 2390 3329 Sed
2413 3281 2472 3328 ut
2496 3273 2564 3328 ad
2593 3281 2644 3327 te
2670 3271 2951 3327 veniamus
2975 3309 2991 3334 ,
3029 3267 3120 3338 qui
3153 3264 3424 3320 habitator
3453 3274 3516 3316 es

1937 3363 2118 3436 cellas,
2159 3379 2259 3436 pro
2288 3378 2398 3434 quo
2444 3372 2500 3420 et
2536 3361 2623 3418 cui
2667 3362 2784 3418 haec
2823 3360 3005 3416 omnia
3056 3357 3321 3421 dicimus,
3363 3351 3515 3424 erige

1938 3464 2208 3527 quatenus
2251 3453 2420 3521 licet,
2473 3454 2582 3509 imo
2627 3461 2896 3524 quatenus
2943 3449 3039 3507 tibi
3084 3449 3268 3504 datum
3319 3443 3515 3508 fuerit,

1941 3546 2229 3604 delaecatos
2257 3560 2404 3617 purae
2440 3541 2904 3608 considerationis,
2939 3535 3045 3597 tua:
3075 3537 3262 3595 oculos
3304 3535 3372 3591 ad
3419 3535 3519 3589 hos

1939 3654 2135 3696 novem
2184 3638 2467 3695 beatorum
2513 3637 2800 3706 spirituum
2847 3633 3090 3698 ordines,
3145 3637 3206 3684 ut
3247 3643 3315 3682 ex
3359 3633 3516 3697 parte

1941 3731 2128 3787 videas
2179 3744 2299 3799 qua:
2338 3743 2529 3784 eorum
2566 3727 2677 3782 sint
2713 3724 3074 3781 sublimitates
3121 3729 3176 3775 et
3203 3717 3514 3789 dignitates.

1940 3823 1998 3880 lu
2029 3823 2145 3894 ipsa
2176 3824 2318 3878 intra
2352 3831 2405 3877 te
2435 3821 2648 3876 interna
2685 3817 3089 3881 recordatione,
3130 3813 3286 3870 stude
3313 3810 3516 3868 olfactu

1941 3915 2218 3972 memoriae
2242 3913 2328 3970 vel
2351 3913 2586 3969 tenuiter
2610 3911 2840 3966 odorare
2866 3925 2880 3962 :
2912 3916 2967 3965 et
2999 3914 3159 3978 gustu
3183 3903 3384 3959 amoris
3404 3940 3420 3966 ,
3457 3901 3514 3954 in

1941 3989 2200 4078 quantum
2229 4015 2416 4078 poles,
2455 4002 2660 4073 aliquid
2696 4003 2761 4058 de
2789 3998 3002 4073 gaudiis
3031 3996 3330 4054 caelestium
3359 3990 3520 4062 spiri-

1945 4109 2097 4155 tuum
2135 4105 2494 4170 prtegustare,
2535 4095 2628 4166 qui
2658 4095 2712 4150 in
2755 4091 2980 4165 singulis
3023 4088 3305 4146 ordinibus
3347 4091 3518 4140 sunt:

1942 4190 2214 4265 quomodo
2246 4189 2444 4260 singuli
2489 4188 2543 4244 in
2577 4184 2775 4256 seipsis
2802 4192 2929 4241 sunt
2957 4178 3254 4250 incorrupti
3292 4185 3348 4234 et
3386 4175 3521 4230 inte-

1941 4284 2050 4358 gri,
2073 4281 2298 4352 jucundi
2319 4290 2374 4336 et
2399 4279 2508 4336 laeti
2540 4295 2556 4336 :
2585 4279 2638 4335 in
2669 4291 2856 4333 amore
2877 4271 3279 4333 sincerissimo,
3321 4265 3522 4358 arden-

1944 4355 2154 4434 tissimo
2177 4416 2194 4442 ,
2243 4383 2300 4430 et
2339 4369 2883 4446 perseverantissimo
2918 4365 3150 4420 invicem
3179 4355 3423 4414 benevoli
3448 4361 3525 4446 ‘et

243 4463 410 4527 dum,
449 4474 515 4515 ex
544 4476 603 4517 se
633 4461 777 4528 sola,
817 4458 1083 4518 creatura
1110 4463 1390 4520 rationalis
1423 4463 1699 4520 sufﬁciens
1729 4479 1836 4520 non
1869 4475 1919 4537 ι)
1945 4467 2163 4538 benigni
2210 4485 2225 4521 :
2270 4443 2404 4537 pace
2438 4459 2865 4534 imperturbabili
2908 4452 3208 4524 tranquilli,
3249 4449 3301 4504 in
3338 4443 3526 4538 perfe-

248 4563 368 4618 est,
407 4553 511 4610 nisi
547 4554 619 4610 sit
646 4552 828 4624 adjuta
857 4569 886 4608 a
932 4553 1102 4625 gratia
1133 4552 1251 4609 Dei.
1290 4552 1397 4610 Sed
1423 4554 1547 4610 licet
1576 4555 1694 4610 sine
1721 4570 1845 4624 gra-

253 4648 333 4703 tia
371 4645 497 4712 Dei,
529 4645 724 4700 bonam
754 4647 1087 4700 voluntatem
1118 4645 1323 4701 habere
1362 4661 1466 4699 non
1494 4645 1692 4714 possit,
1733 4661 1840 4701 non

246 4749 442 4796 tamen
480 4735 662 4806 aliquo
690 4735 998 4791 extrinseco
1023 4744 1148 4806 eget
1177 4735 1244 4788 ad
1276 4735 1474 4789 bonam
1501 4733 1842 4790 voluntatem

244 4836 587 4896 habendam.
619 4834 752 4890 Nam
776 4833 878 4889 nisi
911 4832 1066 4903 culpa
1096 4839 1363 4887 creaturae
1393 4830 1671 4886 rationalis
1697 4829 1846 4886 obsi-

246 4939 404 4996 stat,
443 4943 720 5000 nunquam
754 4927 935 4999 gratia
963 4926 1056 4981 Dei
1089 4926 1242 4982 deest
1276 4924 1343 4978 ad
1375 4924 1570 4977 bonam
1598 4923 1846 4978 volunta-

251 5032 372 5076 tem
400 5019 732 5077 habendam.
775 5017 920 5073 Nihil
945 5025 1194 5085 estergo
1221 5015 1363 5085 quod
1401 5015 1480 5069 sic
1505 5014 1576 5068 sit
1604 5023 1844 5084 potesta-

253 5112 333 5167 tis
355 5117 620 5165 creaturae
643 5107 946 5173 rationalis,
976 5106 1117 5162 sicut
1139 5113 1224 5161 est
1245 5105 1363 5177 ipsa
1382 5103 1656 5171 voluntas,
1681 5117 1846 5173 quam

255 5215 485 5270 semper
532 5200 703 5256 libere
757 5200 921 5256 habet
965 5199 1178 5256 ratione
1215 5198 1558 5254 discernente
1599 5211 1668 5252 an
1702 5195 1846 5252 bona

253 5291 337 5348 sit
367 5290 452 5346 vel
491 5291 656 5345 mala.
713 5290 861 5345 Bene
887 5305 1016 5362 ergo
1045 5289 1276 5346 liberum
1314 5287 1599 5344 arbitrium
1648 5286 1848 5343 dicitur

255 5380 494 5435 .iberum
527 5379 825 5434 voluntatis
848 5378 1111 5449 judicium
1135 5417 1152 5444 ,
1191 5378 1276 5433 vel
1306 5377 1534 5434 liberum
1561 5377 1630 5432 de
1658 5375 1848 5432 volun-

260 5480 377 5527 tate
416 5472 711 5543 judicium,
749 5486 816 5527 eo
863 5471 1007 5540 quod
1038 5470 1135 5540 (ut
1187 5470 1389 5525 dictum
1435 5469 1552 5548 est)
1593 5477 1846 5525 creatura

261 5563 556 5619 rationalis
589 5578 808 5633 seraper
851 5561 1016 5619 habet
1048 5569 1371 5632 potestatem
1420 5551 1589 5616 libere
1633 5560 1848 5618 volendi

260 5655 470 5711 bonum
491 5655 575 5711 vel
596 5655 818 5722 malum,
843 5669 966 5710 cum
987 5652 1251 5709 electione
1278 5653 1456 5724 hujus,
1489 5653 1541 5707 id
1563 5661 1648 5709 est
1676 5653 1802 5708 boni
1831 5693 1848 5719 ,

265 5756 329 5802 et
350 5745 554 5818 judicio
577 5747 975 5821 reprobationis
1001 5745 1175 5816 illius,
1228 5745 1281 5802 id
1303 5753 1386 5802 est
1435 5743 1582 5800 mali.
1611 5743 1688 5800 illi
1716 5757 1846 5800 vero

1943 4533 2186 4613 ctissivma
2227 4533 2556 4610 certitudine
2593 4549 2792 4614 securi,
2836 4543 3117 4608 individui,
3143 4539 3288 4613 puri,
3309 4533 3530 4598 sereni,

1945 4647 2122 4718 ipsum
2161 4647 2328 4700 Deum
2359 4643 2496 4698 l'acie
2524 4642 2590 4696 ad
2638 4639 2830 4694 faciem
2872 4637 3153 4696 videntes,
3205 4630 3318 4684 Deo
3336 4628 3526 4718 inces-

1946 4715 2132 4791 sitinter
2148 4733 2497 4789 adhaerentes
2528 4729 2672 4784 nulla
2709 4725 3023 4796 interposita
3053 4737 3112 4776 re
3140 4718 3247 4774 alia
3283 4734 3298 4770 :
3333 4717 3387 4770 in
3416 4715 3533 4769 Deo

1945 4837 2001 4883 et
2029 4841 2096 4881 ex
2121 4827 2230 4881 Deo
2261 4823 2406 4879 beati
2441 4822 2769 4886 existentes,
2809 4816 2899 4871 Dei
2927 4811 3293 4869 indesinenter
3320 4808 3374 4862 in
3413 4805 3527 4876 ple-

1947 4918 2191 4975 nitudine
2216 4931 2360 4972 verm
2399 4922 2456 4970 et
2501 4913 2556 4968 in
2599 4920 2859 4967 reternum
2894 4902 3255 4963 indelicientis
3285 4891 3534 4956 dilectio4

1947 5011 2056 5077 nis,
2085 5017 2140 5065 et
2157 5005 2566 5071 exsultationis,
2601 5002 2851 5058 laudibus
2877 5008 2933 5055 et
2959 4994 3246 5069 praeconiis
3273 4993 3529 5053 insisten-

1948 5112 2032 5160 tes
2066 5120 2082 5157 :
2116 5101 2314 5174 quibus
2339 5100 2430 5167 (ut
2455 5096 2622 5154 multa
2651 5093 2802 5151 brevi
2827 5101 3079 5149 sermone
3104 5080 3528 5153 concludamus)

1948 5195 2084 5252 nihil
2107 5193 2324 5265 penitus
2347 5189 2519 5254 adest,
2555 5185 2687 5242 nihil
2735 5185 2887 5240 deest
2913 5181 3060 5238 boni.
3101 5178 3155 5237 0'
3177 5185 3378 5251 quanta
3404 5187 3531 5265 sua-

1947 5286 2090 5342 vitas
2110 5263 2174 5340 et
2195 5282 2421 5338 dulcedo
2447 5279 2500 5335 in
2531 5276 2717 5333 verbis
2741 5274 2889 5331 istis!
2924 5273 2982 5330 Si
3013 5281 3070 5328 tu
3099 5267 3280 5340 aquila
3307 5280 3391 5329 es,
3420 5263 3530 5318 imo

1949 5379 2076 5450 quia
2103 5391 2182 5443 es,
2212 5375 2258 5431 si
2285 5382 2465 5430 tamen
2496 5369 2637 5426 sicut
2663 5369 2717 5424 in
2742 5366 2876 5423 cella
2903 5379 3026 5421 esse
3049 5363 3247 5425 debes,
3285 5358 3359 5411 ita
3389 5355 3441 5409 in
3465 5366 3526 5450 ea

1949 5444 2044 5537 es,"
2082 5469 2317 5535 elevare,
2345 5465 2559 5520 elevare
2588 5463 2654 5517 ab
2679 5462 2760 5516 eis
2784 5475 2904 5532 qua:
2932 5465 3059 5514 sunt
3091 5453 3232 5509 infra
3259 5459 3310 5504 te
3329 5488 3346 5511 ,
3376 5453 3433 5500 et
3459 5444 3529 5537 ab

1949 5535 2032 5617 eis
2066 5574 2188 5631 qute
2220 5565 2346 5614 sunt
2384 5563 2537 5611 extra
2569 5563 2621 5608 te
2653 5569 2670 5607 :
2703 5560 2756 5606 et
2792 5549 3012 5606 elevare
3045 5539 3402 5600 mediantihus
3430 5535 3522 5631 his

1953 5628 2220 5722 qua-sunt
2245 5648 2386 5704 intra
2416 5655 2469 5702 te
2509 5645 2574 5700 ad
2606 5645 2707 5699 ista
2738 5642 2804 5698 de
2829 5640 3025 5712 quibus
3043 5633 3334 5704 loquimur,
3359 5628 3527 5722 subli-

1955 5719 2064 5799 mia
2101 5749 2158 5798 et
2191 5751 2418 5812 magna,
2479 5733 2721 5806 perfecta
2762 5741 2817 5788 ct
2847 5731 3090 5800 integra,
3139 5719 3425 5794 tranquilla
3468 5726 3534 5814 ct
