  <div class='ocr_page' id='page_1' title='image "/cluster/home/n/w/nwhite01/storage/ocr_20150623/153/hvd.32044015473812/434.png"; bbox 0 0 3984 6420; ppageno 0'>
   <div class='ocr_carea' id='block_1_1' title="bbox 175 397 285 456">
    <p class='ocr_par' dir='ltr' id='par_1_1' title="bbox 175 397 285 456">
     <span class='ocr_line' id='line_1_1' title="bbox 175 397 285 456; baseline -0.027 0"><span class='ocrx_word' id='word_1_1' title='bbox 175 397 285 456; x_wconf 68' lang='grc'><strong>857</strong></span> 
     </span>
    </p>
   </div>
   <div class='ocr_carea' id='block_1_2' title="bbox 1311 392 2353 456">
    <p class='ocr_par' dir='ltr' id='par_1_2' title="bbox 1311 392 2353 456">
     <span class='ocr_line' id='line_1_2' title="bbox 1311 392 2353 456; baseline 0.001 -4"><span class='ocrx_word' id='word_1_2' title='bbox 1311 396 1515 454; x_wconf 71' lang='lat' dir='ltr'><strong>LIBER</strong></span> <span class='ocrx_word' id='word_1_3' title='bbox 1555 399 1646 456; x_wconf 85' lang='lat' dir='ltr'><strong>DE</strong></span> <span class='ocrx_word' id='word_1_4' title='bbox 1684 398 2055 456; x_wconf 73' lang='lat' dir='ltr'><strong>EXERCITIO</strong></span> <span class='ocrx_word' id='word_1_5' title='bbox 2087 392 2353 456; x_wconf 67' lang='lat' dir='ltr'><strong>CELLIE.</strong></span> 
     </span>
    </p>
   </div>
   <div class='ocr_carea' id='block_1_3' title="bbox 3333 407 3438 465">
    <p class='ocr_par' dir='ltr' id='par_1_3' title="bbox 3333 407 3438 465">
     <span class='ocr_line' id='line_1_3' title="bbox 3333 407 3438 465; baseline 0.019 -2"><span class='ocrx_word' id='word_1_6' title='bbox 3333 407 3438 465; x_wconf 79' lang='lat'><strong>858</strong></span> 
     </span>
    </p>
   </div>
   <div class='ocr_carea' id='block_1_4' title="bbox 174 503 3513 589">
    <p class='ocr_par' dir='ltr' id='par_1_4' title="bbox 174 503 3513 589">
     <span class='ocr_line' id='line_1_4' title="bbox 174 503 3513 589; baseline 0.005 -28"><span class='ocrx_word' id='word_1_7' title='bbox 174 524 304 567; x_wconf 75' lang='lat' dir='ltr'><strong>cum</strong></span> <span class='ocrx_word' id='word_1_8' title='bbox 340 507 469 564; x_wconf 89' lang='lat' dir='ltr'><strong>totis</strong></span> <span class='ocrx_word' id='word_1_9' title='bbox 491 505 802 578; x_wconf 69' lang='lat' dir='ltr'><strong>praecordiis</strong></span> <span class='ocrx_word' id='word_1_10' title='bbox 827 505 1179 577; x_wconf 82' lang='lat' dir='ltr'><strong>suspiramus.</strong></span> <span class='ocrx_word' id='word_1_11' title='bbox 1218 503 1328 564; x_wconf 85' lang='lat' dir='ltr'><strong>Sed</strong></span> <span class='ocrx_word' id='word_1_12' title='bbox 1349 523 1511 578; x_wconf 84' lang='lat' dir='ltr'><strong>quem</strong></span> <span class='ocrx_word' id='word_1_13' title='bbox 1545 519 1758 566; x_wconf 83' lang='lat' dir='ltr'><strong>tantum</strong></span> <span class='ocrx_word' id='word_1_14' title='bbox 1783 519 1836 580; x_wconf 65' lang='grc' dir='ltr'>Α</span> <span class='ocrx_word' id='word_1_15' title='bbox 1865 527 2028 583; x_wconf 85' lang='lat' dir='ltr'><strong>super</strong></span> <span class='ocrx_word' id='word_1_16' title='bbox 2051 512 2232 568; x_wconf 84' lang='lat' dir='ltr'><strong>omnia</strong></span> <span class='ocrx_word' id='word_1_17' title='bbox 2255 520 2375 580; x_wconf 72' lang='lat' dir='ltr'><strong>est,</strong></span> <span class='ocrx_word' id='word_1_18' title='bbox 2414 511 2508 567; x_wconf 89' lang='lat' dir='ltr'><strong>sed</strong></span> <span class='ocrx_word' id='word_1_19' title='bbox 2544 525 2647 566; x_wconf 88' lang='lat' dir='ltr'><strong>non</strong></span> <span class='ocrx_word' id='word_1_20' title='bbox 2676 511 2975 580; x_wconf 79' lang='lat' dir='ltr'><strong>exaltatus&#39;;</strong></span> <span class='ocrx_word' id='word_1_21' title='bbox 3015 517 3203 572; x_wconf 90' lang='lat' dir='ltr'><strong>subtus</strong></span> <span class='ocrx_word' id='word_1_22' title='bbox 3227 522 3437 589; x_wconf 86' lang='lat' dir='ltr'><strong>omnia,</strong></span> <span class='ocrx_word' id='word_1_23' title='bbox 3508 513 3513 519; x_wconf 65' lang='grc'>’</span> 
     </span>
    </p>
   </div>
   <div class='ocr_carea' id='block_1_5' title="bbox 174 595 1760 666">
    <p class='ocr_par' dir='ltr' id='par_1_5' title="bbox 174 595 1760 666">
     <span class='ocr_line' id='line_1_5' title="bbox 174 595 1760 666; baseline -0.001 -11"><span class='ocrx_word' id='word_1_24' title='bbox 174 615 301 656; x_wconf 87' lang='lat' dir='ltr'><strong>eum</strong></span> <span class='ocrx_word' id='word_1_25' title='bbox 327 599 590 661; x_wconf 85' lang='lat' dir='ltr'><strong>amando,</strong></span> <span class='ocrx_word' id='word_1_26' title='bbox 638 605 694 652; x_wconf 87' lang='lat' dir='ltr'><strong>et</strong></span> <span class='ocrx_word' id='word_1_27' title='bbox 732 595 799 650; x_wconf 88' lang='lat' dir='ltr'><strong>ad</strong></span> <span class='ocrx_word' id='word_1_28' title='bbox 847 611 968 651; x_wconf 90' lang='lat' dir='ltr'><strong>eum</strong></span> <span class='ocrx_word' id='word_1_29' title='bbox 1003 595 1325 666; x_wconf 84' lang='lat' dir='ltr'><strong>suspirando</strong></span> <span class='ocrx_word' id='word_1_30' title='bbox 1365 612 1486 652; x_wconf 89' lang='lat' dir='ltr'><strong>esse</strong></span> <span class='ocrx_word' id='word_1_31' title='bbox 1525 599 1760 665; x_wconf 81' lang='lat' dir='ltr'><strong>scimus,</strong></span> 
     </span>
    </p>
   </div>
   <div class='ocr_carea' id='block_1_6' title="bbox 176 685 1766 760">
    <p class='ocr_par' dir='ltr' id='par_1_6' title="bbox 176 685 1766 760">
     <span class='ocr_line' id='line_1_6' title="bbox 176 685 1766 760; baseline -0.001 -18"><span class='ocrx_word' id='word_1_32' title='bbox 176 689 308 760; x_wconf 90' lang='lat' dir='ltr'><strong>quid</strong></span> <span class='ocrx_word' id='word_1_33' title='bbox 338 704 460 742; x_wconf 90' lang='lat' dir='ltr'><strong>eum</strong></span> <span class='ocrx_word' id='word_1_34' title='bbox 488 701 609 741; x_wconf 86' lang='lat' dir='ltr'><strong>esse</strong></span> <span class='ocrx_word' id='word_1_35' title='bbox 635 685 874 740; x_wconf 82' lang='lat' dir='ltr'><strong>scimus?</strong></span> <span class='ocrx_word' id='word_1_36' title='bbox 908 685 972 738; x_wconf 87' lang='lat' dir='ltr'><strong>Et</strong></span> <span class='ocrx_word' id='word_1_37' title='bbox 1001 685 1215 754; x_wconf 85' lang='lat' dir='ltr'><strong>quidem</strong></span> <span class='ocrx_word' id='word_1_38' title='bbox 1239 685 1410 740; x_wconf 88' lang='lat' dir='ltr'><strong>electo</strong></span> <span class='ocrx_word' id='word_1_39' title='bbox 1437 686 1637 741; x_wconf 81' lang='lat' dir='ltr'><strong>famulo</strong></span> <span class='ocrx_word' id='word_1_40' title='bbox 1665 702 1766 750; x_wconf 88' lang='lat' dir='ltr'><strong>suo</strong></span> 
     </span>
    </p>
   </div>
   <div class='ocr_carea' id='block_1_7' title="bbox 177 763 1763 846">
    <p class='ocr_par' dir='ltr' id='par_1_7' title="bbox 177 763 1763 846">
     <span class='ocr_line' id='line_1_7' title="bbox 177 763 1763 846; baseline -0.001 -14"><span class='ocrx_word' id='word_1_41' title='bbox 177 779 318 832; x_wconf 89' lang='lat' dir='ltr'><strong>dixit</strong></span> <span class='ocrx_word' id='word_1_42' title='bbox 344 793 402 831; x_wconf 81' lang='lat' dir='ltr'><strong>se</strong></span> <span class='ocrx_word' id='word_1_43' title='bbox 421 791 568 839; x_wconf 82' lang='lat' dir='ltr'><strong>esse,</strong></span> <span class='ocrx_word' id='word_1_44' title='bbox 596 763 724 830; x_wconf 27' lang='lat' dir='ltr'><strong>cum.</strong></span> <span class='ocrx_word' id='word_1_45' title='bbox 743 775 820 829; x_wconf 92' lang='lat' dir='ltr'><strong>ait</strong></span> <span class='ocrx_word' id='word_1_46' title='bbox 856 791 868 828; x_wconf 91' lang='lat'>:</span> <span class='ocrx_word' id='word_1_47' title='bbox 903 772 1013 844; x_wconf 84' lang='lat' dir='ltr'><strong>Ego</strong></span> <span class='ocrx_word' id='word_1_48' title='bbox 1036 791 1150 829; x_wconf 89' lang='lat' dir='ltr'><strong>sum</strong></span> <span class='ocrx_word' id='word_1_49' title='bbox 1173 776 1265 846; x_wconf 89' lang='lat' dir='ltr'><strong>qui</strong></span> <span class='ocrx_word' id='word_1_50' title='bbox 1293 793 1431 831; x_wconf 84' lang='lat' dir='ltr'><strong>sum.</strong></span> <span class='ocrx_word' id='word_1_51' title='bbox 1465 775 1579 832; x_wconf 84' lang='lat' dir='ltr'><strong>Hoc</strong></span> <span class='ocrx_word' id='word_1_52' title='bbox 1599 777 1763 832; x_wconf 89' lang='lat' dir='ltr'><strong>etiam</strong></span> 
     </span>
    </p>
   </div>
   <div class='ocr_carea' id='block_1_8' title="bbox 178 866 1764 942">
    <p class='ocr_par' dir='ltr' id='par_1_8' title="bbox 178 866 1764 942">
     <span class='ocr_line' id='line_1_8' title="bbox 178 866 1764 942; baseline -0.001 -18"><span class='ocrx_word' id='word_1_53' title='bbox 178 869 249 924; x_wconf 88' lang='lat' dir='ltr'><strong>de</strong></span> <span class='ocrx_word' id='word_1_54' title='bbox 302 884 360 923; x_wconf 79' lang='lat' dir='ltr'><strong>se</strong></span> <span class='ocrx_word' id='word_1_55' title='bbox 407 867 815 924; x_wconf 71' lang='lat' dir='ltr'><strong>sciscitantibus</strong></span> <span class='ocrx_word' id='word_1_56' title='bbox 853 866 1022 920; x_wconf 83' lang='lat' dir='ltr'><strong>voluit</strong></span> <span class='ocrx_word' id='word_1_57' title='bbox 1054 867 1120 922; x_wconf 87' lang='lat' dir='ltr'><strong>de</strong></span> <span class='ocrx_word' id='word_1_58' title='bbox 1156 881 1217 921; x_wconf 86' lang='lat' dir='ltr'><strong>se</strong></span> <span class='ocrx_word' id='word_1_59' title='bbox 1247 868 1558 942; x_wconf 68' lang='lat' dir='ltr'><strong>responderi</strong></span> <span class='ocrx_word' id='word_1_60' title='bbox 1591 887 1612 942; x_wconf 86' lang='lat'><strong>_:</strong></span> <span class='ocrx_word' id='word_1_61' title='bbox 1650 868 1764 940; x_wconf 83' lang='lat' dir='ltr'><strong>Ego</strong></span> 
     </span>
    </p>
   </div>
   <div class='ocr_carea' id='block_1_9' title="bbox 175 954 1765 1029">
    <p class='ocr_par' dir='ltr' id='par_1_9' title="bbox 175 954 1765 1029">
     <span class='ocr_line' id='line_1_9' title="bbox 175 954 1765 1029; baseline -0.001 -16"><span class='ocrx_word' id='word_1_62' title='bbox 175 975 318 1025; x_wconf 86' lang='lat' dir='ltr'><strong>sum,</strong></span> <span class='ocrx_word' id='word_1_63' title='bbox 349 958 618 1029; x_wconf 89' lang='lat' dir='ltr'><strong>inquiens,</strong></span> <span class='ocrx_word' id='word_1_64' title='bbox 649 959 738 1029; x_wconf 86' lang='lat' dir='ltr'><strong>qui</strong></span> <span class='ocrx_word' id='word_1_65' title='bbox 765 973 902 1012; x_wconf 89' lang='lat' dir='ltr'><strong>sum.</strong></span> <span class='ocrx_word' id='word_1_66' title='bbox 936 954 1064 1011; x_wconf 75' lang='lat' dir='ltr'><strong>llwc</strong></span> <span class='ocrx_word' id='word_1_67' title='bbox 1084 957 1379 1025; x_wconf 79' lang='lat' dir='ltr'><strong>dices,‘ait,</strong></span> <span class='ocrx_word' id='word_1_68' title='bbox 1406 958 1533 1028; x_wconf 76' lang='lat' dir='ltr'><strong>ﬁliis</strong></span> <span class='ocrx_word' id='word_1_69' title='bbox 1553 957 1765 1014; x_wconf 81' lang='lat' dir='ltr'><strong>Israel:</strong></span> 
     </span>
    </p>
   </div>
   <div class='ocr_carea' id='block_1_10' title="bbox 179 1044 1769 1121">
    <p class='ocr_par' dir='ltr' id='par_1_10' title="bbox 179 1044 1769 1121">
     <span class='ocr_line' id='line_1_10' title="bbox 179 1044 1769 1121; baseline 0.001 -18"><span class='ocrx_word' id='word_1_70' title='bbox 179 1049 288 1116; x_wconf 82' lang='lat' dir='ltr'><strong>Qui</strong></span> <span class='ocrx_word' id='word_1_71' title='bbox 346 1059 455 1116; x_wconf 81' lang='lat' dir='ltr'><strong>est,</strong></span> <span class='ocrx_word' id='word_1_72' title='bbox 493 1055 634 1102; x_wconf 74' lang='lat' dir='ltr'><strong>ausit</strong></span> <span class='ocrx_word' id='word_1_73' title='bbox 683 1064 765 1102; x_wconf 82' lang='lat' dir='ltr'><strong>me</strong></span> <span class='ocrx_word' id='word_1_74' title='bbox 815 1046 883 1101; x_wconf 82' lang='lat' dir='ltr'><strong>ad</strong></span> <span class='ocrx_word' id='word_1_75' title='bbox 929 1063 1013 1102; x_wconf 78' lang='lat' dir='ltr'><strong>vos</strong></span> <span class='ocrx_word' id='word_1_76' title='bbox 1076 1044 1284 1118; x_wconf 74' lang='lat' dir='ltr'><strong>(Exod.</strong></span> <span class='ocrx_word' id='word_1_77' title='bbox 1337 1064 1420 1115; x_wconf 84' lang='lat' dir='ltr'><strong>ut,</strong></span> <span class='ocrx_word' id='word_1_78' title='bbox 1449 1049 1570 1121; x_wconf 76' lang='lat' dir='ltr'><strong>M).</strong></span> <span class='ocrx_word' id='word_1_79' title='bbox 1623 1049 1769 1105; x_wconf 76' lang='lat' dir='ltr'><strong>Dixit</strong></span> 
     </span>
    </p>
   </div>
   <div class='ocr_carea' id='block_1_11' title="bbox 177 1137 1766 1211">
    <p class='ocr_par' dir='ltr' id='par_1_11' title="bbox 177 1137 1766 1211">
     <span class='ocr_line' id='line_1_11' title="bbox 177 1137 1766 1211; baseline 0 -17"><span class='ocrx_word' id='word_1_80' title='bbox 177 1139 308 1210; x_wconf 87' lang='lat' dir='ltr'><strong>quia</strong></span> <span class='ocrx_word' id='word_1_81' title='bbox 330 1149 415 1194; x_wconf 91' lang='lat' dir='ltr'><strong>est</strong></span> <span class='ocrx_word' id='word_1_82' title='bbox 442 1157 455 1195; x_wconf 89' lang='lat'><strong>:</strong></span> <span class='ocrx_word' id='word_1_83' title='bbox 487 1155 595 1195; x_wconf 93' lang='lat' dir='ltr'><strong>non</strong></span> <span class='ocrx_word' id='word_1_84' title='bbox 631 1147 812 1194; x_wconf 89' lang='lat' dir='ltr'><strong>autem</strong></span> <span class='ocrx_word' id='word_1_85' title='bbox 839 1137 976 1194; x_wconf 72' lang='lat' dir='ltr'><strong>dixit</strong></span> <span class='ocrx_word' id='word_1_86' title='bbox 997 1139 1126 1210; x_wconf 89' lang='lat' dir='ltr'><strong>quid</strong></span> <span class='ocrx_word' id='word_1_87' title='bbox 1148 1138 1251 1194; x_wconf 91' lang='lat' dir='ltr'><strong>boc</strong></span> <span class='ocrx_word' id='word_1_88' title='bbox 1274 1139 1344 1194; x_wconf 85' lang='lat' dir='ltr'><strong>sit</strong></span> <span class='ocrx_word' id='word_1_89' title='bbox 1366 1141 1509 1211; x_wconf 92' lang='lat' dir='ltr'><strong>quod</strong></span> <span class='ocrx_word' id='word_1_90' title='bbox 1529 1150 1634 1196; x_wconf 83' lang='lat' dir='ltr'><strong>est.</strong></span> <span class='ocrx_word' id='word_1_91' title='bbox 1659 1139 1766 1196; x_wconf 87' lang='lat' dir='ltr'><strong>Sed</strong></span> 
     </span>
    </p>
   </div>
   <div class='ocr_carea' id='block_1_12' title="bbox 178 1229 1767 1301">
    <p class='ocr_par' dir='ltr' id='par_1_12' title="bbox 178 1229 1767 1301">
     <span class='ocr_line' id='line_1_12' title="bbox 178 1229 1767 1301; baseline 0 -15"><span class='ocrx_word' id='word_1_92' title='bbox 178 1230 437 1286; x_wconf 75' lang='lat' dir='ltr'><strong>fortassis</strong></span> <span class='ocrx_word' id='word_1_93' title='bbox 463 1230 650 1286; x_wconf 88' lang='lat' dir='ltr'><strong>dicens</strong></span> <span class='ocrx_word' id='word_1_94' title='bbox 678 1230 804 1300; x_wconf 88' lang='lat' dir='ltr'><strong>quia</strong></span> <span class='ocrx_word' id='word_1_95' title='bbox 845 1238 958 1297; x_wconf 87' lang='lat' dir='ltr'><strong>est,</strong></span> <span class='ocrx_word' id='word_1_96' title='bbox 1005 1231 1057 1282; x_wconf 91' lang='lat' dir='ltr'><strong>iu</strong></span> <span class='ocrx_word' id='word_1_97' title='bbox 1089 1229 1192 1285; x_wconf 93' lang='lat' dir='ltr'><strong>hoc</strong></span> <span class='ocrx_word' id='word_1_98' title='bbox 1241 1231 1429 1301; x_wconf 88' lang='lat' dir='ltr'><strong>utique</strong></span> <span class='ocrx_word' id='word_1_99' title='bbox 1465 1231 1603 1287; x_wconf 90' lang='lat' dir='ltr'><strong>dixit</strong></span> <span class='ocrx_word' id='word_1_100' title='bbox 1638 1229 1767 1301; x_wconf 90' lang='lat' dir='ltr'><strong>quid</strong></span> 
     </span>
    </p>
   </div>
   <div class='ocr_carea' id='block_1_13' title="bbox 175 1322 1768 1396">
    <p class='ocr_par' dir='ltr' id='par_1_13' title="bbox 175 1322 1768 1396">
     <span class='ocr_line' id='line_1_13' title="bbox 175 1322 1768 1396; baseline 0 -18"><span class='ocrx_word' id='word_1_101' title='bbox 175 1324 284 1380; x_wconf 82' lang='lat' dir='ltr'><strong>hoc</strong></span> <span class='ocrx_word' id='word_1_102' title='bbox 309 1323 378 1378; x_wconf 89' lang='lat' dir='ltr'><strong>sit</strong></span> <span class='ocrx_word' id='word_1_103' title='bbox 401 1323 544 1393; x_wconf 92' lang='lat' dir='ltr'><strong>quod</strong></span> <span class='ocrx_word' id='word_1_104' title='bbox 569 1332 672 1390; x_wconf 96' lang='grc' dir='ltr'><em>εει,</em></span> <span class='ocrx_word' id='word_1_105' title='bbox 705 1322 848 1392; x_wconf 88' lang='lat' dir='ltr'><strong>qttod</strong></span> <span class='ocrx_word' id='word_1_106' title='bbox 873 1322 1009 1378; x_wconf 86' lang='lat' dir='ltr'><strong>dixit</strong></span> <span class='ocrx_word' id='word_1_107' title='bbox 1036 1323 1163 1392; x_wconf 84' lang='lat' dir='ltr'><strong>quia</strong></span> <span class='ocrx_word' id='word_1_108' title='bbox 1193 1331 1296 1379; x_wconf 87' lang='lat' dir='ltr'><strong>est.</strong></span> <span class='ocrx_word' id='word_1_109' title='bbox 1335 1322 1470 1378; x_wconf 85' lang='lat' dir='ltr'><strong>Nam</strong></span> <span class='ocrx_word' id='word_1_110' title='bbox 1503 1322 1768 1396; x_wconf 91' lang='lat' dir='ltr'><strong>quidquid</strong></span> 
     </span>
    </p>
   </div>
   <div class='ocr_carea' id='block_1_14' title="bbox 176 1414 1764 1487">
    <p class='ocr_par' dir='ltr' id='par_1_14' title="bbox 176 1414 1764 1487">
     <span class='ocr_line' id='line_1_14' title="bbox 176 1414 1764 1487; baseline 0 -17"><span class='ocrx_word' id='word_1_111' title='bbox 176 1416 249 1472; x_wconf 88' lang='lat' dir='ltr'><strong>de</strong></span> <span class='ocrx_word' id='word_1_112' title='bbox 275 1430 342 1470; x_wconf 91' lang='lat' dir='ltr'><strong>eo</strong></span> <span class='ocrx_word' id='word_1_113' title='bbox 365 1423 545 1486; x_wconf 84' lang='lat' dir='ltr'><strong>potest</strong></span> <span class='ocrx_word' id='word_1_114' title='bbox 568 1414 836 1470; x_wconf 90' lang='lat' dir='ltr'><strong>catholice</strong></span> <span class='ocrx_word' id='word_1_115' title='bbox 863 1415 1033 1481; x_wconf 91' lang='lat' dir='ltr'><strong>credi,</strong></span> <span class='ocrx_word' id='word_1_116' title='bbox 1071 1414 1330 1487; x_wconf 89' lang='lat' dir='ltr'><strong>quidquid</strong></span> <span class='ocrx_word' id='word_1_117' title='bbox 1355 1415 1620 1470; x_wconf 88' lang='lat' dir='ltr'><strong>veraciter</strong></span> <span class='ocrx_word' id='word_1_118' title='bbox 1639 1415 1764 1480; x_wconf 88' lang='lat' dir='ltr'><strong>dici,</strong></span> 
     </span>
    </p>
   </div>
   <div class='ocr_carea' id='block_1_15' title="bbox 176 1506 1770 1583">
    <p class='ocr_par' dir='ltr' id='par_1_15' title="bbox 176 1506 1770 1583">
     <span class='ocr_line' id='line_1_15' title="bbox 176 1506 1770 1583; baseline -0.001 -21"><span class='ocrx_word' id='word_1_119' title='bbox 176 1508 234 1562; x_wconf 90' lang='lat' dir='ltr'><strong>in</strong></span> <span class='ocrx_word' id='word_1_120' title='bbox 270 1507 372 1583; x_wconf 82' lang='lat' dir='ltr'><strong>hoc</strong></span> <span class='ocrx_word' id='word_1_121' title='bbox 410 1506 573 1563; x_wconf 89' lang='lat' dir='ltr'><strong>verbo</strong></span> <span class='ocrx_word' id='word_1_122' title='bbox 615 1507 951 1561; x_wconf 82' lang='lat' dir='ltr'><strong>instauratur</strong></span> <span class='ocrx_word' id='word_1_123' title='bbox 982 1507 1127 1577; x_wconf 90' lang='lat' dir='ltr'><strong>quod</strong></span> <span class='ocrx_word' id='word_1_124' title='bbox 1161 1517 1284 1573; x_wconf 90' lang='lat' dir='ltr'><strong>est,</strong></span> <span class='ocrx_word' id='word_1_125' title='bbox 1324 1516 1428 1563; x_wconf 91' lang='lat' dir='ltr'><strong>est.</strong></span> <span class='ocrx_word' id='word_1_126' title='bbox 1459 1507 1528 1562; x_wconf 87' lang='lat' dir='ltr'><strong>Et</strong></span> <span class='ocrx_word' id='word_1_127' title='bbox 1552 1507 1770 1578; x_wconf 87' lang='lat' dir='ltr'><strong>quando</strong></span> 
     </span>
    </p>
   </div>
   <div class='ocr_carea' id='block_1_16' title="bbox 174 1597 1766 1670">
    <p class='ocr_par' dir='ltr' id='par_1_16' title="bbox 174 1597 1766 1670">
     <span class='ocr_line' id='line_1_16' title="bbox 174 1597 1766 1670; baseline 0 -17"><span class='ocrx_word' id='word_1_128' title='bbox 174 1597 438 1670; x_wconf 89' lang='lat' dir='ltr'><strong>strepitus</strong></span> <span class='ocrx_word' id='word_1_129' title='bbox 463 1599 576 1654; x_wconf 92' lang='lat' dir='ltr'><strong>oris</strong></span> <span class='ocrx_word' id='word_1_130' title='bbox 606 1600 778 1654; x_wconf 91' lang='lat' dir='ltr'><strong>nostri</strong></span> <span class='ocrx_word' id='word_1_131' title='bbox 811 1598 902 1654; x_wconf 91' lang='lat' dir='ltr'><strong>ubi</strong></span> <span class='ocrx_word' id='word_1_132' title='bbox 931 1600 1155 1655; x_wconf 81' lang='lat' dir='ltr'><strong>verbum</strong></span> <span class='ocrx_word' id='word_1_133' title='bbox 1184 1599 1439 1670; x_wconf 89' lang='lat' dir='ltr'><strong>incipitur</strong></span> <span class='ocrx_word' id='word_1_134' title='bbox 1474 1610 1528 1656; x_wconf 91' lang='lat' dir='ltr'><strong>et</strong></span> <span class='ocrx_word' id='word_1_135' title='bbox 1560 1599 1766 1667; x_wconf 82' lang='lat' dir='ltr'><strong>ﬁnitur,</strong></span> 
     </span>
    </p>
   </div>
   <div class='ocr_carea' id='block_1_17' title="bbox 175 1690 1770 1764">
    <p class='ocr_par' dir='ltr' id='par_1_17' title="bbox 175 1690 1770 1764">
     <span class='ocr_line' id='line_1_17' title="bbox 175 1690 1770 1764; baseline 0.002 -20"><span class='ocrx_word' id='word_1_136' title='bbox 175 1691 398 1761; x_wconf 82' lang='lat' dir='ltr'><strong>aliquod</strong></span> <span class='ocrx_word' id='word_1_137' title='bbox 435 1692 646 1745; x_wconf 91' lang='lat' dir='ltr'><strong>emittet</strong></span> <span class='ocrx_word' id='word_1_138' title='bbox 689 1693 913 1746; x_wconf 81' lang='lat' dir='ltr'><strong>verbum</strong></span> <span class='ocrx_word' id='word_1_139' title='bbox 937 1731 952 1758; x_wconf 94' lang='lat'><strong>,</strong></span> <span class='ocrx_word' id='word_1_140' title='bbox 994 1707 1102 1763; x_wconf 91' lang='lat' dir='ltr'><strong>quo</strong></span> <span class='ocrx_word' id='word_1_141' title='bbox 1131 1690 1455 1747; x_wconf 81' lang='lat' dir='ltr'><strong>suﬂicicuter</strong></span> <span class='ocrx_word' id='word_1_142' title='bbox 1504 1692 1770 1764; x_wconf 81' lang='lat' dir='ltr'><strong>possimus</strong></span> 
     </span>
    </p>
   </div>
   <div class='ocr_carea' id='block_1_18' title="bbox 173 1780 1769 1853">
    <p class='ocr_par' dir='ltr' id='par_1_18' title="bbox 173 1780 1769 1853">
     <span class='ocr_line' id='line_1_18' title="bbox 173 1780 1769 1853; baseline 0.003 -19"><span class='ocrx_word' id='word_1_143' title='bbox 173 1782 488 1851; x_wconf 82' lang='lat' dir='ltr'><strong>exprimere</strong></span> <span class='ocrx_word' id='word_1_144' title='bbox 515 1781 719 1837; x_wconf 88' lang='lat' dir='ltr'><strong>Deum?</strong></span> <span class='ocrx_word' id='word_1_145' title='bbox 744 1781 806 1836; x_wconf 87' lang='lat' dir='ltr'><strong>Et</strong></span> <span class='ocrx_word' id='word_1_146' title='bbox 829 1782 1047 1853; x_wconf 86' lang='lat' dir='ltr'><strong>quidem</strong></span> <span class='ocrx_word' id='word_1_147' title='bbox 1076 1780 1225 1838; x_wconf 87' lang='lat' dir='ltr'><strong>Deus</strong></span> <span class='ocrx_word' id='word_1_148' title='bbox 1241 1783 1329 1837; x_wconf 91' lang='lat' dir='ltr'><strong>Dei</strong></span> <span class='ocrx_word' id='word_1_149' title='bbox 1361 1783 1553 1848; x_wconf 88' lang='lat' dir='ltr'><strong>Filius,</strong></span> <span class='ocrx_word' id='word_1_150' title='bbox 1603 1798 1634 1838; x_wconf 89' lang='lat' dir='ltr'><strong>a</strong></span> <span class='ocrx_word' id='word_1_151' title='bbox 1660 1782 1769 1838; x_wconf 86' lang='lat' dir='ltr'><strong>Deo</strong></span> 
     </span>
    </p>
   </div>
   <div class='ocr_carea' id='block_1_19' title="bbox 172 1861 1846 1943">
    <p class='ocr_par' dir='ltr' id='par_1_19' title="bbox 172 1861 1846 1943">
     <span class='ocr_line' id='line_1_19' title="bbox 172 1861 1846 1943; baseline 0.002 -18"><span class='ocrx_word' id='word_1_152' title='bbox 172 1871 342 1926; x_wconf 79' lang='lat' dir='ltr'><strong>Patre</strong></span> <span class='ocrx_word' id='word_1_153' title='bbox 368 1874 586 1943; x_wconf 85' lang='lat' dir='ltr'><strong>genitus</strong></span> <span class='ocrx_word' id='word_1_154' title='bbox 605 1912 621 1938; x_wconf 98' lang='lat'><strong>,</strong></span> <span class='ocrx_word' id='word_1_155' title='bbox 656 1889 795 1927; x_wconf 87' lang='lat' dir='ltr'><strong>unus</strong></span> <span class='ocrx_word' id='word_1_156' title='bbox 832 1873 1081 1942; x_wconf 87' lang='lat' dir='ltr'><strong>idemque</strong></span> <span class='ocrx_word' id='word_1_157' title='bbox 1107 1889 1227 1929; x_wconf 91' lang='lat' dir='ltr'><strong>cum</strong></span> <span class='ocrx_word' id='word_1_158' title='bbox 1256 1874 1417 1930; x_wconf 84' lang='lat' dir='ltr'><strong>Patre</strong></span> <span class='ocrx_word' id='word_1_159' title='bbox 1437 1913 1454 1939; x_wconf 88' lang='lat'><strong>,</strong></span> <span class='ocrx_word' id='word_1_160' title='bbox 1499 1885 1554 1929; x_wconf 90' lang='lat' dir='ltr'><strong>et</strong></span> <span class='ocrx_word' id='word_1_161' title='bbox 1578 1884 1768 1929; x_wconf 90' lang='lat' dir='ltr'><strong>sancto</strong></span> <span class='ocrx_word' id='word_1_162' title='bbox 1798 1861 1846 1923; x_wconf 80' lang='grc' dir='ltr'><strong>Β</strong></span> 
     </span>
    </p>
   </div>
   <div class='ocr_carea' id='block_1_20' title="bbox 173 1963 1766 2035">
    <p class='ocr_par' dir='ltr' id='par_1_20' title="bbox 173 1963 1766 2035">
     <span class='ocr_line' id='line_1_20' title="bbox 173 1963 1766 2035; baseline 0.001 -19"><span class='ocrx_word' id='word_1_163' title='bbox 173 1963 464 2033; x_wconf 85' lang='lat' dir='ltr'><strong>utriusque</strong></span> <span class='ocrx_word' id='word_1_164' title='bbox 501 1965 704 2034; x_wconf 90' lang='lat' dir='ltr'><strong>Spiritu</strong></span> <span class='ocrx_word' id='word_1_165' title='bbox 745 1964 886 2018; x_wconf 88' lang='lat' dir='ltr'><strong>Deus</strong></span> <span class='ocrx_word' id='word_1_166' title='bbox 927 1965 1194 2028; x_wconf 80' lang='lat' dir='ltr'><strong>existens,</strong></span> <span class='ocrx_word' id='word_1_167' title='bbox 1247 1967 1361 2035; x_wconf 90' lang='lat' dir='ltr'><strong>ipse</strong></span> <span class='ocrx_word' id='word_1_168' title='bbox 1385 1973 1467 2019; x_wconf 91' lang='lat' dir='ltr'><strong>est</strong></span> <span class='ocrx_word' id='word_1_169' title='bbox 1497 1965 1766 2030; x_wconf 83' lang='lat' dir='ltr'><strong>Verbum;</strong></span> 
     </span>
    </p>
   </div>
   <div class='ocr_carea' id='block_1_21' title="bbox 170 2055 1774 2126">
    <p class='ocr_par' dir='ltr' id='par_1_21' title="bbox 170 2055 1774 2126">
     <span class='ocr_line' id='line_1_21' title="bbox 170 2055 1774 2126; baseline 0 -17"><span class='ocrx_word' id='word_1_170' title='bbox 170 2055 278 2110; x_wconf 85' lang='lat' dir='ltr'><strong>sed</strong></span> <span class='ocrx_word' id='word_1_171' title='bbox 317 2055 558 2111; x_wconf 84' lang='lat' dir='ltr'><strong>Verbqu</strong></span> <span class='ocrx_word' id='word_1_172' title='bbox 593 2071 696 2111; x_wconf 91' lang='lat' dir='ltr'><strong>non</strong></span> <span class='ocrx_word' id='word_1_173' title='bbox 729 2065 1075 2112; x_wconf 88' lang='lat' dir='ltr'><strong>transeunter</strong></span> <span class='ocrx_word' id='word_1_174' title='bbox 1105 2056 1398 2126; x_wconf 87' lang='lat' dir='ltr'><strong>prolattun,</strong></span> <span class='ocrx_word' id='word_1_175' title='bbox 1420 2056 1512 2111; x_wconf 91' lang='lat' dir='ltr'><strong>sed</strong></span> <span class='ocrx_word' id='word_1_176' title='bbox 1542 2065 1774 2112; x_wconf 65' lang='lat' dir='ltr'><strong>externa-</strong></span> 
     </span>
    </p>
   </div>
   <div class='ocr_carea' id='block_1_22' title="bbox 174 2147 1771 2219">
    <p class='ocr_par' dir='ltr' id='par_1_22' title="bbox 174 2147 1771 2219">
     <span class='ocr_line' id='line_1_22' title="bbox 174 2147 1771 2219; baseline -0.001 -17"><span class='ocrx_word' id='word_1_177' title='bbox 174 2147 310 2202; x_wconf 90' lang='lat' dir='ltr'><strong>liter</strong></span> <span class='ocrx_word' id='word_1_178' title='bbox 330 2150 594 2218; x_wconf 80' lang='lat' dir='ltr'><strong>genitum,</strong></span> <span class='ocrx_word' id='word_1_179' title='bbox 627 2165 738 2203; x_wconf 89' lang='lat' dir='ltr'><strong>non</strong></span> <span class='ocrx_word' id='word_1_180' title='bbox 766 2148 1000 2214; x_wconf 82' lang='lat' dir='ltr'><strong>factum;</strong></span> <span class='ocrx_word' id='word_1_181' title='bbox 1029 2149 1187 2219; x_wconf 87' lang='lat' dir='ltr'><strong>eique</strong></span> <span class='ocrx_word' id='word_1_182' title='bbox 1219 2148 1372 2218; x_wconf 87' lang='lat' dir='ltr'><strong>cujus</strong></span> <span class='ocrx_word' id='word_1_183' title='bbox 1397 2157 1482 2204; x_wconf 92' lang='lat' dir='ltr'><strong>est</strong></span> <span class='ocrx_word' id='word_1_184' title='bbox 1511 2147 1771 2216; x_wconf 87' lang='lat' dir='ltr'><strong>Verbum,</strong></span> 
     </span>
    </p>
   </div>
   <div class='ocr_carea' id='block_1_23' title="bbox 170 2236 1773 2308">
    <p class='ocr_par' dir='ltr' id='par_1_23' title="bbox 170 2236 1773 2308">
     <span class='ocr_line' id='line_1_23' title="bbox 170 2236 1773 2308; baseline -0.002 -14"><span class='ocrx_word' id='word_1_185' title='bbox 170 2237 480 2307; x_wconf 66' lang='lat' dir='ltr'><strong>comqtiale,</strong></span> <span class='ocrx_word' id='word_1_186' title='bbox 503 2246 559 2292; x_wconf 89' lang='lat' dir='ltr'><strong>et</strong></span> <span class='ocrx_word' id='word_1_187' title='bbox 581 2236 1063 2301; x_wconf 89' lang='lat' dir='ltr'><strong>consubstantiale,</strong></span> <span class='ocrx_word' id='word_1_188' title='bbox 1092 2248 1252 2308; x_wconf 89' lang='lat' dir='ltr'><strong>atque</strong></span> <span class='ocrx_word' id='word_1_189' title='bbox 1281 2246 1635 2303; x_wconf 75' lang='lat' dir='ltr'><strong>comternum,</strong></span> <span class='ocrx_word' id='word_1_190' title='bbox 1665 2252 1773 2307; x_wconf 84' lang='lat' dir='ltr'><strong>quo</strong></span> 
     </span>
    </p>
   </div>
   <div class='ocr_carea' id='block_1_24' title="bbox 171 2319 1769 2400">
    <p class='ocr_par' dir='ltr' id='par_1_24' title="bbox 171 2319 1769 2400">
     <span class='ocr_line' id='line_1_24' title="bbox 171 2319 1769 2400; baseline -0.001 -16"><span class='ocrx_word' id='word_1_191' title='bbox 171 2331 235 2384; x_wconf 85' lang='lat' dir='ltr'><strong>iu</strong></span> <span class='ocrx_word' id='word_1_192' title='bbox 265 2329 533 2400; x_wconf 87' lang='lat' dir='ltr'><strong>principio</strong></span> <span class='ocrx_word' id='word_1_193' title='bbox 572 2338 690 2384; x_wconf 86' lang='lat' dir='ltr'><strong>erat</strong></span> <span class='ocrx_word' id='word_1_194' title='bbox 722 2338 776 2384; x_wconf 91' lang='lat' dir='ltr'><strong>et</strong></span> <span class='ocrx_word' id='word_1_195' title='bbox 805 2319 945 2400; x_wconf 87' lang='lat' dir='ltr'><strong>apud</strong></span> <span class='ocrx_word' id='word_1_196' title='bbox 973 2330 1138 2385; x_wconf 86' lang='lat' dir='ltr'><strong>Deum</strong></span> <span class='ocrx_word' id='word_1_197' title='bbox 1179 2339 1329 2392; x_wconf 87' lang='lat' dir='ltr'><strong>erat,</strong></span> <span class='ocrx_word' id='word_1_198' title='bbox 1365 2341 1420 2385; x_wconf 91' lang='lat' dir='ltr'><strong>et</strong></span> <span class='ocrx_word' id='word_1_199' title='bbox 1455 2327 1597 2384; x_wconf 90' lang='lat' dir='ltr'><strong>Deus</strong></span> <span class='ocrx_word' id='word_1_200' title='bbox 1626 2336 1769 2384; x_wconf 91' lang='lat' dir='ltr'><strong>erat.</strong></span> 
     </span>
    </p>
   </div>
   <div class='ocr_carea' id='block_1_25' title="bbox 171 2419 1775 2492">
    <p class='ocr_par' dir='ltr' id='par_1_25' title="bbox 171 2419 1775 2492">
     <span class='ocr_line' id='line_1_25' title="bbox 171 2419 1775 2492; baseline 0.001 -18"><span class='ocrx_word' id='word_1_201' title='bbox 171 2419 247 2474; x_wconf 79' lang='lat' dir='ltr'><strong>In</strong></span> <span class='ocrx_word' id='word_1_202' title='bbox 268 2421 528 2490; x_wconf 78' lang='lat' dir='ltr'><strong>principio</strong></span> <span class='ocrx_word' id='word_1_203' title='bbox 547 2431 658 2474; x_wconf 76' lang='lat' dir='ltr'><strong>erat</strong></span> <span class='ocrx_word' id='word_1_204' title='bbox 687 2419 912 2474; x_wconf 80' lang='lat' dir='ltr'><strong>Verbum</strong></span> <span class='ocrx_word' id='word_1_205' title='bbox 940 2419 1122 2492; x_wconf 79' lang='lat' dir='ltr'><strong>(Joan.</strong></span> <span class='ocrx_word' id='word_1_206' title='bbox 1153 2436 1190 2484; x_wconf 86' lang='grc' dir='ltr'><strong>ι,</strong></span> <span class='ocrx_word' id='word_1_207' title='bbox 1224 2422 1299 2481; x_wconf 84' lang='lat' dir='ltr'><strong>l).</strong></span> <span class='ocrx_word' id='word_1_208' title='bbox 1332 2421 1472 2476; x_wconf 84' lang='lat' dir='ltr'><strong>Ecce</strong></span> <span class='ocrx_word' id='word_1_209' title='bbox 1495 2421 1775 2475; x_wconf 70' lang='lat' dir='ltr'><strong>mternitas</strong></span> 
     </span>
    </p>
   </div>
   <div class='ocr_carea' id='block_1_26' title="bbox 175 2508 1774 2581">
    <p class='ocr_par' dir='ltr' id='par_1_26' title="bbox 175 2508 1774 2581">
     <span class='ocr_line' id='line_1_26' title="bbox 175 2508 1774 2581; baseline 0.001 -19"><span class='ocrx_word' id='word_1_210' title='bbox 175 2509 304 2577; x_wconf 80' lang='lat' dir='ltr'><strong>ejus</strong></span> <span class='ocrx_word' id='word_1_211' title='bbox 335 2527 360 2564; x_wconf 74' lang='lat'><strong>&#39;:</strong></span> <span class='ocrx_word' id='word_1_212' title='bbox 425 2512 568 2579; x_wconf 89' lang='lat' dir='ltr'><strong>quod</strong></span> <span class='ocrx_word' id='word_1_213' title='bbox 608 2511 749 2564; x_wconf 89' lang='lat' dir='ltr'><strong>enim</strong></span> <span class='ocrx_word' id='word_1_214' title='bbox 793 2512 844 2564; x_wconf 91' lang='lat' dir='ltr'><strong>in</strong></span> <span class='ocrx_word' id='word_1_215' title='bbox 879 2511 1144 2580; x_wconf 88' lang='lat' dir='ltr'><strong>principio</strong></span> <span class='ocrx_word' id='word_1_216' title='bbox 1173 2521 1326 2575; x_wconf 82' lang='lat' dir='ltr'><strong>erat,</strong></span> <span class='ocrx_word' id='word_1_217' title='bbox 1372 2526 1648 2581; x_wconf 88' lang='lat' dir='ltr'><strong>nunquam</strong></span> <span class='ocrx_word' id='word_1_218' title='bbox 1689 2508 1774 2564; x_wconf 80' lang='lat' dir='ltr'><strong>fa-</strong></span> 
     </span>
    </p>
   </div>
   <div class='ocr_carea' id='block_1_27' title="bbox 168 2598 1774 2666">
    <p class='ocr_par' dir='ltr' id='par_1_27' title="bbox 168 2598 1774 2666">
     <span class='ocr_line' id='line_1_27' title="bbox 168 2598 1774 2666; baseline -0.001 -11"><span class='ocrx_word' id='word_1_219' title='bbox 168 2613 328 2655; x_wconf 67' lang='lat' dir='ltr'><strong>eium</strong></span> <span class='ocrx_word' id='word_1_220' title='bbox 364 2609 512 2665; x_wconf 91' lang='lat' dir='ltr'><strong>erat;</strong></span> <span class='ocrx_word' id='word_1_221' title='bbox 539 2603 675 2655; x_wconf 89' lang='lat' dir='ltr'><strong>sicut</strong></span> <span class='ocrx_word' id='word_1_222' title='bbox 702 2602 767 2654; x_wconf 87' lang='lat' dir='ltr'><strong>de</strong></span> <span class='ocrx_word' id='word_1_223' title='bbox 797 2601 936 2655; x_wconf 77' lang='lat' dir='ltr'><strong>etelo</strong></span> <span class='ocrx_word' id='word_1_224' title='bbox 971 2610 1026 2655; x_wconf 90' lang='lat' dir='ltr'><strong>et</strong></span> <span class='ocrx_word' id='word_1_225' title='bbox 1063 2609 1204 2654; x_wconf 85' lang='lat' dir='ltr'><strong>terra</strong></span> <span class='ocrx_word' id='word_1_226' title='bbox 1251 2600 1586 2666; x_wconf 75' lang='lat' dir='ltr'><strong>dictum,est</strong></span> <span class='ocrx_word' id='word_1_227' title='bbox 1637 2616 1651 2654; x_wconf 68' lang='grc' dir='ltr'><strong>ι</strong></span> <span class='ocrx_word' id='word_1_228' title='bbox 1708 2598 1774 2654; x_wconf 81' lang='lat' dir='ltr'><strong>In</strong></span> 
     </span>
    </p>
   </div>
   <div class='ocr_carea' id='block_1_28' title="bbox 169 2690 1774 2763">
    <p class='ocr_par' dir='ltr' id='par_1_28' title="bbox 169 2690 1774 2763">
     <span class='ocr_line' id='line_1_28' title="bbox 169 2690 1774 2763; baseline 0.003 -23"><span class='ocrx_word' id='word_1_229' title='bbox 169 2691 443 2762; x_wconf 65' lang='lat' dir='ltr'><strong>principio</strong></span> <span class='ocrx_word' id='word_1_230' title='bbox 472 2694 661 2747; x_wconf 81' lang='lat' dir='ltr'><strong>creavit</strong></span> <span class='ocrx_word' id='word_1_231' title='bbox 695 2693 836 2746; x_wconf 78' lang='lat' dir='ltr'><strong>Deus</strong></span> <span class='ocrx_word' id='word_1_232' title='bbox 873 2692 1058 2746; x_wconf 72' lang='lat' dir='ltr'><strong>uelum</strong></span> <span class='ocrx_word' id='word_1_233' title='bbox 1081 2703 1128 2746; x_wconf 81' lang='lat' dir='ltr'><strong>et</strong></span> <span class='ocrx_word' id='word_1_234' title='bbox 1168 2704 1360 2746; x_wconf 86' lang='lat' dir='ltr'><strong>terram</strong></span> <span class='ocrx_word' id='word_1_235' title='bbox 1394 2690 1562 2763; x_wconf 76' lang='lat' dir='ltr'><strong>(Gen.</strong></span> <span class='ocrx_word' id='word_1_236' title='bbox 1593 2708 1646 2757; x_wconf 91' lang='grc' dir='ltr'><strong>ι,</strong></span> <span class='ocrx_word' id='word_1_237' title='bbox 1680 2693 1703 2746; x_wconf 82' lang='grc'><strong>1</strong></span> <span class='ocrx_word' id='word_1_238' title='bbox 1733 2691 1774 2762; x_wconf 90' lang='grc'><strong>).</strong></span> 
     </span>
    </p>
   </div>
   <div class='ocr_carea' id='block_1_29' title="bbox 174 2783 1777 2853">
    <p class='ocr_par' dir='ltr' id='par_1_29' title="bbox 174 2783 1777 2853">
     <span class='ocr_line' id='line_1_29' title="bbox 174 2783 1777 2853; baseline 0 -15"><span class='ocrx_word' id='word_1_239' title='bbox 174 2786 291 2839; x_wconf 84' lang='lat' dir='ltr'><strong>Sed</strong></span> <span class='ocrx_word' id='word_1_240' title='bbox 325 2793 482 2849; x_wconf 86' lang='lat' dir='ltr'><strong>erat;</strong></span> <span class='ocrx_word' id='word_1_241' title='bbox 528 2788 631 2839; x_wconf 84' lang='lat' dir='ltr'><strong>hoc</strong></span> <span class='ocrx_word' id='word_1_242' title='bbox 658 2795 764 2853; x_wconf 87' lang='lat' dir='ltr'><strong>est,</strong></span> <span class='ocrx_word' id='word_1_243' title='bbox 817 2785 887 2840; x_wconf 87' lang='lat' dir='ltr'><strong>ab</strong></span> <span class='ocrx_word' id='word_1_244' title='bbox 920 2795 1122 2840; x_wconf 67' lang='lat' dir='ltr'><strong>aeterno</strong></span> <span class='ocrx_word' id='word_1_245' title='bbox 1147 2794 1285 2841; x_wconf 86' lang='lat' dir='ltr'><strong>erat.</strong></span> <span class='ocrx_word' id='word_1_246' title='bbox 1321 2783 1388 2838; x_wconf 83' lang='lat' dir='ltr'><strong>Et</strong></span> <span class='ocrx_word' id='word_1_247' title='bbox 1423 2785 1631 2840; x_wconf 83' lang='lat' dir='ltr'><strong>rerbum</strong></span> <span class='ocrx_word' id='word_1_248' title='bbox 1664 2794 1777 2840; x_wconf 79' lang='lat' dir='ltr'><strong>erat</strong></span> 
     </span>
    </p>
   </div>
   <div class='ocr_carea' id='block_1_30' title="bbox 180 2875 1780 2949">
    <p class='ocr_par' dir='ltr' id='par_1_30' title="bbox 180 2875 1780 2949">
     <span class='ocr_line' id='line_1_30' title="bbox 180 2875 1780 2949; baseline 0.002 -19"><span class='ocrx_word' id='word_1_249' title='bbox 180 2879 333 2947; x_wconf 67' lang='lat' dir='ltr'><strong>apud</strong></span> <span class='ocrx_word' id='word_1_250' title='bbox 389 2875 576 2932; x_wconf 84' lang='lat' dir='ltr'><strong>Deum.</strong></span> <span class='ocrx_word' id='word_1_251' title='bbox 629 2877 766 2932; x_wconf 80' lang='lat' dir='ltr'><strong>Ecce</strong></span> <span class='ocrx_word' id='word_1_252' title='bbox 805 2879 929 2947; x_wconf 90' lang='lat' dir='ltr'><strong>quia</strong></span> <span class='ocrx_word' id='word_1_253' title='bbox 977 2878 1188 2933; x_wconf 86' lang='lat' dir='ltr'><strong>diversa</strong></span> <span class='ocrx_word' id='word_1_254' title='bbox 1233 2877 1392 2932; x_wconf 77' lang='lat' dir='ltr'><strong>Verbi</strong></span> <span class='ocrx_word' id='word_1_255' title='bbox 1441 2893 1665 2949; x_wconf 84' lang='lat' dir='ltr'><strong>persona</strong></span> <span class='ocrx_word' id='word_1_256' title='bbox 1711 2877 1780 2933; x_wconf 90' lang='lat' dir='ltr'><strong>ab</strong></span> 
     </span>
    </p>
   </div>
   <div class='ocr_carea' id='block_1_31' title="bbox 176 2969 1779 3042">
    <p class='ocr_par' dir='ltr' id='par_1_31' title="bbox 176 2969 1779 3042">
     <span class='ocr_line' id='line_1_31' title="bbox 176 2969 1779 3042; baseline 0.002 -18"><span class='ocrx_word' id='word_1_257' title='bbox 176 2969 331 3024; x_wconf 89' lang='lat' dir='ltr'><strong>illius</strong></span> <span class='ocrx_word' id='word_1_258' title='bbox 365 2984 594 3040; x_wconf 87' lang='lat' dir='ltr'><strong>persona</strong></span> <span class='ocrx_word' id='word_1_259' title='bbox 622 2971 776 3042; x_wconf 81' lang='lat' dir='ltr'><strong>cujus</strong></span> <span class='ocrx_word' id='word_1_260' title='bbox 803 2982 887 3026; x_wconf 90' lang='lat' dir='ltr'><strong>est</strong></span> <span class='ocrx_word' id='word_1_261' title='bbox 917 2969 1174 3026; x_wconf 82' lang='lat' dir='ltr'><strong>Verbum.</strong></span> <span class='ocrx_word' id='word_1_262' title='bbox 1218 2972 1276 3028; x_wconf 87' lang='lat' dir='ltr'><strong>Si</strong></span> <span class='ocrx_word' id='word_1_263' title='bbox 1301 2973 1448 3028; x_wconf 87' lang='lat' dir='ltr'><strong>enim</strong></span> <span class='ocrx_word' id='word_1_264' title='bbox 1471 2973 1614 3028; x_wconf 85' lang='lat' dir='ltr'><strong>alius</strong></span> <span class='ocrx_word' id='word_1_265' title='bbox 1637 2971 1779 3042; x_wconf 84' lang='lat' dir='ltr'><strong>apud</strong></span> 
     </span>
    </p>
   </div>
   <div class='ocr_carea' id='block_1_32' title="bbox 176 3062 1780 3137">
    <p class='ocr_par' dir='ltr' id='par_1_32' title="bbox 176 3062 1780 3137">
     <span class='ocr_line' id='line_1_32' title="bbox 176 3062 1780 3137; baseline 0.002 -22"><span class='ocrx_word' id='word_1_266' title='bbox 176 3062 353 3116; x_wconf 86' lang='lat' dir='ltr'><strong>alium</strong></span> <span class='ocrx_word' id='word_1_267' title='bbox 377 3073 518 3130; x_wconf 69' lang='lat' dir='ltr'><strong>erat,</strong></span> <span class='ocrx_word' id='word_1_268' title='bbox 546 3065 684 3120; x_wconf 87' lang='lat' dir='ltr'><strong>alius</strong></span> <span class='ocrx_word' id='word_1_269' title='bbox 706 3065 952 3135; x_wconf 80' lang='lat' dir='ltr'><strong>profecto</strong></span> <span class='ocrx_word' id='word_1_270' title='bbox 975 3066 1063 3120; x_wconf 88' lang='lat' dir='ltr'><strong>ille</strong></span> <span class='ocrx_word' id='word_1_271' title='bbox 1084 3067 1177 3137; x_wconf 90' lang='lat' dir='ltr'><strong>qui</strong></span> <span class='ocrx_word' id='word_1_272' title='bbox 1204 3076 1340 3134; x_wconf 89' lang='lat' dir='ltr'><strong>crat,</strong></span> <span class='ocrx_word' id='word_1_273' title='bbox 1368 3067 1506 3122; x_wconf 91' lang='lat' dir='ltr'><strong>alius</strong></span> <span class='ocrx_word' id='word_1_274' title='bbox 1530 3066 1619 3121; x_wconf 90' lang='lat' dir='ltr'><strong>ille</strong></span> <span class='ocrx_word' id='word_1_275' title='bbox 1638 3065 1780 3135; x_wconf 90' lang='lat' dir='ltr'><strong>apud</strong></span> 
     </span>
    </p>
   </div>
   <div class='ocr_carea' id='block_1_33' title="bbox 177 3161 1778 3234">
    <p class='ocr_par' dir='ltr' id='par_1_33' title="bbox 177 3161 1778 3234">
     <span class='ocr_line' id='line_1_33' title="bbox 177 3161 1778 3234; baseline -0.002 -17"><span class='ocrx_word' id='word_1_276' title='bbox 177 3180 348 3234; x_wconf 81' lang='lat' dir='ltr'><strong>quem</strong></span> <span class='ocrx_word' id='word_1_277' title='bbox 382 3171 520 3218; x_wconf 85' lang='lat' dir='ltr'><strong>erat.</strong></span> <span class='ocrx_word' id='word_1_278' title='bbox 561 3161 667 3217; x_wconf 85' lang='lat' dir='ltr'><strong>Sed</strong></span> <span class='ocrx_word' id='word_1_279' title='bbox 700 3178 767 3217; x_wconf 90' lang='lat' dir='ltr'><strong>ne</strong></span> <span class='ocrx_word' id='word_1_280' title='bbox 812 3172 968 3232; x_wconf 85' lang='lat' dir='ltr'><strong>putes</strong></span> <span class='ocrx_word' id='word_1_281' title='bbox 999 3163 1142 3217; x_wconf 88' lang='lat' dir='ltr'><strong>aliud</strong></span> <span class='ocrx_word' id='word_1_282' title='bbox 1175 3179 1189 3217; x_wconf 90' lang='lat'><strong>:</strong></span> <span class='ocrx_word' id='word_1_283' title='bbox 1238 3163 1306 3217; x_wconf 82' lang='lat' dir='ltr'><strong>Et</strong></span> <span class='ocrx_word' id='word_1_284' title='bbox 1336 3163 1503 3228; x_wconf 86' lang='lat' dir='ltr'><strong>Deus,</strong></span> <span class='ocrx_word' id='word_1_285' title='bbox 1567 3162 1778 3233; x_wconf 88' lang='lat' dir='ltr'><strong>inquit,</strong></span> 
     </span>
    </p>
   </div>
   <div class='ocr_carea' id='block_1_34' title="bbox 177 3252 1780 3316">
    <p class='ocr_par' dir='ltr' id='par_1_34' title="bbox 177 3252 1780 3316">
     <span class='ocr_line' id='line_1_34' title="bbox 177 3252 1780 3316; baseline -0.002 -5"><span class='ocrx_word' id='word_1_286' title='bbox 177 3264 300 3311; x_wconf 79' lang='lat' dir='ltr'><strong>erat</strong></span> <span class='ocrx_word' id='word_1_287' title='bbox 341 3253 586 3309; x_wconf 83' lang='lat' dir='ltr'><strong>Verbum.</strong></span> <span class='ocrx_word' id='word_1_288' title='bbox 652 3253 797 3309; x_wconf 85' lang='lat' dir='ltr'><strong>Ecce</strong></span> <span class='ocrx_word' id='word_1_289' title='bbox 826 3253 1084 3309; x_wconf 79' lang='lat' dir='ltr'><strong>divinitas</strong></span> <span class='ocrx_word' id='word_1_290' title='bbox 1126 3254 1286 3308; x_wconf 83' lang='lat' dir='ltr'><strong>Verbi</strong></span> <span class='ocrx_word' id='word_1_291' title='bbox 1331 3271 1344 3307; x_wconf 90' lang='lat'><strong>:</strong></span> <span class='ocrx_word' id='word_1_292' title='bbox 1382 3268 1482 3307; x_wconf 86' lang='lat' dir='ltr'><strong>nec</strong></span> <span class='ocrx_word' id='word_1_293' title='bbox 1513 3253 1640 3316; x_wconf 90' lang='lat' dir='ltr'><strong>alia,</strong></span> <span class='ocrx_word' id='word_1_294' title='bbox 1682 3252 1780 3307; x_wconf 87' lang='lat' dir='ltr'><strong>sed</strong></span> 
     </span>
    </p>
   </div>
   <div class='ocr_carea' id='block_1_35' title="bbox 178 3342 1784 3416">
    <p class='ocr_par' dir='ltr' id='par_1_35' title="bbox 178 3342 1784 3416">
     <span class='ocr_line' id='line_1_35' title="bbox 178 3342 1784 3416; baseline -0.006 -12"><span class='ocrx_word' id='word_1_295' title='bbox 178 3347 381 3404; x_wconf 83' lang='lat' dir='ltr'><strong>eadem</strong></span> <span class='ocrx_word' id='word_1_296' title='bbox 413 3362 530 3416; x_wconf 67' lang='lat' dir='ltr'><strong>qum</strong></span> <span class='ocrx_word' id='word_1_297' title='bbox 560 3345 678 3415; x_wconf 88' lang='lat' dir='ltr'><strong>ejus</strong></span> <span class='ocrx_word' id='word_1_298' title='bbox 707 3342 821 3409; x_wconf 86' lang='lat' dir='ltr'><strong>est,</strong></span> <span class='ocrx_word' id='word_1_299' title='bbox 861 3344 1012 3413; x_wconf 87' lang='lat' dir='ltr'><strong>cujus</strong></span> <span class='ocrx_word' id='word_1_300' title='bbox 1044 3353 1128 3400; x_wconf 87' lang='lat' dir='ltr'><strong>est</strong></span> <span class='ocrx_word' id='word_1_301' title='bbox 1157 3343 1413 3399; x_wconf 84' lang='lat' dir='ltr'><strong>Verbum.</strong></span> <span class='ocrx_word' id='word_1_302' title='bbox 1452 3343 1618 3414; x_wconf 78' lang='lat' dir='ltr'><strong>Igitur</strong></span> <span class='ocrx_word' id='word_1_303' title='bbox 1649 3342 1784 3397; x_wconf 88' lang='lat' dir='ltr'><strong>Ver-</strong></span> 
     </span>
    </p>
   </div>
   <div class='ocr_carea' id='block_1_36' title="bbox 180 3438 1782 3512">
    <p class='ocr_par' dir='ltr' id='par_1_36' title="bbox 180 3438 1782 3512">
     <span class='ocr_line' id='line_1_36' title="bbox 180 3438 1782 3512; baseline -0.006 -12"><span class='ocrx_word' id='word_1_304' title='bbox 180 3446 322 3500; x_wconf 96' lang='lat' dir='ltr'><strong>bum</strong></span> <span class='ocrx_word' id='word_1_305' title='bbox 353 3444 496 3512; x_wconf 89' lang='lat' dir='ltr'><strong>quod</strong></span> <span class='ocrx_word' id='word_1_306' title='bbox 524 3445 663 3512; x_wconf 89' lang='lat' dir='ltr'><strong>apud</strong></span> <span class='ocrx_word' id='word_1_307' title='bbox 695 3441 858 3494; x_wconf 86' lang='lat' dir='ltr'><strong>Deum</strong></span> <span class='ocrx_word' id='word_1_308' title='bbox 887 3449 1037 3505; x_wconf 84' lang='lat' dir='ltr'><strong>erat,</strong></span> <span class='ocrx_word' id='word_1_309' title='bbox 1080 3441 1220 3495; x_wconf 87' lang='lat' dir='ltr'><strong>idem</strong></span> <span class='ocrx_word' id='word_1_310' title='bbox 1252 3440 1366 3507; x_wconf 83' lang='lat' dir='ltr'><strong>ipse</strong></span> <span class='ocrx_word' id='word_1_311' title='bbox 1398 3452 1519 3491; x_wconf 85' lang='lat' dir='ltr'><strong>cum</strong></span> <span class='ocrx_word' id='word_1_312' title='bbox 1546 3452 1612 3492; x_wconf 89' lang='lat' dir='ltr'><strong>eo</strong></span> <span class='ocrx_word' id='word_1_313' title='bbox 1643 3438 1782 3491; x_wconf 88' lang='lat' dir='ltr'><strong>Deus</strong></span> 
     </span>
    </p>
   </div>
   <div class='ocr_carea' id='block_1_37' title="bbox 180 3525 1784 3608">
    <p class='ocr_par' dir='ltr' id='par_1_37' title="bbox 180 3525 1784 3608">
     <span class='ocr_line' id='line_1_37' title="bbox 180 3525 1784 3608; baseline -0.007 -19"><span class='ocrx_word' id='word_1_314' title='bbox 180 3541 312 3589; x_wconf 81' lang='lat' dir='ltr'><strong>erat</strong></span> <span class='ocrx_word' id='word_1_315' title='bbox 357 3532 499 3600; x_wconf 84' lang='lat' dir='ltr'><strong>apud</strong></span> <span class='ocrx_word' id='word_1_316' title='bbox 539 3546 700 3608; x_wconf 91' lang='lat' dir='ltr'><strong>quem</strong></span> <span class='ocrx_word' id='word_1_317' title='bbox 746 3541 889 3596; x_wconf 88' lang='lat' dir='ltr'><strong>erat,</strong></span> <span class='ocrx_word' id='word_1_318' title='bbox 920 3538 978 3583; x_wconf 87' lang='lat' dir='ltr'><strong>ut</strong></span> <span class='ocrx_word' id='word_1_319' title='bbox 1025 3530 1095 3584; x_wconf 85' lang='lat' dir='ltr'><strong>sit</strong></span> <span class='ocrx_word' id='word_1_320' title='bbox 1139 3528 1326 3596; x_wconf 90' lang='lat' dir='ltr'><strong>utique</strong></span> <span class='ocrx_word' id='word_1_321' title='bbox 1371 3527 1601 3581; x_wconf 81' lang='lat' dir='ltr'><strong>Verbum</strong></span> <span class='ocrx_word' id='word_1_322' title='bbox 1645 3525 1784 3579; x_wconf 87' lang='lat' dir='ltr'><strong>alius</strong></span> 
     </span>
    </p>
   </div>
   <div class='ocr_carea' id='block_1_38' title="bbox 180 3616 1783 3697">
    <p class='ocr_par' dir='ltr' id='par_1_38' title="bbox 180 3616 1783 3697">
     <span class='ocr_line' id='line_1_38' title="bbox 180 3616 1783 3697; baseline -0.007 -16"><span class='ocrx_word' id='word_1_323' title='bbox 180 3627 337 3697; x_wconf 86' lang='lat' dir='ltr'><strong>apud</strong></span> <span class='ocrx_word' id='word_1_324' title='bbox 371 3639 532 3693; x_wconf 90' lang='lat' dir='ltr'><strong>quem</strong></span> <span class='ocrx_word' id='word_1_325' title='bbox 572 3631 720 3686; x_wconf 89' lang='lat' dir='ltr'><strong>erat,</strong></span> <span class='ocrx_word' id='word_1_326' title='bbox 757 3638 864 3676; x_wconf 90' lang='lat' dir='ltr'><strong>non</strong></span> <span class='ocrx_word' id='word_1_327' title='bbox 895 3621 1112 3691; x_wconf 89' lang='lat' dir='ltr'><strong>quidem</strong></span> <span class='ocrx_word' id='word_1_328' title='bbox 1153 3619 1292 3674; x_wconf 89' lang='lat' dir='ltr'><strong>alius</strong></span> <span class='ocrx_word' id='word_1_329' title='bbox 1331 3618 1505 3682; x_wconf 86' lang='lat' dir='ltr'><strong>Deus,</strong></span> <span class='ocrx_word' id='word_1_330' title='bbox 1547 3616 1643 3672; x_wconf 90' lang='lat' dir='ltr'><strong>sed</strong></span> <span class='ocrx_word' id='word_1_331' title='bbox 1677 3617 1783 3670; x_wconf 88' lang='lat' dir='ltr'><strong>alia</strong></span> 
     </span>
    </p>
   </div>
   <div class='ocr_carea' id='block_1_39' title="bbox 180 3701 1785 3790">
    <p class='ocr_par' dir='ltr' id='par_1_39' title="bbox 180 3701 1785 3790">
     <span class='ocr_line' id='line_1_39' title="bbox 180 3701 1785 3790; baseline -0.006 -16"><span class='ocrx_word' id='word_1_332' title='bbox 180 3733 426 3790; x_wconf 86' lang='lat' dir='ltr'><strong>persona</strong></span> <span class='ocrx_word' id='word_1_333' title='bbox 476 3701 516 3770; x_wconf 31' lang='lat' dir='ltr'><strong>a&#39;</strong></span> <span class='ocrx_word' id='word_1_334' title='bbox 551 3715 728 3770; x_wconf 78' lang='lat' dir='ltr'><strong>Patris</strong></span> <span class='ocrx_word' id='word_1_335' title='bbox 770 3730 1040 3785; x_wconf 86' lang='lat' dir='ltr'><strong>persona,</strong></span> <span class='ocrx_word' id='word_1_336' title='bbox 1089 3729 1211 3767; x_wconf 90' lang='lat' dir='ltr'><strong>cum</strong></span> <span class='ocrx_word' id='word_1_337' title='bbox 1259 3727 1367 3782; x_wconf 89' lang='lat' dir='ltr'><strong>quo</strong></span> <span class='ocrx_word' id='word_1_338' title='bbox 1417 3721 1597 3765; x_wconf 88' lang='lat' dir='ltr'><strong>tamen</strong></span> <span class='ocrx_word' id='word_1_339' title='bbox 1645 3723 1785 3765; x_wconf 86' lang='lat' dir='ltr'><strong>unus</strong></span> 
     </span>
    </p>
   </div>
   <div class='ocr_carea' id='block_1_40' title="bbox 184 3791 1813 3876">
    <p class='ocr_par' dir='ltr' id='par_1_40' title="bbox 184 3791 1813 3876">
     <span class='ocr_line' id='line_1_40' title="bbox 184 3791 1813 3876; baseline -0.007 -13"><span class='ocrx_word' id='word_1_340' title='bbox 184 3809 454 3876; x_wconf 89' lang='lat' dir='ltr'><strong>idemque</strong></span> <span class='ocrx_word' id='word_1_341' title='bbox 501 3805 676 3870; x_wconf 89' lang='lat' dir='ltr'><strong>Deus,</strong></span> <span class='ocrx_word' id='word_1_342' title='bbox 718 3800 924 3876; x_wconf 46' lang='lat' dir='ltr'><strong>cx&#39;Deo</strong></span> <span class='ocrx_word' id='word_1_343' title='bbox 957 3804 1131 3867; x_wconf 88' lang='lat' dir='ltr'><strong>Deus,</strong></span> <span class='ocrx_word' id='word_1_344' title='bbox 1169 3818 1235 3856; x_wconf 89' lang='lat' dir='ltr'><strong>ex</strong></span> <span class='ocrx_word' id='word_1_345' title='bbox 1281 3801 1445 3856; x_wconf 86' lang='lat' dir='ltr'><strong>Patre</strong></span> <span class='ocrx_word' id='word_1_346' title='bbox 1477 3801 1586 3854; x_wconf 89' lang='lat' dir='ltr'><strong>Deo</strong></span> <span class='ocrx_word' id='word_1_347' title='bbox 1618 3791 1813 3853; x_wconf 85' lang='lat' dir='ltr'><strong>Filius</strong></span> 
     </span>
    </p>
   </div>
   <div class='ocr_carea' id='block_1_41' title="bbox 184 3879 1786 3971">
    <p class='ocr_par' dir='ltr' id='par_1_41' title="bbox 184 3879 1786 3971">
     <span class='ocr_line' id='line_1_41' title="bbox 184 3879 1786 3971; baseline -0.006 -16"><span class='ocrx_word' id='word_1_348' title='bbox 184 3901 360 3955; x_wconf 80' lang='lat' dir='ltr'><strong>Deus.</strong></span> <span class='ocrx_word' id='word_1_349' title='bbox 393 3897 511 3971; x_wconf 82' lang='lat' dir='ltr'><strong>Non</strong></span> <span class='ocrx_word' id='word_1_350' title='bbox 539 3906 689 3952; x_wconf 90' lang='lat' dir='ltr'><strong>certe</strong></span> <span class='ocrx_word' id='word_1_351' title='bbox 711 3879 878 3964; x_wconf 71' lang='lat' dir='ltr'><strong>aliud,</strong></span> <span class='ocrx_word' id='word_1_352' title='bbox 913 3895 1039 3964; x_wconf 85' lang='lat' dir='ltr'><strong>quia</strong></span> <span class='ocrx_word' id='word_1_353' title='bbox 1069 3887 1258 3950; x_wconf 87' lang='lat' dir='ltr'><strong>eadem</strong></span> <span class='ocrx_word' id='word_1_354' title='bbox 1289 3908 1411 3948; x_wconf 88' lang='lat' dir='ltr'><strong>cum</strong></span> <span class='ocrx_word' id='word_1_355' title='bbox 1443 3907 1508 3947; x_wconf 90' lang='lat' dir='ltr'><strong>eo</strong></span> <span class='ocrx_word' id='word_1_356' title='bbox 1535 3892 1786 3946; x_wconf 85' lang='lat' dir='ltr'><strong>substan-</strong></span> 
     </span>
    </p>
   </div>
   <div class='ocr_carea' id='block_1_42' title="bbox 185 3977 1788 4055">
    <p class='ocr_par' dir='ltr' id='par_1_42' title="bbox 185 3977 1788 4055">
     <span class='ocr_line' id='line_1_42' title="bbox 185 3977 1788 4055; baseline -0.008 -10"><span class='ocrx_word' id='word_1_357' title='bbox 185 3991 303 4055; x_wconf 86' lang='lat' dir='ltr'><strong>tia,</strong></span> <span class='ocrx_word' id='word_1_358' title='bbox 351 3977 632 4044; x_wconf 82' lang='lat' dir='ltr'><strong>aeternitas</strong></span> <span class='ocrx_word' id='word_1_359' title='bbox 677 3997 733 4042; x_wconf 88' lang='lat' dir='ltr'><strong>et</strong></span> <span class='ocrx_word' id='word_1_360' title='bbox 761 3984 1045 4039; x_wconf 84' lang='lat' dir='ltr'><strong>divinitas.</strong></span> <span class='ocrx_word' id='word_1_361' title='bbox 1100 3983 1285 4052; x_wconf 84' lang='lat' dir='ltr'><strong>itaque</strong></span> <span class='ocrx_word' id='word_1_362' title='bbox 1335 3981 1518 4048; x_wconf 84' lang='lat' dir='ltr'><strong>alius,</strong></span> <span class='ocrx_word' id='word_1_363' title='bbox 1569 3986 1788 4050; x_wconf 83' lang='lat' dir='ltr'><strong>propter</strong></span> 
     </span>
    </p>
   </div>
   <div class='ocr_carea' id='block_1_43' title="bbox 185 4058 1790 4154">
    <p class='ocr_par' dir='ltr' id='par_1_43' title="bbox 185 4058 1790 4154">
     <span class='ocr_line' id='line_1_43' title="bbox 185 4058 1790 4154; baseline -0.008 -17"><span class='ocrx_word' id='word_1_364' title='bbox 185 4096 558 4154; x_wconf 89' lang='lat' dir='ltr'><strong>personarum</strong></span> <span class='ocrx_word' id='word_1_365' title='bbox 601 4061 1004 4151; x_wconf 85' lang='lat' dir='ltr'><strong>diversitatem;</strong></span> <span class='ocrx_word' id='word_1_366' title='bbox 1060 4073 1153 4131; x_wconf 90' lang='lat' dir='ltr'><strong>sed</strong></span> <span class='ocrx_word' id='word_1_367' title='bbox 1203 4058 1308 4128; x_wconf 85' lang='lat' dir='ltr'><strong>non</strong></span> <span class='ocrx_word' id='word_1_368' title='bbox 1347 4074 1524 4137; x_wconf 87' lang='lat' dir='ltr'><strong>aliud,</strong></span> <span class='ocrx_word' id='word_1_369' title='bbox 1570 4081 1790 4142; x_wconf 87' lang='lat' dir='ltr'><strong>propter</strong></span> 
     </span>
    </p>
   </div>
   <div class='ocr_carea' id='block_1_44' title="bbox 185 4155 1792 4232">
    <p class='ocr_par' dir='ltr' id='par_1_44' title="bbox 185 4155 1792 4232">
     <span class='ocr_line' id='line_1_44' title="bbox 185 4155 1792 4232; baseline -0.007 0"><span class='ocrx_word' id='word_1_370' title='bbox 185 4175 522 4232; x_wconf 71' lang='lat' dir='ltr'><strong>substantiae</strong></span> <span class='ocrx_word' id='word_1_371' title='bbox 567 4155 766 4228; x_wconf 64' lang='lat' dir='ltr'><strong>divinae</strong></span> <span class='ocrx_word' id='word_1_372' title='bbox 813 4171 1101 4224; x_wconf 88' lang='lat' dir='ltr'><strong>unitatem.</strong></span> <span class='ocrx_word' id='word_1_373' title='bbox 1150 4167 1255 4222; x_wconf 89' lang='lat' dir='ltr'><strong>Sed</strong></span> <span class='ocrx_word' id='word_1_374' title='bbox 1295 4182 1418 4221; x_wconf 91' lang='lat' dir='ltr'><strong>cum</strong></span> <span class='ocrx_word' id='word_1_375' title='bbox 1463 4174 1634 4221; x_wconf 90' lang='lat' dir='ltr'><strong>totum</strong></span> <span class='ocrx_word' id='word_1_376' title='bbox 1689 4166 1792 4220; x_wconf 87' lang='lat' dir='ltr'><strong>hoc</strong></span> 
     </span>
    </p>
   </div>
   <div class='ocr_carea' id='block_1_45' title="bbox 186 4257 1806 4336">
    <p class='ocr_par' dir='ltr' id='par_1_45' title="bbox 186 4257 1806 4336">
     <span class='ocr_line' id='line_1_45' title="bbox 186 4257 1806 4336; baseline -0.008 -13"><span class='ocrx_word' id='word_1_377' title='bbox 186 4267 468 4332; x_wconf 87' lang='lat' dir='ltr'><strong>dicimus,</strong></span> <span class='ocrx_word' id='word_1_378' title='bbox 507 4265 636 4336; x_wconf 90' lang='lat' dir='ltr'><strong>quid</strong></span> <span class='ocrx_word' id='word_1_379' title='bbox 669 4262 944 4318; x_wconf 74' lang='lat' dir='ltr'><strong>dicimus?</strong></span> <span class='ocrx_word' id='word_1_380' title='bbox 990 4262 1208 4331; x_wconf 88' lang='lat' dir='ltr'><strong>quando</strong></span> <span class='ocrx_word' id='word_1_381' title='bbox 1237 4261 1404 4315; x_wconf 85' lang='lat' dir='ltr'><strong>verba</strong></span> <span class='ocrx_word' id='word_1_382' title='bbox 1439 4257 1806 4322; x_wconf 62' lang='lat' dir='ltr'><strong>habebimus,</strong></span> 
     </span>
    </p>
   </div>
   <div class='ocr_carea' id='block_1_46' title="bbox 185 4349 1806 4431">
    <p class='ocr_par' dir='ltr' id='par_1_46' title="bbox 185 4349 1806 4431">
     <span class='ocr_line' id='line_1_46' title="bbox 185 4349 1806 4431; baseline -0.005 -19"><span class='ocrx_word' id='word_1_383' title='bbox 185 4359 398 4431; x_wconf 89' lang='lat' dir='ltr'><strong>quibus</strong></span> <span class='ocrx_word' id='word_1_384' title='bbox 431 4357 560 4429; x_wconf 89' lang='lat' dir='ltr'><strong>quid</strong></span> <span class='ocrx_word' id='word_1_385' title='bbox 596 4359 668 4412; x_wconf 89' lang='lat' dir='ltr'><strong>sit</strong></span> <span class='ocrx_word' id='word_1_386' title='bbox 707 4355 849 4412; x_wconf 89' lang='lat' dir='ltr'><strong>Deus</strong></span> <span class='ocrx_word' id='word_1_387' title='bbox 879 4355 1063 4409; x_wconf 90' lang='lat' dir='ltr'><strong>dicere</strong></span> <span class='ocrx_word' id='word_1_388' title='bbox 1099 4352 1403 4423; x_wconf 84' lang='lat' dir='ltr'><strong>possimus?</strong></span> <span class='ocrx_word' id='word_1_389' title='bbox 1441 4349 1614 4405; x_wconf 77' lang='lat' dir='ltr'><strong>Multa</strong></span> <span class='ocrx_word' id='word_1_390' title='bbox 1653 4350 1806 4410; x_wconf 63' lang='grc' dir='ltr'><em>άίεεο,</em></span> 
     </span>
    </p>
   </div>
   <div class='ocr_carea' id='block_1_47' title="bbox 186 4437 1788 4521">
    <p class='ocr_par' dir='ltr' id='par_1_47' title="bbox 186 4437 1788 4521">
     <span class='ocr_line' id='line_1_47' title="bbox 186 4437 1788 4521; baseline -0.007 -15"><span class='ocrx_word' id='word_1_391' title='bbox 186 4469 336 4517; x_wconf 81' lang='lat' dir='ltr'><strong>mus,</strong></span> <span class='ocrx_word' id='word_1_392' title='bbox 367 4450 445 4506; x_wconf 87' lang='lat' dir='ltr'><strong>ait</strong></span> <span class='ocrx_word' id='word_1_393' title='bbox 472 4451 687 4521; x_wconf 87' lang='lat' dir='ltr'><strong>sapiens</strong></span> <span class='ocrx_word' id='word_1_394' title='bbox 714 4443 956 4520; x_wconf 89' lang='lat' dir='ltr'><strong>quidam,</strong></span> <span class='ocrx_word' id='word_1_395' title='bbox 993 4456 1039 4501; x_wconf 83' lang='lat' dir='ltr'><strong>et</strong></span> <span class='ocrx_word' id='word_1_396' title='bbox 1070 4445 1372 4514; x_wconf 84' lang='lat' dir='ltr'><strong>de/iciemus</strong></span> <span class='ocrx_word' id='word_1_397' title='bbox 1396 4441 1562 4497; x_wconf 79' lang='lat' dir='ltr'><strong>verbis</strong></span> <span class='ocrx_word' id='word_1_398' title='bbox 1589 4437 1788 4512; x_wconf 78' lang='lat' dir='ltr'><strong>(Ercli.</strong></span> 
     </span>
    </p>
   </div>
   <div class='ocr_carea' id='block_1_48' title="bbox 1865 606 3444 675">
    <p class='ocr_par' dir='ltr' id='par_1_48' title="bbox 1865 606 3444 675">
     <span class='ocr_line' id='line_1_48' title="bbox 1865 606 3444 675; baseline 0.006 -14"><span class='ocrx_word' id='word_1_399' title='bbox 1865 607 1960 661; x_wconf 82' lang='lat' dir='ltr'><strong>sed</strong></span> <span class='ocrx_word' id='word_1_400' title='bbox 1989 621 2094 662; x_wconf 93' lang='lat' dir='ltr'><strong>non</strong></span> <span class='ocrx_word' id='word_1_401' title='bbox 2125 607 2456 670; x_wconf 89' lang='lat' dir='ltr'><strong>substratus;</strong></span> <span class='ocrx_word' id='word_1_402' title='bbox 2479 606 2640 660; x_wconf 82' lang='lat' dir='ltr'><strong>intus</strong></span> <span class='ocrx_word' id='word_1_403' title='bbox 2669 615 2724 662; x_wconf 87' lang='lat' dir='ltr'><strong>et</strong></span> <span class='ocrx_word' id='word_1_404' title='bbox 2752 615 2928 675; x_wconf 90' lang='lat' dir='ltr'><strong>extra,</strong></span> <span class='ocrx_word' id='word_1_405' title='bbox 2964 624 3063 664; x_wconf 90' lang='lat' dir='ltr'><strong>nec</strong></span> <span class='ocrx_word' id='word_1_406' title='bbox 3091 610 3327 668; x_wconf 87' lang='lat' dir='ltr'><strong>inclusus</strong></span> <span class='ocrx_word' id='word_1_407' title='bbox 3359 624 3444 670; x_wconf 87' lang='lat' dir='ltr'><strong>ta-</strong></span> 
     </span>
    </p>
   </div>
   <div class='ocr_carea' id='block_1_49' title="bbox 1865 697 3459 773">
    <p class='ocr_par' dir='ltr' id='par_1_49' title="bbox 1865 697 3459 773">
     <span class='ocr_line' id='line_1_49' title="bbox 1865 697 3459 773; baseline 0.003 -21"><span class='ocrx_word' id='word_1_408' title='bbox 1865 711 1989 752; x_wconf 87' lang='lat' dir='ltr'><strong>men</strong></span> <span class='ocrx_word' id='word_1_409' title='bbox 2009 736 2025 762; x_wconf 90' lang='lat'><strong>,</strong></span> <span class='ocrx_word' id='word_1_410' title='bbox 2071 711 2173 752; x_wconf 83' lang='lat' dir='ltr'><strong>nec</strong></span> <span class='ocrx_word' id='word_1_411' title='bbox 2205 697 2457 752; x_wconf 86' lang='lat' dir='ltr'><strong>exclusus</strong></span> <span class='ocrx_word' id='word_1_412' title='bbox 2502 714 2514 749; x_wconf 92' lang='lat'>:</span> <span class='ocrx_word' id='word_1_413' title='bbox 2547 712 2758 766; x_wconf 84' lang='lat' dir='ltr'><strong>semper</strong></span> <span class='ocrx_word' id='word_1_414' title='bbox 2791 698 2934 766; x_wconf 89' lang='lat' dir='ltr'><strong>ipse,</strong></span> <span class='ocrx_word' id='word_1_415' title='bbox 2972 708 3028 754; x_wconf 90' lang='lat' dir='ltr'><strong>et</strong></span> <span class='ocrx_word' id='word_1_416' title='bbox 3057 699 3254 773; x_wconf 88' lang='lat' dir='ltr'><strong>ubique</strong></span> <span class='ocrx_word' id='word_1_417' title='bbox 3291 703 3459 773; x_wconf 60' lang='lat' dir='ltr'><strong>ipse;</strong></span> 
     </span>
    </p>
   </div>
   <div class='ocr_carea' id='block_1_50' title="bbox 1867 789 3444 865">
    <p class='ocr_par' dir='ltr' id='par_1_50' title="bbox 1867 789 3444 865">
     <span class='ocr_line' id='line_1_50' title="bbox 1867 789 3444 865; baseline 0.004 -21"><span class='ocrx_word' id='word_1_418' title='bbox 1867 789 1960 844; x_wconf 91' lang='lat' dir='ltr'><strong>sed</strong></span> <span class='ocrx_word' id='word_1_419' title='bbox 1987 804 2087 844; x_wconf 89' lang='lat' dir='ltr'><strong>nec</strong></span> <span class='ocrx_word' id='word_1_420' title='bbox 2115 805 2350 859; x_wconf 90' lang='lat' dir='ltr'><strong>unquam</strong></span> <span class='ocrx_word' id='word_1_421' title='bbox 2377 797 2742 858; x_wconf 75' lang='lat' dir='ltr'><strong>tcmpus,‘nce</strong></span> <span class='ocrx_word' id='word_1_422' title='bbox 2773 805 2998 860; x_wconf 86' lang='lat' dir='ltr'><strong>usquam</strong></span> <span class='ocrx_word' id='word_1_423' title='bbox 3033 791 3201 846; x_wconf 91' lang='lat' dir='ltr'><strong>locus.</strong></span> <span class='ocrx_word' id='word_1_424' title='bbox 3234 794 3324 847; x_wconf 83' lang='lat' dir='ltr'><strong>Est.</strong></span> <span class='ocrx_word' id='word_1_425' title='bbox 3350 797 3444 865; x_wconf 86' lang='lat' dir='ltr'><strong>qui</strong></span> 
     </span>
    </p>
   </div>
   <div class='ocr_carea' id='block_1_51' title="bbox 1865 880 3446 955">
    <p class='ocr_par' dir='ltr' id='par_1_51' title="bbox 1865 880 3446 955">
     <span class='ocr_line' id='line_1_51' title="bbox 1865 880 3446 955; baseline 0.003 -18"><span class='ocrx_word' id='word_1_426' title='bbox 1865 893 1970 945; x_wconf 86' lang='lat' dir='ltr'><strong>est,</strong></span> <span class='ocrx_word' id='word_1_427' title='bbox 2007 890 2063 936; x_wconf 88' lang='lat' dir='ltr'><strong>et</strong></span> <span class='ocrx_word' id='word_1_428' title='bbox 2105 881 2244 936; x_wconf 89' lang='lat' dir='ltr'><strong>idem</strong></span> <span class='ocrx_word' id='word_1_429' title='bbox 2283 896 2348 936; x_wconf 90' lang='lat' dir='ltr'><strong>ac</strong></span> <span class='ocrx_word' id='word_1_430' title='bbox 2375 880 2566 936; x_wconf 87' lang='lat' dir='ltr'><strong>eodem</strong></span> <span class='ocrx_word' id='word_1_431' title='bbox 2599 881 2789 947; x_wconf 89' lang='lat' dir='ltr'><strong>modo,</strong></span> <span class='ocrx_word' id='word_1_432' title='bbox 2833 896 2936 938; x_wconf 89' lang='lat' dir='ltr'><strong>nec</strong></span> <span class='ocrx_word' id='word_1_433' title='bbox 2961 883 3009 938; x_wconf 90' lang='lat' dir='ltr'><strong>ei</strong></span> <span class='ocrx_word' id='word_1_434' title='bbox 3038 884 3334 955; x_wconf 84' lang='lat' dir='ltr'><strong>quidquam</strong></span> <span class='ocrx_word' id='word_1_435' title='bbox 3361 887 3446 941; x_wconf 89' lang='lat' dir='ltr'><strong>vel</strong></span> 
     </span>
    </p>
   </div>
   <div class='ocr_carea' id='block_1_52' title="bbox 1865 974 3446 1047">
    <p class='ocr_par' dir='ltr' id='par_1_52' title="bbox 1865 974 3446 1047">
     <span class='ocr_line' id='line_1_52' title="bbox 1865 974 3446 1047; baseline 0.001 -17"><span class='ocrx_word' id='word_1_436' title='bbox 1865 974 2143 1038; x_wconf 85' lang='lat' dir='ltr'><strong>evenerit,</strong></span> <span class='ocrx_word' id='word_1_437' title='bbox 2192 974 2386 1042; x_wconf 89' lang='lat' dir='ltr'><strong>inerit,</strong></span> <span class='ocrx_word' id='word_1_438' title='bbox 2433 975 2517 1030; x_wconf 89' lang='lat' dir='ltr'><strong>vel</strong></span> <span class='ocrx_word' id='word_1_439' title='bbox 2557 975 2783 1039; x_wconf 87' lang='lat' dir='ltr'><strong>transit,</strong></span> <span class='ocrx_word' id='word_1_440' title='bbox 2829 974 3006 1038; x_wconf 77' lang='lat' dir='ltr'><strong>infuit.</strong></span> <span class='ocrx_word' id='word_1_441' title='bbox 3051 975 3246 1047; x_wconf 77' lang='lat' dir='ltr'><strong>Magna</strong></span> <span class='ocrx_word' id='word_1_442' title='bbox 3285 979 3446 1032; x_wconf 84' lang='lat' dir='ltr'><strong>virtus</strong></span> 
     </span>
    </p>
   </div>
   <div class='ocr_carea' id='block_1_53' title="bbox 1865 1065 3445 1139">
    <p class='ocr_par' dir='ltr' id='par_1_53' title="bbox 1865 1065 3445 1139">
     <span class='ocr_line' id='line_1_53' title="bbox 1865 1065 3445 1139; baseline 0.002 -18"><span class='ocrx_word' id='word_1_443' title='bbox 1865 1067 2004 1137; x_wconf 80' lang='lat' dir='ltr'><strong>ejus,</strong></span> <span class='ocrx_word' id='word_1_444' title='bbox 2024 1076 2072 1120; x_wconf 79' lang='lat' dir='ltr'><strong>et</strong></span> <span class='ocrx_word' id='word_1_445' title='bbox 2101 1067 2372 1136; x_wconf 69' lang='lat' dir='ltr'><strong>sapientiae</strong></span> <span class='ocrx_word' id='word_1_446' title='bbox 2391 1067 2506 1136; x_wconf 77' lang='lat' dir='ltr'><strong>ejus</strong></span> <span class='ocrx_word' id='word_1_447' title='bbox 2533 1083 2636 1122; x_wconf 82' lang='lat' dir='ltr'><strong>non</strong></span> <span class='ocrx_word' id='word_1_448' title='bbox 2665 1079 2738 1120; x_wconf 82' lang='lat' dir='ltr'><strong>est</strong></span> <span class='ocrx_word' id='word_1_449' title='bbox 2762 1083 3006 1122; x_wconf 84' lang='lat' dir='ltr'><strong>numerus</strong></span> <span class='ocrx_word' id='word_1_450' title='bbox 3026 1065 3143 1136; x_wconf 84' lang='lat' dir='ltr'><strong>(Ps.</strong></span> <span class='ocrx_word' id='word_1_451' title='bbox 3163 1084 3344 1132; x_wconf 78' lang='lat' dir='ltr'><strong>CXLVI,</strong></span> <span class='ocrx_word' id='word_1_452' title='bbox 3367 1070 3445 1139; x_wconf 81' lang='lat'><strong>5).</strong></span> 
     </span>
    </p>
   </div>
   <div class='ocr_carea' id='block_1_54' title="bbox 1867 1156 3450 1228">
    <p class='ocr_par' dir='ltr' id='par_1_54' title="bbox 1867 1156 3450 1228">
     <span class='ocr_line' id='line_1_54' title="bbox 1867 1156 3450 1228; baseline 0.001 -16"><span class='ocrx_word' id='word_1_453' title='bbox 1867 1156 1959 1223; x_wconf 83' lang='lat' dir='ltr'><strong>Et,</strong></span> <span class='ocrx_word' id='word_1_454' title='bbox 1986 1171 2020 1211; x_wconf 93' lang='lat' dir='ltr'><strong>o</strong></span> <span class='ocrx_word' id='word_1_455' title='bbox 2046 1171 2239 1212; x_wconf 88' lang='lat' dir='ltr'><strong>manus</strong></span> <span class='ocrx_word' id='word_1_456' title='bbox 2265 1157 2442 1211; x_wconf 84' lang='lat' dir='ltr'><strong>omnia</strong></span> <span class='ocrx_word' id='word_1_457' title='bbox 2483 1158 2700 1228; x_wconf 86' lang='lat' dir='ltr'><strong>potens!</strong></span> <span class='ocrx_word' id='word_1_458' title='bbox 2727 1174 2760 1212; x_wconf 96' lang='lat' dir='ltr'><strong>o</strong></span> <span class='ocrx_word' id='word_1_459' title='bbox 2789 1159 3139 1214; x_wconf 89' lang='lat' dir='ltr'><strong>nihilominus</strong></span> <span class='ocrx_word' id='word_1_460' title='bbox 3172 1169 3226 1214; x_wconf 93' lang='lat' dir='ltr'><strong>et</strong></span> <span class='ocrx_word' id='word_1_461' title='bbox 3261 1161 3450 1215; x_wconf 89' lang='lat' dir='ltr'><strong>oculus</strong></span> 
     </span>
    </p>
   </div>
   <div class='ocr_carea' id='block_1_55' title="bbox 1867 1249 3450 1323">
    <p class='ocr_par' dir='ltr' id='par_1_55' title="bbox 1867 1249 3450 1323">
     <span class='ocr_line' id='line_1_55' title="bbox 1867 1249 3450 1323; baseline 0.001 -18"><span class='ocrx_word' id='word_1_462' title='bbox 1867 1249 2049 1305; x_wconf 89' lang='lat' dir='ltr'><strong>omnia</strong></span> <span class='ocrx_word' id='word_1_463' title='bbox 2089 1249 2307 1304; x_wconf 88' lang='lat' dir='ltr'><strong>videns!</strong></span> <span class='ocrx_word' id='word_1_464' title='bbox 2357 1263 2466 1306; x_wconf 88' lang='lat' dir='ltr'><strong>non</strong></span> <span class='ocrx_word' id='word_1_465' title='bbox 2513 1259 2597 1304; x_wconf 88' lang='lat' dir='ltr'><strong>est</strong></span> <span class='ocrx_word' id='word_1_466' title='bbox 2635 1251 2776 1318; x_wconf 89' lang='lat' dir='ltr'><strong>quod</strong></span> <span class='ocrx_word' id='word_1_467' title='bbox 2819 1250 2964 1304; x_wconf 88' lang='lat' dir='ltr'><strong>illam</strong></span> <span class='ocrx_word' id='word_1_468' title='bbox 3006 1251 3262 1322; x_wconf 67' lang='lat' dir='ltr'><strong>effugere,</strong></span> <span class='ocrx_word' id='word_1_469' title='bbox 3305 1254 3450 1323; x_wconf 89' lang='lat' dir='ltr'><strong>quod</strong></span> 
     </span>
    </p>
   </div>
   <div class='ocr_carea' id='block_1_56' title="bbox 1867 1337 3451 1421">
    <p class='ocr_par' dir='ltr' id='par_1_56' title="bbox 1867 1337 3451 1421">
     <span class='ocr_line' id='line_1_56' title="bbox 1867 1337 3451 1421; baseline -0.001 -25"><span class='ocrx_word' id='word_1_470' title='bbox 1867 1340 2032 1397; x_wconf 89' lang='lat' dir='ltr'><strong>istum</strong></span> <span class='ocrx_word' id='word_1_471' title='bbox 2071 1339 2245 1411; x_wconf 81' lang='lat' dir='ltr'><strong>possit</strong></span> <span class='ocrx_word' id='word_1_472' title='bbox 2271 1337 2459 1394; x_wconf 82' lang='lat' dir='ltr'><strong>latere.</strong></span> <span class='ocrx_word' id='word_1_473' title='bbox 2489 1339 2606 1421; x_wconf 85' lang='lat' dir='ltr'><strong>Ipse</strong></span> <span class='ocrx_word' id='word_1_474' title='bbox 2632 1340 2822 1410; x_wconf 90' lang='lat' dir='ltr'><strong>plenus</strong></span> <span class='ocrx_word' id='word_1_475' title='bbox 2859 1340 3058 1410; x_wconf 86' lang='lat' dir='ltr'><strong>seipse,</strong></span> <span class='ocrx_word' id='word_1_476' title='bbox 3110 1351 3166 1397; x_wconf 93' lang='lat' dir='ltr'><strong>et</strong></span> <span class='ocrx_word' id='word_1_477' title='bbox 3189 1343 3305 1397; x_wconf 90' lang='lat' dir='ltr'><strong>sine</strong></span> <span class='ocrx_word' id='word_1_478' title='bbox 3335 1343 3451 1412; x_wconf 89' lang='lat' dir='ltr'><strong>ipso</strong></span> 
     </span>
    </p>
   </div>
   <div class='ocr_carea' id='block_1_57' title="bbox 1869 1431 3453 1503">
    <p class='ocr_par' dir='ltr' id='par_1_57' title="bbox 1869 1431 3453 1503">
     <span class='ocr_line' id='line_1_57' title="bbox 1869 1431 3453 1503; baseline -0.001 -14"><span class='ocrx_word' id='word_1_479' title='bbox 1869 1431 2026 1497; x_wconf 79' lang='lat' dir='ltr'><strong>nihil,</strong></span> <span class='ocrx_word' id='word_1_480' title='bbox 2073 1431 2161 1502; x_wconf 92' lang='lat' dir='ltr'><strong>qui</strong></span> <span class='ocrx_word' id='word_1_481' title='bbox 2203 1431 2304 1488; x_wconf 87' lang='lat' dir='ltr'><strong>sibi</strong></span> <span class='ocrx_word' id='word_1_482' title='bbox 2351 1439 2406 1485; x_wconf 90' lang='lat' dir='ltr'><strong>et</strong></span> <span class='ocrx_word' id='word_1_483' title='bbox 2439 1431 2691 1486; x_wconf 91' lang='lat' dir='ltr'><strong>omnibus</strong></span> <span class='ocrx_word' id='word_1_484' title='bbox 2719 1442 2822 1496; x_wconf 85' lang='lat' dir='ltr'><strong>est,</strong></span> <span class='ocrx_word' id='word_1_485' title='bbox 2853 1433 2979 1502; x_wconf 85' lang='lat' dir='ltr'><strong>quia</strong></span> <span class='ocrx_word' id='word_1_486' title='bbox 3015 1449 3171 1488; x_wconf 89' lang='lat' dir='ltr'><strong>sumn</strong></span> <span class='ocrx_word' id='word_1_487' title='bbox 3204 1434 3370 1503; x_wconf 83' lang='lat' dir='ltr'><strong>ipsius</strong></span> <span class='ocrx_word' id='word_1_488' title='bbox 3397 1443 3453 1489; x_wconf 91' lang='lat' dir='ltr'><strong>et</strong></span> 
     </span>
    </p>
   </div>
   <div class='ocr_carea' id='block_1_58' title="bbox 1869 1520 3454 1594">
    <p class='ocr_par' dir='ltr' id='par_1_58' title="bbox 1869 1520 3454 1594">
     <span class='ocr_line' id='line_1_58' title="bbox 1869 1520 3454 1594; baseline -0.001 -15"><span class='ocrx_word' id='word_1_489' title='bbox 1869 1522 2111 1579; x_wconf 90' lang='lat' dir='ltr'><strong>omnium</strong></span> <span class='ocrx_word' id='word_1_490' title='bbox 2153 1532 2254 1578; x_wconf 88' lang='lat' dir='ltr'><strong>est.</strong></span> <span class='ocrx_word' id='word_1_491' title='bbox 2305 1520 2580 1594; x_wconf 90' lang='lat' dir='ltr'><strong>Nusquam</strong></span> <span class='ocrx_word' id='word_1_492' title='bbox 2627 1531 2738 1585; x_wconf 87' lang='lat' dir='ltr'><strong>est.</strong></span> <span class='ocrx_word' id='word_1_493' title='bbox 2787 1523 2839 1576; x_wconf 90' lang='lat' dir='ltr'><strong>in</strong></span> <span class='ocrx_word' id='word_1_494' title='bbox 2881 1537 2946 1578; x_wconf 89' lang='lat' dir='ltr'><strong>eo</strong></span> <span class='ocrx_word' id='word_1_495' title='bbox 2988 1523 3130 1592; x_wconf 90' lang='lat' dir='ltr'><strong>quod</strong></span> <span class='ocrx_word' id='word_1_496' title='bbox 3181 1525 3296 1578; x_wconf 83' lang='lat' dir='ltr'><strong>loco</strong></span> <span class='ocrx_word' id='word_1_497' title='bbox 3346 1539 3454 1579; x_wconf 77' lang='lat' dir='ltr'><strong>non</strong></span> 
     </span>
    </p>
   </div>
   <div class='ocr_carea' id='block_1_59' title="bbox 1869 1613 3453 1681">
    <p class='ocr_par' dir='ltr' id='par_1_59' title="bbox 1869 1613 3453 1681">
     <span class='ocr_line' id='line_1_59' title="bbox 1869 1613 3453 1681; baseline -0.001 -12"><span class='ocrx_word' id='word_1_498' title='bbox 1869 1615 2170 1680; x_wconf 88' lang='lat' dir='ltr'><strong>clauditur;</strong></span> <span class='ocrx_word' id='word_1_499' title='bbox 2207 1623 2264 1669; x_wconf 90' lang='lat' dir='ltr'><strong>et</strong></span> <span class='ocrx_word' id='word_1_500' title='bbox 2303 1621 2481 1668; x_wconf 85' lang='lat' dir='ltr'><strong>tamen</strong></span> <span class='ocrx_word' id='word_1_501' title='bbox 2515 1627 2778 1681; x_wconf 90' lang='lat' dir='ltr'><strong>nusquam</strong></span> <span class='ocrx_word' id='word_1_502' title='bbox 2809 1628 2912 1667; x_wconf 91' lang='lat' dir='ltr'><strong>non</strong></span> <span class='ocrx_word' id='word_1_503' title='bbox 2942 1622 3044 1678; x_wconf 91' lang='lat' dir='ltr'><strong>est,</strong></span> <span class='ocrx_word' id='word_1_504' title='bbox 3073 1613 3196 1681; x_wconf 89' lang='lat' dir='ltr'><strong>quia</strong></span> <span class='ocrx_word' id='word_1_505' title='bbox 3229 1629 3333 1667; x_wconf 90' lang='lat' dir='ltr'><strong>non</strong></span> <span class='ocrx_word' id='word_1_506' title='bbox 3361 1629 3453 1668; x_wconf 82' lang='lat' dir='ltr'><strong>ex-</strong></span> 
     </span>
    </p>
   </div>
   <div class='ocr_carea' id='block_1_60' title="bbox 1869 1702 3457 1776">
    <p class='ocr_par' dir='ltr' id='par_1_60' title="bbox 1869 1702 3457 1776">
     <span class='ocr_line' id='line_1_60' title="bbox 1869 1702 3457 1776; baseline -0.004 -10"><span class='ocrx_word' id='word_1_507' title='bbox 1869 1710 2108 1766; x_wconf 89' lang='lat' dir='ltr'><strong>cluditur</strong></span> <span class='ocrx_word' id='word_1_508' title='bbox 2141 1707 2278 1763; x_wconf 87' lang='lat' dir='ltr'><strong>loco.</strong></span> <span class='ocrx_word' id='word_1_509' title='bbox 2323 1707 2392 1762; x_wconf 84' lang='lat' dir='ltr'><strong>Et</strong></span> <span class='ocrx_word' id='word_1_510' title='bbox 2419 1707 2541 1776; x_wconf 86' lang='lat' dir='ltr'><strong>quis</strong></span> <span class='ocrx_word' id='word_1_511' title='bbox 2583 1706 2702 1760; x_wconf 82' lang='lat' dir='ltr'><strong>sine</strong></span> <span class='ocrx_word' id='word_1_512' title='bbox 2728 1718 2794 1760; x_wconf 84' lang='lat' dir='ltr'><strong>eo</strong></span> <span class='ocrx_word' id='word_1_513' title='bbox 2835 1704 3023 1759; x_wconf 87' lang='lat' dir='ltr'><strong>locus?</strong></span> <span class='ocrx_word' id='word_1_514' title='bbox 3061 1702 3135 1759; x_wconf 77' lang='lat' dir='ltr'><strong>Ex</strong></span> <span class='ocrx_word' id='word_1_515' title='bbox 3183 1705 3317 1775; x_wconf 81' lang='lat' dir='ltr'><strong>ipso,</strong></span> <span class='ocrx_word' id='word_1_516' title='bbox 3360 1719 3457 1774; x_wconf 82' lang='lat' dir='ltr'><strong>per</strong></span> 
     </span>
    </p>
   </div>
   <div class='ocr_carea' id='block_1_61' title="bbox 1873 1801 3459 1877">
    <p class='ocr_par' dir='ltr' id='par_1_61' title="bbox 1873 1801 3459 1877">
     <span class='ocr_line' id='line_1_61' title="bbox 1873 1801 3459 1877; baseline -0.004 -17"><span class='ocrx_word' id='word_1_517' title='bbox 1873 1805 2070 1877; x_wconf 92' lang='lat' dir='ltr'><strong>ipsum,</strong></span> <span class='ocrx_word' id='word_1_518' title='bbox 2110 1805 2164 1859; x_wconf 93' lang='lat' dir='ltr'><strong>in</strong></span> <span class='ocrx_word' id='word_1_519' title='bbox 2202 1805 2338 1875; x_wconf 87' lang='lat' dir='ltr'><strong>ipso.</strong></span> <span class='ocrx_word' id='word_1_520' title='bbox 2375 1803 2474 1873; x_wconf 91' lang='lat' dir='ltr'><strong>ipsi</strong></span> <span class='ocrx_word' id='word_1_521' title='bbox 2507 1801 2698 1872; x_wconf 77' lang='lat' dir='ltr'><strong>glsria.</strong></span> <span class='ocrx_word' id='word_1_522' title='bbox 2742 1802 2838 1858; x_wconf 90' lang='lat' dir='ltr'><strong>Cui</strong></span> <span class='ocrx_word' id='word_1_523' title='bbox 2881 1802 3018 1872; x_wconf 86' lang='lat' dir='ltr'><strong>ipsi?</strong></span> <span class='ocrx_word' id='word_1_524' title='bbox 3067 1802 3196 1872; x_wconf 81' lang='lat' dir='ltr'><strong>Regi</strong></span> <span class='ocrx_word' id='word_1_525' title='bbox 3244 1818 3459 1871; x_wconf 80' lang='lat' dir='ltr'><strong>quoque</strong></span> 
     </span>
    </p>
   </div>
   <div class='ocr_carea' id='block_1_62' title="bbox 1873 1889 3461 1957">
    <p class='ocr_par' dir='ltr' id='par_1_62' title="bbox 1873 1889 3461 1957">
     <span class='ocr_line' id='line_1_62' title="bbox 1873 1889 3461 1957; baseline -0.004 -5"><span class='ocrx_word' id='word_1_526' title='bbox 1873 1897 2192 1952; x_wconf 76' lang='lat' dir='ltr'><strong>steculorum</strong></span> <span class='ocrx_word' id='word_1_527' title='bbox 2225 1893 2536 1957; x_wconf 86' lang='lat' dir='ltr'><strong>immortali,</strong></span> <span class='ocrx_word' id='word_1_528' title='bbox 2569 1892 2820 1950; x_wconf 79' lang='lat' dir='ltr'><strong>invisibili</strong></span> <span class='ocrx_word' id='word_1_529' title='bbox 2884 1889 2981 1947; x_wconf 75' lang='lat' dir='ltr'><strong>soil</strong></span> <span class='ocrx_word' id='word_1_530' title='bbox 3039 1894 3164 1947; x_wconf 90' lang='lat' dir='ltr'><strong>Deo.</strong></span> <span class='ocrx_word' id='word_1_531' title='bbox 3203 1893 3342 1948; x_wconf 89' lang='lat' dir='ltr'><strong>Deus</strong></span> <span class='ocrx_word' id='word_1_532' title='bbox 3377 1901 3461 1946; x_wconf 88' lang='lat' dir='ltr'><strong>est</strong></span> 
     </span>
    </p>
   </div>
   <div class='ocr_carea' id='block_1_63' title="bbox 1872 1983 3461 2056">
    <p class='ocr_par' dir='ltr' id='par_1_63' title="bbox 1872 1983 3461 2056">
     <span class='ocr_line' id='line_1_63' title="bbox 1872 1983 3461 2056; baseline -0.006 -12"><span class='ocrx_word' id='word_1_533' title='bbox 1872 1988 2212 2050; x_wconf 66' lang='lat' dir='ltr'><strong>saeculorum,</strong></span> <span class='ocrx_word' id='word_1_534' title='bbox 2244 1987 2329 2042; x_wconf 93' lang='lat' dir='ltr'><strong>cui</strong></span> <span class='ocrx_word' id='word_1_535' title='bbox 2361 2001 2702 2056; x_wconf 84' lang='lat' dir='ltr'><strong>nequaquam</strong></span> <span class='ocrx_word' id='word_1_536' title='bbox 2735 1985 2846 2052; x_wconf 88' lang='lat' dir='ltr'><strong>ipsa</strong></span> <span class='ocrx_word' id='word_1_537' title='bbox 2872 1983 2954 2038; x_wconf 88' lang='lat' dir='ltr'><strong>vel</strong></span> <span class='ocrx_word' id='word_1_538' title='bbox 2981 1985 3242 2038; x_wconf 81' lang='lat' dir='ltr'><strong>accedere</strong></span> <span class='ocrx_word' id='word_1_539' title='bbox 3273 1993 3461 2054; x_wconf 83' lang='lat' dir='ltr'><strong>potuc-</strong></span> 
     </span>
    </p>
   </div>
   <div class='ocr_carea' id='block_1_64' title="bbox 1872 2074 3462 2140">
    <p class='ocr_par' dir='ltr' id='par_1_64' title="bbox 1872 2074 3462 2140">
     <span class='ocr_line' id='line_1_64' title="bbox 1872 2074 3462 2140; baseline -0.004 -6"><span class='ocrx_word' id='word_1_540' title='bbox 1872 2088 2000 2135; x_wconf 90' lang='lat' dir='ltr'><strong>runt</strong></span> <span class='ocrx_word' id='word_1_541' title='bbox 2047 2079 2131 2134; x_wconf 86' lang='lat' dir='ltr'><strong>vel</strong></span> <span class='ocrx_word' id='word_1_542' title='bbox 2165 2079 2473 2134; x_wconf 86' lang='lat' dir='ltr'><strong>decedere:</strong></span> <span class='ocrx_word' id='word_1_543' title='bbox 2509 2093 2609 2132; x_wconf 92' lang='lat' dir='ltr'><strong>nec</strong></span> <span class='ocrx_word' id='word_1_544' title='bbox 2631 2086 2808 2131; x_wconf 88' lang='lat' dir='ltr'><strong>tamen</strong></span> <span class='ocrx_word' id='word_1_545' title='bbox 2833 2087 3100 2130; x_wconf 64' lang='lat' dir='ltr'><strong>coaeterua</strong></span> <span class='ocrx_word' id='word_1_546' title='bbox 3139 2085 3285 2128; x_wconf 90' lang='lat' dir='ltr'><strong>sunt.</strong></span> <span class='ocrx_word' id='word_1_547' title='bbox 3332 2074 3462 2140; x_wconf 71' lang='lat' dir='ltr'><strong>Quae</strong></span> 
     </span>
    </p>
   </div>
   <div class='ocr_carea' id='block_1_65' title="bbox 1872 2165 3464 2241">
    <p class='ocr_par' dir='ltr' id='par_1_65' title="bbox 1872 2165 3464 2241">
     <span class='ocr_line' id='line_1_65' title="bbox 1872 2165 3464 2241; baseline -0.006 -13"><span class='ocrx_word' id='word_1_548' title='bbox 1872 2173 2018 2228; x_wconf 90' lang='lat' dir='ltr'><strong>enim</strong></span> <span class='ocrx_word' id='word_1_549' title='bbox 2050 2173 2102 2226; x_wconf 93' lang='lat' dir='ltr'><strong>iu</strong></span> <span class='ocrx_word' id='word_1_550' title='bbox 2144 2187 2204 2227; x_wconf 89' lang='lat' dir='ltr'><strong>se</strong></span> <span class='ocrx_word' id='word_1_551' title='bbox 2246 2170 2536 2241; x_wconf 86' lang='lat' dir='ltr'><strong>aliquando</strong></span> <span class='ocrx_word' id='word_1_552' title='bbox 2568 2169 2648 2224; x_wconf 86' lang='lat' dir='ltr'><strong>vel</strong></span> <span class='ocrx_word' id='word_1_553' title='bbox 2677 2177 2857 2233; x_wconf 84' lang='lat' dir='ltr'><strong>erant,</strong></span> <span class='ocrx_word' id='word_1_554' title='bbox 2900 2167 2982 2220; x_wconf 88' lang='lat' dir='ltr'><strong>vel</strong></span> <span class='ocrx_word' id='word_1_555' title='bbox 3018 2177 3198 2232; x_wconf 91' lang='lat' dir='ltr'><strong>erunt,</strong></span> <span class='ocrx_word' id='word_1_556' title='bbox 3241 2165 3294 2220; x_wconf 90' lang='lat' dir='ltr'><strong>in</strong></span> <span class='ocrx_word' id='word_1_557' title='bbox 3349 2166 3464 2234; x_wconf 86' lang='lat' dir='ltr'><strong>ipso</strong></span> 
     </span>
    </p>
   </div>
   <div class='ocr_carea' id='block_1_66' title="bbox 1874 2257 3462 2334">
    <p class='ocr_par' dir='ltr' id='par_1_66' title="bbox 1874 2257 3462 2334">
     <span class='ocr_line' id='line_1_66' title="bbox 1874 2257 3462 2334; baseline -0.006 -14"><span class='ocrx_word' id='word_1_558' title='bbox 1874 2278 2092 2334; x_wconf 80' lang='lat' dir='ltr'><strong>semper</strong></span> <span class='ocrx_word' id='word_1_559' title='bbox 2123 2272 2289 2318; x_wconf 85' lang='lat' dir='ltr'><strong>sunt:</strong></span> <span class='ocrx_word' id='word_1_560' title='bbox 2322 2261 2620 2332; x_wconf 86' lang='lat' dir='ltr'><strong>etquidem</strong></span> <span class='ocrx_word' id='word_1_561' title='bbox 2661 2259 2803 2315; x_wconf 86' lang='lat' dir='ltr'><strong>sicut</strong></span> <span class='ocrx_word' id='word_1_562' title='bbox 2844 2259 2912 2313; x_wconf 90' lang='lat' dir='ltr'><strong>ab</strong></span> <span class='ocrx_word' id='word_1_563' title='bbox 2947 2268 3171 2322; x_wconf 63' lang='lat' dir='ltr'><strong>aeterno,</strong></span> <span class='ocrx_word' id='word_1_564' title='bbox 3211 2259 3290 2312; x_wconf 88' lang='lat' dir='ltr'><strong>sic</strong></span> <span class='ocrx_word' id='word_1_565' title='bbox 3317 2269 3371 2311; x_wconf 88' lang='lat' dir='ltr'><strong>et</strong></span> <span class='ocrx_word' id='word_1_566' title='bbox 3409 2257 3462 2310; x_wconf 85' lang='lat' dir='ltr'><strong>iu</strong></span> 
     </span>
    </p>
   </div>
   <div class='ocr_carea' id='block_1_67' title="bbox 1874 2347 3468 2420">
    <p class='ocr_par' dir='ltr' id='par_1_67' title="bbox 1874 2347 3468 2420">
     <span class='ocr_line' id='line_1_67' title="bbox 1874 2347 3468 2420; baseline -0.006 -10"><span class='ocrx_word' id='word_1_567' title='bbox 1874 2364 2159 2410; x_wconf 71' lang='lat' dir='ltr'><strong>aeternum.</strong></span> <span class='ocrx_word' id='word_1_568' title='bbox 2187 2352 2368 2420; x_wconf 81' lang='lat' dir='ltr'><strong>Neque</strong></span> <span class='ocrx_word' id='word_1_569' title='bbox 2396 2352 2544 2405; x_wconf 86' lang='lat' dir='ltr'><strong>enim</strong></span> <span class='ocrx_word' id='word_1_570' title='bbox 2587 2351 2687 2419; x_wconf 83' lang='lat' dir='ltr'><strong>ipsi</strong></span> <span class='ocrx_word' id='word_1_571' title='bbox 2721 2350 2806 2406; x_wconf 89' lang='lat' dir='ltr'><strong>vel</strong></span> <span class='ocrx_word' id='word_1_572' title='bbox 2831 2350 2971 2418; x_wconf 92' lang='lat' dir='ltr'><strong>quod</strong></span> <span class='ocrx_word' id='word_1_573' title='bbox 3008 2347 3107 2402; x_wconf 80' lang='lat' dir='ltr'><strong>fuit</strong></span> <span class='ocrx_word' id='word_1_574' title='bbox 3144 2347 3338 2402; x_wconf 87' lang='lat' dir='ltr'><strong>transit</strong></span> <span class='ocrx_word' id='word_1_575' title='bbox 3370 2363 3468 2400; x_wconf 84' lang='lat' dir='ltr'><strong>an-</strong></span> 
     </span>
    </p>
   </div>
   <div class='ocr_carea' id='block_1_68' title="bbox 1877 2441 3469 2517">
    <p class='ocr_par' dir='ltr' id='par_1_68' title="bbox 1877 2441 3469 2517">
     <span class='ocr_line' id='line_1_68' title="bbox 1877 2441 3469 2517; baseline -0.006 -16"><span class='ocrx_word' id='word_1_576' title='bbox 1877 2447 2106 2517; x_wconf 87' lang='lat' dir='ltr'><strong>tiquum,</strong></span> <span class='ocrx_word' id='word_1_577' title='bbox 2131 2444 2216 2498; x_wconf 87' lang='lat' dir='ltr'><strong>vel</strong></span> <span class='ocrx_word' id='word_1_578' title='bbox 2242 2444 2385 2514; x_wconf 87' lang='lat' dir='ltr'><strong>quod</strong></span> <span class='ocrx_word' id='word_1_579' title='bbox 2415 2443 2520 2498; x_wconf 89' lang='lat' dir='ltr'><strong>erit</strong></span> <span class='ocrx_word' id='word_1_580' title='bbox 2548 2442 2763 2496; x_wconf 84' lang='lat' dir='ltr'><strong>eveniet</strong></span> <span class='ocrx_word' id='word_1_581' title='bbox 2786 2456 2982 2496; x_wconf 87' lang='lat' dir='ltr'><strong>novum</strong></span> <span class='ocrx_word' id='word_1_582' title='bbox 3007 2455 3023 2494; x_wconf 90' lang='lat'><strong>:</strong></span> <span class='ocrx_word' id='word_1_583' title='bbox 3052 2441 3145 2495; x_wconf 90' lang='lat' dir='ltr'><strong>sed</strong></span> <span class='ocrx_word' id='word_1_584' title='bbox 3177 2450 3469 2506; x_wconf 88' lang='lat' dir='ltr'><strong>utrumque</strong></span> 
     </span>
    </p>
   </div>
   <div class='ocr_carea' id='block_1_69' title="bbox 1876 2529 3470 2604">
    <p class='ocr_par' dir='ltr' id='par_1_69' title="bbox 1876 2529 3470 2604">
     <span class='ocr_line' id='line_1_69' title="bbox 1876 2529 3470 2604; baseline -0.008 -8"><span class='ocrx_word' id='word_1_585' title='bbox 1876 2540 1927 2596; x_wconf 90' lang='lat' dir='ltr'><strong>ei</strong></span> <span class='ocrx_word' id='word_1_586' title='bbox 1993 2547 2124 2604; x_wconf 87' lang='lat' dir='ltr'><strong>stat,</strong></span> <span class='ocrx_word' id='word_1_587' title='bbox 2170 2537 2339 2599; x_wconf 89' lang='lat' dir='ltr'><strong>inest;</strong></span> <span class='ocrx_word' id='word_1_588' title='bbox 2391 2543 2498 2590; x_wconf 90' lang='lat' dir='ltr'><strong>tam</strong></span> <span class='ocrx_word' id='word_1_589' title='bbox 2544 2534 2688 2604; x_wconf 93' lang='lat' dir='ltr'><strong>quod</strong></span> <span class='ocrx_word' id='word_1_590' title='bbox 2757 2533 2868 2603; x_wconf 81' lang='lat' dir='ltr'><strong>jam</strong></span> <span class='ocrx_word' id='word_1_591' title='bbox 2932 2541 3046 2600; x_wconf 88' lang='lat' dir='ltr'><strong>est,</strong></span> <span class='ocrx_word' id='word_1_592' title='bbox 3110 2547 3271 2601; x_wconf 87' lang='lat' dir='ltr'><strong>quam</strong></span> <span class='ocrx_word' id='word_1_593' title='bbox 3324 2529 3470 2599; x_wconf 90' lang='lat' dir='ltr'><strong>quod</strong></span> 
     </span>
    </p>
   </div>
   <div class='ocr_carea' id='block_1_70' title="bbox 1877 2619 3472 2696">
    <p class='ocr_par' dir='ltr' id='par_1_70' title="bbox 1877 2619 3472 2696">
     <span class='ocr_line' id='line_1_70' title="bbox 1877 2619 3472 2696; baseline -0.009 -8"><span class='ocrx_word' id='word_1_594' title='bbox 1877 2630 2106 2688; x_wconf 88' lang='lat' dir='ltr'><strong>necdum</strong></span> <span class='ocrx_word' id='word_1_595' title='bbox 2133 2637 2242 2685; x_wconf 89' lang='lat' dir='ltr'><strong>est.</strong></span> <span class='ocrx_word' id='word_1_596' title='bbox 2279 2627 2362 2693; x_wconf 87' lang='lat' dir='ltr'><strong>Et,</strong></span> <span class='ocrx_word' id='word_1_597' title='bbox 2390 2641 2424 2681; x_wconf 89' lang='grc' dir='ltr'>ο</span> <span class='ocrx_word' id='word_1_598' title='bbox 2457 2641 2621 2696; x_wconf 91' lang='lat' dir='ltr'><strong>quam</strong></span> <span class='ocrx_word' id='word_1_599' title='bbox 2653 2623 2920 2679; x_wconf 90' lang='lat' dir='ltr'><strong>mirabilis</strong></span> <span class='ocrx_word' id='word_1_600' title='bbox 2949 2624 3002 2678; x_wconf 88' lang='lat' dir='ltr'><strong>ia</strong></span> <span class='ocrx_word' id='word_1_601' title='bbox 3034 2623 3213 2692; x_wconf 83' lang='lat' dir='ltr'><strong>seipse</strong></span> <span class='ocrx_word' id='word_1_602' title='bbox 3240 2630 3347 2687; x_wconf 79' lang='lat' dir='ltr'><strong>est,</strong></span> <span class='ocrx_word' id='word_1_603' title='bbox 3378 2619 3472 2690; x_wconf 88' lang='lat' dir='ltr'><strong>qui</strong></span> 
     </span>
    </p>
   </div>
   <div class='ocr_carea' id='block_1_71' title="bbox 1879 2712 3474 2782">
    <p class='ocr_par' dir='ltr' id='par_1_71' title="bbox 1879 2712 3474 2782">
     <span class='ocr_line' id='line_1_71' title="bbox 1879 2712 3474 2782; baseline -0.008 -2"><span class='ocrx_word' id='word_1_604' title='bbox 1879 2737 2062 2780; x_wconf 88' lang='lat' dir='ltr'><strong>rerum</strong></span> <span class='ocrx_word' id='word_1_605' title='bbox 2093 2720 2337 2776; x_wconf 88' lang='lat' dir='ltr'><strong>omnium</strong></span> <span class='ocrx_word' id='word_1_606' title='bbox 2367 2727 2584 2773; x_wconf 88' lang='lat' dir='ltr'><strong>creator</strong></span> <span class='ocrx_word' id='word_1_607' title='bbox 2612 2725 2717 2782; x_wconf 89' lang='lat' dir='ltr'><strong>est,</strong></span> <span class='ocrx_word' id='word_1_608' title='bbox 2756 2730 2880 2770; x_wconf 84' lang='lat' dir='ltr'><strong>eum</strong></span> <span class='ocrx_word' id='word_1_609' title='bbox 2912 2725 3018 2770; x_wconf 92' lang='lat' dir='ltr'><strong>tam</strong></span> <span class='ocrx_word' id='word_1_610' title='bbox 3063 2713 3328 2768; x_wconf 86' lang='lat' dir='ltr'><strong>mirabilia</strong></span> <span class='ocrx_word' id='word_1_611' title='bbox 3359 2712 3474 2767; x_wconf 79' lang='lat' dir='ltr'><strong>sint</strong></span> 
     </span>
    </p>
   </div>
   <div class='ocr_carea' id='block_1_72' title="bbox 1877 2800 3474 2887">
    <p class='ocr_par' dir='ltr' id='par_1_72' title="bbox 1877 2800 3474 2887">
     <span class='ocr_line' id='line_1_72' title="bbox 1877 2800 3474 2887; baseline -0.009 -17"><span class='ocrx_word' id='word_1_612' title='bbox 1877 2830 1999 2887; x_wconf 73' lang='lat' dir='ltr'><strong>qum</strong></span> <span class='ocrx_word' id='word_1_613' title='bbox 2032 2815 2102 2868; x_wconf 89' lang='lat' dir='ltr'><strong>ab</strong></span> <span class='ocrx_word' id='word_1_614' title='bbox 2132 2814 2248 2884; x_wconf 83' lang='lat' dir='ltr'><strong>ipso</strong></span> <span class='ocrx_word' id='word_1_615' title='bbox 2270 2819 2451 2866; x_wconf 86' lang='lat' dir='ltr'><strong>creata</strong></span> <span class='ocrx_word' id='word_1_616' title='bbox 2483 2809 2637 2863; x_wconf 86' lang='lat' dir='ltr'><strong>sunt!</strong></span> <span class='ocrx_word' id='word_1_617' title='bbox 2679 2807 2743 2860; x_wconf 82' lang='lat' dir='ltr'><strong>Et</strong></span> <span class='ocrx_word' id='word_1_618' title='bbox 2781 2807 2998 2874; x_wconf 89' lang='lat' dir='ltr'><strong>quidem</strong></span> <span class='ocrx_word' id='word_1_619' title='bbox 3029 2805 3184 2858; x_wconf 81' lang='lat' dir='ltr'><strong>valde</strong></span> <span class='ocrx_word' id='word_1_620' title='bbox 3217 2808 3345 2858; x_wconf 87' lang='lat' dir='ltr'><strong>sunt</strong></span> <span class='ocrx_word' id='word_1_621' title='bbox 3374 2800 3474 2856; x_wconf 78' lang='lat' dir='ltr'><strong>mi-</strong></span> 
     </span>
    </p>
   </div>
   <div class='ocr_carea' id='block_1_73' title="bbox 1883 2895 3470 2978">
    <p class='ocr_par' dir='ltr' id='par_1_73' title="bbox 1883 2895 3470 2978">
     <span class='ocr_line' id='line_1_73' title="bbox 1883 2895 3470 2978; baseline -0.011 -13"><span class='ocrx_word' id='word_1_622' title='bbox 1883 2910 2096 2972; x_wconf 89' lang='lat' dir='ltr'><strong>rahilia,</strong></span> <span class='ocrx_word' id='word_1_623' title='bbox 2130 2907 2414 2978; x_wconf 89' lang='lat' dir='ltr'><strong>ipsumque</strong></span> <span class='ocrx_word' id='word_1_624' title='bbox 2445 2903 2527 2958; x_wconf 88' lang='lat' dir='ltr'><strong>eis</strong></span> <span class='ocrx_word' id='word_1_625' title='bbox 2555 2901 2714 2971; x_wconf 80' lang='lat' dir='ltr'><strong>longe</strong></span> <span class='ocrx_word' id='word_1_626' title='bbox 2744 2899 3027 2953; x_wconf 88' lang='lat' dir='ltr'><strong>clamitant</strong></span> <span class='ocrx_word' id='word_1_627' title='bbox 3059 2895 3470 2950; x_wconf 83' lang='lat' dir='ltr'><strong>mirabiliorem.</strong></span> 
     </span>
    </p>
   </div>
   <div class='ocr_carea' id='block_1_74' title="bbox 1880 2987 3472 3062">
    <p class='ocr_par' dir='ltr' id='par_1_74' title="bbox 1880 2987 3472 3062">
     <span class='ocr_line' id='line_1_74' title="bbox 1880 2987 3472 3062; baseline -0.012 -4"><span class='ocrx_word' id='word_1_628' title='bbox 1880 3003 2186 3059; x_wconf 89' lang='lat' dir='ltr'><strong>Ostendunt</strong></span> <span class='ocrx_word' id='word_1_629' title='bbox 2207 2998 2352 3053; x_wconf 87' lang='lat' dir='ltr'><strong>enim</strong></span> <span class='ocrx_word' id='word_1_630' title='bbox 2382 3009 2442 3051; x_wconf 88' lang='lat' dir='ltr'><strong>se</strong></span> <span class='ocrx_word' id='word_1_631' title='bbox 2469 3001 2651 3050; x_wconf 89' lang='lat' dir='ltr'><strong>creata</strong></span> <span class='ocrx_word' id='word_1_632' title='bbox 2685 3006 2804 3062; x_wconf 66' lang='lat' dir='ltr'><strong>quae</strong></span> <span class='ocrx_word' id='word_1_633' title='bbox 2831 2989 3073 3045; x_wconf 88' lang='lat' dir='ltr'><strong>condidit</strong></span> <span class='ocrx_word' id='word_1_634' title='bbox 3096 2989 3233 3041; x_wconf 90' lang='lat' dir='ltr'><strong>bona</strong></span> <span class='ocrx_word' id='word_1_635' title='bbox 3263 2987 3472 3040; x_wconf 85' lang='lat' dir='ltr'><strong>bonus:</strong></span> 
     </span>
    </p>
   </div>
   <div class='ocr_carea' id='block_1_75' title="bbox 1881 3077 3474 3157">
    <p class='ocr_par' dir='ltr' id='par_1_75' title="bbox 1881 3077 3474 3157">
     <span class='ocr_line' id='line_1_75' title="bbox 1881 3077 3474 3157; baseline -0.011 -8"><span class='ocrx_word' id='word_1_636' title='bbox 1881 3092 2199 3155; x_wconf 81' lang='lat' dir='ltr'><strong>ostendunt,</strong></span> <span class='ocrx_word' id='word_1_637' title='bbox 2229 3090 2472 3157; x_wconf 85' lang='lat' dir='ltr'><strong>inquam,</strong></span> <span class='ocrx_word' id='word_1_638' title='bbox 2503 3101 2562 3141; x_wconf 88' lang='lat' dir='ltr'><strong>se</strong></span> <span class='ocrx_word' id='word_1_639' title='bbox 2593 3085 2764 3150; x_wconf 86' lang='lat' dir='ltr'><strong>bona,</strong></span> <span class='ocrx_word' id='word_1_640' title='bbox 2793 3081 3037 3152; x_wconf 87' lang='lat' dir='ltr'><strong>pulchra,</strong></span> <span class='ocrx_word' id='word_1_641' title='bbox 3068 3079 3241 3133; x_wconf 87' lang='lat' dir='ltr'><strong>dulcia</strong></span> <span class='ocrx_word' id='word_1_642' title='bbox 3262 3118 3276 3142; x_wconf 95' lang='lat'><strong>,</strong></span> <span class='ocrx_word' id='word_1_643' title='bbox 3307 3077 3474 3131; x_wconf 80' lang='lat' dir='ltr'><strong>multa</strong></span> 
     </span>
    </p>
   </div>
   <div class='ocr_carea' id='block_1_76' title="bbox 1807 3170 3472 3267">
    <p class='ocr_par' dir='ltr' id='par_1_76' title="bbox 1807 3170 3472 3267">
     <span class='ocr_line' id='line_1_76' title="bbox 1807 3170 3472 3267; baseline -0.011 -28"><span class='ocrx_word' id='word_1_644' title='bbox 1807 3205 1853 3267; x_wconf 73' lang='grc' dir='ltr'>ο</span> <span class='ocrx_word' id='word_1_645' title='bbox 1883 3192 1940 3238; x_wconf 86' lang='grc' dir='ltr'><strong>ει</strong></span> <span class='ocrx_word' id='word_1_646' title='bbox 1967 3197 2182 3252; x_wconf 88' lang='lat' dir='ltr'><strong>magna.</strong></span> <span class='ocrx_word' id='word_1_647' title='bbox 2222 3179 2359 3234; x_wconf 85' lang='lat' dir='ltr'><strong>Nam</strong></span> <span class='ocrx_word' id='word_1_648' title='bbox 2400 3179 2540 3233; x_wconf 86' lang='lat' dir='ltr'><strong>bona</strong></span> <span class='ocrx_word' id='word_1_649' title='bbox 2579 3176 2646 3230; x_wconf 94' lang='lat' dir='ltr'><strong>ad</strong></span> <span class='ocrx_word' id='word_1_650' title='bbox 2677 3189 2859 3238; x_wconf 91' lang='lat' dir='ltr'><strong>usum,</strong></span> <span class='ocrx_word' id='word_1_651' title='bbox 2902 3171 3124 3243; x_wconf 89' lang='lat' dir='ltr'><strong>pulchra</strong></span> <span class='ocrx_word' id='word_1_652' title='bbox 3166 3170 3233 3224; x_wconf 89' lang='lat' dir='ltr'><strong>ad</strong></span> <span class='ocrx_word' id='word_1_653' title='bbox 3277 3170 3472 3234; x_wconf 87' lang='lat' dir='ltr'><strong>visum,</strong></span> 
     </span>
    </p>
   </div>
   <div class='ocr_carea' id='block_1_77' title="bbox 1884 3262 3480 3344">
    <p class='ocr_par' dir='ltr' id='par_1_77' title="bbox 1884 3262 3480 3344">
     <span class='ocr_line' id='line_1_77' title="bbox 1884 3262 3480 3344; baseline -0.01 -14"><span class='ocrx_word' id='word_1_654' title='bbox 1884 3275 2060 3330; x_wconf 89' lang='lat' dir='ltr'><strong>dulcia</strong></span> <span class='ocrx_word' id='word_1_655' title='bbox 2088 3274 2156 3328; x_wconf 92' lang='lat' dir='ltr'><strong>ad</strong></span> <span class='ocrx_word' id='word_1_656' title='bbox 2185 3281 2422 3344; x_wconf 77' lang='lat' dir='ltr'><strong>gustum,</strong></span> <span class='ocrx_word' id='word_1_657' title='bbox 2456 3268 2622 3324; x_wconf 89' lang='lat' dir='ltr'><strong>nmlta</strong></span> <span class='ocrx_word' id='word_1_658' title='bbox 2649 3267 2715 3322; x_wconf 89' lang='lat' dir='ltr'><strong>ad</strong></span> <span class='ocrx_word' id='word_1_659' title='bbox 2745 3279 3052 3328; x_wconf 90' lang='lat' dir='ltr'><strong>numerum,</strong></span> <span class='ocrx_word' id='word_1_660' title='bbox 3079 3273 3133 3318; x_wconf 89' lang='lat' dir='ltr'><strong>et</strong></span> <span class='ocrx_word' id='word_1_661' title='bbox 3167 3262 3232 3316; x_wconf 90' lang='lat' dir='ltr'><strong>ad</strong></span> <span class='ocrx_word' id='word_1_662' title='bbox 3261 3276 3480 3317; x_wconf 89' lang='lat' dir='ltr'><strong>mensu-</strong></span> 
     </span>
    </p>
   </div>
   <div class='ocr_carea' id='block_1_78' title="bbox 1883 3353 3480 3437">
    <p class='ocr_par' dir='ltr' id='par_1_78' title="bbox 1883 3353 3480 3437">
     <span class='ocr_line' id='line_1_78' title="bbox 1883 3353 3480 3437; baseline -0.01 -14"><span class='ocrx_word' id='word_1_663' title='bbox 1883 3383 2002 3424; x_wconf 87' lang='lat' dir='ltr'><strong>ram</strong></span> <span class='ocrx_word' id='word_1_664' title='bbox 2036 3379 2253 3437; x_wconf 87' lang='lat' dir='ltr'><strong>magna.</strong></span> <span class='ocrx_word' id='word_1_665' title='bbox 2287 3363 2432 3426; x_wconf 68' lang='lat' dir='ltr'><strong>llaec,</strong></span> <span class='ocrx_word' id='word_1_666' title='bbox 2459 3362 2701 3432; x_wconf 86' lang='lat' dir='ltr'><strong>inquam,</strong></span> <span class='ocrx_word' id='word_1_667' title='bbox 2737 3373 2794 3415; x_wconf 89' lang='lat' dir='ltr'><strong>se</strong></span> <span class='ocrx_word' id='word_1_668' title='bbox 2824 3355 3138 3421; x_wconf 91' lang='lat' dir='ltr'><strong>ostendunt,</strong></span> <span class='ocrx_word' id='word_1_669' title='bbox 3165 3363 3219 3408; x_wconf 74' lang='lat' dir='ltr'><strong>et</strong></span> <span class='ocrx_word' id='word_1_670' title='bbox 3256 3353 3480 3410; x_wconf 90' lang='lat' dir='ltr'><strong>mirabi-</strong></span> 
     </span>
    </p>
   </div>
   <div class='ocr_carea' id='block_1_79' title="bbox 1884 3444 3482 3515">
    <p class='ocr_par' dir='ltr' id='par_1_79' title="bbox 1884 3444 3482 3515">
     <span class='ocr_line' id='line_1_79' title="bbox 1884 3444 3482 3515; baseline -0.012 -1"><span class='ocrx_word' id='word_1_671' title='bbox 1884 3459 2011 3515; x_wconf 79' lang='lat' dir='ltr'><strong>liter</strong></span> <span class='ocrx_word' id='word_1_672' title='bbox 2050 3471 2113 3510; x_wconf 88' lang='lat' dir='ltr'><strong>se</strong></span> <span class='ocrx_word' id='word_1_673' title='bbox 2139 3454 2431 3511; x_wconf 84' lang='lat' dir='ltr'><strong>ostendunt</strong></span> <span class='ocrx_word' id='word_1_674' title='bbox 2463 3469 2476 3505; x_wconf 75' lang='grc' dir='ltr'><strong>ε</strong></span> <span class='ocrx_word' id='word_1_675' title='bbox 2511 3451 2603 3506; x_wconf 91' lang='lat' dir='ltr'><strong>sed</strong></span> <span class='ocrx_word' id='word_1_676' title='bbox 2636 3452 2750 3504; x_wconf 62' lang='lat' dir='ltr'><strong>haec</strong></span> <span class='ocrx_word' id='word_1_677' title='bbox 2784 3463 2842 3504; x_wconf 88' lang='lat' dir='ltr'><strong>se</strong></span> <span class='ocrx_word' id='word_1_678' title='bbox 2881 3444 3237 3508; x_wconf 89' lang='lat' dir='ltr'><strong>ostendendo,</strong></span> <span class='ocrx_word' id='word_1_679' title='bbox 3269 3453 3482 3498; x_wconf 87' lang='lat' dir='ltr'><strong>creato-</strong></span> 
     </span>
    </p>
   </div>
   <div class='ocr_carea' id='block_1_80' title="bbox 1885 3535 3481 3610">
    <p class='ocr_par' dir='ltr' id='par_1_80' title="bbox 1885 3535 3481 3610">
     <span class='ocr_line' id='line_1_80' title="bbox 1885 3535 3481 3610; baseline -0.011 -5"><span class='ocrx_word' id='word_1_680' title='bbox 1885 3564 2000 3605; x_wconf 82' lang='lat' dir='ltr'><strong>rem</strong></span> <span class='ocrx_word' id='word_1_681' title='bbox 2033 3563 2190 3603; x_wconf 93' lang='lat' dir='ltr'><strong>suum</strong></span> <span class='ocrx_word' id='word_1_682' title='bbox 2233 3545 2526 3602; x_wconf 88' lang='lat' dir='ltr'><strong>ostendunt</strong></span> <span class='ocrx_word' id='word_1_683' title='bbox 2560 3542 2718 3610; x_wconf 80' lang='lat' dir='ltr'><strong>longe</strong></span> <span class='ocrx_word' id='word_1_684' title='bbox 2746 3539 3046 3601; x_wconf 90' lang='lat' dir='ltr'><strong>meliorem,</strong></span> <span class='ocrx_word' id='word_1_685' title='bbox 3091 3535 3481 3608; x_wconf 83' lang='lat' dir='ltr'><strong>pulchriorem,</strong></span> 
     </span>
    </p>
   </div>
   <div class='ocr_carea' id='block_1_81' title="bbox 1885 3626 3481 3702">
    <p class='ocr_par' dir='ltr' id='par_1_81' title="bbox 1885 3626 3481 3702">
     <span class='ocr_line' id='line_1_81' title="bbox 1885 3626 3481 3702; baseline -0.013 -7"><span class='ocrx_word' id='word_1_686' title='bbox 1885 3634 2182 3695; x_wconf 88' lang='lat' dir='ltr'><strong>dulciorem</strong></span> <span class='ocrx_word' id='word_1_687' title='bbox 2230 3645 2285 3691; x_wconf 90' lang='lat' dir='ltr'><strong>et</strong></span> <span class='ocrx_word' id='word_1_688' title='bbox 2332 3631 2617 3702; x_wconf 78' lang='lat' dir='ltr'><strong>maiorem,</strong></span> <span class='ocrx_word' id='word_1_689' title='bbox 2663 3630 2752 3701; x_wconf 86' lang='lat' dir='ltr'><strong>qui</strong></span> <span class='ocrx_word' id='word_1_690' title='bbox 2803 3638 2886 3683; x_wconf 91' lang='lat' dir='ltr'><strong>est</strong></span> <span class='ocrx_word' id='word_1_691' title='bbox 2923 3627 3166 3681; x_wconf 91' lang='lat' dir='ltr'><strong>omnium</strong></span> <span class='ocrx_word' id='word_1_692' title='bbox 3216 3626 3481 3680; x_wconf 89' lang='lat' dir='ltr'><strong>bonorum</strong></span> 
     </span>
    </p>
   </div>
   <div class='ocr_carea' id='block_1_82' title="bbox 1887 3720 3502 3806">
    <p class='ocr_par' dir='ltr' id='par_1_82' title="bbox 1887 3720 3502 3806">
     <span class='ocr_line' id='line_1_82' title="bbox 1887 3720 3502 3806; baseline -0.014 -16"><span class='ocrx_word' id='word_1_693' title='bbox 1887 3734 2147 3806; x_wconf 88' lang='lat' dir='ltr'><strong>optimus,</strong></span> <span class='ocrx_word' id='word_1_694' title='bbox 2171 3731 2523 3798; x_wconf 88' lang='lat' dir='ltr'><strong>omniumque</strong></span> <span class='ocrx_word' id='word_1_695' title='bbox 2546 3725 2896 3796; x_wconf 87' lang='lat' dir='ltr'><strong>pulch’rorum</strong></span> <span class='ocrx_word' id='word_1_696' title='bbox 2921 3720 3340 3792; x_wconf 84' lang='lat' dir='ltr'><strong>pulcherrimus,</strong></span> <span class='ocrx_word' id='word_1_697' title='bbox 3365 3729 3502 3770; x_wconf 67' lang='lat' dir='ltr'><strong>om-’</strong></span> 
     </span>
    </p>
   </div>
   <div class='ocr_carea' id='block_1_83' title="bbox 1886 3813 3482 3881">
    <p class='ocr_par' dir='ltr' id='par_1_83' title="bbox 1886 3813 3482 3881">
     <span class='ocr_line' id='line_1_83' title="bbox 1886 3813 3482 3881; baseline -0.015 0"><span class='ocrx_word' id='word_1_698' title='bbox 1886 3826 2036 3881; x_wconf 88' lang='lat' dir='ltr'><strong>nium</strong></span> <span class='ocrx_word' id='word_1_699' title='bbox 2067 3823 2302 3878; x_wconf 87' lang='lat' dir='ltr'><strong>dulcium</strong></span> <span class='ocrx_word' id='word_1_700' title='bbox 2331 3819 2701 3881; x_wconf 83' lang='lat' dir='ltr'><strong>dulcissimus,</strong></span> <span class='ocrx_word' id='word_1_701' title='bbox 2728 3813 2973 3878; x_wconf 81' lang='lat' dir='ltr'><strong>omnium</strong></span> <span class='ocrx_word' id='word_1_702' title='bbox 3001 3823 3323 3880; x_wconf 80' lang='lat' dir='ltr'><strong>magnorum</strong></span> <span class='ocrx_word' id='word_1_703' title='bbox 3346 3836 3349 3839; x_wconf 90' lang='lat'><strong><em>-</em></strong></span> <span class='ocrx_word' id='word_1_704' title='bbox 3369 3823 3482 3859; x_wconf 80' lang='lat' dir='ltr'><strong>ma-</strong></span> 
     </span>
    </p>
   </div>
   <div class='ocr_carea' id='block_1_84' title="bbox 1888 3899 3496 3983">
    <p class='ocr_par' dir='ltr' id='par_1_84' title="bbox 1888 3899 3496 3983">
     <span class='ocr_line' id='line_1_84' title="bbox 1888 3899 3496 3983; baseline -0.014 -11"><span class='ocrx_word' id='word_1_705' title='bbox 1888 3918 2069 3972; x_wconf 88' lang='lat' dir='ltr'><strong>ximus</strong></span> <span class='ocrx_word' id='word_1_706' title='bbox 2088 3929 2107 3968; x_wconf 84' lang='lat'><strong>:</strong></span> <span class='ocrx_word' id='word_1_707' title='bbox 2135 3922 2332 3983; x_wconf 87' lang='lat' dir='ltr'><strong>utpote-</strong></span> <span class='ocrx_word' id='word_1_708' title='bbox 2361 3927 2512 3976; x_wconf 88' lang='lat' dir='ltr'><strong>vera,</strong></span> <span class='ocrx_word' id='word_1_709' title='bbox 2553 3920 2872 3978; x_wconf 87' lang='lat' dir='ltr'><strong>summaque</strong></span> <span class='ocrx_word' id='word_1_710' title='bbox 2896 3916 2949 3960; x_wconf 88' lang='lat' dir='ltr'><strong>et</strong></span> <span class='ocrx_word' id='word_1_711' title='bbox 2975 3913 3180 3960; x_wconf 66' lang='grc' dir='ltr'><em>αξιοι-ηε</em></span> <span class='ocrx_word' id='word_1_712' title='bbox 3205 3900 3288 3955; x_wconf 84' lang='grc' dir='ltr'><em>ειιί</em></span> <span class='ocrx_word' id='word_1_713' title='bbox 3317 3899 3496 3970; x_wconf 66' lang='grc' dir='ltr'><em>ἱρεῑιιε.</em></span> 
     </span>
    </p>
   </div>
   <div class='ocr_carea' id='block_1_85' title="bbox 1890 3990 3487 4074">
    <p class='ocr_par' dir='ltr' id='par_1_85' title="bbox 1890 3990 3487 4074">
     <span class='ocr_line' id='line_1_85' title="bbox 1890 3990 3487 4074; baseline -0.011 -12"><span class='ocrx_word' id='word_1_714' title='bbox 1890 4007 2127 4070; x_wconf 88' lang='lat' dir='ltr'><strong>bonitas,</strong></span> <span class='ocrx_word' id='word_1_715' title='bbox 2166 4003 2535 4073; x_wconf 86' lang='lat' dir='ltr'><strong>pulchritudo,</strong></span> <span class='ocrx_word' id='word_1_716' title='bbox 2581 4009 2636 4057; x_wconf 86' lang='lat' dir='ltr'><strong>et</strong></span> <span class='ocrx_word' id='word_1_717' title='bbox 2666 4000 2734 4072; x_wconf 85' lang='lat' dir='ltr'><strong>(si</strong></span> <span class='ocrx_word' id='word_1_718' title='bbox 2774 4000 2846 4052; x_wconf 88' lang='lat' dir='ltr'><strong>ita</strong></span> <span class='ocrx_word' id='word_1_719' title='bbox 2887 3997 3068 4074; x_wconf 82' lang='lat' dir='ltr'><strong>dicere</strong></span> <span class='ocrx_word' id='word_1_720' title='bbox 3110 3994 3264 4064; x_wconf 78' lang='lat' dir='ltr'><strong>licet)</strong></span> <span class='ocrx_word' id='word_1_721' title='bbox 3307 3990 3487 4046; x_wconf 87' lang='lat' dir='ltr'><strong>multi-</strong></span> 
     </span>
    </p>
   </div>
   <div class='ocr_carea' id='block_1_86' title="bbox 1891 4082 3506 4167">
    <p class='ocr_par' dir='ltr' id='par_1_86' title="bbox 1891 4082 3506 4167">
     <span class='ocr_line' id='line_1_86' title="bbox 1891 4082 3506 4167; baseline -0.011 -11"><span class='ocrx_word' id='word_1_722' title='bbox 1891 4101 2042 4163; x_wconf 81' lang='lat' dir='ltr'><strong>tudo,</strong></span> <span class='ocrx_word' id='word_1_723' title='bbox 2091 4095 2430 4167; x_wconf 83' lang='lat' dir='ltr'><strong>magnitudo.</strong></span> <span class='ocrx_word' id='word_1_724' title='bbox 2474 4082 2746 4164; x_wconf 83' lang='lat' dir='ltr'><strong>Quidquid</strong></span> <span class='ocrx_word' id='word_1_725' title='bbox 2788 4091 2842 4145; x_wconf 89' lang='lat' dir='ltr'><strong>in</strong></span> <span class='ocrx_word' id='word_1_726' title='bbox 2887 4090 2989 4144; x_wconf 87' lang='lat' dir='ltr'><strong>hoc</strong></span> <span class='ocrx_word' id='word_1_727' title='bbox 3035 4086 3256 4152; x_wconf 85' lang='lat' dir='ltr'><strong>mundo,</strong></span> <span class='ocrx_word' id='word_1_728' title='bbox 3287 4084 3354 4140; x_wconf 89' lang='lat' dir='ltr'><strong>de</strong></span> <span class='ocrx_word' id='word_1_729' title='bbox 3384 4083 3506 4138; x_wconf 71' lang='lat' dir='ltr'><strong>hoc,</strong></span> 
     </span>
    </p>
   </div>
   <div class='ocr_carea' id='block_1_87' title="bbox 1893 4177 3492 4253">
    <p class='ocr_par' dir='ltr' id='par_1_87' title="bbox 1893 4177 3492 4253">
     <span class='ocr_line' id='line_1_87' title="bbox 1893 4177 3492 4253; baseline -0.013 -7"><span class='ocrx_word' id='word_1_730' title='bbox 1893 4191 2094 4246; x_wconf 89' lang='lat' dir='ltr'><strong>mundo</strong></span> <span class='ocrx_word' id='word_1_731' title='bbox 2121 4188 2392 4250; x_wconf 82' lang='lat' dir='ltr'><strong>videmus,</strong></span> <span class='ocrx_word' id='word_1_732' title='bbox 2432 4185 2706 4246; x_wconf 85' lang='lat' dir='ltr'><strong>audimus,</strong></span> <span class='ocrx_word' id='word_1_733' title='bbox 2747 4188 3048 4253; x_wconf 78' lang='lat' dir='ltr'><strong>gustamus,</strong></span> <span class='ocrx_word' id='word_1_734' title='bbox 3085 4177 3379 4233; x_wconf 89' lang='lat' dir='ltr'><strong>odoramus</strong></span> <span class='ocrx_word' id='word_1_735' title='bbox 3433 4181 3492 4236; x_wconf 82' lang='lat' dir='ltr'><strong>et</strong></span> 
     </span>
    </p>
   </div>
   <div class='ocr_carea' id='block_1_88' title="bbox 1895 4266 3491 4354">
    <p class='ocr_par' dir='ltr' id='par_1_88' title="bbox 1895 4266 3491 4354">
     <span class='ocr_line' id='line_1_88' title="bbox 1895 4266 3491 4354; baseline -0.011 -17"><span class='ocrx_word' id='word_1_736' title='bbox 1895 4283 2187 4354; x_wconf 77' lang='lat' dir='ltr'><strong>tangimus,</strong></span> <span class='ocrx_word' id='word_1_737' title='bbox 2221 4293 2327 4333; x_wconf 94' lang='lat' dir='ltr'><strong>non</strong></span> <span class='ocrx_word' id='word_1_738' title='bbox 2358 4286 2444 4334; x_wconf 88' lang='lat' dir='ltr'><strong>est</strong></span> <span class='ocrx_word' id='word_1_739' title='bbox 2475 4276 2612 4345; x_wconf 78' lang='lat' dir='ltr'><strong>ipse.</strong></span> <span class='ocrx_word' id='word_1_740' title='bbox 2643 4273 2781 4342; x_wconf 87' lang='lat' dir='ltr'><strong>Quid</strong></span> <span class='ocrx_word' id='word_1_741' title='bbox 2815 4287 2945 4343; x_wconf 79' lang='lat' dir='ltr'><strong>ergo</strong></span> <span class='ocrx_word' id='word_1_742' title='bbox 2971 4278 3055 4326; x_wconf 88' lang='lat' dir='ltr'><strong>est</strong></span> <span class='ocrx_word' id='word_1_743' title='bbox 3090 4269 3203 4340; x_wconf 80' lang='lat' dir='ltr'><strong>ipse</strong></span> <span class='ocrx_word' id='word_1_744' title='bbox 3230 4266 3491 4322; x_wconf 85' lang='lat' dir='ltr'><strong>Dominus</strong></span> 
     </span>
    </p>
   </div>
   <div class='ocr_carea' id='block_1_89' title="bbox 1815 4356 3504 4442">
    <p class='ocr_par' dir='ltr' id='par_1_89' title="bbox 1815 4356 3504 4442">
     <span class='ocr_line' id='line_1_89' title="bbox 1815 4356 3504 4442; baseline -0.013 -9"><span class='ocrx_word' id='word_1_745' title='bbox 1815 4424 1817 4426; x_wconf 91' lang='lat'><strong>.</strong></span> <span class='ocrx_word' id='word_1_746' title='bbox 1897 4377 2037 4432; x_wconf 88' lang='lat' dir='ltr'><strong>Deus</strong></span> <span class='ocrx_word' id='word_1_747' title='bbox 2052 4365 2437 4442; x_wconf 83' lang='lat' dir='ltr'><strong>noster;quid,</strong></span> <span class='ocrx_word' id='word_1_748' title='bbox 2465 4381 2671 4439; x_wconf 62' lang='lat' dir='ltr'><strong>quaeso,</strong></span> <span class='ocrx_word' id='word_1_749' title='bbox 2699 4364 2821 4420; x_wconf 87' lang='lat' dir='ltr'><strong>est?</strong></span> <span class='ocrx_word' id='word_1_750' title='bbox 2842 4364 2957 4420; x_wconf 82' lang='lat' dir='ltr'><strong>Non</strong></span> <span class='ocrx_word' id='word_1_751' title='bbox 2987 4370 3072 4417; x_wconf 90' lang='lat' dir='ltr'><strong>est</strong></span> <span class='ocrx_word' id='word_1_752' title='bbox 3096 4361 3257 4416; x_wconf 89' lang='lat' dir='ltr'><strong>decor</strong></span> <span class='ocrx_word' id='word_1_753' title='bbox 3289 4356 3504 4412; x_wconf 70' lang='lat' dir='ltr'><strong>multus,</strong></span> 
     </span>
    </p>
   </div>
   <div class='ocr_carea' id='block_1_90' title="bbox 1896 4460 3494 4536">
    <p class='ocr_par' dir='ltr' id='par_1_90' title="bbox 1896 4460 3494 4536">
     <span class='ocr_line' id='line_1_90' title="bbox 1896 4460 3494 4536; baseline -0.013 -13"><span class='ocrx_word' id='word_1_754' title='bbox 1896 4478 1952 4523; x_wconf 90' lang='lat' dir='ltr'><strong>et</strong></span> <span class='ocrx_word' id='word_1_755' title='bbox 1978 4480 2227 4536; x_wconf 87' lang='lat' dir='ltr'><strong>magnus,</strong></span> <span class='ocrx_word' id='word_1_756' title='bbox 2257 4477 2420 4535; x_wconf 87' lang='lat' dir='ltr'><strong>quem</strong></span> <span class='ocrx_word' id='word_1_757' title='bbox 2452 4469 2673 4531; x_wconf 88' lang='lat' dir='ltr'><strong>aspectu</strong></span> <span class='ocrx_word' id='word_1_758' title='bbox 2703 4472 2870 4516; x_wconf 87' lang='lat' dir='ltr'><strong>cerno</strong></span> <span class='ocrx_word' id='word_1_759' title='bbox 2904 4467 3167 4524; x_wconf 86' lang='lat' dir='ltr'><strong>corporeo</strong></span> <span class='ocrx_word' id='word_1_760' title='bbox 3199 4469 3212 4505; x_wconf 91' lang='lat'>:</span> <span class='ocrx_word' id='word_1_761' title='bbox 3247 4465 3353 4504; x_wconf 89' lang='lat' dir='ltr'><strong>non</strong></span> <span class='ocrx_word' id='word_1_762' title='bbox 3385 4460 3494 4502; x_wconf 77' lang='lat' dir='ltr'><strong>vox</strong></span> 
     </span>
    </p>
   </div>
   <div class='ocr_carea' id='block_1_91' title="bbox 188 4531 3499 4626">
    <p class='ocr_par' dir='ltr' id='par_1_91' title="bbox 188 4531 3499 4626">
     <span class='ocr_line' id='line_1_91' title="bbox 188 4531 3499 4626; baseline -0.008 -25"><span class='ocrx_word' id='word_1_763' title='bbox 188 4561 336 4602; x_wconf 81' lang='lat' dir='ltr'><strong>thtt</strong></span> <span class='ocrx_word' id='word_1_764' title='bbox 356 4586 372 4610; x_wconf 99' lang='lat'><strong>,</strong></span> <span class='ocrx_word' id='word_1_765' title='bbox 403 4544 527 4614; x_wconf 75' lang='lat'><strong>29).</strong></span> <span class='ocrx_word' id='word_1_766' title='bbox 567 4542 708 4598; x_wconf 78' lang='lat' dir='ltr'><strong>vere</strong></span> <span class='ocrx_word' id='word_1_767' title='bbox 733 4544 914 4597; x_wconf 85' lang='lat' dir='ltr'><strong>verbis</strong></span> <span class='ocrx_word' id='word_1_768' title='bbox 945 4540 1289 4604; x_wconf 88' lang='lat' dir='ltr'><strong>deliciemus,</strong></span> <span class='ocrx_word' id='word_1_769' title='bbox 1328 4536 1498 4626; x_wconf 82' lang='lat' dir='ltr'><strong>magis</strong></span> <span class='ocrx_word' id='word_1_770' title='bbox 1526 4547 1688 4606; x_wconf 89' lang='lat' dir='ltr'><strong>quam</strong></span> <span class='ocrx_word' id='word_1_771' title='bbox 1720 4531 1786 4585; x_wconf 85' lang='lat' dir='ltr'><strong>ad</strong></span> <span class='ocrx_word' id='word_1_772' title='bbox 1815 4549 1865 4608; x_wconf 78' lang='grc' dir='ltr'><em>ι)</em></span> <span class='ocrx_word' id='word_1_773' title='bbox 1890 4566 1975 4614; x_wconf 65' lang='lat' dir='ltr'><strong>es,</strong></span> <span class='ocrx_word' id='word_1_774' title='bbox 2003 4531 2165 4626; x_wconf 71' lang='lat' dir='ltr'><strong>qu&#39;am</strong></span> <span class='ocrx_word' id='word_1_775' title='bbox 2193 4531 2550 4624; x_wconf 54' lang='grc' dir='ltr'><strong>θοίροηιηει.</strong></span> <span class='ocrx_word' id='word_1_776' title='bbox 2583 4547 2744 4603; x_wconf 61' lang='lat' dir='ltr'><strong>audio</strong></span> <span class='ocrx_word' id='word_1_777' title='bbox 2770 4565 2783 4600; x_wconf 56' lang='grc' dir='ltr'>ε</span> <span class='ocrx_word' id='word_1_778' title='bbox 2823 4561 2928 4600; x_wconf 73' lang='lat' dir='ltr'><strong>non</strong></span> <span class='ocrx_word' id='word_1_779' title='bbox 2960 4547 3116 4608; x_wconf 56' lang='lat' dir='ltr'><strong>odor,</strong></span> <span class='ocrx_word' id='word_1_780' title='bbox 3153 4555 3314 4612; x_wconf 69' lang='lat' dir='ltr'><strong>quem</strong></span> <span class='ocrx_word' id='word_1_781' title='bbox 3353 4533 3499 4593; x_wconf 62' lang='grc' dir='ltr'><strong>οπα,</strong></span> 
     </span>
    </p>
   </div>
   <div class='ocr_carea' id='block_1_92' title="bbox 191 4624 1790 4716">
    <p class='ocr_par' dir='ltr' id='par_1_92' title="bbox 191 4624 1790 4716">
     <span class='ocr_line' id='line_1_92' title="bbox 191 4624 1790 4716; baseline -0.009 -22"><span class='ocrx_word' id='word_1_782' title='bbox 191 4637 258 4714; x_wconf 79' lang='lat' dir='ltr'><strong>id</strong></span> <span class='ocrx_word' id='word_1_783' title='bbox 283 4636 433 4716; x_wconf 91' lang='lat' dir='ltr'><strong>quod</strong></span> <span class='ocrx_word' id='word_1_784' title='bbox 465 4635 795 4690; x_wconf 89' lang='lat' dir='ltr'><strong>intendimus</strong></span> <span class='ocrx_word' id='word_1_785' title='bbox 841 4632 1082 4701; x_wconf 79' lang='lat' dir='ltr'><strong>perfecte</strong></span> <span class='ocrx_word' id='word_1_786' title='bbox 1109 4629 1394 4686; x_wconf 89' lang='lat' dir='ltr'><strong>dicendum</strong></span> <span class='ocrx_word' id='word_1_787' title='bbox 1423 4624 1790 4698; x_wconf 67' lang='lat' dir='ltr'><strong>proficimus;</strong></span> 
     </span>
    </p>
   </div>
   <div class='ocr_carea' id='block_1_93' title="bbox 189 4720 1796 4799">
    <p class='ocr_par' dir='ltr' id='par_1_93' title="bbox 189 4720 1796 4799">
     <span class='ocr_line' id='line_1_93' title="bbox 189 4720 1796 4799; baseline -0.011 -11"><span class='ocrx_word' id='word_1_788' title='bbox 189 4742 251 4788; x_wconf 87' lang='lat' dir='ltr'><strong>et</strong></span> <span class='ocrx_word' id='word_1_789' title='bbox 279 4728 504 4799; x_wconf 87' lang='lat' dir='ltr'><strong>quando</strong></span> <span class='ocrx_word' id='word_1_790' title='bbox 530 4727 695 4783; x_wconf 89' lang='lat' dir='ltr'><strong>multa</strong></span> <span class='ocrx_word' id='word_1_791' title='bbox 721 4727 981 4782; x_wconf 86' lang='lat' dir='ltr'><strong>dicemus.</strong></span> <span class='ocrx_word' id='word_1_792' title='bbox 1027 4723 1093 4781; x_wconf 87' lang='lat' dir='ltr'><strong>Et</strong></span> <span class='ocrx_word' id='word_1_793' title='bbox 1150 4723 1315 4777; x_wconf 90' lang='lat' dir='ltr'><strong>verba</strong></span> <span class='ocrx_word' id='word_1_794' title='bbox 1357 4720 1573 4792; x_wconf 84' lang='lat' dir='ltr'><strong>quando</strong></span> <span class='ocrx_word' id='word_1_795' title='bbox 1601 4727 1796 4773; x_wconf 86' lang='lat' dir='ltr'><strong>utcun-</strong></span> 
     </span>
    </p>
   </div>
   <div class='ocr_carea' id='block_1_94' title="bbox 191 4808 1799 4896">
    <p class='ocr_par' dir='ltr' id='par_1_94' title="bbox 191 4808 1799 4896">
     <span class='ocr_line' id='line_1_94' title="bbox 191 4808 1799 4896; baseline -0.009 -18"><span class='ocrx_word' id='word_1_796' title='bbox 191 4816 307 4896; x_wconf 85' lang='lat' dir='ltr'><strong>que</strong></span> <span class='ocrx_word' id='word_1_797' title='bbox 333 4831 496 4894; x_wconf 49' lang='lat' dir='ltr'><strong>suut,</strong></span> <span class='ocrx_word' id='word_1_798' title='bbox 535 4821 666 4892; x_wconf 91' lang='lat' dir='ltr'><strong>quid</strong></span> <span class='ocrx_word' id='word_1_799' title='bbox 702 4820 850 4875; x_wconf 91' lang='lat' dir='ltr'><strong>aliud</strong></span> <span class='ocrx_word' id='word_1_800' title='bbox 885 4832 1048 4890; x_wconf 88' lang='lat' dir='ltr'><strong>quam</strong></span> <span class='ocrx_word' id='word_1_801' title='bbox 1089 4829 1252 4872; x_wconf 90' lang='lat' dir='ltr'><strong>voces</strong></span> <span class='ocrx_word' id='word_1_802' title='bbox 1294 4813 1491 4869; x_wconf 86' lang='lat' dir='ltr'><strong>mentis</strong></span> <span class='ocrx_word' id='word_1_803' title='bbox 1522 4811 1692 4867; x_wconf 74' lang='lat' dir='ltr'><strong>sunt?</strong></span> <span class='ocrx_word' id='word_1_804' title='bbox 1731 4808 1799 4865; x_wconf 78' lang='lat' dir='ltr'><strong>Et</strong></span> 
     </span>
    </p>
   </div>
   <div class='ocr_carea' id='block_1_95' title="bbox 193 4902 1798 4986">
    <p class='ocr_par' dir='ltr' id='par_1_95' title="bbox 193 4902 1798 4986">
     <span class='ocr_line' id='line_1_95' title="bbox 193 4902 1798 4986; baseline -0.006 -20"><span class='ocrx_word' id='word_1_805' title='bbox 193 4915 426 4986; x_wconf 84' lang='lat' dir='ltr'><strong>quidem</strong></span> <span class='ocrx_word' id='word_1_806' title='bbox 466 4913 552 4968; x_wconf 88' lang='lat' dir='ltr'><strong>vel</strong></span> <span class='ocrx_word' id='word_1_807' title='bbox 583 4913 811 4968; x_wconf 87' lang='lat' dir='ltr'><strong>necdum</strong></span> <span class='ocrx_word' id='word_1_808' title='bbox 841 4918 1000 4976; x_wconf 86' lang='lat' dir='ltr'><strong>sunt,</strong></span> <span class='ocrx_word' id='word_1_809' title='bbox 1043 4907 1128 4964; x_wconf 89' lang='lat' dir='ltr'><strong>vel</strong></span> <span class='ocrx_word' id='word_1_810' title='bbox 1162 4906 1275 4976; x_wconf 69' lang='lat' dir='ltr'><strong>iam</strong></span> <span class='ocrx_word' id='word_1_811' title='bbox 1319 4919 1426 4960; x_wconf 88' lang='lat' dir='ltr'><strong>non</strong></span> <span class='ocrx_word' id='word_1_812' title='bbox 1465 4914 1611 4968; x_wconf 91' lang='lat' dir='ltr'><strong>sunt,</strong></span> <span class='ocrx_word' id='word_1_813' title='bbox 1669 4902 1798 4974; x_wconf 91' lang='lat' dir='ltr'><strong>quia</strong></span> 
     </span>
    </p>
   </div>
   <div class='ocr_carea' id='block_1_96' title="bbox 196 4995 1801 5070">
    <p class='ocr_par' dir='ltr' id='par_1_96' title="bbox 196 4995 1801 5070">
     <span class='ocr_line' id='line_1_96' title="bbox 196 4995 1801 5070; baseline -0.009 -6"><span class='ocrx_word' id='word_1_814' title='bbox 196 4996 307 5066; x_wconf 83' lang='lat' dir='ltr'><strong>nisi</strong></span> <span class='ocrx_word' id='word_1_815' title='bbox 356 5007 691 5062; x_wconf 90' lang='lat' dir='ltr'><strong>transeundo</strong></span> <span class='ocrx_word' id='word_1_816' title='bbox 726 5021 833 5060; x_wconf 94' lang='lat' dir='ltr'><strong>non</strong></span> <span class='ocrx_word' id='word_1_817' title='bbox 881 5011 1029 5060; x_wconf 89' lang='lat' dir='ltr'><strong>sunt.</strong></span> <span class='ocrx_word' id='word_1_818' title='bbox 1077 5001 1183 5056; x_wconf 90' lang='lat' dir='ltr'><strong>Sed</strong></span> <span class='ocrx_word' id='word_1_819' title='bbox 1225 5009 1516 5070; x_wconf 87' lang='lat' dir='ltr'><strong>antequam</strong></span> <span class='ocrx_word' id='word_1_820' title='bbox 1563 4995 1801 5053; x_wconf 85' lang='lat' dir='ltr'><strong>transire</strong></span> 
     </span>
    </p>
   </div>
   <div class='ocr_carea' id='block_1_97' title="bbox 196 5087 1800 5172">
    <p class='ocr_par' dir='ltr' id='par_1_97' title="bbox 196 5087 1800 5172">
     <span class='ocr_line' id='line_1_97' title="bbox 196 5087 1800 5172; baseline -0.007 -16"><span class='ocrx_word' id='word_1_821' title='bbox 196 5095 494 5172; x_wconf 86' lang='lat' dir='ltr'><strong>incipiant,</strong></span> <span class='ocrx_word' id='word_1_822' title='bbox 520 5097 751 5154; x_wconf 91' lang='lat' dir='ltr'><strong>necdum</strong></span> <span class='ocrx_word' id='word_1_823' title='bbox 781 5103 931 5160; x_wconf 88' lang='lat' dir='ltr'><strong>sunt,</strong></span> <span class='ocrx_word' id='word_1_824' title='bbox 959 5103 1014 5171; x_wconf 85' lang='lat' dir='ltr'><strong>et</strong></span> <span class='ocrx_word' id='word_1_825' title='bbox 1039 5108 1161 5149; x_wconf 90' lang='lat' dir='ltr'><strong>cum</strong></span> <span class='ocrx_word' id='word_1_826' title='bbox 1190 5090 1528 5155; x_wconf 90' lang='lat' dir='ltr'><strong>transierint,</strong></span> <span class='ocrx_word' id='word_1_827' title='bbox 1548 5087 1661 5163; x_wconf 82' lang='lat' dir='ltr'><strong>jam</strong></span> <span class='ocrx_word' id='word_1_828' title='bbox 1693 5103 1800 5144; x_wconf 91' lang='lat' dir='ltr'><strong>non</strong></span> 
     </span>
    </p>
   </div>
   <div class='ocr_carea' id='block_1_98' title="bbox 198 5180 1801 5261">
    <p class='ocr_par' dir='ltr' id='par_1_98' title="bbox 198 5180 1801 5261">
     <span class='ocr_line' id='line_1_98' title="bbox 198 5180 1801 5261; baseline -0.009 -11"><span class='ocrx_word' id='word_1_829' title='bbox 198 5202 354 5250; x_wconf 84' lang='lat' dir='ltr'><strong>sunt.</strong></span> <span class='ocrx_word' id='word_1_830' title='bbox 390 5183 572 5257; x_wconf 78' lang='lat' dir='ltr'><strong>Unde,</strong></span> <span class='ocrx_word' id='word_1_831' title='bbox 600 5190 682 5246; x_wconf 85' lang='lat' dir='ltr'><strong>vel</strong></span> <span class='ocrx_word' id='word_1_832' title='bbox 709 5189 926 5261; x_wconf 84' lang='lat' dir='ltr'><strong>quando</strong></span> <span class='ocrx_word' id='word_1_833' title='bbox 957 5187 1088 5243; x_wconf 90' lang='lat' dir='ltr'><strong>mibi</strong></span> <span class='ocrx_word' id='word_1_834' title='bbox 1118 5187 1282 5258; x_wconf 86' lang='lat' dir='ltr'><strong>verba</strong></span> <span class='ocrx_word' id='word_1_835' title='bbox 1304 5226 1320 5252; x_wconf 97' lang='lat'><strong>,</strong></span> <span class='ocrx_word' id='word_1_836' title='bbox 1349 5184 1549 5255; x_wconf 88' lang='lat' dir='ltr'><strong>quibus</strong></span> <span class='ocrx_word' id='word_1_837' title='bbox 1580 5180 1674 5236; x_wconf 91' lang='lat' dir='ltr'><strong>tibi</strong></span> <span class='ocrx_word' id='word_1_838' title='bbox 1707 5180 1801 5250; x_wconf 90' lang='lat' dir='ltr'><strong>qui</strong></span> 
     </span>
    </p>
   </div>
   <div class='ocr_carea' id='block_1_99' title="bbox 201 5273 1803 5354">
    <p class='ocr_par' dir='ltr' id='par_1_99' title="bbox 201 5273 1803 5354">
     <span class='ocr_line' id='line_1_99' title="bbox 201 5273 1803 5354; baseline -0.008 -13"><span class='ocrx_word' id='word_1_839' title='bbox 201 5286 486 5341; x_wconf 88' lang='lat' dir='ltr'><strong>habitator</strong></span> <span class='ocrx_word' id='word_1_840' title='bbox 506 5300 566 5340; x_wconf 88' lang='lat' dir='ltr'><strong>es</strong></span> <span class='ocrx_word' id='word_1_841' title='bbox 593 5275 1044 5354; x_wconf 67' lang='lat' dir='ltr'><strong>cellae,loquendo</strong></span> <span class='ocrx_word' id='word_1_842' title='bbox 1066 5279 1351 5337; x_wconf 82' lang='lat' dir='ltr'><strong>ostendam</strong></span> <span class='ocrx_word' id='word_1_843' title='bbox 1379 5277 1508 5349; x_wconf 89' lang='lat' dir='ltr'><strong>quid</strong></span> <span class='ocrx_word' id='word_1_844' title='bbox 1537 5275 1608 5332; x_wconf 88' lang='lat' dir='ltr'><strong>sit</strong></span> <span class='ocrx_word' id='word_1_845' title='bbox 1629 5273 1803 5331; x_wconf 84' lang='lat' dir='ltr'><strong>Deus?</strong></span> 
     </span>
    </p>
   </div>
   <div class='ocr_carea' id='block_1_100' title="bbox 202 5367 1806 5448">
    <p class='ocr_par' dir='ltr' id='par_1_100' title="bbox 202 5367 1806 5448">
     <span class='ocr_line' id='line_1_100' title="bbox 202 5367 1806 5448; baseline -0.008 -14"><span class='ocrx_word' id='word_1_846' title='bbox 202 5367 352 5447; x_wconf 72' lang='lat' dir='ltr'><strong>Ecce</strong></span> <span class='ocrx_word' id='word_1_847' title='bbox 394 5379 449 5433; x_wconf 90' lang='lat' dir='ltr'><strong>in</strong></span> <span class='ocrx_word' id='word_1_848' title='bbox 476 5377 610 5433; x_wconf 88' lang='lat' dir='ltr'><strong>cella</strong></span> <span class='ocrx_word' id='word_1_849' title='bbox 645 5376 848 5448; x_wconf 87' lang='lat' dir='ltr'><strong>absque</strong></span> <span class='ocrx_word' id='word_1_850' title='bbox 881 5374 1184 5431; x_wconf 86' lang='lat' dir='ltr'><strong>cessatione</strong></span> <span class='ocrx_word' id='word_1_851' title='bbox 1230 5373 1401 5428; x_wconf 86' lang='lat' dir='ltr'><strong>Deum</strong></span> <span class='ocrx_word' id='word_1_852' title='bbox 1424 5368 1806 5428; x_wconf 84' lang='lat' dir='ltr'><strong>ardentissime</strong></span> 
     </span>
    </p>
   </div>
   <div class='ocr_carea' id='block_1_101' title="bbox 203 5451 1807 5533">
    <p class='ocr_par' dir='ltr' id='par_1_101' title="bbox 203 5451 1807 5533">
     <span class='ocr_line' id='line_1_101' title="bbox 203 5451 1807 5533; baseline -0.005 -10"><span class='ocrx_word' id='word_1_853' title='bbox 203 5461 399 5533; x_wconf 76' lang='lat' dir='ltr'><strong>amas,</strong></span> <span class='ocrx_word' id='word_1_854' title='bbox 434 5469 603 5525; x_wconf 88' lang='lat' dir='ltr'><strong>Deum</strong></span> <span class='ocrx_word' id='word_1_855' title='bbox 637 5451 985 5524; x_wconf 83' lang='lat' dir='ltr'><strong>devotissime</strong></span> <span class='ocrx_word' id='word_1_856' title='bbox 1011 5479 1136 5522; x_wconf 88' lang='lat' dir='ltr'><strong>oras</strong></span> <span class='ocrx_word' id='word_1_857' title='bbox 1157 5505 1174 5531; x_wconf 91' lang='lat'><strong>,</strong></span> <span class='ocrx_word' id='word_1_858' title='bbox 1201 5465 1269 5520; x_wconf 89' lang='lat' dir='ltr'><strong>ad</strong></span> <span class='ocrx_word' id='word_1_859' title='bbox 1299 5463 1471 5520; x_wconf 90' lang='lat' dir='ltr'><strong>Deum</strong></span> <span class='ocrx_word' id='word_1_860' title='bbox 1499 5459 1807 5518; x_wconf 90' lang='lat' dir='ltr'><strong>medullitus</strong></span> 
     </span>
    </p>
   </div>
   <div class='ocr_carea' id='block_1_102' title="bbox 203 5553 1805 5634">
    <p class='ocr_par' dir='ltr' id='par_1_102' title="bbox 203 5553 1805 5634">
     <span class='ocr_line' id='line_1_102' title="bbox 203 5553 1805 5634; baseline -0.006 -16"><span class='ocrx_word' id='word_1_861' title='bbox 203 5563 501 5634; x_wconf 81' lang='lat' dir='ltr'><strong>pervenire</strong></span> <span class='ocrx_word' id='word_1_862' title='bbox 535 5561 850 5626; x_wconf 88' lang='lat' dir='ltr'><strong>desideras;</strong></span> <span class='ocrx_word' id='word_1_863' title='bbox 907 5560 1001 5615; x_wconf 88' lang='lat' dir='ltr'><strong>sed</strong></span> <span class='ocrx_word' id='word_1_864' title='bbox 1041 5559 1120 5614; x_wconf 89' lang='lat' dir='ltr'><strong>sic</strong></span> <span class='ocrx_word' id='word_1_865' title='bbox 1149 5556 1416 5620; x_wconf 87' lang='lat' dir='ltr'><strong>amando,</strong></span> <span class='ocrx_word' id='word_1_866' title='bbox 1461 5557 1542 5610; x_wconf 90' lang='lat' dir='ltr'><strong>sie</strong></span> <span class='ocrx_word' id='word_1_867' title='bbox 1563 5553 1805 5621; x_wconf 89' lang='lat' dir='ltr'><strong>orando,</strong></span> 
     </span>
    </p>
   </div>
   <div class='ocr_carea' id='block_1_103' title="bbox 206 5639 1809 5726">
    <p class='ocr_par' dir='ltr' id='par_1_103' title="bbox 206 5639 1809 5726">
     <span class='ocr_line' id='line_1_103' title="bbox 206 5639 1809 5726; baseline -0.006 -17"><span class='ocrx_word' id='word_1_868' title='bbox 206 5655 294 5723; x_wconf 76' lang='lat' dir='ltr'><strong>sic</strong></span> <span class='ocrx_word' id='word_1_869' title='bbox 319 5639 707 5719; x_wconf 86' lang='lat' dir='ltr'><strong>desiderando,</strong></span> <span class='ocrx_word' id='word_1_870' title='bbox 747 5651 876 5720; x_wconf 91' lang='lat' dir='ltr'><strong>quid</strong></span> <span class='ocrx_word' id='word_1_871' title='bbox 909 5651 1077 5726; x_wconf 82' lang='lat' dir='ltr'><strong>Deum</strong></span> <span class='ocrx_word' id='word_1_872' title='bbox 1110 5663 1233 5704; x_wconf 89' lang='lat' dir='ltr'><strong>esse</strong></span> <span class='ocrx_word' id='word_1_873' title='bbox 1260 5645 1506 5718; x_wconf 81' lang='lat' dir='ltr'><strong>cogitas?</strong></span> <span class='ocrx_word' id='word_1_874' title='bbox 1536 5645 1656 5701; x_wconf 91' lang='lat' dir='ltr'><strong>Seis</strong></span> <span class='ocrx_word' id='word_1_875' title='bbox 1681 5643 1809 5714; x_wconf 91' lang='lat' dir='ltr'><strong>quia</strong></span> 
     </span>
    </p>
   </div>
   <div class='ocr_carea' id='block_1_104' title="bbox 211 5735 1812 5811">
    <p class='ocr_par' dir='ltr' id='par_1_104' title="bbox 211 5735 1812 5811">
     <span class='ocr_line' id='line_1_104' title="bbox 211 5735 1812 5811; baseline -0.007 -10"><span class='ocrx_word' id='word_1_876' title='bbox 211 5743 504 5801; x_wconf 86' lang='lat' dir='ltr'><strong>invisibilis</strong></span> <span class='ocrx_word' id='word_1_877' title='bbox 523 5753 632 5811; x_wconf 91' lang='lat' dir='ltr'><strong>est,</strong></span> <span class='ocrx_word' id='word_1_878' title='bbox 663 5760 764 5800; x_wconf 90' lang='lat' dir='ltr'><strong>nec</strong></span> <span class='ocrx_word' id='word_1_879' title='bbox 793 5751 877 5798; x_wconf 89' lang='lat' dir='ltr'><strong>est</strong></span> <span class='ocrx_word' id='word_1_880' title='bbox 911 5741 1090 5811; x_wconf 91' lang='lat' dir='ltr'><strong>aliqua</strong></span> <span class='ocrx_word' id='word_1_881' title='bbox 1121 5746 1376 5795; x_wconf 88' lang='lat' dir='ltr'><strong>creatura</strong></span> <span class='ocrx_word' id='word_1_882' title='bbox 1403 5735 1692 5792; x_wconf 83' lang='lat' dir='ltr'><strong>invisibilis</strong></span> <span class='ocrx_word' id='word_1_883' title='bbox 1719 5750 1812 5790; x_wconf 90' lang='lat' dir='ltr'><strong>co-</strong></span> 
     </span>
    </p>
   </div>
   <div class='ocr_carea' id='block_1_105' title="bbox 215 5827 1805 5916">
    <p class='ocr_par' dir='ltr' id='par_1_105' title="bbox 215 5827 1805 5916">
     <span class='ocr_line' id='line_1_105' title="bbox 215 5827 1805 5916; baseline -0.006 -25"><span class='ocrx_word' id='word_1_884' title='bbox 215 5851 338 5916; x_wconf 84' lang='lat' dir='ltr'><strong>ram</strong></span> <span class='ocrx_word' id='word_1_885' title='bbox 364 5850 468 5910; x_wconf 80' lang='lat' dir='ltr'><strong>eo:</strong></span> <span class='ocrx_word' id='word_1_886' title='bbox 499 5835 823 5908; x_wconf 81' lang='lat' dir='ltr'><strong>principium</strong></span> <span class='ocrx_word' id='word_1_887' title='bbox 850 5834 966 5889; x_wconf 89' lang='lat' dir='ltr'><strong>sine</strong></span> <span class='ocrx_word' id='word_1_888' title='bbox 1004 5831 1267 5902; x_wconf 87' lang='lat' dir='ltr'><strong>principio</strong></span> <span class='ocrx_word' id='word_1_889' title='bbox 1292 5871 1306 5896; x_wconf 90' lang='lat'><strong>,</strong></span> <span class='ocrx_word' id='word_1_890' title='bbox 1350 5828 1473 5886; x_wconf 81' lang='lat' dir='ltr'><strong>linis</strong></span> <span class='ocrx_word' id='word_1_891' title='bbox 1511 5828 1626 5885; x_wconf 89' lang='lat' dir='ltr'><strong>sine</strong></span> <span class='ocrx_word' id='word_1_892' title='bbox 1664 5827 1805 5892; x_wconf 83' lang='lat' dir='ltr'><strong>line;</strong></span> 
     </span>
    </p>
   </div>
   <div class='ocr_carea' id='block_1_106' title="bbox 1897 4631 3496 4716">
    <p class='ocr_par' dir='ltr' id='par_1_106' title="bbox 1897 4631 3496 4716">
     <span class='ocr_line' id='line_1_106' title="bbox 1897 4631 3496 4716; baseline -0.014 -13"><span class='ocrx_word' id='word_1_893' title='bbox 1897 4648 2004 4712; x_wconf 90' lang='lat' dir='ltr'><strong>cio,</strong></span> <span class='ocrx_word' id='word_1_894' title='bbox 2060 4661 2167 4700; x_wconf 91' lang='lat' dir='ltr'><strong>non</strong></span> <span class='ocrx_word' id='word_1_895' title='bbox 2221 4658 2383 4716; x_wconf 89' lang='lat' dir='ltr'><strong>sapor</strong></span> <span class='ocrx_word' id='word_1_896' title='bbox 2425 4647 2592 4712; x_wconf 60' lang='lat' dir='ltr'><strong>‘quem</strong></span> <span class='ocrx_word' id='word_1_897' title='bbox 2648 4647 2828 4711; x_wconf 84' lang='lat' dir='ltr'><strong>gusto,</strong></span> <span class='ocrx_word' id='word_1_898' title='bbox 2886 4651 2993 4691; x_wconf 91' lang='lat' dir='ltr'><strong>non</strong></span> <span class='ocrx_word' id='word_1_899' title='bbox 3037 4631 3282 4703; x_wconf 88' lang='lat' dir='ltr'><strong>aptitudo</strong></span> <span class='ocrx_word' id='word_1_900' title='bbox 3325 4641 3496 4700; x_wconf 87' lang='lat' dir='ltr'><strong>quam</strong></span> 
     </span>
    </p>
   </div>
   <div class='ocr_carea' id='block_1_107' title="bbox 1899 4717 3507 4808">
    <p class='ocr_par' dir='ltr' id='par_1_107' title="bbox 1899 4717 3507 4808">
     <span class='ocr_line' id='line_1_107' title="bbox 1899 4717 3507 4808; baseline -0.014 -14"><span class='ocrx_word' id='word_1_901' title='bbox 1899 4747 2086 4808; x_wconf 83' lang='lat' dir='ltr'><strong>tango.</strong></span> <span class='ocrx_word' id='word_1_902' title='bbox 2130 4735 2198 4792; x_wconf 84' lang='lat' dir='ltr'><strong>Et</strong></span> <span class='ocrx_word' id='word_1_903' title='bbox 2238 4745 2422 4790; x_wconf 86' lang='lat' dir='ltr'><strong>tamen</strong></span> <span class='ocrx_word' id='word_1_904' title='bbox 2451 4731 2701 4804; x_wconf 66' lang='lat' dir='ltr'><strong>quaedam</strong></span> <span class='ocrx_word' id='word_1_905' title='bbox 2735 4723 3135 4798; x_wconf 87' lang='lat' dir='ltr'><strong>quodammodo</strong></span> <span class='ocrx_word' id='word_1_906' title='bbox 3165 4720 3320 4793; x_wconf 88' lang='lat' dir='ltr'><strong>quasi</strong></span> <span class='ocrx_word' id='word_1_907' title='bbox 3357 4717 3507 4774; x_wconf 63' lang='lat' dir='ltr'><strong>mulo.</strong></span> 
     </span>
    </p>
   </div>
   <div class='ocr_carea' id='block_1_108' title="bbox 1899 4812 3496 4896">
    <p class='ocr_par' dir='ltr' id='par_1_108' title="bbox 1899 4812 3496 4896">
     <span class='ocr_line' id='line_1_108' title="bbox 1899 4812 3496 4896; baseline -0.014 -12"><span class='ocrx_word' id='word_1_908' title='bbox 1899 4829 2074 4884; x_wconf 88' lang='lat' dir='ltr'><strong>titudo</strong></span> <span class='ocrx_word' id='word_1_909' title='bbox 2096 4835 2201 4892; x_wconf 90' lang='lat' dir='ltr'><strong>est,</strong></span> <span class='ocrx_word' id='word_1_910' title='bbox 2231 4825 2478 4896; x_wconf 59' lang='lat' dir='ltr'><strong>quaedam</strong></span> <span class='ocrx_word' id='word_1_911' title='bbox 2511 4815 2845 4892; x_wconf 83' lang='lat' dir='ltr'><strong>magnitudo,</strong></span> <span class='ocrx_word' id='word_1_912' title='bbox 2871 4814 3092 4888; x_wconf 81' lang='lat' dir='ltr'><strong>quidam</strong></span> <span class='ocrx_word' id='word_1_913' title='bbox 3129 4812 3314 4878; x_wconf 88' lang='lat' dir='ltr'><strong>decor,</strong></span> <span class='ocrx_word' id='word_1_914' title='bbox 3347 4824 3496 4880; x_wconf 80' lang='lat' dir='ltr'><strong>qua:-</strong></span> 
     </span>
    </p>
   </div>
   <div class='ocr_carea' id='block_1_109' title="bbox 1901 4902 3500 4989">
    <p class='ocr_par' dir='ltr' id='par_1_109' title="bbox 1901 4902 3500 4989">
     <span class='ocr_line' id='line_1_109' title="bbox 1901 4902 3500 4989; baseline -0.014 -12"><span class='ocrx_word' id='word_1_915' title='bbox 1901 4922 2025 4979; x_wconf 91' lang='lat' dir='ltr'><strong>dam</strong></span> <span class='ocrx_word' id='word_1_916' title='bbox 2054 4935 2183 4986; x_wconf 84' lang='lat' dir='ltr'><strong>vox,</strong></span> <span class='ocrx_word' id='word_1_917' title='bbox 2205 4917 2427 4989; x_wconf 90' lang='lat' dir='ltr'><strong>quidam</strong></span> <span class='ocrx_word' id='word_1_918' title='bbox 2449 4915 2607 4973; x_wconf 87' lang='lat' dir='ltr'><strong>odor.</strong></span> <span class='ocrx_word' id='word_1_919' title='bbox 2631 4911 2850 4983; x_wconf 88' lang='lat' dir='ltr'><strong>quidam</strong></span> <span class='ocrx_word' id='word_1_920' title='bbox 2876 4923 3062 4978; x_wconf 85' lang='lat' dir='ltr'><strong>sapor,</strong></span> <span class='ocrx_word' id='word_1_921' title='bbox 3087 4905 3332 4977; x_wconf 66' lang='lat' dir='ltr'><strong>quaedam</strong></span> <span class='ocrx_word' id='word_1_922' title='bbox 3357 4902 3500 4976; x_wconf 87' lang='lat' dir='ltr'><strong>apti-</strong></span> 
     </span>
    </p>
   </div>
   <div class='ocr_carea' id='block_1_110' title="bbox 1903 4993 3498 5080">
    <p class='ocr_par' dir='ltr' id='par_1_110' title="bbox 1903 4993 3498 5080">
     <span class='ocr_line' id='line_1_110' title="bbox 1903 4993 3498 5080; baseline -0.015 -10"><span class='ocrx_word' id='word_1_923' title='bbox 1903 5015 2054 5070; x_wconf 90' lang='lat' dir='ltr'><strong>tudo.</strong></span> <span class='ocrx_word' id='word_1_924' title='bbox 2085 5011 2249 5080; x_wconf 82' lang='lat' dir='ltr'><strong>Quasi</strong></span> <span class='ocrx_word' id='word_1_925' title='bbox 2279 5007 2524 5080; x_wconf 62' lang='lat' dir='ltr'><strong>quaedam</strong></span> <span class='ocrx_word' id='word_1_926' title='bbox 2555 5002 2864 5067; x_wconf 89' lang='lat' dir='ltr'><strong>multitudo,</strong></span> <span class='ocrx_word' id='word_1_927' title='bbox 2894 5000 2987 5055; x_wconf 89' lang='lat' dir='ltr'><strong>sed</strong></span> <span class='ocrx_word' id='word_1_928' title='bbox 3010 5014 3132 5052; x_wconf 84' lang='lat' dir='ltr'><strong>cum</strong></span> <span class='ocrx_word' id='word_1_929' title='bbox 3160 5011 3263 5050; x_wconf 88' lang='lat' dir='ltr'><strong>una</strong></span> <span class='ocrx_word' id='word_1_930' title='bbox 3291 4993 3498 5065; x_wconf 87' lang='lat' dir='ltr'><strong>simpli-</strong></span> 
     </span>
    </p>
   </div>
   <div class='ocr_carea' id='block_1_111' title="bbox 1902 5087 3500 5172">
    <p class='ocr_par' dir='ltr' id='par_1_111' title="bbox 1902 5087 3500 5172">
     <span class='ocr_line' id='line_1_111' title="bbox 1902 5087 3500 5172; baseline -0.014 -10"><span class='ocrx_word' id='word_1_931' title='bbox 1902 5107 2090 5170; x_wconf 85' lang='lat' dir='ltr'><strong>citate,</strong></span> <span class='ocrx_word' id='word_1_932' title='bbox 2119 5113 2174 5160; x_wconf 90' lang='lat' dir='ltr'><strong>et</strong></span> <span class='ocrx_word' id='word_1_933' title='bbox 2208 5092 2438 5172; x_wconf 89' lang='lat' dir='ltr'><strong>simplici</strong></span> <span class='ocrx_word' id='word_1_934' title='bbox 2477 5099 2705 5161; x_wconf 89' lang='lat' dir='ltr'><strong>unitate,</strong></span> <span class='ocrx_word' id='word_1_935' title='bbox 2745 5095 2798 5150; x_wconf 89' lang='lat' dir='ltr'><strong>in</strong></span> <span class='ocrx_word' id='word_1_936' title='bbox 2834 5105 2997 5164; x_wconf 90' lang='lat' dir='ltr'><strong>qttam</strong></span> <span class='ocrx_word' id='word_1_937' title='bbox 3036 5087 3215 5143; x_wconf 88' lang='lat' dir='ltr'><strong>nullus</strong></span> <span class='ocrx_word' id='word_1_938' title='bbox 3243 5099 3500 5142; x_wconf 89' lang='lat' dir='ltr'><strong>numerus</strong></span> 
     </span>
    </p>
   </div>
   <div class='ocr_carea' id='block_1_112' title="bbox 1903 5180 3501 5268">
    <p class='ocr_par' dir='ltr' id='par_1_112' title="bbox 1903 5180 3501 5268">
     <span class='ocr_line' id='line_1_112' title="bbox 1903 5180 3501 5268; baseline -0.014 -14"><span class='ocrx_word' id='word_1_939' title='bbox 1903 5196 2069 5254; x_wconf 84' lang='lat' dir='ltr'><strong>cadit.</strong></span> <span class='ocrx_word' id='word_1_940' title='bbox 2108 5195 2440 5268; x_wconf 81' lang='lat' dir='ltr'><strong>Magnitudo,</strong></span> <span class='ocrx_word' id='word_1_941' title='bbox 2484 5192 2580 5250; x_wconf 87' lang='lat' dir='ltr'><strong>sed</strong></span> <span class='ocrx_word' id='word_1_942' title='bbox 2623 5191 2744 5248; x_wconf 89' lang='lat' dir='ltr'><strong>sine</strong></span> <span class='ocrx_word' id='word_1_943' title='bbox 2783 5187 3106 5259; x_wconf 87' lang='lat' dir='ltr'><strong>quantitate,</strong></span> <span class='ocrx_word' id='word_1_944' title='bbox 3143 5197 3306 5253; x_wconf 89' lang='lat' dir='ltr'><strong>quam</strong></span> <span class='ocrx_word' id='word_1_945' title='bbox 3351 5180 3501 5249; x_wconf 79' lang='lat' dir='ltr'><strong>nulla</strong></span> 
     </span>
    </p>
   </div>
   <div class='ocr_carea' id='block_1_113' title="bbox 1904 5271 3503 5358">
    <p class='ocr_par' dir='ltr' id='par_1_113' title="bbox 1904 5271 3503 5358">
     <span class='ocr_line' id='line_1_113' title="bbox 1904 5271 3503 5358; baseline -0.015 -11"><span class='ocrx_word' id='word_1_946' title='bbox 1904 5279 2157 5347; x_wconf 89' lang='lat' dir='ltr'><strong>mensura</strong></span> <span class='ocrx_word' id='word_1_947' title='bbox 2190 5286 2616 5358; x_wconf 86' lang='lat' dir='ltr'><strong>comprehendit.</strong></span> <span class='ocrx_word' id='word_1_948' title='bbox 2657 5283 2854 5347; x_wconf 90' lang='lat' dir='ltr'><strong>Decor,</strong></span> <span class='ocrx_word' id='word_1_949' title='bbox 2895 5294 3055 5351; x_wconf 91' lang='lat' dir='ltr'><strong>quem</strong></span> <span class='ocrx_word' id='word_1_950' title='bbox 3094 5275 3239 5331; x_wconf 89' lang='lat' dir='ltr'><strong>nulla</strong></span> <span class='ocrx_word' id='word_1_951' title='bbox 3270 5271 3503 5328; x_wconf 80' lang='lat' dir='ltr'><strong>oﬂ&#39;useat</strong></span> 
     </span>
    </p>
   </div>
   <div class='ocr_carea' id='block_1_114' title="bbox 1907 5363 3497 5448">
    <p class='ocr_par' dir='ltr' id='par_1_114' title="bbox 1907 5363 3497 5448">
     <span class='ocr_line' id='line_1_114' title="bbox 1907 5363 3497 5448; baseline -0.015 -10"><span class='ocrx_word' id='word_1_952' title='bbox 1907 5381 2249 5438; x_wconf 87' lang='lat' dir='ltr'><strong>deformitas.</strong></span> <span class='ocrx_word' id='word_1_953' title='bbox 2280 5379 2417 5446; x_wconf 87' lang='lat' dir='ltr'><strong>Vox,</strong></span> <span class='ocrx_word' id='word_1_954' title='bbox 2455 5391 2617 5448; x_wconf 87' lang='lat' dir='ltr'><strong>quam</strong></span> <span class='ocrx_word' id='word_1_955' title='bbox 2641 5375 2846 5431; x_wconf 89' lang='lat' dir='ltr'><strong>nullum</strong></span> <span class='ocrx_word' id='word_1_956' title='bbox 2891 5372 3032 5444; x_wconf 87' lang='lat' dir='ltr'><strong>rapit</strong></span> <span class='ocrx_word' id='word_1_957' title='bbox 3060 5378 3292 5439; x_wconf 90' lang='lat' dir='ltr'><strong>tempus.</strong></span> <span class='ocrx_word' id='word_1_958' title='bbox 3330 5363 3497 5426; x_wconf 87' lang='lat' dir='ltr'><strong>Odor,</strong></span> 
     </span>
    </p>
   </div>
   <div class='ocr_carea' id='block_1_115' title="bbox 1908 5453 3500 5545">
    <p class='ocr_par' dir='ltr' id='par_1_115' title="bbox 1908 5453 3500 5545">
     <span class='ocr_line' id='line_1_115' title="bbox 1908 5453 3500 5545; baseline -0.013 -16"><span class='ocrx_word' id='word_1_959' title='bbox 1908 5490 2070 5545; x_wconf 86' lang='lat' dir='ltr'><strong>quem</strong></span> <span class='ocrx_word' id='word_1_960' title='bbox 2116 5469 2292 5528; x_wconf 92' lang='lat' dir='ltr'><strong>nullus</strong></span> <span class='ocrx_word' id='word_1_961' title='bbox 2334 5470 2600 5541; x_wconf 86' lang='lat' dir='ltr'><strong>dispergit</strong></span> <span class='ocrx_word' id='word_1_962' title='bbox 2641 5469 2818 5524; x_wconf 84' lang='lat' dir='ltr'><strong>ﬂatus.</strong></span> <span class='ocrx_word' id='word_1_963' title='bbox 2869 5467 3066 5536; x_wconf 89' lang='lat' dir='ltr'><strong>Sapor,</strong></span> <span class='ocrx_word' id='word_1_964' title='bbox 3111 5474 3270 5532; x_wconf 90' lang='lat' dir='ltr'><strong>quem</strong></span> <span class='ocrx_word' id='word_1_965' title='bbox 3319 5453 3500 5524; x_wconf 85' lang='lat' dir='ltr'><strong>aliqua</strong></span> 
     </span>
    </p>
   </div>
   <div class='ocr_carea' id='block_1_116' title="bbox 1910 5550 3504 5632">
    <p class='ocr_par' dir='ltr' id='par_1_116' title="bbox 1910 5550 3504 5632">
     <span class='ocr_line' id='line_1_116' title="bbox 1910 5550 3504 5632; baseline -0.013 -10"><span class='ocrx_word' id='word_1_966' title='bbox 1910 5582 2018 5622; x_wconf 90' lang='lat' dir='ltr'><strong>non</strong></span> <span class='ocrx_word' id='word_1_967' title='bbox 2056 5565 2250 5620; x_wconf 90' lang='lat' dir='ltr'><strong>minuit</strong></span> <span class='ocrx_word' id='word_1_968' title='bbox 2298 5563 2582 5618; x_wconf 88' lang='lat' dir='ltr'><strong>comestio.</strong></span> <span class='ocrx_word' id='word_1_969' title='bbox 2631 5561 2910 5632; x_wconf 78' lang='lat' dir='ltr'><strong>Aptitudo,</strong></span> <span class='ocrx_word' id='word_1_970' title='bbox 2958 5569 3119 5628; x_wconf 89' lang='lat' dir='ltr'><strong>quam</strong></span> <span class='ocrx_word' id='word_1_971' title='bbox 3165 5550 3342 5620; x_wconf 86' lang='lat' dir='ltr'><strong>aliqua</strong></span> <span class='ocrx_word' id='word_1_972' title='bbox 3390 5558 3504 5602; x_wconf 89' lang='lat' dir='ltr'><strong>non</strong></span> 
     </span>
    </p>
   </div>
   <div class='ocr_carea' id='block_1_117' title="bbox 1911 5655 2576 5728">
    <p class='ocr_par' dir='ltr' id='par_1_117' title="bbox 1911 5655 2576 5728">
     <span class='ocr_line' id='line_1_117' title="bbox 1911 5655 2576 5728; baseline -0.009 -10"><span class='ocrx_word' id='word_1_973' title='bbox 1911 5659 2246 5718; x_wconf 89' lang='lat' dir='ltr'><strong>contaminat</strong></span> <span class='ocrx_word' id='word_1_974' title='bbox 2278 5655 2576 5728; x_wconf 84' lang='lat' dir='ltr'><strong>corruptio.</strong></span> 
     </span>
    </p>
   </div>
  </div>
