3984 6466
1033 497 1433 558 CAPITULUM
1474 497 1643 553 XXX.

549 615 629 671 De
659 614 916 670 Triuitate
951 627 1316 679 personarum.
1355 619 1402 663 et
1437 610 1638 663 unitate
1675 607 1980 679 substantia
2019 607 2138 679 qua

624 686 766 740 Deus
792 694 892 750 est,
916 677 964 738 et
992 683 1130 752 quod
1162 680 1526 752 prwjudjcium
1549 679 1764 752 aliquod
1787 694 1880 732 nec
1909 677 2138 732 Trinitas

622 755 834 822 unitati,
867 749 958 808 nec
986 749 1160 807 unitas
1187 751 1312 820 facit
1343 749 1614 804 Trinitati.
1995 790 1997 792 .

622 868 764 924 Ecce
791 881 911 936 qua
941 864 1060 930 libi,
1091 862 1182 934 qui
1213 861 1493 917 habitator
1520 876 1581 916 es
1610 859 1780 928 cella,
1812 859 2050 916 diximus
2071 859 2141 916 de

549 959 684 1014 Deo.
737 957 805 1012 Et
851 955 1020 1011 multa
1065 953 1283 1023 quidem
1324 953 1582 1017 diximus.
1630 951 1728 1008 sed
1777 951 1903 1022 quid
1952 951 2006 1006 in
2054 951 2142 1008 his

550 1049 805 1105 omnibus
862 1046 1135 1102 diximus?
1179 1043 1419 1114 nunquid
1467 1059 1572 1100 non
1611 1044 1791 1101 verbis
1823 1044 2142 1100 deficimus?

552 1139 727 1195 Multa
770 1138 1269 1207 dicenms,.inquit,
1315 1147 1362 1191 et
1400 1137 1704 1205 deﬁciemur
1743 1135 1905 1190 verbis
1946 1136 2138 1206 (Eccli.

549 1247 705 1297 mu,
731 1231 844 1300 ‘29).
889 1230 944 1285 Si
989 1230 1154 1284 ruulta
1181 1239 1308 1286 sunt
1335 1231 1498 1284 verba
1529 1244 1651 1298 qua
1691 1229 1943 1296 dicimus,
1976 1243 2143 1300 quare

549 1322 732 1378 verbis
762 1321 1077 1377 deficimus?
1118 1321 1385 1376 Nimirum
1412 1321 1538 1391 quia
1575 1336 1721 1387 cum,
1750 1321 1817 1377 de
1840 1336 1948 1390 quo
1977 1320 2142 1377 verba

548 1411 715 1467 multa
740 1412 990 1477 dicimus,
1021 1413 1150 1483 quid
1180 1413 1255 1468 sit
1279 1411 1344 1466 a'd
1381 1412 1600 1482 plenum
1627 1427 1736 1466 non
1761 1411 2138 1482 exprimimus.

548 1502 788 1558 Dicimus
814 1519 1051 1575 quoque,
1077 1504 1123 1560 si
1153 1513 1332 1558 tamen
1364 1504 1435 1558 ita
1459 1505 1640 1560 dicere
1667 1503 1815 1570 licet,
1841 1504 1967 1574 quia
2000 1519 2142 1560 unus

548 1609 674 1649 cum
714 1595 788 1651 sit
825 1596 1029 1652 multus
1062 1605 1168 1662 est,
1204 1595 1298 1651 sed
1337 1595 1455 1651 sine
1496 1609 1742 1662 numero,
1785 1609 2012 1666 magnus
2045 1595 2141 1651 sed

549 1686 668 1741 sine
690 1687 1024 1756 quantitate;
1057 1686 1309 1758 simplex,
1338 1687 1434 1741 sed
1461 1685 1581 1742 sine
1601 1687 2022 1752 extenuatione;
2048 1686 2144 1742 bo-

552 1792 677 1841 nus,
718 1777 813 1832 sed
845 1777 962 1833 sine
982 1778 1275 1848 qualitate;
1307 1793 1544 1849 semper,
1574 1778 1668 1833 sed
1704 1778 1824 1834 sine
1868 1787 2138 1846 tempore;

552 1868 778 1938 ubique,
823 1870 919 1926 sed
956 1871 1076 1926 sine
1120 1869 1268 1937 loco;
1319 1870 1371 1926 in
1415 1871 1564 1926 omni
1614 1885 1704 1935 re,
1755 1869 1851 1926 sed
1891 1871 2010 1927 sine
2056 1871 2140 1926 sui
2173 1850 2217 1906 Β

552 1957 900 2024 diﬂinitione;
943 1959 994 2014 in
1027 1959 1177 2014 omni
1223 1968 1488 2029 tempore,
1533 1959 1626 2015 sed
1671 1960 1790 2016 sine
1830 1958 2010 2028 aliqua
2055 1959 2140 2015 sui

551 2051 932 2106 mutabilitate.
969 2050 1082 2108 Nec
1121 2061 1298 2122 potest
1333 2053 1445 2108 ullo
1475 2054 1654 2116 modo,
1684 2050 1768 2107 vel
1796 2065 1894 2120 pro
1923 2052 2007 2106 sui
2042 2065 2145 2122 pu-

551 2139 718 2198 ritate
757 2141 1040 2207 maculari,
1079 2143 1162 2198 vel
1200 2159 1299 2214 pro
1330 2159 1427 2200 sua
1461 2144 1807 2214 simplicitate
1836 2142 2022 2210 dividi,
2059 2142 2144 2200 vel

549 2245 650 2301 pro
689 2243 786 2286 sua
817 2230 1184 2290 immensitate
1213 2235 1620 2305 comprehendi,
1649 2235 1733 2291 vel
1779 2251 1879 2305 pro
1915 2250 2012 2291 sna
2057 2235 2143 2290 in-

553 2322 817 2393 liualitate
839 2326 1168 2379 mensurari.
1201 2325 1309 2384 Nec
1336 2335 1516 2398 potest
1538 2328 1809 2384 ullatenus
1833 2328 2145 2400 cognitione

551 2415 755 2471 variari
797 2415 889 2486 qui
932 2417 1371 2487 sapientissimus
1413 2428 1518 2486 est,
1560 2436 1660 2478 nec
1700 2419 1898 2477 affectu
1946 2420 2144 2477 mutari

551 2504 645 2576 qui
681 2506 918 2576 optimus
945 2518 1051 2563 est.
1076 2507 1244 2580 Cujus
1278 2511 1539 2580 potentia
1563 2512 1744 2568 omnis
1770 2512 1994 2568 effectus
2015 2513 2147 2570 sub-

550 2596 755 2666 jicitur,
793 2598 947 2670 cujus
983 2600 1264 2670 sapientia
1305 2616 1467 2658 omne
1506 2603 1776 2659 occultum
1823 2605 2144 2660 manifesta-

557 2699 665 2756 tttr,
707 2688 860 2760 cujus
904 2692 1350 2749 deliberationem
1391 2695 1570 2751 omnis
1612 2707 1837 2752 eventus
1876 2698 2142 2770 sequitur,

555 2780 711 2851 cujus
733 2781 1098 2840 atcrnitatem
1131 2799 1238 2839 non
1269 2785 1415 2854 capit
1441 2795 1677 2858 tempus,
1712 2801 1813 2844 nec
1844 2789 2146 2845 bonitatem

553 2869 749 2937 virtus,
783 2887 882 2928 nec
917 2873 1238 2943 sapientiam
1266 2890 1480 2942 sensus,
1519 2893 1620 2934 nec
1653 2879 1951 2948 potentiam
1987 2893 2143 2950 opus.

554 2958 658 3030 Ipsi
692 2962 860 3033 gloria
889 2965 981 3035 qui
1012 2980 1106 3020 rex
1129 2977 1214 3021 est
1253 2968 1596 3035 saculorum,
1644 2970 1904 3028 colendus
1951 2979 2011 3026 et
2043 2972 2144 3028 ad-

555 3056 818 3120 orandus,
837 3059 1157 3114 metuendus
1177 3068 1232 3115 et
1253 3062 1585 3129 tremendus,
1600 3077 1665 3119 ac
1682 3063 1966 3119 dominans
1982 3063 2146 3130 Deus,

555 3144 899 3215 immortalis,
935 3148 1255 3216 invisibilis;
1298 3167 1367 3208 ex
1407 3168 1536 3224 quo,
1563 3163 1620 3210 et
1659 3171 1756 3224 per
1794 3169 1956 3226 quem
1997 3156 2062 3211 et'
2093 3157 2146 3212 in

555 3250 666 3307 quo
694 3238 918 3294 omnia-
944 3238 1081 3296 Nam
1110 3242 1292 3298 omnia
1317 3258 1384 3300 ex
1414 3245 1554 3314 ipso,
1577 3247 1706 3316 quia
1743 3248 1986 3304 omnium
2036 3249 2150 3319 ipse

557 3326 886 3399 principium
921 3339 979 3386 et
1011 3341 1225 3388 auctor.
1250 3333 1447 3392 Omnia
1472 3346 1527 3392 et
1548 3353 1647 3408 per
1672 3338 1869 3408 ipsum,
1897 3340 2027 3410 quia
2055 3356 2151 3412 per

559 3416 760 3487 ipsum,
805 3423 1056 3480 omnibus
1099 3425 1382 3483 confertur
1427 3438 1489 3484 ut
1534 3431 1856 3496 subsistant.
1906 3433 2050 3488 sicut
2097 3443 2152 3490 et

560 3506 818 3565 collatum
846 3512 1102 3583 est‘ipsis
1129 3525 1188 3571 ut
1220 3529 1424 3574 essent.
1463 3519 1571 3576 Sed
1603 3530 1661 3577 et
1701 3523 1756 3577 in
1797 3523 1913 3594 ipso
1944 3525 2148 3580 omnia.

561 3597 676 3654 Nos
699 3607 877 3656 tamen
911 3603 1091 3671 potius
1112 3605 1329 3664 virtutis
1358 3608 1618 3666 debemus
1647 3612 1838 3668 mirari
1877 3617 2152 3685 magnitu-

563 3689 769 3756 dinem,
801 3706 962 3762 quam
1006 3693 1110 3751 loci
1156 3697 1384 3768 alicujus
1423 3703 1698 3760 somniare
1733 3705 2151 3765 dimensionem.

566 3785 808 3844 Dicimus
834 3790 1013 3846 adhuc
1033 3791 1103 3864 (si
1139 3803 1317 3852 tamen
1356 3796 1447 3852 hic
1483 3797 1688 3868 aliquid
1718 3799 1902 3856 dicere
1929 3800 2013 3856 vel
2043 3803 2152 3859 sci-

567 3894 707 3945 mus,
737 3880 821 3937 vel
855 3881 1142 3956 valemus),
1187 3886 1330 3943 Deus
1369 3887 1553 3958 Pater,
1595 3889 1738 3947 Deus
1778 3890 1818 3946 F
1824 3891 1971 3956 ilius,
2011 3893 2154 3949 Deus

566 3969 803 4040 Spiritus
837 3983 1109 4033 sanctus:
1147 3991 1396 4048 persona
1432 3989 1563 4047 tres,
1604 3997 1837 4053 quarum
1881 3983 2028 4039 nulla
2073 3993 2156 4040 est

566 4059 700 4126 alia;
738 4071 793 4116 et
833 4064 1136 4121 substantia
1179 4083 1310 4124 una.
1356 4069 1424 4124 Et
1459 4069 1692 4127 libenter
1731 4057 1836 4128 hoc
1889 4073 2156 4130 catholica

567 4155 795 4224 suscipit
821 4157 990 4213 auris.
1027 4158 1134 4214 Sed
1159 4174 1286 4215 cum
1316 4160 1419 4216 hoc
1443 4161 1695 4227 dicimus,
1724 4164 1855 4233 quid
1882 4164 2156 4220 dicimus?

571 4241 819 4308 Multum,
865 4246 966 4311 ais,
1013 4255 1070 4302 et
1110 4264 1365 4321 magnum
1407 4250 1537 4321 quid
1582 4251 1836 4319 dicimus,
1886 4269 2012 4310 cum
2054 4254 2159 4312 hoc

571 4333 824 4392 dicimus.
853 4337 1089 4394 Dicimus
1118 4341 1286 4406 enim,
1315 4341 1418 4408 ais,
1457 4342 1512 4397 in
1533 4357 1658 4408 uno
1685 4345 1988 4416 eodemque
2023 4346 2157 4415 Deo,

571 4438 771 4498 prater
795 4445 956 4500 quem
982 4432 1120 4488 alius
1145 4449 1254 4490 non
1285 4442 1387 4499 est,
1420 4449 1540 4492 esse
1568 4445 1624 4491 et
1651 4452 2006 4513 personarum
2035 4439 2159 4495 Tri-

1394 381 1718 440 GUIGONIS
1751 381 1794 437 11
1829 377 2152 438 [ιΑιιτιιυε

2240 378 2258 434 Ξ
2296 376 2588 437 ΜΔΙΟΒΙΕ
2624 369 2902 436 1⁵11101113
3657 388 3729 445 ιω

2159 504 2207 564 Α
2236 508 2333 565 pra
2371 494 2589 550 modum
2625 492 2779 549 nefas
2801 501 2906 549 est.
2942 490 3081 547 Sunt
3104 502 3233 562 ergo
3262 489 3346 570 ha
3386 499 3489 547 tres
3510 507 3728 563 pem:

2240 587 2402 643 Pater
2437 587 2682 656 gignens,
2712 584 2884 640 Filius
2911 599 2942 638 a
2970 583 3130 638 Patre
3159 583 3394 654 genitus,
3428 583 3627 654 Spiritus
3645 605 3732 646 sau-

2237 689 2361 736 ctus
2405 695 2436 733 a
2477 678 2641 733 Patre
2682 688 2736 731 et
2769 677 2907 732 Filio
2956 676 3275 746 procedens.
3316 675 3538 743 Quarum
3577 680 3731 748 quidm

2239 785 2598 844 personarum
2631 769 2772 824 nulla
2805 767 2977 822 altera
3009 775 3122 833 est;
3152 767 3281 837 quia
3313 782 3416 822 non
3441 775 3512 823 est
3540 785 3624 822 una
3648 787 3731 840 per-

2240 877 2406 928 sona,
2455 861 2552 918 sed
2598 870 2732 917 tres.
2769 858 2908 914 Nam
2951 873 3058 913 una
3107 871 3337 928 persona
3378 871 3475 912 non
3507 868 3649 928 potest
3678 861 3732 931 εἰ.

2241 969 2405 1026 gnere
2434 968 2515 1020 se,
2551 962 2606 1010 et
2641 951 2789 1024 gigni
2816 951 2882 1007 de
2914 967 2997 1018 se,
3022 959 3078 1006 et
3110 949 3400 1020 procedere
3434 963 3464 1004 a
3497 964 3565 1005 se.
3589 949 3660 1006 ila
3681 961 3732 1006 ta-

2242 1060 2364 1101 men
2397 1054 2508 1100 tres
2537 1059 2786 1115 persona
2815 1057 2924 1097 una
2953 1041 3255 1097 substantia
3288 1049 3429 1106 sunt,
3464 1049 3622 1114 natura
3649 1058 3734 1111 uua,

2242 1138 2500 1194 divinitas
2542 1152 2670 1203 una,
2718 1135 2980 1206 majestas
3022 1148 3149 1200 una,
3194 1132 3465 1188 aternitas
3491 1131 3737 1190 una.Recle

2242 1230 2460 1302 quidem
2490 1229 2651 1284 ﬁdem
2684 1227 3009 1285 catholicam
3044 1233 3218 1291 tenes,
3253 1233 3309 1280 tu
3341 1224 3429 1296 qui
3457 1225 3676 1280 habitator
3698 1243 3737 1281 es

2242 1322 2410 1379 cella.
2443 1320 2550 1378 Sed
2579 1321 2710 1391 quid
2737 1331 2821 1376 est
2849 1319 3054 1391 (quaso
3095 1317 3170 1389 te)
3197 1317 3343 1388 quod
3380 1317 3501 1372 mihi
3527 1331 3736 1372 numerum

2243 1417 2364 1472 sine
2389 1427 2617 1470 numero
2642 1412 2922 1484 proponis,
2958 1424 3193 1482 eumque
3235 1407 3372 1464 mihi
3405 1408 3512 1473 das,
3544 1416 3592 1464 et
3614 1409 3737 1464 statim

2243 1521 2366 1562 eum
2391 1505 2568 1562 tollis?
2591 1503 2726 1559 Nam
2749 1503 2794 1559 si
2819 1510 2930 1558 tres
2951 1510 3098 1568 sunt,
3131 1512 3314 1555 nonne
3341 1513 3576 1554 numerus
3597 1498 3684 1554 est?
3701 1497 3736 1553 Si

2244 1607 2424 1654 autem
2448 1597 2622 1653 tribus
2648 1604 2734 1651 est
2753 1594 3058 1651 substantia
3086 1606 3221 1658 uua,
3247 1591 3294 1647 si
3320 1600 3524 1654 natura,
3549 1589 3587 1644 si
3607 1590 3741 1644 divini-

2246 1700 2352 1759 tas,
2399 1690 2443 1746 si
2488 1689 2767 1761 majestas,
2807 1687 2854 1742 si
2903 1686 3182 1742 aternitas
3221 1697 3362 1747 una,
3407 1681 3490 1738 ubi
3529 1681 3742 1738 numerus?

2243 1782 2536 1846 Numerus,
2562 1781 2666 1848 ais,
2696 1779 2763 1835 ad
2791 1792 3056 1849 personas
3086 1777 3348 1839 refertur,
3375 1775 3492 1844 quia
3519 1782 3609 1828 tres
3634 1783 3740 1833 sunt;

2245 1887 2351 1927 non
2381 1878 2561 1926 autem
2591 1869 2658 1925 ad
2690 1867 3073 1934 substantiam,
3095 1867 3226 1937 quia
3250 1879 3358 1921 una
3379 1872 3476 1920 est.
3499 1860 3619 1919 Bene
3635 1864 3741 1926 dicis,

2244 1961 2337 2017 sed
2370 1960 2612 2031 nunquid
2649 1959 2792 2014 aliud
2821 1960 2938 2015 ista
2971 1966 3081 2014 tres
3110 1971 3358 2030 persona
3380 1955 3667 2025 sunt,fquam
3687 1965 3742 2010 est

2245 2054 2350 2110 ista
2388 2068 2494 2108 una
2519 2051 2859 2108 substantia?
2892 2059 2986 2106 aut
3013 2049 3160 2106 aliud
3193 2050 3313 2106 hac
3343 2065 3442 2104 una
3468 2055 3542 2104 cst
3565 2047 3744 2103 substan-

2247 2146 2343 2213 tia,
2367 2161 2530 2216 quam
2563 2145 2679 2202 ista
2705 2153 2832 2201 sunt
2862 2154 2976 2200 tres
3003 2143 3292 2216 persona?
3318 2141 3451 2210 Non,
3480 2141 3644 2212 inquis,
3661 2142 3743 2212 quia

2245 2233 2365 2292 ista
2390 2246 2501 2292 tres
2531 2249 2798 2306 persona,
2830 2233 2935 2289 ista
2964 2248 3072 2289 una
3104 2232 3413 2289 substantia
3444 2240 3556 2288 sunt
3577 2250 3589 2286 :
3610 2231 3744 2286 etuas

2245 2343 2353 2384 una
2378 2326 2702 2392 substantia,
2731 2325 2949 2381 illarum
2975 2331 3062 2381 est
3089 2325 3258 2380 trium
3283 2339 3623 2396 personarum.
3639 2321 3743 2376 Nulla

2247 2431 2483 2487 namque
2535 2415 2699 2470 trium
2741 2429 3095 2486 personarum
3126 2425 3211 2471 est
3248 2429 3312 2472 ea
3340 2429 3454 2484 qua
3483 2413 3649 2477 altera;
3683 2411 3744 2465 sui

2246 2523 2587 2579 unaquaque
2621 2517 2800 2563 tamen
2836 2515 2924 2562 est
2969 2506 3022 2561 id
3063 2506 3210 2578 quod
3257 2507 3443 2564 altera.
3485 2506 3599 2573 Quia
3635 2503 3746 2560 Pater

2247 2602 2469 2673 quidem
2508 2600 2648 2656 alius
2675 2607 2760 2656 est
2789 2613 2951 2669 quam
2984 2596 3175 2663 Filius,
3207 2598 3298 2655 vel
3328 2598 3543 2670 Spiritus
3571 2603 3745 2656 sanctus.

2248 2694 2342 2749 sed
2369 2708 2475 2748 non
2499 2692 2675 2760 aliud;
2699 2699 2754 2747 et
2781 2689 2952 2747 Fiiius
2978 2700 3064 2746 est
3092 2690 3234 2747 alius
3261 2706 3421 2762 quam
3447 2690 3643 2761 Spiritus
3661 2702 3745 2742 san-

2249 2797 2390 2855 ctus,
2415 2787 2500 2842 vel
2533 2785 2716 2852 Pater,
2745 2787 2840 2842 sed
2863 2801 2970 2841 non
2997 2784 3164 2841 aliud.
3198 2783 3434 2856 Spiritus
3453 2791 3640 2838 sanctus
3653 2777 3747 2832 alius

2249 2893 2411 2948 quam
2435 2877 2596 2932 Pater
2613 2877 2696 2933 vel
2720 2874 2911 2943 Filius,
2935 2876 3030 2932 sed
3053 2875 3200 2931 aliud
3223 2889 3330 2931 non
3361 2882 3472 2930 est:
3494 2871 3600 2942 quia
3619 2869 3746 2929 Pater,

2249 2980 2299 3024 et
2327 2967 2518 3033 Filius,
2548 2976 2604 3023 et
2647 2966 2885 3037 Spiritus
2913 2975 3160 3032 sanctus,
3204 2975 3294 3021 est
3337 2978 3470 3018 unus
3488 2959 3748 3020 naturaliter,

2252 3059 2502 3130 idemque
2545 3061 2707 3114 Deus.
2757 3057 2850 3113 Sic
2888 3059 3082 3114 damus
3129 3055 3362 3128 singulis
3398 3051 3611 3124 personis
3639 3063 3744 3106 suam

2175 3197 2217 3254 Ο
2251 3151 2657 3222 proprietatem,
2703 3150 2848 3220 quod
2896 3149 3219 3205 substantia
3252 3164 3359 3203 non
3399 3146 3604 3202 tollimus
3624 3141 3746 3196 unita-

2253 3252 2360 3300 tem
2384 3262 2398 3298 :
2421 3244 2549 3315 quia
2572 3245 2627 3299 in
2652 3243 2801 3300 nullo
2831 3242 3151 3313 praeiudicat
3178 3240 3268 3297 vel
3300 3237 3586 3298 substantia
3605 3234 3744 3295 unitas,

2248 3353 2606 3410 personarum
2629 3336 2907 3403 Trinitati,
2937 3335 3021 3390 vel
3051 3349 3404 3405 personarum
3431 3331 3644 3390 Trinitas,
3664 3325 3748 3378 sub-

2251 3429 2465 3485 stantia
2493 3429 2710 3484 unitati.
2743 3427 3011 3495 Quocirca
3050 3441 3153 3483 nec
3186 3441 3217 3481 a
3261 3423 3554 3483 substantia
3587 3421 3745 3474 unitate.

2251 3537 2606 3593 personarum
2648 3521 2920 3592 Trinitas;
2955 3535 3057 3578 nec
3100 3535 3130 3574 a
3159 3531 3506 3589 personarum
3534 3510 3747 3569 Trinitate,

2252 3615 2569 3670 substantia:
2595 3614 2778 3669 unitas
2813 3629 3060 3669 seorsum
3107 3621 3193 3668 est
3225 3609 3520 3683 cogitanda,
3546 3602 3614 3659 vel
3641 3613 3748 3668 ⁵⁸1⁸³·

2255 3707 2456 3768 randa;
2485 3707 2578 3763 sed
2606 3707 2785 3776 potius
2819 3715 2875 3760 et
2906 3706 3088 3760 unitas
3119 3704 3173 3759 in
3202 3702 3486 3765 Trinitate,
3515 3707 3561 3754 et
3579 3691 3748 3750 Trinitas

2255 3796 2308 3850 in
2340 3795 2550 3850 unitate
2588 3795 2894 3850 veneranda
2932 3803 2988 3850 et
3031 3794 3332 3849 adoranda.
3362 3792 3438 3858 Si,
3477 3797 3528 3844 ut
3561 3784 3678 3844 dicis,
3701 3779 3748 3831 ita

2255 3893 2360 3948 est,
2384 3885 2492 3939 imo
2511 3886 2638 3954 quia
2661 3885 2733 3939 ita
2757 3895 2860 3952 est,
2882 3883 3156 3954 quomodo
3171 3883 3248 3938 ita
3273 3882 3389 3939 est?
3407 3879 3512 3936 Non
3532 3869 3748 3947 pleue,ais.

2255 3993 2352 4049 per
2387 3977 2672 4032 scientiam
2703 3978 2860 4048 capio
2887 3977 3157 4047 quomodo
3182 3967 3300 4044 est;
3325 3975 3416 4031 sed
3441 3973 3519 4044 pie
3540 3981 3620 4040 per
3641 3963 3748 4017 fidem

2259 4071 2422 4126 credo
2443 4071 2568 4140 quia
2595 4071 2667 4124 ita
2697 4053 2802 4125 est.
2825 4067 3041 4140 Optime
3063 4067 3236 4133 dicis;
3272 4082 3394 4123 nam
3423 4061 3613 4121 credere
3634 4054 3749 4126 pie!"

2260 4161 2329 4214 tis
2357 4171 2460 4227 est,
2496 4161 2770 4216 discutere
2805 4159 3129 4218 temeritatis
3159 4177 3173 4214 :
3209 4159 3370 4230 plene
3406 4164 3564 4212 autem
3594 4163 3643 4203 ac
3669 4155 3750 4215 νοτ·

2259 4252 2402 4309 fecte
2429 4267 2611 4320 nosse,
2647 4252 2787 4318 vita,
2832 4261 2886 4309 et
2931 4252 3044 4307 vita
3091 4261 3297 4307 aterna
3333 4260 3434 4308 est.
3469 4245 3591 4302 Dicit
3628 4244 3748 4294 autem

2258 4351 2451 4406 beatus
2476 4350 2808 4422 Augustinus
2838 4352 2979 4418 quod
3015 4358 3204 4406 tantus
3250 4359 3336 4407 est
3360 4347 3504 4416 ,solus
3535 4343 3676 4398 Pater.
3696 4329 3749 4385 td

2263 4441 2408 4496 solus
2434 4439 2623 4507 Filius,
2653 4441 2736 4497 vel
2759 4442 2906 4497 solus
2937 4442 3175 4514 Spiritus
3196 4450 3437 4506 sanctus,
3481 4443 3669 4508 quantus
3695 4432 3749 4514 ts!

573 4517 824 4585 nitatem,
851 4529 905 4575 et
931 4522 1251 4579 substantia
1276 4523 1562 4579 unitatem.
1590 4525 1756 4596 Bene,
1783 4527 2028 4599 inquam.
2053 4529 2160 4586 Sed
2191 4539 2242 4601 ι)
2267 4530 2425 4586 simul
2459 4531 2645 4597 Pater,
2691 4539 2747 4586 et
2785 4513 2993 4598 Filius,
3018 4542 3075 4587 et
3120 4532 3360 4602 Spiritus
3401 4534 3617 4586 sanctus;
3647 4513 3750 4584 εηὶπθ

571 4614 816 4686 nunquid
837 4615 981 4670 aliud
1011 4630 1133 4672 esse
1160 4616 1296 4673 dicis
1326 4617 1399 4673 ibi
1431 4633 1792 4688 personarum
1813 4620 2159 4690 Trinitatem,

572 4723 736 4777 quam
760 4707 1078 4764 substantia
1106 4709 1404 4766 unitatem?
1427 4710 1567 4778 Non,
1599 4712 1812 4783 inquis;
1839 4714 1934 4769 sed
1965 4715 2166 4772 habent

573 4815 822 4870 persona
857 4800 977 4856 ista
1013 4801 1379 4872 proprietates
1413 4818 1542 4859 suas
1576 4822 1589 4858 :
1625 4804 1752 4874 quia
1787 4805 1960 4862 solius
1989 4807 2168 4864 Patris

574 4902 658 4949 est
683 4894 924 4966 gignere,
947 4904 1001 4952 et
1026 4896 1146 4953 ideo
1175 4912 1205 4952 a
1231 4897 1377 4954 nullo
1399 4908 1517 4965 est;
1543 4898 1712 4955 solius
1742 4899 1865 4954 Filii
1888 4908 1973 4957 est
1997 4899 2165 4971 gigni,

575 4995 634 5040 et
662 4985 784 5041 ideo
812 5003 842 5041 a
870 4987 1032 5044 Patre
1059 5001 1174 5055 est;
1210 4990 1379 5047 solius
1407 5001 1590 5047 autem
1626 4991 1862 5063 Spiritus
1886 4992 2060 5047 sancti
2085 4999 2170 5047 est

577 5077 897 5147 procedere,
923 5089 978 5134 et
1004 5081 1126 5138 ideo
1161 5098 1190 5137 a
1222 5081 1384 5140 Patre
1408 5091 1466 5140 et
1491 5083 1765 5140 Filioest.
1803 5082 1911 5140 Sed
1944 5099 2053 5140 non
2089 5083 2172 5139 sic

579 5179 614 5221 a
640 5165 806 5219 Patre
831 5175 881 5221 et
906 5167 1044 5224 Filio
1073 5171 1309 5242 Spiritus
1331 5181 1554 5231 sanctus
1579 5183 1690 5242 est,
1717 5175 1862 5231 sicut
1891 5181 1977 5230 est
1999 5173 2172 5230 Filius

533 5263 535 5266 ‘
581 5273 614 5314 a
638 5258 830 5322 Patre;
863 5260 987 5328 quia
1021 5264 1270 5333 procedit
1294 5268 1362 5324 ab
1392 5276 1625 5339 utroque
1649 5267 1705 5340 (a
1737 5267 1897 5324 Patre
1921 5267 2174 5323 videlicet

585 5359 642 5407 et
663 5349 821 5423 jFilio
855 5351 1090 5423 Spiritus
1115 5359 1360 5425 sanctus)
1396 5360 1490 5416 sed
1519 5376 1549 5415 a
1580 5369 1776 5416 neutro
1811 5359 2068 5432 gignitur.
2104 5359 2176 5415 At

585 5457 718 5500 vero
741 5434 911 5500 Filius
938 5457 970 5498 a
1000 5443 1115 5500 solo
1146 5446 1306 5504 Patre
1332 5449 1604 5520 gignitur;
1633 5459 1689 5506 et
1716 5451 1840 5507 ideo
1863 5450 2028 5507 Pater
2054 5449 2176 5522 qui-

588 5534 710 5590 dem
749 5532 976 5604 gignens
1012 5544 1116 5601 est,
1159 5537 1330 5594 Filius
1361 5548 1541 5602 autem
1569 5542 1784 5612 genitus
1813 5559 1826 5596 :
1856 5551 1914 5598 et
1942 5542 2068 5598 inde
2092 5549 2178 5598 est

479 5655 488 5660 -
589 5625 735 5696 quod
762 5624 927 5682 Pater
958 5626 1123 5684 Pater
1149 5637 1254 5695 est,
1281 5639 1337 5686 et
1377 5629 1546 5687 Filius
1568 5639 1672 5690 est.
1713 5632 1968 5704 Alioquin
1995 5631 2179 5704 plures

590 5725 776 5771 essent
803 5715 858 5771 in
898 5717 988 5773 illa
1016 5717 1284 5778 Trinitate
1321 5722 1534 5790 Patres,
1571 5732 1628 5778 et
1665 5722 1812 5788 Filii,
1844 5725 1987 5807 quod
2019 5725 2176 5780 nimio

593 5819 715 5862 rum
748 5809 989 5878 credere,
1016 5812 1179 5870 nimis
1203 5814 1587 5884 abominabile,
1618 5824 1671 5872 et
1693 5814 1976 5884 horribile,
2005 5825 2060 5873 et
2089 5832 2178 5873 su-

2265 4638 2410 4678 nunc
2435 4621 2565 4678 libet
2590 4622 2754 4677 verba
2780 4621 2897 4686 tibi,
2928 4622 3020 4692 qui
3049 4622 3329 4677 habitator
3355 4618 3492 4677 cella
3513 4629 3582 4680 es,
3602 4608 3652 4663 ad
3673 4616 3748 4657 “‘0‘

2265 4715 2493 4770 moriam
2527 4728 2805 4780 revocare,
2841 4728 2964 4785 qua
3007 4713 3062 4769 in
3098 4722 3256 4769 sexto
3286 4713 3420 4769 libro
3453 4709 3515 4764 de
3545 4699 3749 4759 Trinitate.

2267 4805 2458 4860 ultimo
2485 4803 2736 4860 videlicet
2769 4804 3006 4875 capitulo
3031 4803 3272 4874 ejusdem
3310 4803 3426 4860 libri
3463 4797 3749 4886 ροευῖίέξθσξ·

2269 4897 2421 4953 sione
2449 4897 2660 4952 illorum
2689 4897 2853 4952 trium
2882 4896 3274 4969 profundorum
3312 4895 3576 4952 verborum
3606 4880 3750 4938 Hilarii.

2269 5005 2391 5061 qua
2417 4999 2564 5055 sunt,
2601 4989 2878 5045 atemitas
2917 4990 2970 5045 in
3016 4989 3202 5056 Patre,
3246 4988 3447 5061 species
3484 4984 3530 5038 in
3571 4970 3750 5072 imagine.

2269 5095 2403 5138 usns
2427 5081 2479 5137 iu
2513 5096 2758 5137 munere.
2805 5081 3007 5138 Scribit
3059 5082 3244 5154 itaque
3286 5082 3471 5137 beatus
3509 5068 3752 5154 Αιιεηεῠιιαξ

2273 5174 2378 5230 hoc
2420 5175 2623 5230 modo:
2670 5191 2690 5225 α
2725 5171 2930 5229 Horum
2975 5152 3286 5238 verborum,
3326 5171 3379 5228 id
3420 5174 3514 5231 est,
3558 5154 3689 5217 Patris
3715 5152 3751 5200 el

2274 5265 2525 5337 imaginis
2561 5274 2616 5320 et
2653 5266 2914 5326 muneris,
2953 5265 3275 5321 aternitatis
3301 5272 3358 5320 et
3393 5253 3565 5332 speciei
3591 5251 3752 5337 eius”:

2276 5334 2514 5415 abditam
2545 5367 2822 5414 scrutatus
2849 5357 3262 5428 inteiligeutiam
3306 5356 3358 5412 in
3389 5356 3610 5424 quantum

2274 5465 2386 5507 non
2413 5465 2538 5506 eum
2579 5458 2826 5505 secutum
2858 5422 3099 5504 arbitror
3135 5449 3190 5503 in
3211 5422 3528 5504 ’aternitatis
3545 5422 3751 5527 τοωξξίξς

2277 5541 2380 5598 nisi
2411 5540 2553 5612 quod
2583 5540 2747 5596 Pater
2769 5555 2875 5596 non
2901 5539 3064 5596 habet
3085 5538 3298 5596 Patrem
3328 5540 3391 5593 de
3413 5547 3510 5606 quo
3528 5527 3615 5584 sit:
3636 5513 3750 5573 Filius

2280 5611 2461 5690 autem
2495 5634 2564 5690 de
2604 5634 2766 5690 Patre
2791 5641 2896 5700 est,
2927 5641 3003 5691 ut.
3026 5635 3118 5701 sit,
3150 5641 3310 5703 atque
3345 5637 3401 5685 ut
3434 5623 3500 5681 illi

2281 5727 2374 5783 sit.
2394 5726 2578 5798 Imago
2605 5727 2772 5792 enim,
2797 5725 2844 5781 si
2870 5724 3115 5797 perfecte
3150 5702 3330 5793 implet
3349 5717 3468 5776 illud
3487 5708 3610 5780 cujus
3630 5702 3750 5798 imus

2282 5827 2386 5888 εει,
2433 5781 2550 5892 ipsa
2595 5781 2911 5892 coaequatur
2950 5817 3026 5887 ei,
3055 5833 3166 5877 non
3199 5817 3323 5874 illud
3366 5803 3553 5881 imagini
3585 5806 3681 5856 tot.
3711 5781 3748 5836 Ιη
