3894 6298
150 396 241 458 861

1265 373 1472 434 LIBER
1507 376 1598 434 DE
1629 371 2001 434 EXERCITIO
2037 366 2312 430 εει-ιλ.

149 525 246 584 qua
280 497 765 576 εωειηρερροῖειη
785 493 1118 562 'nomiuavit,
1143 491 1330 560 credo,
1343 498 1567 564 propter
1589 489 1706 561 pul-
1731 491 1782 555 Δ
1809 486 1996 543 doctor
2014 485 2250 584 insignis
2275 482 2344 540 de
2375 479 2482 538 his.
2521 479 2632 538 Nos
2666 485 2849 537 autem
2879 479 2952 537 de
2988 480 3073 538 bis
3098 481 3244 554 loqui
3270 483 3392 540 diu-

151 583 511 661 chritndinem,
532 592 626 648 ubi
648 591 762 661 iam
782 598 870 646 est
891 595 1040 644 tanta
1061 585 1437 656 coagmentis,
1458 583 1706 653 etprima

150 690 426 763 aequalitas,
458 695 513 740 et
538 685 713 755 prima
736 680 1056 745 similitudo,
1083 679 1230 734 nulla
1255 678 1310 733 in
1333 692 1393 732 re
1416 676 1705 741 dissidens,

149 793 200 840 et
230 780 370 837 nullo
406 776 566 832 modo
614 772 917 844 inaequalis,
950 779 1008 826 et
1042 770 1188 826 nulla
1225 777 1378 838 parte
1407 765 1705 830 dissimilis,

149 873 231 930 sed
255 868 537 926 identidem
562 863 896 935 respondens
913 861 964 918 ei
985 859 1140 929 cuius
1165 861 1341 931 imago
1367 869 1468 915 est.
1493 857 1594 914 Ubi
1625 865 1710 912 est

148 963 304 1036 prima
333 967 388 1013 et
425 969 638 1012 summa
662 953 796 1019 vita,
826 951 914 1007 cui
949 964 1056 1005 non
1091 958 1176 1004 est
1217 948 1364 1004 aliud
1406 947 1613 1011 vivere,
1655 953 1710 1001 et

148 1052 277 1108 aliud
299 1063 437 1112 esse,
464 1045 559 1101 sed
589 1044 732 1100 idem
759 1050 815 1099 et
847 1055 968 1097 esse
995 1048 1052 1095 et
1074 1039 1256 1094 vivere
1283 1055 1299 1093 :
1326 1047 1381 1092 et
1417 1037 1624 1108 primus
1644 1050 1710 1091 ac

150 1155 371 1200 summus
399 1137 728 1200 intellectus,
763 1133 851 1190 cui
882 1148 986 1187 non
1017 1140 1103 1186 est
1139 1130 1284 1186 aliud
1321 1130 1527 1193 vivere,
1561 1127 1708 1183 aliud

149 1235 448 1304 intelligere,
469 1229 565 1286 sed
585 1228 636 1284 id
657 1226 804 1298 quod
822 1235 908 1282 est
932 1223 1253 1294 intelligere,
1277 1222 1380 1277 hoc
1398 1230 1482 1276 est
1501 1220 1704 1276 vivere.

149 1329 247 1385 Hoc
281 1339 398 1381 esse
428 1331 538 1388 est,
566 1336 732 1376 unum
775 1318 982 1385 omnia,
1015 1326 1272 1387 tanquam
1314 1312 1552 1370 Verbum
1588 1327 1708 1383 per-

147 1421 357 1481 fectum;
379 1415 467 1472 cui
492 1429 600 1469 non
625 1411 767 1467 desit
801 1408 1025 1479 aliquid,
1052 1417 1108 1464 et
1141 1421 1232 1462 ars
1254 1405 1498 1474 quaedam
1530 1402 1708 1458 omni-

143 1508 357 1584 potentis
381 1514 439 1563 et
483 1503 744 1576 sapientis
788 1501 904 1569 Dei,
937 1499 1096 1571 plena
1137 1497 1382 1555 omnium
1410 1495 1706 1560 rationum,

146 1600 416 1657 viventium
440 1592 968 1654 incommutabilium
995 1609 1010 1646 :
1036 1599 1094 1646 et
1119 1603 1312 1646 omnes
1339 1602 1506 1642 unum
1539 1586 1593 1641 in
1619 1599 1704 1649 ea,

1806 577 1922 633 tius
1943 575 2217 643 nolumus,
2242 575 2370 647 quia
2393 573 2522 631 dum
2550 580 2736 628 tantus
2758 571 2987 643 talisque
3007 574 3108 640 sol,
3129 585 3186 630 et
3204 575 3394 636 lucens

1807 665 2098 730 illuminat,
2140 674 2198 721 et
2235 664 2438 722 ardens
2477 662 2806 728 inﬂammat,
2839 662 3060 734 dignum
3095 674 3181 719 est
3213 673 3273 720 ut
3311 665 3394 720 tu-

1808 772 1971 814 eerna
1995 757 2138 813 lutea
2168 756 2418 823 recedat,
2447 764 2503 812 et
2527 770 2597 812 ne
2628 755 2770 810 ultra
2793 763 3069 826 appareat,
3099 755 3201 812 sub
3224 755 3392 813 silen-

1808 849 1869 904 tii
1900 848 2125 905 latibulo
2149 864 2209 905 se
2237 848 2555 906 abscondat.

2270 960 2688 1029 .CAPITULUM
2725 959 2920 1017 XXXI.

1814 1053 1892 1108 De
1914 1051 2158 1136 diligenti
2193 1053 2581 1136 sollicitudinea
2599 1065 2647 1107 et
2676 1054 2899 1136 sollicita
2926 1052 3207 1136 diligentia
3224 1067 3392 1136 .quanv

1883 1124 2110 1180 orationi
2149 1135 2343 1180 nostris
2381 1125 2615 1194 (quando
2656 1125 2702 1178 ei
2743 1124 3111 1194 incumbimus)
3154 1124 3395 1194 debemus

1882 1194 2202 1276 impendere,
2233 1204 2282 1248 et
2317 1194 2382 1248 de
2414 1192 2619 1275 magna
2640 1193 2980 1274 iustatilitate
2999 1210 3102 1276 qua
3129 1195 3183 1246 in
3215 1192 3391 1274 corde,

1884 1263 2141 1318 orationis
2177 1273 2402 1332 tempore
2430 1279 2521 1330 per
2549 1265 2712 1316 otiosa
2743 1273 2789 1316 et
2825 1263 3002 1316 nociva
3033 1263 3276 1331 dispersis
3308 1277 3394 1314 σου

1881 1333 2223 1414 gitatiotribus
2246 1334 2460 1414 uostris,
2483 1333 2668 1386 misere
2691 1349 2752 1385 ac
2776 1332 3141 1386 miserabiliter
3165 1334 3394 1401 ﬂuctua-

1879 1419 2023 1470 ntus,
2045 1413 2092 1456 et
2119 1419 2210 1472 per
2239 1413 2514 1456 innumera
2541 1417 2840 1470 evagamur.

1880 1515 1936 1570 lu
1962 1513 2366 1570 transvadaudo
2386 1512 2604 1567 ﬂuvium
2628 1511 2777 1566 illum
2800 1512 3120 1575 secundum,
3135 1512 3225 1581 qui
3247 1526 3396 1583 egre

1807 1606 1956 1662 ditur
1987 1607 2054 1662 de
2086 1605 2209 1661 loco
2235 1603 2550 1676 voluptatis,
2595 1602 2682 1657 cui
2729 1617 2922 1657 nomen
2955 1612 3038 1657 est
3064 1603 3264 1668 Gihon,
3295 1602 3396 1657 ali-

145 1694 271 1789 m“!
295 1692 402 1789 ipf“
435 1703 608 1744 “num
638 1687 711 1789 δεῖ
738 1700 870 1789 υξξοο
909 1698 1034 1788 cus“
1075 1696 1184 1752 quo
1223 1696 1415 1789 υξ¹¹ξ¹ξ¹ο
1445 1677 1523 1734 “’i
1558 1677 1708 1789 ηθξίί
1807 1714 1971 1771 quam
2019 1697 2249 1755 fecimus
2291 1713 2520 1752 moram.
2570 1694 2681 1751 Nec
2724 1695 2904 1756 debet,
2947 1701 3005 1746 ut
3043 1695 3395 1759 arhitmmur,

147 1783 307 1839 omnia
343 1781 502 1846 Deus,
531 1793 654 1849 ιιυω
684 1777 816 1834 fec"
853 1790 953 1846 Per
980 1774 1154 1845 ipsam
1185 1792 1199 1828 ε
1234 1782 1290 1828 ει
1314 1773 1436 1828 ideo
1462 1785 1586 1825 cum
1615 1769 1709 1825 de‘
1738 1836 1782 1860 ἢ
1805 1769 1893 1844 vel
1924 1790 2038 1860 ipsa
2073 1801 2236 1858 quam
2278 1784 2506 1842 fecimus
2539 1799 2688 1840 mora
2734 1782 3078 1855 reprehendi,
3117 1781 3201 1836 vel
3237 1794 3399 1850 super

147 1875 321 1930 cedant
346 1871 432 1926 vel
461 1836 761 1926 succedant
790 1836 1052 1937 tempora,
1099 1881 1205 1920 non
1232 1862 1447 1919 decedit
1472 1861 1555 1918 vel
1585 1874 1708 1915 nuc-
1738 1836 1784 1894 B
1808 1836 1893 1935 ἐξ
2870 1836 3077 1944 (μήπως
3111 1836 3396 1938 (κωπίω,

147 1966 274 2022 eedi‘.
296 1963 492 2033 aliquid
515 1961 764 2018 scientia:
788 1960 902 2015 Dei.
932 1957 1053 2014 Non
1073 1957 1221 2014 enim
1243 1956 1358 2011 hac
1379 1969 1501 2026 quae
1521 1962 1707 2008 creata

1824 1970 1894 2026 rel
1939 1969 2057 2039 eius
2111 1969 2184 2026 sit
2235 1969 2464 2025 latitudo
2512 1977 2568 2024 et
2615 1965 2956 2039 profunditas
3004 1979 3110 2020 non
3164 1964 3396 2033 ignorat.

148 2064 276 2121 llr-1.
315 2055 433 2109 ideo
457 2054 708 2110 εείυιιιιιι·
749 2067 781 2107 3
812 2052 941 2117 θεον
970 2051 1094 2121 quia
1139 2048 1281 2104 fama
1310 2056 1460 2113 ειιηῑν
1503 2062 1567 2102 ac
1598 2061 1707 2101 ηοη
1807 2060 1963 2118 Nunc
1995 2069 2176 2118 autem
2206 2061 2274 2116 ad
2307 2061 2525 2116 tertium
2552 2059 2643 2130 qui
2674 2060 2743 2114 de
2777 2058 2896 2114 loco
2923 2056 3396 2128 voluptatisegre-

147 2151 306 2222 potius
336 2148 454 2204 ideo
479 2146 621 2204 facta
647 2153 791 2212 sunt,
823 2145 912 2200 vel
943 2143 1244 2205 mutabilia,
1287 2141 1414 2212 quia
1457 2140 1710 2196 immuta-

1824 2152 1956 2210 litur
1975 2151 2219 2219 ﬂuvium,
2255 2153 2342 2208 cui
2371 2151 2550 2224 Tigris
2581 2165 2778 2207 nomen
2817 2158 2924 2219 est,
2969 2148 3312 2215 accedamus,
3337 2154 3401 2202 ut

149 2244 306 2298 biliter
341 2241 409 2296 ab
432 2255 499 2296 eo
527 2240 800 2296 sciuntur.
832 2238 925 2294 llle
965 2238 1131 2308 igitur
1170 2234 1458 2291 iuetl‘abilis
1486 2233 1708 2304 quidam
1809 2259 1906 2316 per
1934 2259 2057 2301 eum
2095 2249 2457 2300 transeamus.
2502 2241 2611 2298 Νοε
2649 2256 2781 2297 vero
2808 2254 2908 2312 per
2956 2239 3098 2294 hunc
3144 2237 3392 2304 ﬂuvium,

149 2333 434 2404 complexus
477 2332 662 2387 Patris
689 2339 746 2386 et
791 2330 1066 2401 imaginis,
1103 2343 1210 2382 non
1237 2336 1322 2382 est
1369 2325 1488 2382 sine
1531 2324 1711 2394 perfe-

1824 2337 1903 2406 lui
1943 2337 2143 2391 dicitur
2179 2335 2380 2406 Tigris,
2416 2342 2677 2404 quantum
2725 2330 2791 2388 ad
2837 2329 3096 2386 tnoralem
3134 2327 3401 2381 duntaxat

149 2433 326 2494 ctione,
365 2429 478 2483 sine
518 2426 808 2489 cbaritate,
851 2425 970 2478 sine
1007 2422 1224 2492 gaudio.
1274 2419 1366 2474 llla
1407 2433 1541 2488 ergo
1577 2417 1712 2474 dile—
1810 2425 2009 2480 attinet
2047 2439 2288 2490 sensum,
2325 2423 2573 2477 devotam
2609 2421 2848 2474 diximus
2881 2417 3252 2486 accipienoam
3279 2429 3402 2469 esse

151 2522 264 2586 otio,
311 2518 618 2580 delectatio,
665 2515 917 2579 felicitas,
959 2513 1044 2568 νει
1087 2510 1367 2566 beatitudo
1413 2509 1480 2581 (εἰ
1529 2517 1708 2564 tamen
1809 2515 2142 2580 orationem;
2170 2513 2310 2568 sicut
2332 2527 2430 2583 per
2455 2511 2600 2565 illum
2624 2510 2715 2580 qui
2738 2508 2918 2565 Gihon
2944 2515 3186 2568 vocatur,
3207 2519 3401 2576 puram

150 2613 355 2668 humana
382 2624 512 2664 voce
555 2607 759 2678 aliquid
789 2605 1010 2675 dignum
1059 2600 1281 2668 dicitur)
1326 2614 1458 2654 usus
1503 2598 1572 2654 ab
1619 2596 1711 2651 illo
1809 2606 2240 2662 meditationem,
2286 2603 2355 2659 Et
2391 2603 2458 2658 de
2499 2601 2914 2656 meditationum
2943 2597 3161 2669 quidem
3191 2595 3404 2668 εεηει-ι-

151 2702 419 2774 appellatus
449 2708 533 2756 est
579 2698 840 2761 breviter,
869 2704 925 2750 et
968 2703 1053 2748 est
1095 2693 1146 2747 in
1177 2690 1444 2746 Trinitatc
1473 2688 1711 2753 Spiritus
1788 2697 1911 2752 bus
1940 2696 2120 2766 aliqua
2158 2694 2276 2760 tibi,
2307 2693 2399 2763 qui
2431 2692 2704 2748 habitator
2743 2689 2892 2744 cella;
2925 2703 3006 2753 es,
3038 2688 3308 2750 diximus;
3345 2692 3404 2740 et

151 2804 345 2849 sanctus
377 2808 481 2847 non
511 2791 752 2862 genitus,
783 2788 877 2843 sed
909 2786 1192 2856 genitoris,
1221 2782 1497 2854 genitique
1527 2780 1710 2836 suavi-

1824 2790 2015 2844 utinam
2050 2798 2161 2843 tam
2200 2787 2312 2842 sint
2354 2785 2496 2841 dicta
2539 2783 2636 2838 tibi
2675 2781 2972 2847 fructuose,
3021 2794 3182 2850 quam
3215 2786 3342 2833 sunt
3369 2791 3403 2831 a

153 2896 248 2952 mu
295 2883 512 2956 ill‘o'mm
561 2882 630 2954 U-
674 2878 906 2951 ῑηςξθηιη
953 2877 1202 2948 largum"
1247 2883 1412 2944 εῑψιε
1460 2873 1712 2927 “bertam
1809 2880 1968 2936 nobis
2005 2879 2150 2934 dicta
2189 2875 2436 2948 profuse!
2469 2873 2622 2929 Nunc
2647 2880 2827 2928 autem
2864 2871 2930 2926 de
2954 2869 3241 2924 devotione
3275 2880 3403 2922 ora-

149 2978 448 3046 Ρθτῖηηάθηθ
472 2989 674 3028 omnes
715 2980 1018 3036 creaulras’
1065 2981 1166 3038 ι)το
1207 2976 1366 3036 οθριυ
1395 2979 1617 3028 earum;
1653 2969 1714 3016 υι
1811 2975 1976 3028 tionis
2015 2972 2195 3042 aliqua
2239 2969 2336 3026 tibi
2363 2967 2588 3024 dicenda
2619 2973 2774 3031 sunt;
2808 2978 2929 3034 qum
2959 2961 3024 3033 (si
3062 2959 3192 3030 quid
3239 2959 3306 3014 de
3333 2970 3402 3013 ea

147 3067 364 3121 ordinem
405 3077 570 3120 Sillim
619 3070 862 3125 teneant,
911 3069 967 3115 et
1175 3059 1290 3112 suis
1335 3054 1707 3126 acquiescant.
1811 3063 2142 3121 sufﬁcienter
2183 3061 2365 3118 dicere
2403 3059 2489 3115 vel
2538 3058 2822 3120 sciremus,
2871 3053 2954 3109 vel
3001 3050 3308 3124 possemus)
3334 3063 3404 3105 ω

133 3157 256 3212 Haec
294 3156 450 3225 igitur
491 3155 689 3209 omnia
734 3167 854 3221 qua:
897 3158 1012 3205 arte
1053 3147 1232 3202 divina
1281 3146 1419 3200 facta
1469 3152 1615 3207 sunt,
1657 3150 1712 3197 et

1824 3155 1984 3226 magis
2012 3153 2114 3223 tibi
2139 3153 2338 3208 debent
2376 3162 2499 3205 esse
2545 3145 2874 3211 necessaria,
2903 3157 3011 3213 quo
3045 3142 3187 3197 inter
3215 3137 3402 3195 omnia

149 3248 378 3303 unitatem
408 3245 705 3318 quamdam
753 3243 805 3296 in
849 3256 907 3297 se
936 3239 1246 3301 ostendunt.
1279 3245 1334 3293 ei
1370 3236 1626 3302 εβοεῖθιην
1656 3241 1713 3288 ει
1744 3231 1780 3240 ν
1813 3244 2011 3316 quibus
2039 3244 2092 3298 in
2119 3242 2251 3299 cella
2289 3240 2527 3296 intendis
2561 3237 2842 3300 exercitia,
2872 3237 2925 3290 in
2956 3231 3404 3304 frequentissimo

135 3341 386 3394 “ordinem.
418 3336 695 3406 Quidquid
722 3333 865 3390 enim
890 3332 1081 3386 ilOl'lllll
1109 3337 1214 3393 est,
1239 3337 1293 3382 et
1317 3341 1480 3380 unum
1510 3323 1711 3394 aliquid
1801 3333 1956 3388 soles
1978 3334 2118 3388 hanc
2144 3346 2244 3387 usu
2265 3338 2320 3386 et
2342 3327 2732 3386 consuetudine
2760 3327 2981 3381 habere,
3005 3323 3112 3378 Sed
3141 3320 3271 3392 quid
3305 3320 3403 3375 tibi

149 3444 239 3496 est,
259 3431 392 3487 sicut
419 3437 554 3484 sunt
582 3435 791 3482 naturai:
817 3437 1128 3494 corporum,
1157 3419 1481 3489 ingeniaque
1505 3415 1714 3470 anima-

152 3537 273 3586 rum,
317 3531 368 3577 et
413 3521 598 3590 aliqua
645 3517 825 3587 specie
874 3514 1141 3569 formatur
1169 3512 1332 3582 (sicut
1361 3516 1489 3563 sunt
1531 3506 1713 3576 figurae

151 3613 222 3669 vel
245 3612 522 3683 qualitates
562 3623 872 3679 corporum,
910 3621 974 3660 ac
1002 3603 1281 3666 doctrinae,
1312 3599 1395 3654 vel
1421 3607 1570 3654 artes
1597 3595 1713 3651 ani-

152 3705 403 3776 marum);
444 3712 500 3759 et
539 3701 783 3757 ordinem
815 3698 1047 3766 aliquem
1081 3695 1215 3766 petit
1243 3701 1336 3747 aut
1375 3698 1545 3757 tenet,
1576 3687 1717 3744 sicut

152 3805 262 3852 sunt
287 3797 517 3868 pondera
546 3792 630 3848 vel
656 3789 1041 3846 collocationes
1072 3799 1384 3854 corporum,
1415 3789 1470 3836 et
1500 3792 1715 3835 amores

153 3899 234 3944 aut
254 3887 636 3944 delectationes
665 3883 988 3938 animarum.
1015 3877 1240 3947 Oportet
1271 3875 1438 3945 igitur
1468 3881 1529 3927 ut
1556 3870 1718 3926 Crea-

154 3987 306 4034 torem
327 3995 422 4048 pcr
441 3993 504 4034 ea
535 3992 654 4047 quae
681 3974 824 4030 facta
853 3980 979 4028 sunt
999 3968 1272 4025 intellecta
1293 3965 1713 4036 conspicientes,

153 4068 448 4125 Trinitatem
480 4066 867 4136 intelligamus,
893 4060 1048 4131 cuius
1080 4061 1132 4113 in
1163 4066 1416 4113 creatura
1443 4053 1715 4124 quomodo

157 4160 352 4229 dignum
385 4168 488 4226 est,
533 4164 756 4228 apparet
774 4153 1079 4222 vestigium.
1119 4149 1177 4204 ln
1219 4148 1305 4203 illa
1355 4147 1498 4202 enim
1535 4143 1717 4200 Trini-

154 4259 267 4317 tate,
295 4266 500 4307 summa
533 4258 617 4304 est
642 4248 797 4318 origo
824 4258 1006 4300 rerum
1049 4242 1314 4304 omnium,
1346 4249 1400 4294 et
1433 4236 1716 4309 perfectis-

155 4345 273 4402 sima
300 4343 669 4415 pulchritudo,
712 4350 767 4394 et
811 4336 1128 4394 beatissima
1171 4332 1482 4389 delectatio.
1529 4330 1717 4400 Itaque

155 4434 230 4490 illa
270 4437 387 4502 tria,
418 4443 474 4490 et
516 4448 577 4488 se
617 4431 846 4487 invicem
874 4425 1224 4483 determinari
1253 4423 1524 4488 videntur,
1569 4429 1625 4476 ct
1659 4420 1714 4474 in

1814 3426 1880 3481 de
1899 3441 1962 3480 ea
1985 3425 2169 3479 dicere
2187 3423 2274 3478 vel
2301 3423 2505 3478 scimus
2524 3420 2606 3473 vel
2629 3417 2906 3472 valemus?
2930 3415 3012 3472 'Ut
3031 3421 3212 3469 autem
3235 3412 3402 3476 scias,

1815 3523 1874 3569 tu
1899 3515 1992 3584 qui
2019 3513 2291 3568 habitator
2329 3511 2481 3567 cella:
2521 3523 2602 3575 es,
2647 3506 2881 3578 qualiter
2907 3505 2957 3561 ei
2999 3503 3280 3560 intendere
3309 3501 3405 3558 de-

1813 3606 1962 3670 beas,
1995 3604 2168 3675 magis
2203 3603 2293 3658 illa
2330 3602 2541 3674 indiges
2573 3586 2694 3670 quae
2729 3599 2798 3654 de
2837 3598 3091 3654 omnibus
3119 3597 3278 3651 docet
3303 3609 3405 3648 uu-

1815 3696 2012 3763 ctlone,
2043 3711 2205 3766 quam
2236 3704 2426 3751 nostra
2453 3693 2781 3749 eruditione.
2825 3690 2969 3746 Dicit
2993 3689 3137 3743 enim
3165 3688 3402 3757 Aposto-

1814 3789 1898 3844 lus
1930 3787 2055 3858 quia
2079 3787 2205 3858 quid
2229 3801 2436 3842 oremus
2454 3786 2588 3840 sicut
2611 3791 2830 3854 oportet,
2864 3780 3156 3845 nescimus;
3180 3778 3271 3832 sed
3292 3779 3404 3848 ipse

1817 3880 2051 3950 Spiritus
2082 3878 2309 3949 postulat
2339 3893 2432 3944 pro
2463 3878 2610 3931 nobis
2644 3875 2918 3946 gemitibus
2960 3870 3404 3926 inenarrabilibus

1816 3971 1995 4044 (Rom.
2018 3985 2141 4035 vui,
2161 3968 2278 4037 26).
2303 3967 2502 4039 Utique
2530 3983 2627 4039 pro
2652 3967 2806 4023 nobis
2832 3963 3088 4037 postulat,
3113 3961 3240 4034 quia
3267 3973 3405 4030 quos

1815 4062 2005 4133 replet,
2039 4061 2378 4132 postulantes
2422 4059 2551 4114 facit
2578 4077 2592 4113 :
2621 4066 2676 4114 et
2703 4073 2770 4113 ex
2805 4057 2922 4126 eius
2952 4056 3121 4112 solius
3155 4067 3404 4117 munere,

1816 4163 1871 4209 et
1909 4153 2098 4225 gratiae
2143 4168 2255 4208 suae
2284 4151 2553 4207 inlusione
2596 4149 2878 4205 uobiscum
2923 4147 3121 4218 agitur,
3154 4153 3215 4200 ut
3261 4144 3405 4200 sicut

1815 4251 2028 4315 oportet
2062 4256 2225 4298 orare
2258 4240 2516 4296 sciamus.
2549 4238 2719 4310 Magis
2763 4237 2980 4308 quidem
3024 4251 3146 4291 cum
3189 4234 3404 4287 interno

1816 4332 2018 4404 gemitu
2075 4336 2130 4386 et
2179 4329 2367 4384 dolore
2405 4342 2602 4400 magno
2636 4326 2903 4395 conqueri
2942 4334 2998 4380 et
3046 4323 3404 4392 nosmetipsos

1818 4438 2078 4480 accusare
2107 4423 2387 4490 debemus,
2415 4420 2558 4490 quod
2587 4419 2700 4474 fere
2726 4434 2998 4489 nunquam
3023 4417 3164 4472 sicut
3191 4425 3406 4486 oportet

155 4542 205 4583 se
243 4527 444 4583 inﬁnita
490 4534 639 4583 sunt.
686 4523 793 4579 Sed
838 4521 930 4575 hic
970 4519 1023 4574 in
1067 4518 1232 4574 rebus
1269 4513 1564 4584 corporeis,
1608 4527 1714 4566 non
1741 4522 1793 4583 ι)
1817 4529 2057 4581 oramus,
2085 4527 2250 4583 quam
2278 4520 2339 4567 ut
2365 4511 2502 4566 alios
2527 4524 2688 4565 orare
2711 4509 3002 4564 doceamus
3031 4524 3044 4559 :
3081 4505 3204 4573 quia
3229 4504 3405 4572 quali-

153 4626 348 4673 tautum
371 4626 458 4673 est
486 4630 613 4681 una,
641 4622 901 4684 quantum
926 4619 1036 4664 tres
1061 4606 1220 4664 simul
1249 4623 1263 4660 :
1296 4614 1354 4660 et
1376 4605 1496 4674 plus
1516 4602 1718 4671 aliquid

155 4718 266 4762 sunt
295 4707 434 4774 dum,
465 4721 630 4778 quam
670 4718 777 4759 una
819 4716 924 4757 res.
958 4699 1224 4755 Caeterum
1267 4693 1322 4750 in
1359 4708 1568 4749 summa
1598 4691 1720 4748 Tri-

154 4801 329 4866 nitate,
349 4809 556 4855 tantum
587 4807 671 4852 est
697 4811 823 4860 una,
848 4801 1108 4864 quantum
1143 4799 1255 4846 tres
1279 4785 1473 4852 simul;
1509 4793 1719 4839 tantum

155 4891 258 4946 dum
279 4902 534 4963 quantum
558 4889 891 4957 una.'ltaqne
914 4893 969 4940 et
992 4882 1202 4955 singula
1233 4889 1357 4936 sunt
1385 4880 1437 4933 in
1469 4874 1716 4946 singulis,

153 4992 204 5038 et
220 4986 394 5038 omnia
433 4982 485 5038 in
521 4981 773 5054 singulis,
799 4976 1086 5046 eLsiugula
1124 4975 1178 5030 in
1212 4973 1488 5036 omnibus,
1517 4980 1573 5026 et
1597 4983 1719 5024 om-

154 5073 233 5128 nia
269 5076 320 5130 in
343 5075 615 5138 omnibus,
639 5083 694 5129 et
715 5088 880 5127 unum
916 5070 1119 5127 omnia.
1165 5067 1264 5136 Qui
1295 5067 1442 5122 videt
1483 5065 1610 5130 hoc,
1632 5061 1720 5118 vel

144 5177 214 5216 ex
241 5173 411 5234 parte,
441 5166 523 5219 vel
552 5179 651 5235 per
684 5163 961 5234 speculum
986 5170 1042 5218 et
1071 5162 1125 5216 in
1159 5159 1466 5235 aenigmate,
1490 5154 1722 5227 gaudeat

155 5267 474 5323 cognoscens
519 5233 799 5321 Deutu,iet
839 5255 917 5308 sic
961 5254 1126 5308 Deum
1169 5233 1399 5306 honoret
1426 5258 1480 5304 et
1517 5247 1720 5317 gratias

157 5353 283 5412 agat.
309 5344 409 5411 Qui
452 5355 632 5400 autem
672 5360 778 5399 non
807 5343 976 5412 videt,
1005 5344 1188 5400 tendat
1221 5357 1320 5412 per
1359 5341 1614 5412 pietatem
1652 5339 1719 5394 ad

155 5433 453 5500 videndum,
497 5449 604 5492 non
646 5452 744 5507 per
782 5435 1081 5492 caecitatem
1129 5433 1196 5489 ad
1243 5431 1717 5497 calumniandum;

155 5525 395 5591 quoniam
436 5543 579 5583 unus
620 5536 704 5583 est
744 5526 909 5592 Deus,
951 5526 1046 5582 sed
1088 5536 1266 5581 tamen
1296 5523 1555 5581 Trinitas.
1609 5522 1721 5578 Nec

155 5615 364 5672 contusa
394 5619 762 5689 accipiendum
807 5627 914 5685 est,
946 5633 1011 5673 ex
1051 5634 1158 5687 quo
1188 5617 1393 5684 omnia,
1426 5631 1524 5686 per
1558 5627 1719 5684 quem

156 5706 345 5771 omnia,
369 5708 423 5763 in
446 5725 553 5778 quo
578 5710 759 5766 omnia
788 5724 804 5764 :
837 5725 938 5766 nec
967 5710 1074 5765 diis
1103 5709 1306 5774 multis,
1338 5708 1433 5763 sed
1463 5707 1562 5777 ipsi
1599 5704 1718 5774 glo-

160 5797 230 5851 ria
257 5798 308 5855 in
338 5801 555 5859 secula.
589 5822 609 5857 ι
645 5803 712 5859 Ει
739 5803 854 5860 haec
899 5803 1091 5860 beatus
1126 5801 1288 5856 Pater
1312 5798 1642 5869 Augustinus
1665 5802 1719 5850 et

1821 4615 1904 4661 ter
1934 4606 2077 4661 sicut
2104 4611 2322 4676 oportet
2355 4615 2578 4659 oremus
2608 4613 2708 4655 nos
2734 4607 2883 4654 certe
2921 4596 3212 4650 nescimus.
3256 4592 3405 4646 Nun-

1819 4696 1948 4768 quid
1980 4707 2109 4754 tunc
2149 4697 2290 4752 sicut
2320 4700 2536 4765 oportet
2563 4706 2806 4755 oramus,
2831 4689 3048 4760 quando
3076 4686 3128 4740 in
3156 4685 3403 4739 oratione

1818 4799 2027 4856 nostra,
2069 4787 2155 4843 vel
2193 4787 2331 4843 nihil
2370 4785 2610 4856 penitus,
2647 4783 2727 4838 vel
2767 4780 2988 4838 omnino
3017 4779 3284 4834 modicum
3327 4777 3405 4848 (et

1820 4880 1926 4936 hoc
1950 4879 2274 4948 rarissime),
2300 4877 2546 4935 omnium
2567 4887 2756 4930 mrum
2785 4887 2904 4942 quae
2927 4885 3022 4926 ore
3051 4868 3400 4940 proferimus,

1818 4969 1985 5029 corde
2025 4982 2328 5027 versamus.
2370 4966 2598 5035 Quando
2639 4978 2770 5019 vero
2809 4963 2888 5018 sic
2931 4963 3086 5018 nobis
3131 4961 3264 5032 ipsis
3309 4961 3405 5016 al)-

1821 5072 2024 5129 sentes,
2063 5071 2120 5118 et
2165 5062 2310 5132 quod
2347 5073 2442 5116 ore
2485 5057 2737 5119 dicimus,
2787 5053 3030 5109 funditus
3074 5054 3402 5121 nescientes,

1821 5170 1982 5211 orare
2015 5169 2116 5210 nos
2155 5153 2506 5216 arbitramur,
2539 5147 2843 5220 periculose
2877 5146 3103 5200 nimium
3136 5146 3400 5210 fallimur;

1822 5247 2014 5318 eisque
2033 5260 2132 5317 per
2155 5243 2336 5301 omnia
2365 5242 2570 5299 similes
2591 5238 2878 5304 elﬁeimur,
2907 5239 2976 5293 de
2997 5238 3195 5307 quibus
3218 5238 3404 5293 Domi-

1820 5353 1922 5393 nus
1953 5351 2050 5407 per
2081 5335 2399 5406 prophetam
2432 5331 2605 5388 dicit:
2637 5328 2873 5401 Populus
2911 5328 2995 5382 hic
3023 5328 3177 5382 labiis
3203 5344 3282 5381 me
3308 5327 3404 5380 ha-

1822 5437 1996 5492 norat,
2021 5441 2113 5480 cor
2132 5433 2306 5479 autem
2326 5439 2509 5479 eorum
2531 5421 2682 5492 longe
2701 5430 2775 5476 est
2797 5438 2830 5475 a
2850 5437 2934 5474 me
2954 5419 3088 5490 (Isa.
3112 5432 3263 5482 nix,
3287 5416 3399 5484 15).

1819 5519 1962 5575 Dicit
1993 5527 2174 5574 autem
2209 5517 2402 5573 beatus
2438 5513 2771 5586 Augustinus
2795 5510 3009 5567 clericis
3033 5509 3166 5572 suis,
3204 5508 3259 5560 in
3298 5507 3403 5562 Be-

1819 5609 1942 5680 gula
1978 5608 2122 5679 (cap.
2150 5606 2206 5670 4)
2235 5620 2424 5662 eorum
2449 5617 2466 5659 :
2509 5621 2529 5655 ι
2560 5601 2790 5658 Psalmis
2811 5608 2866 5654 et
2892 5597 3107 5667 hymnis
3133 5609 3254 5650 cum
3277 5609 3402 5648 ora-

1801 5703 1891 5758 .tis
1921 5703 2110 5766 Deum,
2147 5701 2253 5755 hoc
2291 5706 2538 5754 versetur
2574 5696 2628 5751 in
2665 5692 2831 5750 corde
2854 5691 2998 5761 quod
3039 5687 3311 5760 profertur
3345 5687 3398 5740 in

1819 5809 1934 5851 ore.
1973 5811 1990 5846 ι
2027 5791 2134 5850 Sed
2160 5800 2210 5848 et
2236 5789 2426 5846 beatus
2450 5785 2772 5844 Benedictus
2794 5782 2872 5840 sic
2899 5783 2967 5840 de
2989 5783 3101 5846 hoc
3119 5781 3174 5838 iu
3189 5778 3400 5850 Regula
