3894 6298
506 352 614 414 863

506 565 691 617 vinam
723 577 846 618 esse
881 562 1243 632 praesentiam,
1279 568 1333 613 et
1362 557 1550 612 oculos
1591 558 1800 612 Domini
1843 557 1897 610 in
1940 557 2088 612 cunni

507 652 628 706 loco
663 651 928 722 speculari
961 651 1127 706 bonos
1159 659 1212 703 et
1250 648 1418 703 malos
1454 665 1467 702 :
1505 648 1741 702 maxime
1772 656 1948 702 tamen
1989 650 2090 702 hoc

507 744 627 798 sine
653 743 832 812 aliqua
861 742 1190 796 dubitatione
1215 739 1518 803 credamus,
1551 752 1673 792 cum
1702 737 1767 792 ad
1793 753 1928 806 opus
1956 737 2089 792 divi-

510 837 639 889 num
671 834 990 889 assistimns.
1025 831 1146 884 Ideo
1180 845 1393 897 semper
1431 844 1698 883 memores
1735 830 1904 883 simus
1949 827 2090 898 quod

509 926 588 978 ait
610 925 874 993 Propheta
900 941 913 976 :
939 921 1133 975 Servite
1158 920 1380 974 Domino
1406 921 1459 974 in
1485 920 1672 974 timore
1694 918 1866 988 (Psal.
1892 935 1951 982 tt,
1977 919 2087 989 Η),

509 1026 565 1070 et
601 1017 790 1069 iterum
829 1028 844 1067 :
890 1011 1107 1066 Psallite
1162 1013 1424 1081 sapienter
1461 1011 1634 1083 (Psal.
1681 1027 1827 1076 ηνι,
1859 1013 1950 1081 8);
1988 1024 2086 1067 et:

511 1103 578 1156 In
612 1110 884 1170 conspectu
921 1100 1227 1169 angelorum
1265 1100 1488 1170 psallam
1518 1101 1610 1154 tibi
1641 1100 1814 1172 (Psal.
1847 1117 2088 1170 cxxxvn,

510 1194 583 1262 ί).
617 1192 757 1262 Ergo
791 1191 1194 1246 consideremus
1227 1191 1460 1263 qualiter
1480 1202 1725 1262 oporteat
1754 1207 1851 1248 nos
1885 1194 1936 1248 in
1963 1190 2092 1248 con;

507 1291 691 1351 spcctu
720 1281 1016 1336 divinitatis
1045 1289 1100 1336 et
1136 1281 1451 1352 angelorum
1479 1297 1624 1350 esse,
1662 1293 1718 1340 et
1763 1284 1842 1340 sic
1885 1294 2092 1340 stemus

506 1373 575 1426 ad
621 1372 976 1442 psallendum,
1011 1382 1068 1426 ut
1112 1389 1269 1429 mens
1311 1384 1495 1429 nostra
1525 1376 1816 1431 concordet
1840 1378 1958 1432 voci
1991 1393 2090 1432 no-

504 1471 650 1519 strae.
666 1483 684 1516 ι
704 1495 771 1504 -
789 1484 806 1517 ι
838 1465 894 1519 Si
926 1480 1048 1519 cum
1072 1465 1379 1521 hominibus
1401 1467 1708 1536 potentibus
1734 1469 1977 1524 volumus
1996 1469 2094 1523 ali-

502 1571 611 1623 qua
641 1571 950 1626 suggerere,
975 1572 1082 1612 non
1107 1559 1498 1628 praesumimus,
1517 1559 1617 1614 nisi
1647 1575 1768 1614 cmn
1790 1559 2094 1615 humilitate

505 1656 562 1700 et
589 1648 913 1712 reverentia,
961 1659 1163 1717 quanto
1191 1651 1363 1719 magis
1402 1651 1628 1705 Domino
1663 1653 1773 1707 Deo
1812 1653 2094 1708 universo-

507 1749 630 1790 rum
669 1750 790 1790 cum
835 1736 1138 1792 humilitate
1175 1747 1229 1792 et
1276 1739 1529 1807 puritatis
1565 1739 1852 1794 devotione
1886 1741 2088 1810 suppli-

1395 354 1716 414 GUIGONIS
1750 353 1792 408 ll
1830 350 2252 409 CARTHUSIIE
2294 349 2583 408 MAIORIS
2625 347 2894 408 PRIORIS

403 473 414 481 '
507 465 898 526 monachorum
929 469 1070 542 (cap.
1104 467 1190 538 l9)
1221 467 1348 524 dicit
1377 485 1392 522 :
1433 486 1450 519 ι
1487 467 1690 536 Ubique
1713 467 1982 534 credimus
2002 466 2086 521 dio
2114 468 2162 528 Α
2192 472 2408 518 sanctus
2435 463 2671 521 Joannes
2703 466 2753 520 in
2783 466 3104 538 Apocalypsi
3134 469 3367 534 asserit,
3399 470 3576 541 viginti
3613 490 3713 544 qua.

3639 363 3714 425 εει

2192 561 2314 606 ιιιοι·
2343 554 2585 609 seniores
2609 555 2812 610 habere
2848 558 3057 626 phialas
3104 575 3323 623 aureas,
3364 561 3537 630 ple-nas
3562 566 3713 619 odora-

2191 655 2482 697 mentorum
2509 645 2694 717 (Apoc.
2727 661 2780 711 v,
2812 647 2887 718 8).
2919 649 2983 702 Et
3012 659 3070 704 ιιι
3112 652 3351 706 sciamus
3381 653 3502 721 quid
3532 659 3716 723 peritae

2191 738 2540 792 odoramenta
2579 741 2822 809 accipere
2849 741 3177 805 debeamus,
3206 743 3480 814 adiungit,
3507 765 3611 817 quis
3631 764 3718 807 sunt

2193 831 2455 884 orationes
2491 843 2822 887 sanctorum.
2873 835 3005 901 Qum
3049 845 3178 890 sunt
3223 839 3308 891 ha:
3355 839 3539 907 phialae
3565 857 3717 909 aurea,

2193 919 2294 974 nisi
2337 930 2543 976 mentes
2595 931 2821 988 sanctae,
2872 926 3106 993 puritate
3166 929 3446 982 munditiae
3483 929 3655 997 clarae,
3683 944 3723 988 et

2193 1011 2429 1066 maxime
2449 1015 2652 1068 amoris
2678 1013 2772 1069 Dei
2797 1024 2852 1069 et
2877 1017 3105 1086 proximi
3133 1019 3331 1074 decore
3359 1022 3583 1087 pretioso
3602 1025 3721 1079 ador-

2193 1105 2371 1159 natae?
2407 1105 2464 1159 In
2499 1105 2694 1161 talibus
2725 1108 2921 1176 phialis
2965 1110 3173 1181 integra
3205 1122 3255 1166 et
3303 1113 3601 1184 incorrupta
3631 1132 3726 1170 con-

2195 1207 2487 1251 servantur
2533 1199 2913 1262 odoramenta,
2967 1203 3092 1270 quia
3148 1218 3178 1256 a
3229 1204 3486 1258 cordibus
3532 1207 3658 1273 puris
3688 1220 3727 1262 et

2193 1289 2459 1345 charitate
2496 1291 2672 1362 plenis
2713 1301 2934 1362 accepta
2965 1292 3074 1348 Deo
3113 1295 3438 1350 emittuntur
3465 1306 3517 1351 et
3541 1297 3727 1353 offerun-

2197 1372 2283 1435 t'nr
2303 1383 2515 1454 piarum
2547 1383 2852 1439 orationum
2879 1385 3116 1441 incensa.
3137 1385 3295 1443 Unde
3321 1396 3379 1443 et
3416 1387 3605 1445 dicitur
3623 1395 3728 1460 quod

2197 1470 2299 1525 illa:
2345 1471 2600 1527 mulieres
2628 1481 2984 1542 portaverant
3020 1484 3268 1530 aromata
3309 1490 3432 1547 qua:
3456 1491 3728 1547 paraverant

2196 1561 2350 1632 (Luc.
2383 1579 2531 1630 xx1v,
2567 1564 2640 1635 l).
2670 1563 2804 1618 Nam
2837 1567 3015 1621 minus
3043 1569 3263 1636 quidem
3296 1583 3398 1624 nos
3441 1581 3616 1640 parata
3639 1589 3729 1628 aro-

2197 1664 2341 1709 mata
2371 1664 2676 1724 portamus,
2707 1672 2831 1712 cum
2863 1658 2973 1712 Deo
3003 1659 3138 1715 tales
3181 1661 3462 1717 orationes
3488 1664 3550 1730 (si
3591 1672 3731 1720 tamen

2196 1745 2492 1816 Orationes)
2523 1745 2820 1814 offerimus,
2846 1761 2980 1816 quas
3009 1749 3342 1805 instabilium
3383 1760 3439 1805 et
3481 1752 3731 1807 immunda-

508 1826 742 1881 candnm
772 1827 886 1881 est?
916 1827 983 1881 Et
1009 1843 1114 1888 non
1153 1827 1204 1882 in
1243 1830 1598 1900 multiloquio,
1636 1832 1732 1887 sed
1768 1833 1821 1886 in
1860 1809 2095 1903 puritate
2127 1809 2170 1864 Β
2199 1853 2314 1891 rum
2359 1809 2742 1910 cogitationum
2793 1809 3190 1908 abiectissimus
3219 1841 3418 1927 .pulvis
3447 1844 3662 1898 exinanit
3691 1855 3728 1902 et

507 1917 689 1972 cordis
735 1927 789 1974 et
833 1922 1248 1990 compnnctione
1295 1921 1652 1992 lacrymarum
1706 1939 1803 1979 nos
1849 1926 2092 1981 exaudiri

507 2007 766 2062 sciamus.
815 2009 884 2062 Et
931 2010 1050 2066 ideo
1097 2003 1276 2066 brevis
1321 2014 1478 2067 debet
1521 2027 1642 2068 esse
1690 2006 1745 2066 et
1794 2029 1926 2082 pura
1974 2029 2098 2068 ora-

507 2097 633 2154 tio:
666 2099 766 2156 nisi
813 2103 953 2156 forte
986 2118 1049 2157 ex
1090 2101 1280 2157 affectu
1329 2104 1523 2160 divina:
1563 2106 1931 2174 insp'mtiouis
1974 2121 2096 2176 gra-

505 2189 599 2246 tia:
643 2194 996 2260 protendatur
1037 2193 1186 2264 (Reg.
1236 2193 1293 2248 S.
1345 2195 1500 2263 Beu.,
1534 2195 1583 2251 c.
1625 2194 1738 2267 20).
1776 2215 1793 2249 ι
1849 2194 1972 2250 fitec
2021 2194 2094 2249 illi

507 2275 698 2336 eximii
724 2284 824 2337 viri
849 2284 950 2338 hoc
967 2285 1127 2339 modo
1154 2295 1444 2341 senserunt
1474 2288 1540 2342 de
1566 2288 1678 2342 his.
1698 2289 1768 2342 At
1788 2302 1886 2343 nos
1905 2287 2094 2342 miseri

508 2385 635 2425 eum
677 2387 917 2438 oramus,
954 2373 1061 2429 imo
1089 2389 1214 2431 cum
1264 2391 1363 2431 nos
1393 2391 1553 2432 orare
1583 2378 1789 2449 decepti
1822 2385 2093 2446 putamus,

511 2463 595 2520 vel
623 2480 811 2522 somno
850 2466 1007 2522 inerti
1037 2469 1334 2537 smpissime
1361 2468 1739 2538 deprimimur,
1770 2470 1853 2525 vel
1891 2469 2096 2541 cogita-

509 2555 658 2610 tione
683 2556 918 2612 instabili
958 2568 1114 2612 extra
1142 2573 1262 2625 nos,
1299 2573 1406 2614 non
1442 2567 1550 2612 tam
1591 2558 1906 2629 frequenter
1931 2573 2095 2630 quam

509 2645 624 2700 fere
666 2647 1018 2715 incessanter,
1051 2664 1148 2718 per
1193 2664 1420 2719 quaeque
1448 2649 1624 2704 otiosa
1648 2659 1702 2704 et
1745 2649 1958 2717 frivola,
2000 2665 2098 2720 per

506 2735 666 2789 noxia
697 2745 752 2790 et
799 2736 1007 2792 inutilia
1053 2754 1336 2808 vagamur.
1367 2739 1422 2794 Si
1461 2739 1620 2793 talem
1650 2738 1955 2794 orationem
1984 2739 2096 2794 Deo

506 2841 627 2880 esse
653 2826 904 2895 placitam
935 2837 1210 2897 putamus,
1239 2829 1442 2900 absque
1469 2829 1632 2885 dubio
1658 2829 1918 2885 fallimur.
1941 2829 2096 2897 Quod

507 2917 554 2971 si
603 2917 960 2987 pertinaciter
993 2919 1340 2984 insistentes,
1373 2931 1428 2976 et
1455 2929 1780 2992 arroganter
1803 2919 2091 2986 instantes,

507 3008 653 3088 illam
705 3012 1084 3068 contendimus
1139 3022 1332 3068 contra
1395 3014 1786 3069 conscientiam
1849 3023 2094 3068 nostram

505 3101 622 3158 Deo
648 3102 878 3172 placere,
903 3105 1214 3170 mentimur,
1238 3115 1293 3160 et
1314 3106 1595 3162 veritatem
1632 3122 1738 3161 non
1770 3105 2018 3174 facimus,
2041 3115 2097 3162 et

507 3195 716 3248 veritas
757 3193 810 3248 in
849 3195 1009 3250 nobis
1038 3210 1143 3248 non
1173 3206 1273 3252 est.
1319 3197 1438 3254 Non
1485 3197 1631 3253 enim
1661 3198 1785 3253 talis
1809 3206 1893 3254 cst
1918 3199 2095 3254 oratio

504 3275 580 3339 ad
609 3300 773 3354 quam
805 3302 902 3341 nos
933 3285 1129 3342 Paulus
1164 3288 1381 3355 invitat,
1418 3289 1511 3360 qui
1553 3305 1653 3346 nos
1685 3299 1868 3345 monet
1889 3301 1948 3346 ut
1971 3303 2097 3346 ore-

508 3391 634 3431 mus
663 3376 717 3430 in
765 3377 980 3448 spiritu,
1019 3387 1076 3433 et
1105 3379 1388 3450 vigilemus
1423 3380 1476 3435 in
1525 3381 1792 3446 oratione,
1842 3379 1895 3436 in
1947 3379 2095 3435 omni

508 3466 790 3522 instantia.
838 3468 944 3524 Sed
971 3479 1028 3525 et
1057 3469 1172 3539 ipse
1199 3469 1464 3526 Dominus
1493 3471 1764 3542 apostolos
1789 3471 2094 3541 alloquens,

507 3567 565 3613 et
610 3559 677 3613 a1]
721 3560 987 3634 orandum
1034 3564 1332 3618 exhortans
1381 3581 1397 3620 :
1435 3563 1704 3634 Vigilare,
1763 3564 1980 3633 inquit,
2045 3560 2112 3620 et'

509 3661 660 3705 orate
726 3650 793 3725 (Ι
841 3651 964 3708 Cor.
1019 3668 1144 3722 xxv,
1191 3655 1324 3730 i5);
1380 3655 1644 3724 prmmisit
1699 3655 1950 3726 vigilate,
1997 3670 2098 3726 per

509 3741 614 3798 hoc
655 3745 908 3800 erudiens
950 3761 1049 3800 nos
1075 3789 1090 3811 ,
1129 3755 1396 3818 quatenus
1441 3747 1488 3802 si
1532 3759 1587 3804 et
1634 3748 1743 3802 Deo
1797 3746 2049 3817 placitam
2077 3787 2093 3813 ,

496 3842 564 3912 et
639 3835 794 3890 nobis
872 3834 1206 3892 {ructuasam
1276 3849 1543 3893 nostram
1593 3851 1717 3894 esse
1791 3839 2095 3894 orationem

497 3935 908 4002 praeoptamus,
975 3929 1121 3983 omni
1191 3929 1447 3984 nimirum
1521 3929 1699 3984 studio
1773 3937 1830 3985 et
1896 3938 2093 3985 conatu

496 4017 700 4075 contra
751 4019 1046 4077 insolentes
1093 4031 1149 4078 et
1194 4023 1500 4090 instabiles,
1533 4035 1722 4079 contra
1773 4017 1992 4080 nocivas
2039 4033 2096 4080 et

508 4114 728 4170 inutiles
759 4116 1136 4186 cogitationes,
1167 4127 1217 4172 et
1250 4127 1376 4171 ante
1406 4126 1618 4185 tempus
1644 4116 1926 4184 orationis,
1961 4125 2014 4172 et
2039 4117 2091 4171 in

500 4204 624 4277 ipsa
651 4225 811 4278 quam
844 4210 1076 4264 maxime
1103 4209 1383 4278 vigilemus
1397 4208 1642 4264 oratione
1673 4206 1897 4277 (Colore.
1923 4222 1999 4274 tv,
2019 4207 2089 4275 2;

507 4296 701 4368 Ephes.
731 4316 801 4364 vt,
832 4301 931 4368 18;
965 4299 1133 4353 Marc.
1162 4314 1270 4366 xiv,
1310 4298 1402 4365 58)
1433 4315 1447 4351 :
1480 4313 1546 4352 ne
1569 4300 1710 4368 quod
1732 4299 1913 4369 lingua
1938 4301 2092 4370 quasi

505 4394 713 4445 orando
738 4393 982 4461 proferre
1009 4391 1243 4458 videtur,
1287 4388 1553 4446 efficiente
1577 4390 1680 4446 hoc
1707 4391 2090 4461 cogitationum

2196 1931 2519 2001 corrumpit,
2547 1939 2602 1985 et
2633 1931 2765 2000 ipsis
2799 1932 2998 1986 divinis
3026 1933 3251 1988 auribus
3295 1934 3542 2005 indignas
3576 1936 3726 1990 reddit.

2197 2022 2302 2076 Sed
2331 2024 2479 2092 prius
2517 2031 2761 2078 aromata
2806 2033 3090 2094 parentur,
3121 2035 3175 2081 et
3204 2026 3284 2081 sic
3315 2036 3554 2081 aromata
3579 2029 3634 2082 ad
3654 2029 3730 2082 Du-

2196 2113 2402 2168 minum
2431 2123 2734 2182 portentur.
2781 2114 2896 2170 Hoc
2943 2122 3047 2179 est,
3092 2117 3244 2186 prius
3266 2117 3539 2171 orationes
3567 2128 3730 2173 nostras

2194 2219 2360 2274 puras
2383 2189 2721 2268 'eﬂlciamus,
2751 2215 2807 2261 et
2851 2213 2981 2260 tunc
3006 2221 3101 2260 eas
3147 2207 3506 2276 omnipotenti
3532 2205 3657 2272 Deo,
3688 2219 3730 2262 ut

2195 2294 2246 2350 ei
2275 2295 2635 2366 acceptabiles
2663 2296 2794 2364 sint,
2840 2297 3034 2351 devote
3079 2295 3394 2352 offeramus.
3429 2298 3730 2361 Verum,heu

2197 2401 2297 2442 nos
2325 2387 2541 2442 miseri!
2569 2387 2747 2442 minus
2768 2387 3038 2458 parataZad
3060 2401 3182 2442 cum
3212 2397 3458 2443 aromata
3484 2401 3729 2458 portamus,

2197 2477 2288 2546 qui
2319 2478 2535 2547 quando
2565 2491 2664 2532 nos
2707 2488 2868 2532 orare
2915 2485 3188 2546 putamus,
3241 2478 3374 2548 quid
3400 2491 3494 2533 ore
3535 2477 3732 2548 profera-

2197 2583 2338 2634 mus,
2371 2569 2424 2623 in
2454 2570 2617 2624 corde
2639 2584 2740 2624 nec
2760 2584 2858 2640 per
2886 2569 3244 2636 intellectum,
3277 2585 3379 2626 nec
3417 2585 3514 2640 per
3531 2570 3733 2625 allectum

2199 2657 2480 2712 multoties
2525 2667 2580 2713 et
2622 2657 2738 2713 fere
2786 2673 3004 2728 semper
3050 2674 3352 2715 versamus.
3405 2660 3472 2715 Et
3517 2661 3735 2732 quomodo

2198 2763 2297 2804 nos
2325 2749 2472 2804 illam
2512 2765 2542 2804 a
2580 2749 2693 2806 Deo
2717 2750 3107 2806 exaudiendam
3154 2765 3279 2807 esse
3321 2751 3611 2806 orationem
3643 2767 3737 2822 spes

2198 2854 2323 2894 rare
2358 2852 2668 2909 possumus,
2697 2854 2864 2910 quam
2906 2841 2986 2896 sic
3033 2839 3335 2904 oderimus,
3365 2841 3508 2910 quod
3553 2856 3638 2895 nos
3665 2841 3736 2910 qui

2197 2943 2318 2982 eam
2340 2938 2614 2999 utcunque
2634 2929 2882 2984 videmur
2905 2927 3124 2996 otierre,
3153 2945 3254 2986 nec
3277 2945 3376 3000 per
3399 2944 3642 2994 amorem,
3662 2943 3739 2985 nec

2197 3035 2300 3092 per
2335 3021 2751 3093 intelligentiam
2800 3023 3088 3078 sentimus.
3132 3022 3200 3077 Et
3235 3022 3457 3093 quando
3502 3025 3608 3079 haec
3641 3038 3739 3077 aro-

2201 3119 2350 3166 mata
2388 3111 2644 3166 muliercs
2667 3117 2854 3181 parata
2885 3110 3280 3180 portaverunt?
3307 3111 3496 3180 utique
3520 3126 3612 3165 una
3636 3109 3738 3164 Sab-

2198 3204 2330 3274 bati,
2359 3202 2517 3259 valde
2561 3201 2819 3258 diluculo.
2859 3199 2904 3257 0
2941 3201 3244 3258 stabilitas!
3297 3215 3333 3257 ο
3380 3201 3736 3272 tranquillitas!

2197 3310 2231 3351 ο
2254 3304 2310 3350 et
2331 3293 2584 3350 claritas!
2622 3293 2806 3364 itaque
2824 3307 2932 3348 una
2962 3291 3382 3357 Sabba-ti,valde
3403 3290 3622 3346 diluculo
3644 3303 3738 3360 por-

2199 3395 2450 3441 taverant
2469 3401 2590 3458 qua:
2615 3392 2940 3456 paraverant
2962 3383 3304 3448 aromatafut
3332 3382 3562 3438 sciamus
3581 3381 3739 3438 debere

2198 3494 2298 3534 nos
2334 3478 2534 3534 habere
2587 3492 2711 3534 cum
2766 3491 2988 3534 oramus
3014 3515 3030 3542 ,
3083 3475 3228 3530 intra
3264 3490 3396 3541 nos,
3437 3482 3492 3530 et
3519 3473 3740 3528 unitatem

2201 3577 2463 3639 quantum
2512 3569 2580 3624 ad
2615 3567 3005 3638 cogitationum
3039 3574 3349 3621 nostrarum
3390 3563 3741 3629 stabilitatem;

2197 3660 2512 3730 et'quietem
2545 3668 2808 3730 quantum
2837 3659 2901 3714 ad
2929 3673 3141 3728 pacem,
3166 3666 3222 3712 et
3258 3656 3566 3713 claritatem
3605 3667 3744 3724 quan-

2201 3761 2312 3808 tum
2358 3753 2425 3808 ad
2472 3747 2870 3823 cognitionem;
2921 3761 3192 3822 quatenus
3235 3749 3502 3806 orationis
3545 3758 3744 3816 tempore

2197 3859 2298 3899 nec
2324 3857 2422 3912 per
2447 3844 2621 3898 otiosa
2644 3843 2820 3912 aliqua
2845 3849 2899 3898 ct
2927 3840 3115 3898 illicita
3145 3855 3246 3896 nos
3276 3841 3332 3895 in
3357 3849 3539 3895 mente
3561 3839 3745 3909 evagari

2197 3935 2577 4004 permittamus
2598 3975 2618 3998 ,,
2644 3934 2739 3990 sed
2786 3941 3046 4004 quantum
3077 3947 3175 4003 per
3204 3932 3298 3988 Dei
3337 3933 3563 4004 gratiam
3589 3943 3746 4001 possu-

2199 4039 2338 4088 mus,
2371 4023 2476 4078 illis
2496 4022 2626 4080 solis
2647 4036 2883 4094 quas-ore
2907 4020 3258 4092 proferimus,
3274 4036 3374 4091 per
3396 4021 3746 4091 cogitationem

2188 4113 2562 4169 intendamus.
2592 4111 2700 4168 Sed
2730 4126 2834 4168 nec
2863 4112 3100 4183 aliquam
3138 4111 3477 4168 intrinsecus
3497 4109 3746 4180 perturba-

2188 4205 2399 4262 tionem
2431 4204 2808 4270 revolvamus;
2839 4203 2934 4260 sed
2957 4203 3010 4258 in
3041 4203 3198 4272 plena
3223 4217 3352 4273 erga
3384 4217 3574 4258 omnes
3602 4198 3748 4256 hami.

2197 4305 2384 4361 nes,et
2406 4295 2644 4350 maxime
2665 4307 2795 4364 erga
2823 4293 3024 4349 fratres
3045 4303 3101 4350 et
3124 4301 3306 4364 patres
3329 4290 3747 4361 ‘nostros,quibus

2196 4386 2509 4442 cohabitare
2545 4393 2790 4442 tenemur
2827 4385 3111 4440 unanimes
3140 4385 3192 4438 in
3221 4383 3383 4438 domo
3407 4425 3423 4451 ,
3454 4397 3584 4454 pace
3608 4379 3744 4450 quieti

508 4480 841 4537 instabilinm
879 4482 1229 4551 evagatio'ne,
1259 4483 1406 4538 omni
1445 4483 1659 4553 penitus
1706 4483 1885 4540 fructu
1916 4485 2094 4556 .‘spiri-
2121 4492 2406 4552 Dsumus-
2458 4473 2544 4531 Ad
2592 4484 2895 4531 extremum
2941 4489 3041 4530 nec
3098 4473 3327 4543 alicuius
3386 4471 3747 4544 Ριῑδηυιειηθῑίδ

481 4572 636 4627 tuali
683 4574 941 4643 privetur.
1000 4575 1063 4629 Ut
1105 4575 1248 4628 enim
1298 4575 1374 4629 ait
1417 4575 1774 4631 Ecclesiastes
1821 4593 1836 4631 :
1891 4575 2090 4632 Musca?

503 4666 783 4718 morientes
812 4665 1032 4733 perdunt
1060 4666 1368 4719 suavitatem
1391 4667 1642 4736 unguenti
1672 4665 1873 4737 (Eccle.
1908 4676 1963 4731 x‘,
1993 4667 2044 4734 f)
2073 4683 2086 4719 :

501 4764 562 4809 et
586 4755 814 4825 (utnon
860 4765 966 4808 tam
1014 4755 1348 4824 frequenter,
1375 4763 1536 4824 quam
1581 4754 1696 4810 fere
1722 4755 2091 4811 indesinenter

504 4847 846 4917 experimur)
907 4847 1248 4902 descendunt
1297 4846 1546 4902 volucres
1589 4859 1756 4916 super
1800 4849 2085 4902 cadavera.

507 4938 572 4992 Et
601 4947 686 4993 est
719 4938 874 4992 valde
903 4938 1268 4993 necessarium
1304 4946 1363 4993 ut
1392 4939 1584 5011 abigat
1612 4954 1706 4995 eas
1729 4938 1928 4994 Abram
1953 4955 1969 5000 ;
2021 4952 2092 4993 ne

507 5026 647 5083 forte
711 5029 926 5097 penitus
985 5030 1128 5100 quod
1172 5028 1332 5086 offert
1371 5032 1650 5102 perdatur,
1713 5030 1757 5084 si
1800 5029 2089 5100 contigerit

507 5119 672 5189 (quod
703 5118 899 5191 absit!)
931 5128 988 5173 ut
1015 5121 1083 5175 ab
1106 5121 1186 5176 eis
1214 5122 1472 5193 rapiatur.
1506 5122 1614 5178 Sed
1639 5128 1696 5176 et
1726 5122 1978 5176 mulieres
2006 5121 2092 5190 (ut

507 5225 691 5264 eorum
718 5225 838 5280 quae
864 5213 1032 5278 gessit
1063 5213 1342 5278 Dominus,
1366 5214 1568 5269 relator
1591 5215 1844 5285 egregius
1866 5223 2089 5270 sanctus

508 5301 680 5359 Lucas
721 5303 878 5359 nobis
915 5303 1246 5377 manifestat)
1297 5306 1369 5361 ad
1407 5314 1817 5362 monumentum
1872 5305 2086 5362 Domini

510 5404 789 5462 venerunt,
829 5407 1095 5467 portantes
1131 5413 1250 5468 qua
1295 5407 1610 5467 paraverant
1638 5406 1880 5452 aromata
1929 5396 2085 5468 (Luc.

511 5503 652 5552 sxw,
679 5489 758 5560 i).
792 5488 858 5544 Et
886 5505 1006 5560 quae
1043 5499 1173 5545 sunt
1203 5490 1320 5544 haec
1351 5497 1630 5553 aromata,
1678 5490 1779 5543 nisi
1807 5489 1996 5544 suavia
2031 5499 2088 5545 et

511 5576 775 5633 sdorifera
820 5590 1133 5634 sanctarum
1163 5578 1470 5637 orationum
1501 5579 1890 5633 odoramenta?
1935 5575 2087 5636 Unde

509 5680 562 5723 et
589 5671 725 5740 petit
768 5671 1052 5727 Psallmista
1080 5712 1095 5738 ,
1129 5671 1430 5727 orationem
1483 5685 1638 5725 suam
1668 5670 1824 5739 dirigi
1855 5671 1910 5726 in
1957 5687 2087 5728 con-

512 5771 693 5831 spectu
746 5761 960 5817 Domini
991 5762 1152 5834 sicut
1192 5763 1472 5817 incensum
1510 5759 1684 5831 (Psal.
1733 5775 1853 5826 CXL,
1896 5763 1952 5831 2)
1985 5778 1998 5816 :
2033 5774 2088 5820 et

2187 4571 2425 4641 caligine
2469 4569 2868 4635 obscuremur,
2922 4568 3018 4623 sed
3080 4567 3264 4638 potius
3308 4566 3452 4622 lucis
3503 4564 3746 4636 cujusdam

2193 4660 2490 4732 spiritualis
2514 4677 2546 4716 a
2577 4661 2689 4716 Deo
2711 4675 2741 4714 a
2771 4659 2926 4716 nobis
2969 4659 3231 4714 immissa:
3272 4657 3630 4713 illustratione
3659 4655 3747 4710 cla—

2194 4749 2488 4807 riticemur.

2645 4861 3045 4919 CAPITULUM
3113 4860 3327 4940 XXXII.

2184 4979 2270 5050 De
2310 4981 2499 5035 mentis
2527 4981 2852 5052 et'agatione,
2887 4995 3046 5052 quam
3081 4979 3228 5033 nobis
3267 4978 3524 5032 orationis
3551 4986 3747 5052 tempore

2261 5052 2432 5104 inesse
2477 5048 2729 5104 sentimus
2755 5091 2770 5114 ,
2801 5061 2850 5104 et
2895 5048 3123 5118 qualiter
3157 5059 3206 5104 et
3236 5065 3398 5118 quare
3443 5065 3533 5117 per
3567 5048 3746 5118 tertiata

2261 5067 2432 5104 messe
2477 5065 2729 5104 sentimus
2755 5091 2770 5114 ,
2801 5065 2850 5104 et
2895 5065 3123 5118 quamer
3157 5065 3206 5104 et
3272 5066 3398 5102 uore
3443 5065 3533 5117 per
3567 5065 3746 5100 terum

2259 5123 2350 5191 qui
2379 5121 2444 5175 tle
2480 5121 2594 5176 loco
2631 5122 2908 5189 voluptatis
2933 5120 3199 5189 egreditur
3220 5065 3469 5191 ﬂuuium,
3491 5119 3586 5191 qui
3602 5126 3648 5170 et
3676 5114 3749 5167 Ti-

2259 5189 2369 5262 gris
2397 5201 2635 5259 vocatur,
2663 5191 2922 5246 orationis
2955 5189 3264 5260 accipienda
3303 5190 3511 5243 devotio
3544 5189 3625 5242 ait.

2260 5305 2416 5374 Cogit
2437 5319 2534 5360 nos
2554 5313 2616 5359 ut
2639 5313 2838 5370 tecum,
2868 5303 2960 5374 qui
2990 5302 3264 5358 habitator
3289 5301 3442 5382 cella:
3465 5317 3544 5368 es,
3571 5297 3749 5368 aliquid

2191 5395 2368 5452 adhuc
2387 5409 2612 5466 agamus
2641 5396 2710 5450 de
2735 5395 2849 5460 his;
2876 5394 3021 5464 cogit
3042 5409 3162 5458 nos,
3182 5394 3626 5463 inquam,magna
3657 5401 3747 5459 qua

2190 5487 2326 5542 satis
2347 5487 2705 5557 deprimimur
2728 5486 2968 5551 miseria,
3011 5484 3184 5540 nostri
3221 5499 3329 5540 non
3360 5483 3618 5539 oblivisci.
3647 5479 3748 5534 Non

2188 5579 2332 5634 enim
2362 5593 2650 5648 possumus
2697 5594 2803 5634 non
2845 5577 3122 5647 suspirare
3151 5583 3208 5630 et
3233 5589 3475 5646 gemere,
3497 5587 3652 5642 super
3682 5571 3750 5623 in-

2189 5672 2332 5741 genti
2364 5671 2715 5727 instabilitate
2737 5670 2921 5727 miseri
2945 5678 3001 5725 ct
3028 5667 3353 5724 miserabilis
3371 5666 3554 5722 cordis
3575 5661 3746 5720 nostri.

2191 5763 2363 5833 Supra
2393 5762 2608 5818 modum
2643 5777 2835 5832 vagum
2861 5769 2916 5818 et
2944 5759 3226 5831 profugum
3239 5766 3343 5825 est,
3363 5766 3422 5813 et
3453 5771 3513 5814 se
3539 5754 3629 5812 sibi
3653 5752 3751 5824 fere
