3984 6402
194 373 299 434 865

1329 362 1529 428 LIBER
1571 367 1658 426 DE
1692 363 2063 428 sxsncmo
2101 367 2371 449 cum.

3295 379 3297 382 ⁴
3357 373 3462 438 διῖϐ

193 502 534 569 incessanter
552 495 788 562 furatur,
809 503 870 551 et
905 505 1196 565 antequam
1239 494 1464 558 sentiat,
1490 503 1653 562 alque
1681 493 1778 548 de-
1807 496 1853 554 Δ
1881 489 2117 560 perfecte
2142 489 2260 545 sine
2285 489 2429 552 omni
2455 487 2807 544 excusatione
2827 527 2831 532 -
2850 499 3164 560 repetamus
3207 476 3460 565 injustos.

191 588 517 661 prehendat,
545 597 700 642 extra
731 602 789 656 se
813 585 990 640 fusum
1019 583 1422 648 comminuitur,
1451 593 1504 637 et
1553 597 1650 652 per
1693 582 1775 635 in-

192 693 418 734 numera
463 678 818 752 dispergitur.
891 676 984 732 Sic
1048 684 1229 730 autem
1279 673 1668 728 comminutum
1720 679 1778 725 et

190 772 495 842 dispersum
529 770 617 838 vix
647 784 708 838 se
732 768 997 840 permittit
1036 768 1103 822 ad
1129 782 1188 820 se
1212 766 1454 836 revocari
1490 773 1545 819 et
1573 761 1773 833 colligi,

188 871 246 918 et
294 861 436 928 intra
467 873 526 915 se
569 858 925 934 redintegrari
967 875 982 913 :
1015 867 1068 914 et
1105 857 1149 912 si
1182 855 1322 911 forte
1351 855 1434 912 vel
1482 853 1775 925 aliquando

190 955 260 1010 ad
311 969 372 1010 se
404 953 566 1008 fuerit
609 951 949 1022 collectum,
981 966 1082 1006 nec
1132 964 1237 1013 uno
1285 949 1366 1019 (ut
1395 948 1468 1003 ita
1510 946 1776 1012 dicamus)

188 1044 336 1099 intra
379 1059 438 1098 se
481 1051 758 1098 momento
813 1042 1079 1112 permittit
1125 1056 1187 1097 se
1238 1039 1528 1096 demorari.
1557 1039 1773 1094 Etcum

187 1133 359 1187 tantis
383 1146 448 1187 ac
480 1131 676 1197 talibus
701 1131 1077 1187 indesinenter
1122 1131 1356 1186 miseriis
1393 1129 1778 1184 miserabiliter

187 1220 526 1290 det-astetur,
553 1229 836 1284 oneretur,
870 1229 1169 1289 prematur,
1205 1229 1332 1276 tunc
1355 1219 1574 1289 quidem
1606 1220 1776 1288 magis

185 1313 257 1365 ab
289 1313 368 1368 eis
396 1319 622 1368 vexatur
643 1328 766 1374 cum
801 1313 872 1374 ad
910 1313 1214 1366 orationem
1255 1313 1608 1375 convertitur.
1639 1309 1774 1366 Nam

182 1403 405 1471 quando
432 1402 517 1457 vel
566 1404 620 1457 in
672 1403 860 1474 codice
905 1402 1274 1472 legitnus,-vel
1323 1402 1558 1456 manuali
1612 1400 1776 1470 alicui

183 1492 362 1561 operi,
389 1493 738 1559 intendimus,
769 1493 1102 1563 aliquantum
1120 1509 1524 1563 nouuunquaut
1541 1508 1640 1559 cor
1674 1508 1774 1562 ap-

181 1597 403 1653 ponere.
424 1589 690 1659 valemus,
717 1595 774 1641 et
819 1596 879 1640 ut
908 1585 977 1640 iis
999 1586 1068 1641 de
1108 1587 1305 1655 quibus
1330 1637 1332 1640 ,
1358 1599 1456 1640 nos
1484 1585 1776 1642 intromit-

185 1689 379 1751 t.utns,
401 1674 844 1749 utcunquelicet.
869 1675 1098 1747 multum
1130 1675 1368 1730 renitens
1389 1685 1451 1729 et
1479 1676 1771 1741 reluctans,

183 1767 397 1829 morari
453 1780 515 1820 se
563 1765 842 1836 permittat
892 1764 1155 1822 efficimus
1204 1783 1231 1835 ;_
1281 1781 1470 1820 verum
1529 1765 1774 1832 ειιιιιηιιιι

181 1862 456 1936 orandum
512 1856 858 1921 accedimus,
912 1856 1198 1916 confestim
1235 1858 1398 1927 quasi
1461 1859 1563 1936 hoc
1610 1871 1773 1928 supra
1806 1838 1850 1892 Β

182 1935 412 2005 modum
457 1963 716 2022 exosum,
747 1956 804 2003 et
845 1947 897 2002 in
940 1948 1098 2018 pleno
1134 1963 1200 2004 ac
1230 1949 1469 2019 perfecto
1498 1935 1642 2002 lodio
1681 1961 1776 2004 cor

182 2048 439 2094 nostrum
485 2040 702 2103 habeat,
747 2025 817 2094 se.
845 2037 946 2094 sibi
978 2037 1286 2112 furari,se,
1311 2055 1342 2094 a
1371 2053 1428 2093 se
1467 2038 1773 2103 extrahere,

180 2132 352 2201 longe
381 2146 410 2183 a
455 2145 516 2186 se
566 2128 823 2185 secedere
871 2127 1054 2201 [l’ar.,
1098 2127 1411 2200 recedere],
1443 2139 1499 2184 et
1546 2129 1612 2185 iis
1654 2143 1775 2198 qua:

181 2224 240 2279 in
277 2239 374 2278 ore
399 2222 750 2294 proferuntur
778 2212 999 2276 dorsum
1034 2231 1249 2277 vertere
1278 2221 1535 2278 velociter
1562 2220 1776 2292 fugiens

178 2315 433 2372 festinat.
460 2314 526 2368 Et
552 2314 597 2368 si
631 2313 771 2367 forte
792 2312 861 2367 ad
889 2328 948 2368 se
985 2311 1069 2368 vel
1098 2312 1374 2367 rarissime
1401 2311 1558 2378 redit,
1589 2314 1775 2368 statim

179 2420 213 2462 ι
243 2421 315 2460 se
350 2405 571 2469 recedit,
601 2413 650 2459 et
691 2418 904 2477 rursum
937 2403 1204 2474 vagationi
1231 2403 1474 2472 pristina:
1497 2417 1558 2458 se
1590 2404 1775 2460 tradit.

178 2494 459 2566 Ovmagua
513 2494 762 2550 miseria!
815 2508 979 2562 quam
1031 2495 1170 2549 bene
1222 2493 1351 2549 illud
1399 2492 1603 2548 dictum
1650 2501 1734 2550 est
1759 2498 1782 2548 ε’

179 2583 422 2640 Factum
472 2595 546 2640 est
598 2584 862 2638 silentium
920 2585 974 2640 iu
1016 2583 1142 2640 caelo
1185 2584 1336 2656 quasi
1386 2584 1561 2656 media
1612 2585 1778 2639 hora!

181 2680 391 2751 (Apoc.
433 2679 654 2746 νιιι,1.)
686 2678 1037 2749 Nequaquam
1080 2678 1239 2750 plena
1269 2679 1421 2744 hora,
1475 2679 1778 2738 seddimi-

182 2772 280 2825 dia
353 2770 626 2826 stabilitas
676 2778 732 2824 et
777 2770 931 2840 quies
987 2770 1046 2824 fit
1101 2770 1154 2825 in
1210 2769 1428 2835 animo;
1485 2769 1630 2838 quod
1695 2777 1780 2824 est

181 2861 310 2917 fieri
347 2861 619 2916 silentium
651 2860 704 2914 in
733 2861 891 2917 εωιο.
930 2861 1035 2916 Sed
1069 2875 1168 2916 nec
1195 2860 1282 2914 illa
1311 2860 1554 2928 dimidia,
1585 2859 1778 2914 saltem

181 2962 243 3008 ut
302 2952 528 3008 dimidia
572 2953 828 3020 sentitur,
857 2953 984 3022 quia
1033 2959 1088 3007 et
1134 2951 1294 3022 quasi
1333 2951 1700 3020 praemittitur.
1734 2949 1780 3007 0

181 3043 378 3099 cordis
399 3043 587 3112 ingens
609 3044 858 3098 morbus!
886 3051 940 3097 et
965 3042 1184 3113 quidem
1210 3044 1432 3097 omnino
1463 3042 1781 3098 iucurabilis

185 3135 439 3204 quandiu
484 3149 688 3205 corpus
737 3135 881 3208 quod
937 3135 1307 3205 corrumpitur
1356 3144 1614 3206 aggravet
1656 3135 1779 3188 aui-

186 3241 363 3292 ωαψς
393 3235 448 3281 ει
474 3227 729 3296 deprimit
767 3235 978 3285 terrena
1007 3225 1330 3280 inhabitatio
1353 3241 1573 3281 sensum
1613 3226 1780 3281 multa

187 3319 546 3390 cogitantem.
579 3316 678 3377 Ubi
706 3318 860 3372 nobis
902 3316 956 3372 in
980 3324 1128 3370 tanta
1161 3316 1381 3371 miseria
1416 3331 1560 3386 spes,
1591 3317 1696 3372 nisi
1724 3317 1780 3372 in

186 3412 303 3465 sola
349 3410 720 3466 misericorJia
752 3409 875 3474 Dei,
905 3410 998 3479 qui
1029 3408 1298 3464 exercitio
1331 3409 1431 3476 illi,
1463 3410 1606 3478 quod
1639 3409 1782 3464 inter

185 3501 378 3555 omnia
402 3501 597 3570 quibus
636 3500 968 3558 intendimus
1003 3499 1264 3558 exercitia
1309 3502 1479 3571 magis
1512 3510 1594 3554 est
1616 3501 1780 3556 nobis

186 3591 589 3657 necessarium,
619 3593 758 3646 sicut
804 3591 1064 3648 debemus
1089 3630 1104 3656 ,
1158 3592 1439 3646 intendere
1491 3608 1600 3646 non
1636 3593 1782 3648 vale-

189 3682 347 3741 tuus?
379 3682 517 3748 Quid
565 3683 630 3752 de
659 3682 791 3754 ipsis
821 3684 1025 3752 apertis
1074 3683 1232 3738 malis
1277 3683 1475 3737 nostris
1514 3683 1778 3749 dicemus,

189 3777 414 3844 quando
444 3776 556 3846 ipsa
601 3779 744 3832 bona
795 3784 981 3831 nostra
1003 3815 1019 3841 ,
1053 3790 1159 3831 non
1191 3790 1350 3845 posse
1388 3776 1523 3830 bona
1552 3792 1672 3830 esse
1699 3776 1782 3830 vi-

187 3866 422 3920 demus?
449 3865 586 3932 Quid
614 3866 756 3922 inter
779 3866 928 3922 baic?
956 3864 1326 3936 Nosmetipsos
1367 3865 1702 3920 incessanter
1726 3874 1783 3920 et

187 3958 402 4013 acriter
436 3958 489 4012 in
512 3968 802 4028 conspectu
829 3958 922 4012 Dei
949 3973 1264 4029 arguamus,
1298 3958 1779 4027 reprehendamus,

188 4065 536 4116 accusemus,
561 4058 618 4105 et
664 4050 917 4106 miseram
947 4051 1186 4107 animam
1218 4060 1464 4106 nostram
1504 4050 1558 4104 in
1607 4049 1781 4106 mani-~

186 4144 292 4201 bus
344 4143 547 4198 nostris
591 4150 907 4212 portantes.
957 4158 1154 4198 carnes
1207 4153 1423 4198 nostras
1481 4141 1785 4198 laceremus

187 4235 447 4293 dentibus
505 4235 728 4307 nostris.
784 4236 898 4292 Erit
949 4235 1200 4292 fortassis
1250 4239 1392 4306 apud
1442 4236 1597 4306 pium
1641 4236 1782 4294 Cou-

186 4327 715 4390 ditoremnostrum,
737 4327 830 4401 qui
855 4327 1131 4397 cognoscit
1167 4329 1482 4396 figmentum
1513 4337 1775 4388 nostrum,

183 4419 277 4491 qui
325 4428 382 4474 et
419 4420 734 4474 recordatur
777 4420 904 4490 quia
955 4435 1085 4474 caro
1131 4435 1341 4486 sumus,
1391 4420 1575 4492 aliqua
1621 4422 1781 4491 hujus

1806 3176 1854 3240 C

1787 3219 1854 3249 "‘
1887 3219 1990 3277 mis
2012 3222 2304 3294 induimus,
2329 3232 2384 3279 et
2409 3224 2514 3294 ipsi
2541 3225 2668 3280 nudi
2693 3225 3074 3289 ambulamus?
3094 3227 3159 3282 Ει
3185 3227 3238 3284 in
3267 3237 3478 3284 tantum

1876 580 1950 645 At
1989 589 2044 632 tu
2072 578 2340 644 fortassis,
2382 578 2472 650 qui
2499 579 2650 633 cella:
2673 579 2950 636 habitator
2975 596 3054 647 es,
3085 583 3159 640 ita
3193 587 3350 642 nobis
3377 601 3465 643 re-

1877 669 2209 738 spondesvad
2253 669 2408 724 hmo;
2441 669 2668 723 multum
2701 684 2787 724 me
2813 669 2866 724 in
2895 671 3074 726 verbis
3103 672 3225 728 istis
3263 676 3464 730 sollici-

1879 768 1992 815 tum
2037 768 2090 815 et
2140 761 2393 830 pavidum
2451 760 2768 825 reddidisti,
2811 761 3145 834 multumque
3189 766 3465 836 turbasti,

1877 853 2247 919 commovisti,
2297 852 2618 909 concussisti
2652 870 2666 908 :
2698 869 2823 908 nam
2864 854 3020 924 plene
3050 856 3181 910 mihi
3213 872 3278 910 ac
3307 857 3468 926 plane

1878 943 2154 998 miseriam
2197 957 2374 998 meam
2406 959 2678 1014 magnam,
2704 960 2808 1015 qua
2839 960 3004 1015 supra
3034 945 3252 1001 modum
3283 948 3467 1005 hacin

1876 1041 2030 1103 parte
2054 1040 2312 1087 oneratus
2341 1048 2403 1088 ac
2431 1043 2672 1088 vastatus
2692 1050 2808 1099 sum
2828 1036 3229 1101 demonstrasti,
3260 1049 3315 1093 et
3344 1053 3463 1093 om-

1877 1139 1997 1179 nem
2024 1124 2152 1180 mihi
2179 1125 2394 1196 penitus
2421 1127 2824 1188 excusationem
2845 1127 3136 1193 abstulisti.
3167 1129 3225 1184 Si
3249 1131 3465 1200 quidem

1876 1215 2058 1283 omnia
2099 1215 2211 1268 lucc
2247 1214 2319 1268 ita
2354 1214 2406 1268 in
2440 1231 2525 1269 me
2570 1218 2764 1282 sentio,
2795 1220 2938 1274 sicut
2972 1235 3036 1288 ea
3067 1230 3117 1275 te
3156 1221 3338 1277 dicere
3367 1238 3467 1275 au-

1877 1307 1985 1364 dio.
2006 1306 2103 1361 Est
2131 1307 2320 1373 utique
2363 1307 2625 1376 quidquid
2653 1311 2788 1379 dicis
2820 1327 3006 1365 verum
3030 1353 3046 1377 ,
3073 1323 3127 1367 et
3157 1329 3261 1368 non
3299 1323 3382 1368 est
3409 1315 3466 1378 in

1877 1399 1960 1456 bis
2007 1400 2186 1455 verbis
2241 1398 2348 1469 tuis
2400 1397 2618 1467 aliquod
2663 1402 3024 1466 mendacium.
3079 1403 3270 1460 Omnia
3320 1406 3465 1463 enim

1876 1506 1997 1561 quzc
2024 1489 2181 1558 dicis,
2213 1489 2298 1546 sic
2324 1503 2445 1544 esse
2474 1497 2536 1542 ut
2575 1490 2730 1558 dicis,
2759 1481 3126 1558 certissimum
3172 1511 3256 1550 me
3294 1496 3470 1567 reddit

1877 1595 1981 1636 non
2011 1581 2185 1636 solum
2213 1582 2460 1648 scientia,
2503 1583 2596 1640 sed
2621 1591 2673 1637 et
2695 1583 3038 1652 quotidiana,
3063 1576 3182 1650 imo'
3210 1585 3468 1642 continua

1877 1685 1998 1725 mea
2029 1671 2382 1742 experientia,
2411 1671 2668 1744 Sedquid
2693 1673 2842 1745 mihi
2869 1675 3089 1745 prodest
3113 1675 3253 1744 quod
3273 1674 3469 1749 valida

1878 1761 2165 1834 (sicutego
2193 1763 2308 1834 ipse
2343 1779 2408 1835 eo
2437 1764 2649 1835 plenius
2677 1765 2812 1835 scio,
2841 1766 2988 1835 quod
3025 1765 3310 1840 molestius
3347 1781 3468 1823 eam

1877 1853 2072 1925 sentio)
2108 1869 2195 1909 me
2248 1852 2392 1910 dicis.
2441 1855 2764 1924 mgritudine
2798 1855 3026 1920 vexari,
3077 1854 3181 1925 nisi
3223 1841 3468 1923 ﬁliiﬁlii

1877 1942 2132 2002 ostendas
2183 1944 2453 2014 quomodo
2507 1945 2677 2015 possit
2727 1955 2782 1999 et
2813 1945 3025 2010 debeat
3085 1944 3312 2017 curari?
3373 1942 3472 2004 Dic

1876 2033 2127 2107 proinde,
2153 2048 2335 2104 quaeso
2366 2044 2445 2099 te,
2493 2046 2653 2108 prout
2683 2035 2778 2091 tibi
2817 2036 3086 2108 occurrit,
3114 2035 3334 2109 qualem
3383 2047 3472 2090 me

1879 2124 1932 2178 in
1979 2124 2226 2200 oratione
2263 2125 2524 2184 exhibere
2566 2126 2814 2198 debeam,
2859 2135 2919 2180 ut
2953 2142 3076 2188 eam
3123 2125 3320 2181 offerre
3360 2124 3472 2180 Deo

1878 2217 2078 2288 possim
2098 2226 2399 2286 acceptam.
2427 2216 2494 2288 Et
2521 2233 2620 2280 nos
2643 2215 2737 2272 tibi
2774 2218 2854 2280 sic
2889 2219 3281 2289 respondemus
3310 2235 3324 2270 :
3357 2216 3472 2273 Hoc

1879 2305 1970 2362 ille
2018 2307 2114 2363 tibi
2151 2307 2206 2362 iu
2250 2308 2412 2364 corde
2457 2317 2548 2362 tuo
2582 2293 2822 2380 ,_silenter
2871 2310 3025 2379 dicit,
3069 2311 3279 2381 absque
3315 2308 3473 2379 cujus

1879 2398 2046 2455 solius
2074 2415 2320 2465 munere,
2357 2401 2531 2456 oratio
2561 2411 2650 2463 tua
2684 2417 2788 2457 nec
2836 2401 2916 2456 illi
2945 2411 3191 2471 accepta,
3220 2417 3327 2458 nec
3373 2401 3471 2471 tibi

1879 2492 2024 2546 valet
2070 2507 2193 2548 esse
2247 2491 2528 2547 fructuosa
2573 2511 2588 2546 :
2638 2493 2796 2563 cujus
2849 2493 3168 2564 plermnque
3223 2493 3473 2563 dixisse,

1866 2579 2076 2653 fecisse
2118 2590 2220 2636 est.
2265 2583 2482 2639 Diceret
2531 2584 2627 2639 tibi
2674 2584 2932 2643 fortassis
2973 2595 3026 2641 et
3055 2599 3152 2655 per
3181 2600 3316 2652 nos;
3348 2585 3474 2640 licet

1879 2675 2024 2748 loqui
2053 2677 2119 2730 de
2166 2676 2270 2732 hoc
2319 2677 2438 2734 sine
2470 2693 2664 2749 magna
2711 2688 2900 2734 nostra
2945 2679 3264 2743 confusione
3294 2688 3350 2733 et
3377 2694 3471 2734 ru-

1879 2767 2012 2824 bore
2041 2785 2148 2824 non
2191 2785 2500 2838 possumus.
2531 2771 2721 2828 Nonne
2751 2773 3002 2828 confusio
3034 2773 3195 2828 debet
3222 2787 3346 2828 esse
3371 2787 3472 2828 uo-

1880 2858 1976 2926 bis
1999 2863 2140 2929 quod
2173 2861 2310 2916 alios
2356 2863 2649 2929 docemus,
2685 2880 2786 2919 nos
2820 2865 2970 2935 ipsos
3017 2877 3197 2918 autem
3230 2880 3336 2919 non
3370 2865 3473 2919 doc

1882 2951 2106 3004 ceruus?
2134 2951 2278 3020 quod
2317 2952 2602 3021 pulchrum
2651 2953 2991 3024 depingimps
3022 2952 3320 3018 hominem,
3370 2953 3474 3024 ipsi

1882 3037 2119 3109 pictores
2149 3039 2296 3095 fedi?
2318 3041 2462 3111 quod
2491 3041 2627 3098 alios
2650 3044 2773 3100 cibo
2801 3054 3042 3115 potuque
3063 3044 3355 3110 reficimus,
3379 3045 3474 3113 qui

1885 3126 2031 3184 fame
2059 3144 2123 3185 ac
2150 3131 2241 3188 siti
2273 3132 2550 3202 perimus?
2578 3133 2722 3203 quod
2767 3135 2903 3190 alios
2954 3136 3292 3194 vestimentis
3335 3134 3475 3206 opti-

1882 3316 2036 3382 nudi,
2069 3317 2215 3386 quod
2258 3318 2472 3374 cunctis
2504 3329 2731 3389 apparet
2774 3319 3022 3376 confusio
3067 3320 3329 3376 nuditatis
3366 3335 3476 3375 no—

1883 3415 2032 3471 strai,
2065 3414 2120 3460 et
2146 3405 2364 3462 videtur
2391 3405 2461 3462 ab
2480 3409 2733 3464 onmibus
2765 3409 3042 3480 turpitudo
3073 3421 3281 3466 nostra.
3307 3409 3477 3482 Igitur

1882 3503 1944 3550 ut
1987 3495 2054 3549 ad
2098 3506 2242 3551 tuam
2293 3495 2728 3564 mdificationem,
2766 3510 2820 3554 tu
2866 3499 2959 3568 qui
3009 3500 3280 3556 habitator
3326 3501 3477 3559 cella:

1882 3600 1962 3648 es,
1987 3586 2334 3643 intendamus
2351 3589 2462 3656 his,
2500 3591 2787 3648 retulimus
2819 3593 2981 3663 (sicut
3009 3592 3126 3663 ipse
3153 3594 3284 3664 scis)
3317 3593 3478 3666 longe

1882 3681 2134 3749 superius
2161 3720 2176 3746 ,
2221 3691 2276 3736 et
2316 3683 2494 3737 adhuc
2546 3684 2842 3741 referimus
2877 3685 3030 3754 juxta
3083 3687 3476 3759 tropologicum

1883 3783 2127 3837 sensum,
2159 3771 2228 3826 ad
2270 3771 2413 3826 hunc
2443 3775 2659 3828 tertimn
2701 3775 2919 3829 fluvium
2964 3776 3057 3846 qui
3086 3777 3362 3847 egreditur
3409 3779 3480 3832 de

1884 3860 2004 3916 loco
2055 3861 2372 3932 voluptatis,
2403 3863 2697 3934 puritatem
2749 3871 2958 3921 devotae
3009 3869 3294 3924 orationis.
3345 3868 3482 3939 Ejus

1883 3965 2014 4006 vero
2056 3967 2253 4007 nomen
2284 3966 2388 4022 est,
2418 3965 2480 4010 ut
2507 3970 2672 4011 verax
2703 3957 2835 4012 dicit
2863 3957 3106 4021 historia,
3138 3959 3334 4032 Tigris.
3381 3961 3477 4018 Est

1883 4057 2016 4113 ergo
2063 4043 2241 4116 Tigris
2292 4046 2516 4118 sagitta,
2570 4049 2748 4114 oratio
2795 4065 2930 4120 pura
2975 4061 3030 4105 et
3077 4052 3268 4109 devota
3305 4071 3318 4106 :
3353 4068 3481 4123 quas

1856 4138 2102 4208 quidem
2136 4138 2288 4193 velox
2326 4149 2432 4206 est,
2459 4141 2745 4210 perforans
2788 4151 2845 4198 et
2883 4154 3191 4214 penetrans,
3220 4145 3481 4205 scindens

1863 4238 1939 4298 et
1977 4231 2312 4301 pertingens.
2344 4232 2505 4290 Certe
2547 4233 2612 4288 ad
2657 4234 2830 4290 instar
2875 4235 3090 4305 sagittae
3136 4235 3483 4292 velocissime

1886 4320 2136 4388 volantis,
2165 4331 2221 4376 et
2247 4323 2359 4392 ipsa
2391 4323 2535 4378 volat
2565 4339 2735 4394 usque
2777 4326 2843 4380 ad
2881 4325 3053 4395 ipsum
3085 4326 3274 4381 Deum.
3308 4325 3474 4384 Deni~

1883 4429 1990 4484 que
2035 4414 2213 4470 oratio
2251 4414 2385 4484 justi
2418 4423 2670 4485 penetrat
2717 4417 2906 4472 nubes.
2942 4417 3080 4487 Quid
3108 4417 3158 4472 ei
3209 4417 3484 4474 obsistere

184 4521 392 4566 nostra!
414 4509 722 4582 fragilitatis
757 4511 1059 4577 excusatio,
1094 4513 1207 4581 ipsa
1253 4521 1439 4568 nostra
1469 4527 1702 4568 accensa
1727 4522 1782 4568 et
1809 4520 1860 4581 ι)
1885 4505 2097 4574 potest?
2119 4505 2371 4559 ttuchrsa
2401 4522 2522 4575 quae
2551 4506 2841 4562 visibiliter
2873 4517 3136 4578 apparent
3158 4509 3312 4577 quasi
3341 4509 3480 4564 dura

183 4603 414 4663 humilis
429 4605 722 4660 accuSatio.
754 4604 819 4664 Et
841 4604 1055 4674 quidem
1078 4604 1230 4674 quasi
1246 4621 1454 4673 pannus
1483 4613 1780 4660 menstrua-

182 4707 273 4762 ιιιν,
288 4706 350 4750 ιιι
364 4695 829 4762 εἰιιειιὶαειοιηηεε
847 4685 1124 4768 ἱιῄιιειὶιῦιε
1143 4706 1336 4752 nostra:
1357 4696 1495 4770 (Ira.
1519 4713 1669 4763 LXIV,
1686 4698 1741 4769 6)
1761 4713 1776 4763 ;

182 4797 244 4842 ut
275 4791 486 4860 absque
514 4791 678 4846 dubio
705 4791 940 4845 sciamus
969 4789 1098 4859 quid
1121 4789 1188 4844 de
1219 4789 1350 4858 ipsis
1377 4787 1654 4856 injustitiis
1685 4805 1783 4844 no-

183 4883 322 4936 stris
352 4882 557 4937 sentire
582 4883 896 4950 debeamus,
919 4882 1010 4952 qui
1029 4881 1272 4951 justitias
1296 4895 1516 4954 quoque
1562 4889 1781 4937 nostras

181 4973 254 5044 (si
285 4973 757 5041 tameujustitias)
788 4991 816 5029 a
853 4984 1002 5030 tanto
1023 4974 1296 5045 propheta
1332 4973 1424 5029 tati
1455 4973 1536 5029 rei
1564 4973 1780 5029 assimi-

183 5062 287 5120 lari
347 5065 619 5120 audimus.
664 5065 1085 5136 Correptionem
1125 5063 1353 5136 proinde
1406 5077 1676 5132 severam,
1725 5073 1783 5120 et

184 5158 628 5229 mdargutimtem
674 5168 925 5224 acutam,
977 5169 1143 5230 atque
1193 5158 1599 5214 accusationem
1637 5172 1783 5214 mor-

174 5233 406 5304 identem
457 5249 791 5305 intrinsecus.
833 5250 886 5304 in
933 5250 1132 5313 corde,
1183 5251 1522 5306 extrinsecus
1566 5249 1781 5317 inore,

187 5353 410 5409 seiiiper
433 5348 488 5394 et
514 5340 715 5411 ubique
738 5354 922 5394 coram
962 5341 1072 5395 Deo
1098 5339 1575 5409 circumferaiuus;
1607 5343 1779 5415 ipsum

186 5427 388 5483 devote
401 5439 710 5494 exorautes,
727 5439 990 5498 quatenus
1007 5429 1162 5484 nobis
1177 5429 1264 5500 pie
1280 5432 1578 5487 concedere
1595 5431 1782 5502 digne-
1815 5441 1818 5446 '

188 5531 302 5588 tur,
350 5531 412 5576 ut
457 5523 526 5578 sit
561 5523 872 5593 impetratio
899 5523 1070 5577 venite
1096 5562 1113 5587 ,
1165 5523 1386 5579 humilis
1433 5525 1549 5580 haec
1594 5531 1779 5578 nostra

185 5629 318 5668 cum
347 5616 560 5671 interna
586 5616 914 5672 contritione
942 5615 1146 5681 cordis,
1183 5624 1238 5670 et
1264 5631 1396 5686 pura
1439 5615 1780 5672 confessione

188 5708 328 5770 oris,
359 5709 595 5779 cognitio
621 5709 794 5779 culpat
831 5725 845 5763 :
880 5723 980 5764 nos
1008 5723 1226 5778 quoque
1270 5707 1453 5779 aliquo
1481 5709 1640 5764 modo
1683 5724 1778 5764 co-

188 5814 312 5856 ram
339 5816 397 5857 se
427 5803 479 5857 in
512 5801 614 5859 hoc
644 5801 866 5871 deputet
895 5800 1094 5871 iustos,
1137 5801 1190 5858 in
1223 5816 1328 5871 quo
1369 5815 1467 5858 nos
1509 5802 1667 5866 plene
1712 5816 1777 5859 ac
1828 5839 1830 5842 μ

1883 4606 1940 4652 ct
1962 4597 2170 4660 clausa,
2203 4597 2318 4666 ipsa
2361 4597 2603 4666 perforat
2647 4606 2705 4652 et
2739 4608 3064 4667 pcuetrat,a
3110 4615 3246 4670 puro
3281 4600 3478 4670 spiritu

1881 4689 2106 4754 emissa,
2135 4697 2188 4743 et
2237 4687 2308 4742 ab
2349 4703 2415 4744 eo
2457 4703 2568 4743 non
2619 4689 2842 4744 amissa.
2887 4689 2996 4746 Sed
3035 4700 3092 4746 et
3139 4706 3480 4760 quaecunque

1882 4783 2037 4853 quasi
2091 4781 2368 4838 obviautia
2417 4781 2717 4853 spirituab's
2767 4797 2877 4836 sua:
2922 4784 3172 4851 puritatis
3221 4783 3479 4838 acumine

1882 4875 2104 4942 scindit,
2133 4891 2233 4930 nec
2279 4890 2514 4946 unquam
2549 4874 2742 4940 resilit,
2785 4874 2831 4930 si
2875 4889 3047 4944 usque
3077 4876 3144 4930 ad
3172 4875 3348 4945 ipsum
3381 4875 3476 4946 qui

1882 4981 2048 5037 super
2092 4967 2276 5023 omnia
2330 4977 2416 5023 est
2447 4967 2734 5038 pertingit.
2762 4967 2878 5024 Non
2916 4968 3089 5025 solum
3126 4978 3326 5035 autem,
3379 4969 3478 5028 sed

1882 5068 1938 5115 et
1990 5061 2173 5114 omnia
2228 5075 2349 5131 qua:
2390 5068 2518 5117 sunt
2561 5061 2720 5118 nobis
2755 5063 3098 5118 adversantia
3126 5103 3141 5128 ,
3187 5079 3308 5134 qua:
3350 5071 3476 5120 sunt

1882 5151 2185 5219 contraria,
2212 5167 2333 5221 qua:
2374 5162 2502 5210 sunt
2549 5153 2766 5222 nociva,
2798 5155 2916 5225 ipsa
2951 5155 3204 5223 debellat,
3234 5171 3473 5228 exsupe-

1885 5255 1970 5302 rat
2017 5256 2073 5303 et
2103 5246 2389 5301 aimihilat.
2419 5246 2486 5304 Et
2513 5247 2614 5303 lioc
2642 5247 2894 5304 fortassis
2915 5257 3018 5314 est,
3057 5252 3200 5320 quod
3223 5253 3290 5305 de
3313 5251 3474 5304 tluvio

1882 5340 1988 5395 isto
2019 5340 2218 5394 dicitur
2237 5340 2366 5411 quia
2393 5340 2544 5395 vadit
2567 5349 2758 5396 contra
2789 5342 3068 5414 Assyrios.
3093 5342 3228 5397 Nam
3255 5357 3350 5412 per
3378 5357 3474 5410 pu-

1881 5431 2066 5502 pulum
2089 5431 2438 5503 Assyriorum
2469 5431 2731 5502 quidquid
2759 5433 3026 5504 spirituali
3055 5443 3254 5488 nostra
3277 5432 3473 5487 militat

1882 5524 2114 5589 laesioni,
2142 5533 2396 5596 putamus
2426 5539 2548 5582 esse
2588 5525 2988 5597 accipiendum.
3013 5526 3213 5582 Contra
3241 5527 3342 5581 hos
3365 5527 3474 5582 As-

1881 5614 2060 5685 syrios
2088 5614 2238 5670 vadit
2255 5614 2357 5670 iste
2369 5613 2565 5672 ﬂuvius
2587 5613 2786 5686 Tigris,
2807 5617 2932 5688 quia
2955 5616 3207 5672 omnibus
3233 5630 3353 5684 qua:
3374 5631 3472 5672 uo-

1882 5723 2005 5764 cere
2032 5709 2188 5766 nobis
2215 5720 2444 5780 possunt
2472 5708 2596 5779 (nisi
2626 5708 2766 5766 forte
2795 5719 2853 5763 ut
2878 5709 3105 5778 prosint,
3123 5720 3178 5765 et
3207 5718 3471 5766 uteormn

1881 5804 2074 5861 obesse
2106 5805 2239 5860 nihil
2275 5803 2417 5860 aliud
2456 5817 2621 5873 quam
2652 5802 2910 5873 prodesse
2938 5803 3031 5872 sit)
3058 5803 3254 5860 similis
3296 5815 3472 5860 acuttc
