3984 6434
463 390 571 448 867

1405 366 1730 429 GUlGONlS
1757 367 1802 424 ιι
1837 365 2259 424 ΟΑῐὶΉιυὸιλΕ
2293 362 2588 421 MAJORIS
2621 363 2898 422 PRIORIS

3647 365 3760 426 868

469 500 702 570 sagittae,
724 490 986 550 citissime
1009 486 1264 550 volantis,
1291 484 1502 556 paritas
1529 482 1734 538 resistit
1759 487 1816 570 et
1839 487 2060 570 contra—
2091 490 2138 548 Α
2167 487 2373 570 ctuosa;
2399 478 2911 570 existant,alacres
2943 495 3048 570 eas
3073 489 3128 534 et
3174 479 3426 536 robustas
3473 479 3766 536 exhibeant

471 567 603 644 dicit
634 587 843 640 devota:
871 579 1155 635 orationis.
1179 576 1238 632 Si
1291 589 1388 628 nos
1417 572 1609 642 fatigat
1644 567 1876 639 alicujus
1901 569 2074 638 vehe-y

470 680 674 736 mentia
719 671 1052 736 tentationis,
1090 658 1136 724 si
1167 682 1264 723 nos
1294 665 1495 736 premit
1539 661 1623 734 (ut
1671 674 2062 730 nonnunquam

471 768 698 839 assolet)
733 765 899 822 moles
926 761 1230 840 ponderosa
1255 754 1482 824 alicujus
1511 753 1741 808 furentis
1765 752 2058 808 adversita-

471 865 563 928 tis,
593 869 778 916 contra
829 858 927 910 hos
969 863 1024 908 et
1071 849 1352 905 universos
1397 847 1540 900 alios
1590 844 1683 914 qui
1733 844 1876 898 intra
1921 843 2066 898 hunc

475 949 736 1007 mundum
779 953 905 1000 sunt
954 940 1224 1012 Assyrios,
1257 936 1404 992 vadit
1450 934 1648 988 ﬂuvius
1697 933 1798 987 iste
1844 929 2062 1000 Tigris;

474 1045 600 1113 quia
627 1040 868 1096 valenter
895 1033 1112 1090 obsistit
1135 1032 1215 1086 eis
1239 1034 1445 1084 devotae
1467 1025 1753 1082 sinceritas
1773 1022 2066 1088 orationis;

475 1149 600 1188 cum
635 1147 731 1186 nos
776 1129 1098 1198 plerumque
1132 1121 1381 1192 fatigant,
1413 1131 1688 1186 nunquam
1716 1130 1814 1172 nos
1840 1127 2069 1182 exsupe-

475 1233 616 1286 rent,
653 1235 753 1276 nec
799 1216 1091 1288 aliquando
1136 1228 1234 1268 nos
1274 1209 1607 1281 opprimant,
1659 1205 1762 1260 etsi
1793 1203 2071 1258 multotics

474 1323 746 1388 premant.
773 1313 910 1368 Num
941 1308 1108 1364 menti
1143 1316 1342 1362 nostra:
1380 1303 1605 1370 excidit,
1634 1302 1758 1370 quia
1783 1299 1933 1354 venit
1975 1299 2072 1352 du-

476 1409 605 1461 dum
635 1403 859 1460 Amalec
885 1412 942 1455 ut
969 1406 1235 1470 pugnaret
1259 1405 1447 1452 contra
1479 1391 1689 1447 Israel?
1730 1391 1882 1457 Quod
1909 1389 2072 1443 nimi-

481 1515 603 1553 rum
634 1497 810 1552 adhuc
853 1493 1014 1550 hodie
1041 1492 1124 1556 fit,
1157 1504 1280 1544 cum
1315 1485 1668 1556 reproborum
1699 1481 1931 1554 populus
1959 1490 2070 1535 ter-

478 1602 610 1642 rena
637 1595 692 1641 et
718 1582 1037 1640 transitoria
1065 1594 1163 1650 per
1198 1577 1453 1633 aﬂ'eetum
1484 1583 1539 1630 et
1561 1573 1890 1629 desiderium
1917 1569 2071 1642 quasi

2168 578 2277 622 tam
2303 567 2466 622 imum
2495 567 2840 634 humilitatis,
2874 570 2924 622 in
2964 569 3180 626 infirmo
3217 585 3312 626 eas
3343 585 3415 624 ne
3442 571 3766 640 superbiant

2167 675 2456 728 proruens;
2483 673 2648 728 quam
2675 661 2842 714 ardor
2865 661 3183 728 charitatis,
3222 671 3278 718 et
3305 663 3359 716 in
3391 663 3567 718 Deum
3595 680 3688 720 eas
3713 673 3768 720 et

2169 752 2222 808 iu
2263 752 2571 824 proximum
2601 767 2668 808 ne
2697 751 2964 823 frigescas
2993 754 3356 809 inﬂammatis.
3409 753 3554 809 Nam
3589 758 3766 812 Aaron

2168 863 2320 900 mons
2375 845 2704 916 fortitudinis
2757 845 3166 916 interpretatur.
3217 847 3284 904 Et
3343 849 3572 919 quidem
3636 865 3770 905 velte

2168 935 2494 992 humilitatis
2537 937 2712 990 virtus
2759 945 2816 990 et
2870 937 3120 992 sublimis
3147 947 3251 1002 est,
3297 949 3352 992 et
3397 937 3606 1002 fortis;
3649 941 3770 1006 quia

2172 1028 2319 1082 illam
2367 1043 2532 1098 quam
2564 1044 2633 1084 ex
2667 1037 2779 1083 toto
2842 1040 3074 1100 occupat
3107 1039 3368 1098 mentem,
3411 1042 3470 1084 et
3503 1031 3770 1086 excelsam

2174 1120 2315 1174 redit
2359 1130 2416 1173 et
2469 1119 2772 1174 robustam.
2803 1119 2939 1174 Nam
2969 1123 3060 1188 qui
3105 1137 3234 1176 vere
3268 1123 3498 1176 humilis
3535 1132 3646 1188 ρει,
3671 1137 3772 1192 quo

2173 1206 2347 1276 magis
2371 1207 2424 1262 in
2459 1207 2571 1262 suis
2601 1215 2686 1262 est
2709 1208 2884 1263 oculis
2915 1209 2967 1262 in
3003 1209 3130 1274 imo,
3161 1225 3226 1264 eo
3261 1212 3435 1281 magis
3475 1212 3532 1264 in
3581 1211 3772 1266 divinis

2171 1305 2256 1352 est
2281 1295 2456 1352 oculis
2487 1296 2540 1350 in
2581 1297 2824 1364 excelso,
2849 1305 2904 1352 et
2929 1313 3036 1367 quo
3080 1299 3183 1354 sibi
3217 1311 3446 1370 apparet
3479 1299 3770 1366 infirmior,

2172 1401 2240 1442 eo
2275 1402 2460 1442 coram
2493 1385 2601 1442 Deo
2635 1387 2824 1444 existit
2856 1387 3091 1442 fortior:
3139 1389 3266 1460 quia
3301 1390 3571 1444 nimirum
3599 1391 3768 1448 virtus

2175 1477 2230 1532 in
2260 1493 2320 1532 se
2353 1477 2519 1532 habet
2547 1477 2872 1535 humilitatis
2895 1477 2956 1535 'et
2981 1478 3358 1537 fortitudinem
3399 1482 3696 1548 humilem,
3721 1493 3776 1538 et

2175 1569 2540 1626 humilitatem
2593 1570 2815 1635 fortem,
2863 1581 2922 1625 ut
2959 1581 3154 1628 neutra
3207 1572 3366 1628 alteri
3413 1574 3772 1644 prajudicet;

479 1679 722 1749 lingens,
746 1675 932 1747 pravis
959 1671 1072 1728 suis
1105 1679 1212 1725 tam
1249 1667 1512 1738 exemplis
1540 1681 1700 1736 quam
1727 1663 1974 1728 monitis,
2006 1663 2074 1718 ad
2175 1669 2448 1730 quatenus
2489 1659 2814 1716 humilitatis
2847 1671 3050 1718 sanctae
3079 1661 3254 1718 virtus
3295 1674 3354 1718 et
3382 1663 3438 1718 in
3473 1665 3588 1720 imo
3633 1664 3702 1720 sit
3727 1665 3774 1718 in

479 1767 692 1837 peccati
740 1763 1156 1820 delectationem
1185 1774 1249 1814 ac
1279 1757 1760 1828 perpetrationem,
1805 1752 2075 1809 mediante
2107 1831 2142 1837 _
2176 1751 2348 1806 oculis
2375 1751 2630 1821 propriis,
2658 1761 2714 1808 et
2733 1751 2788 1806 in
2813 1752 3034 1810 excelso
3063 1753 3118 1808 in
3139 1753 3326 1814 oculis
3353 1753 3585 1810 divinis.
3615 1753 3777 1810 Porro

484 1831 674 1912 illicito
705 1871 970 1912 consensu
1002 1851 1320 1923 pertrahere
1347 1848 1647 1904 contendit.
1680 1846 1788 1901 Sed
1829 1856 1888 1900 ut
1932 1846 2070 1900 scia-
2105 1831 2148 1886 Β
2175 1841 2288 1896 llur
2331 1843 2506 1912 ignem
2533 1851 2727 1910 sonat,
2773 1852 2830 1898 et
2872 1844 3156 1899 charitatis
3197 1846 3458 1900 ardorem
3511 1845 3774 1916 designat.

481 1965 605 2004 nius
641 1947 914 2018 quomodo
947 1945 1108 2000 vadat
1149 1942 1344 1996 ﬂuvius
1367 1940 1543 2012 Tigris
1565 1949 1752 1994 contra
1773 1937 2028 2008 Assyrios
2051 1952 2067 2002 ;

479 2039 718 2109 percutit
741 2052 864 2092 eum
893 2036 1055 2090 Josue
1095 2048 1267 2102 usque
1291 2033 1357 2086 ad
1387 2030 1838 2094 internecionem,
1870 2043 1992 2109 eum
2017 2028 2072 2081 in

480 2135 664 2182 monte
690 2141 882 2182 manus
915 2125 1058 2178 levat
1093 2122 1307 2194 Moyses
1337 2120 1536 2192 (Exod.
1567 2119 1722 2188 xvu).
1763 2117 1897 2172 Nam
1918 2117 2074 2186 juxta

480 2221 628 2276 hunc
676 2219 974 2274 secundum
1003 2256 1019 2282 ,
1055 2230 1213 2285 quem
1274 2213 1435 2269 modo
1487 2211 1792 2268 incedimus
1831 2223 2075 2275 sensum,

480 2330 648 2370 unum
675 2313 805 2384 quid
834 2312 1041 2376 innuit;
1069 2319 1136 2378 et.
1151 2308 1365 2378 Moyses
1391 2315 1448 2360 ut
1470 2313 1807 2374 expugnetur
1834 2300 2086 2366 Amalec,

481 2403 544 2458 in
596 2411 782 2456 monte
828 2414 1022 2454 manus
1056 2398 1276 2462 levans;
1325 2407 1382 2450 et
1429 2393 1624 2448 ﬂuvius
1659 2393 1840 2462 Tigris
1879 2400 2070 2446 contra

484 2491 742 2564 Assyrios
767 2491 994 2542 vadens.
1035 2487 1098 2540 Et
1126 2488 1249 2556 quis
1277 2489 1379 2540 istc
1409 2483 1656 2555 Moyses?
1701 2481 1840 2536 Num
1871 2482 1958 2537 his
1999 2481 2081 2536 in-

481 2585 782 2641 sistendum
811 2589 894 2636 est
924 2580 1098 2645 vobis,
1130 2587 1187 2634 ut
1224 2591 1302 2652 tu,
1349 2577 1442 2647 qui
1488 2576 1763 2630 habitator
1801 2574 1952 2630 cellae
1998 2588 2080 2640 es,

479 2673 812 2732 aedificet-is?
839 2673 921 2726 An
947 2688 976 2726 a
1003 2671 1160 2726 nobis
1188 2679 1274 2726 est
1319 2667 1732 2733 retrahendum,
1759 2681 1827 2722 ne
1859 2666 1910 2722 id
1937 2665 2082 2737 quod

483 2765 720 2840 dicimus
747 2773 946 2836 putans
996 2777 1119 2818 esse
1173 2760 1426 2826 nimium,
1477 2757 1727 2814 incurras
1761 2757 2084 2812 fastidium?

486 2855 596 2912 Sed
644 2856 767 2925 quis
797 2854 1126 2928 sapientiora
1175 2852 1306 2907 dicit
1334 2866 1454 2908 esse
1499 2849 1756 2917 nimium,
1785 2859 2082 2920 quantum-

482 2961 700 3022 cunque
747 2947 916 3002 fuerit
962 2946 1018 3000 in
1063 2945 1245 3000 verbis
1295 2943 1586 3014 prolixum,
1619 2942 1911 2998 dummodo
1957 2956 2086 3012 pos-

486 3039 599 3094 sint
630 3038 838 3110 singula
863 3038 1026 3092 verba
1053 3035 1392 3107 spiritualem
1425 3035 1481 3090 in
1509 3034 1856 3090 audientibus
1879 3041 2084 3089 sancta:

483 3127 869 3196 aediﬁcationis
913 3141 1118 3198 augere
1145 3124 1487 3196 profectum?
1537 3125 1669 3193 Quis
1695 3140 1825 3196 ergo
1853 3126 1959 3182 iste
1995 3132 2084 3180 est

2173 1934 2356 2004 Itaque
2387 1934 2470 1990 ba:
2495 1935 2725 1992 virtutes
2749 1936 2992 2004 eximite,
3024 1935 3182 1993 fortis
3208 1936 3468 1992 videlicet
3495 1935 3800 2002 celsitudo.-

2177 2025 2432 2096 eclsaque
2479 2025 2746 2082 fortitudo
2805 2028 3164 2094 humilitatis,
3217 2037 3276 2083 et
3323 2029 3780 2100 inexstinguibilis

2177 2118 2343 2172 ardor
2379 2116 2692 2184 eharitatis,
2727 2134 2795 2176 ne
2825 2119 3122 2188 lassentur,
3175 2130 3396 2176 tuarum
3431 2121 3778 2176 devotionern

2176 2215 2486 2262 sustentent
2512 2222 2706 2263 manus
2739 2226 2753 2263 :
2793 2209 2888 2264 tibi
2917 2211 3170 2278 dicimus,
3201 2211 3294 2280 qui
3321 2211 3616 2266 habitator
3641 2210 3782 2266 cella

2179 2313 2260 2363 es,
2285 2298 2378 2367 qui
2399 2312 2562 2354 verus
2590 2313 2656 2358 ac
2677 2299 3096 2369 sinecrusjuxta
3127 2285 3272 2358 hunc
3295 2316 3530 2358 sensum
3559 2301 3770 2372 Moyses

2180 2404 2262 2444 es.
2306 2389 2377 2442 Et
2421 2389 2538 2444 haec
2587 2389 2768 2444 omnia
2821 2389 3026 2446 idcirco
3072 2379 3307 2448 diximus
3333 2433 3350 2458 ,
3411 2401 3478 2448 ut
3519 2393 3782 2462 quomoda

2181 2479 2463 2535 moraliter
2495 2479 2872 2548 accipiendum
2899 2482 2972 2536 sit
2999 2481 3378 2551 ostendamus,
3409 2484 3564 2554 quod
3599 2483 3784 2540 ﬂuvius

2183 2571 2375 2626 tertius
2419 2569 2510 2648 qui
2551 2569 2828 2642 egreditur
2866 2572 2933 2628 de
2979 2571 3098 2628 loco
3125 2572 3424 2644 voluptatis
3447 2575 3590 2644 _(per
3633 2588 3782 2644 quem

2183 2664 2433 2720 devotam
2480 2679 2602 2720 esse
2650 2664 3028 2736 accipiendam
3079 2667 3390 2724 orationem
3443 2669 3784 2738 asscrimus)

2183 2758 2360 2812 adhuc
2387 2755 2550 2812 hodie
2577 2755 2675 2812 sed
2710 2756 3070 2828 spiritualiter
3091 2759 3256 2814 vadat
3279 2767 3478 2814 contra
3507 2760 3786 2831 Assyrios.

2184 2847 2325 2904 Ecce
2346 2855 2550 2920 quanta
2581 2864 2647 2904 ac
2672 2848 2852 2918 qualia
2876 2859 3068 2904 contra
3091 2857 3288 2906 cuncta
3315 2849 3576 2916 adversa,
3603 2859 3786 2906 contra

2185 2953 2414 3010 qumque
2451 2941 2669 3016 nociva,
2695 2939 2869 2994 virtus
2895 2939 3192 3007 orationis,
3219 2955 3345 2995 cum
3377 2939 3431 2994 ei
3458 2940 3786 2996 intendimus

2185 3045 2253 3086 eo
2299 3030 2460 3086 modo
2509 3046 2617 3100 quo
2655 3031 2936 3086 intendere
2963 3031 3246 3098 debemus,
3293 3030 3496 3087 solatia
3535 3031 3700 3088 nobis
3735 3038 3788 3086 et

2187 3122 2388 3180 auxilia
2415 3123 2681 3196 impendit
2711 3142 2724 3178 :
2758 3131 2818 3178 ut
2841 3132 3022 3194 pateat
3051 3124 3230 3190 nobis,
3261 3124 3410 3194 quod
3437 3139 3784 3194 nequaquam

490 3182 725 3291 bloyses,
756 3219 860 3274 nisi
892 3227 946 3273 tu
975 3182 1068 3289 qui
1095 3182 1253 3272 verus
1276 3225 1333 3272 et
1361 3182 1608 3274 sincerus
1635 3182 1788 3273 cella:
1810 3216 2081 3274 inbabita»
2109 3182 2156 3246 ε
2186 3216 2363 3274 otiose
2407 3182 2688 3286 Scriptura
2719 3182 2874 3284 dicit,
2905 3217 3033 3287 quia
3078 3182 3504 3298 Tigris-contra
3527 3182 3788 3290 .Assyrios

490 3317 580 3364 tor
616 3307 709 3364 es?
749 3305 884 3362 Nam
915 3321 1114 3362 nomen
1145 3307 1248 3362 hoc
1277 3305 1522 3380 Moyses,
1564 3307 1709 3377 quod
1752 3321 1904 3363 more
1949 3307 2087 3362 mul-

491 3410 672 3456 torum
722 3399 939 3456 celebre
987 3409 1046 3456 et
1095 3399 1355 3470 frequens
1401 3397 1658 3468 habetur,
1705 3413 1774 3454 ex
1817 3413 1958 3470 aqua
1995 3413 2086 3454 as-

493 3498 746 3560 sumptus
767 3488 1192 3560 interpretatur.
1222 3489 1291 3542 Et
1320 3502 1502 3544 nonne
1538 3496 1594 3542 tu
1621 3503 1688 3544 ex
1710 3487 1867 3558 aquis
1906 3502 1965 3542 es
1995 3503 2088 3543 as-

493 3593 768 3656 sumptus,
801 3582 892 3652 qni
921 3582 1174 3638 visitante
1198 3591 1248 3638 te
1277 3583 1450 3654 gratia
1473 3583 1590 3648 Dei,
1616 3597 1648 3637 a
1675 3581 1818 3638 ﬂuxu
1847 3599 1908 3640 es
1931 3598 2090 3638 [nunc

495 3673 652 3731 dante
675 3672 1108 3730 conversationis
1133 3681 1372 3742 ereptus,
1417 3680 1474 3728 et
1511 3673 1579 3728 ad
1621 3688 1844 3728 suavem
1869 3687 1934 3729 ac
1966 3672 2089 3728 dul-

493 3761 615 3820 Cetn
643 3761 792 3820 cella:
839 3763 1078 3836 quietem
1114 3761 1452 3820 translatus?
1491 3762 1598 3818 Sed
1635 3761 2094 3836 Moysesdicitur

501 3871 706 3913 manus
757 3855 958 3920 levare,
989 3853 1116 3926 quia
1148 3863 1203 3910 tu
1241 3855 1294 3909 in
1328 3853 1476 3926 cella}
1501 3853 1619 3912 sine
1663 3853 2090 3918 intermissione,

493 3947 650 4020 juxta
701 3947 1128 4003 admonitionem
1177 3945 1566 4017 apostolicam,
1621 3945 1788 4002 debes
1835 3961 1994 4002 orare
2029 3943 2089 4017 (Ι

499 4035 681 4094 Thess.
717 4053 770 4103 v,
799 4037 910 4105 l7).
931 4039 998 4092 Et
1020 4037 1088 4092 ad
1121 4039 1224 4094 hoc
1253 4047 1311 4094 ut
1339 4037 1608 4111 elfugetnr
1632 4037 1871 4106 Amalec,
1901 4052 2098 4096 manus

500 4129 649 4186 levet
693 4129 941 4202 Moyses;
973 4139 1243 4200 quatenus
1269 4130 1465 4186 ﬂuvius
1502 4131 1684 4201 Tigris
1705 4131 1870 4186 vadat
1905 4139 2094 4185 contra

500 4219 780 4290 Assyrios.
809 4219 916 4274 Sed
939 4227 1154 4290 Oportet
1185 4227 1243 4272 ut
1265 4227 1506 4274 montem
1543 4220 2096 4294 conscendat,_pona-

501 4320 594 4366 tur
627 4309 762 4380 lapis
785 4323 950 4380 super
973 4325 1132 4379 quem
1161 4309 1377 4373 sedeat,
1407 4317 1464 4364 et
1490 4319 1720 4379 uterque
1741 4309 1874 4380 (tam
1913 4309 2096 4364 Aaron

501 4393 757 4457 videlicet
794 4416 959 4471 quam
1003 4401 1135 4472 llur)
1165 4415 1359 4456 manus
1386 4400 1502 4470 ejus
1529 4409 1820 4458 sustentet.
1845 4401 2098 4470 Quandiu

2186 3308 2358 3364 vadit.
2387 3308 2454 3363 Et
2475 3309 2600 3378 quis
2631 3307 2722 3364 ille
2741 3317 2828 3364 est
2853 3309 3047 3366 modus
3075 3323 3184 3379 quo
3219 3308 3268 3366 ei
3297 3308 3590 3366 intendere
3633 3308 3788 3364 debe-

2188 3401 2348 3456 mus?
2395 3399 2531 3456 Nam
2571 3401 2696 3472 quis
2743 3400 2816 3458 sit
2842 3399 2962 3467 ille,
3005 3401 3228 3471 qumvis,
3259 3402 3354 3471 qui
3403 3401 3692 3458 habitator
3731 3415 3786 3455 cs

2189 3491 2366 3558 colite,
2403 3493 2591 3548 sciens
2645 3491 2908 3548 nimirum
2965 3493 3065 3548 tibi
3121 3507 3244 3550 esse
3293 3493 3648 3550 fructuosum
3695 3493 3788 3548 hoc

2189 3583 2353 3648 seire,
2385 3582 2715 3640 fructuosius
2745 3583 3120 3655 autenﬁopere
3143 3592 3200 3640 et
3229 3585 3466 3640 veritate
3495 3599 3598 3654 per
3627 3597 3788 3654 expe-

2193 3673 2446 3728 rientiam
2484 3687 2763 3734 exercere.
2799 3673 2916 3730 lloc
2943 3684 3128 3730 autem
3160 3690 3270 3730 non
3299 3690 3332 3730 a
3379 3675 3564 3738 nobis,
3597 3676 3698 3730 sed
3725 3669 3788 3728 ab

2191 3773 2417 3834 experto
2456 3779 2704 3834 quaerere
2757 3764 3018 3831 deberes,
3060 3766 3114 3820 id
3165 3765 3316 3822 enim
3365 3765 3496 3836 quid
3541 3766 3644 3832 sit,
3683 3763 3790 3820 sola

2193 3855 2529 3927 experientia
2575 3855 2741 3926 capit.
2773 3855 2976 3912 Verum
3003 3857 3130 3928 quia
3175 3857 3302 3913 inde
3335 3873 3436 3914 nos
3467 3857 3678 3928 aliquid
3713 3855 3788 3911 di-

2194 3960 2319 4001 cere
2369 3943 2688 4015 compellis,
2747 3943 3036 4016 loquemur
3084 3947 3228 4016 quod
3277 3946 3544 4002 Dominus
3589 3941 3790 4018 dederit

2196 4037 2374 4102 nobis,
2407 4036 2499 4108 qui
2537 4052 2636 4092 nos
2659 4051 2766 4092 non
2791 4037 2874 4092 vis
2903 4037 3257 4110 philosophos
3279 4038 3484 4110 putari,
3507 4039 3662 4110 quod
3685 4036 3788 4092 for-

2199 4129 2360 4184 tassis
2409 4129 2566 4184 tierct
2609 4128 2656 4184 si
2706 4137 3033 4186 taceremus.
3071 4129 3300 4186 Videtur
3345 4129 3508 4186 nobis
3553 4129 3702 4199 quod
3745 4127 3788 4184 si

2198 4217 2478 4274 fructuose
2522 4233 2684 4276 orare
2723 4218 3034 4286 desideras,
3067 4220 3168 4274 tria
3203 4219 3458 4292 quaedam
3495 4217 3788 4290 diligentis-

2199 4312 2337 4366 sime
2381 4310 2730 4366 considerare
2778 4309 3000 4368 debeas.
3033 4310 3276 4366 Primum
3322 4311 3568 4381 quidem,
3619 4311 3786 4382 qualia

2199 4403 2266 4459 ad
2295 4403 2603 4460 orationem
2637 4402 2891 4460 accedas.
2925 4401 3178 4460 Secundo
3201 4401 3418 4474 qualem
3446 4411 3500 4458 te
3517 4403 3634 4460 Deo
3651 4403 3704 4458 in
3727 4417 3786 4458 ea

502 4491 695 4548 levata:
717 4491 940 4559 fuerint,
972 4492 1252 4564 superabit
1285 4491 1448 4548 Israel
1483 4502 1539 4550 et
1562 4493 1906 4566 superabitur
1933 4493 2098 4549 Ama-
2128 4529 2176 4587 υ
2201 4494 2418 4552 offeras.
2451 4495 2636 4552 Tertio
2682 4509 2902 4566 quoque
2939 4494 3156 4566 qualem
3201 4502 3255 4550 te
3275 4505 3400 4565 post
3431 4503 3650 4566 tempus
3674 4509 3786 4550 ora-

501 4579 624 4652 lec;
662 4599 783 4639 cum
809 4593 990 4640 autem
1023 4584 1106 4640 vel
1130 4586 1199 4640 ad
1241 4585 1511 4640 modicum
1554 4585 1710 4655 quasi
1739 4585 1968 4652 lassatas
2011 4587 2101 4644 de-
2128 4579 2168 4587 ⁷
2201 4587 2366 4644 tionis
2391 4587 2670 4644 exhibeas.
2709 4586 2882 4655 Quam
2925 4587 3161 4643 mundus
3197 4587 3454 4642 videlicet
3479 4595 3540 4642 et
3581 4587 3786 4658 quietus

501 4677 747 4750 posuerit
778 4692 992 4743 manus,
1019 4677 1325 4749 ‘superabit
1367 4677 1612 4744 Amalec,
1653 4687 1710 4734 et
1755 4679 2101 4750 superabitur
2201 4680 2270 4734 ad
2314 4694 2434 4735 eam
2463 4677 2668 4744 venias,
2699 4693 2861 4749 quam
2897 4693 3068 4750 purus
3113 4687 3170 4734 ct
3213 4678 3430 4750 integer
3483 4678 3544 4734 in
3579 4693 3642 4734 ea
3671 4692 3786 4748 per-

505 4769 691 4826 lsrael.
727 4769 835 4826 Sed
860 4787 927 4826 ne
959 4771 1098 4826 hanc
1147 4771 1279 4842 ipsis
1319 4769 1581 4827 lsraelitis
1629 4770 1789 4826 valde
1832 4769 2102 4842 periculo-

506 4875 622 4916 sam
650 4877 844 4916 manus
886 4859 1006 4929 ejus
1046 4861 1426 4916 lassitudinem
1463 4853 1772 4928 incurrant,
1798 4875 1895 4916 eas
1921 4862 2100 4916 Aaron

507 4959 562 5006 et
613 4949 728 5006 llur
785 4962 1112 5008 sustentent.
1171 4951 1313 5024 Quid
1377 4953 1480 5009 sibi
1527 4951 1716 5007 volunt
1767 4951 1917 5008 hinc?
1963 4951 2103 5008 Con-

509 5043 733 5097 scendat
772 5055 1010 5100 montem
1064 5045 1318 5118 Moyses,
1371 5054 1430 5101 ut
1475 5053 1678 5104 sanctte
1727 5044 2101 5102 conversatio-

509 5131 598 5187 nis
645 5135 1016 5203 apprchendas
1045 5136 1468 5204 sublimitatem,
1523 5147 1578 5194 tu
1621 5135 1714 5208 qui
1767 5134 1916 5190 cellae
1949 5135 2104 5190 inha-

509 5221 713 5278 bitator
751 5238 830 5277 es.
861 5223 968 5280 Sed
990 5236 1044 5280 et
1070 5243 1234 5296 super
1257 5229 1492 5298 lapidem
1517 5228 1731 5294 sedeas,
1771 5237 1831 5281 ut
1855 5227 1910 5282 in
1935 5225 2098 5282 firma

512 5313 900 5386 cogitationum
927 5319 1248 5375 inundarunt
1271 5321 1586 5386 stabilitate,
1619 5331 1676 5378 et
1701 5320 1884 5378 stabili
1911 5335 2104 5376 earum

514 5409 773 5464 firmitate
818 5408 1148 5480 requiescas.
1195 5411 1278 5466 Ad
1322 5423 1633 5468 extremum
1659 5428 1787 5469 vero
1811 5428 1882 5468 ne
1911 5428 2106 5468 manus

515 5509 620 5557 tua:
661 5501 958 5569 lassentur,
1001 5511 1058 5558 et
1090 5501 1304 5559 lassatze
1335 5503 1700 5575 deponantur,
1746 5505 1813 5560 ab
1840 5505 2024 5560 Aaron
2052 5514 2107 5576 et

515 5589 634 5646 But-
661 5601 1059 5648 sustententur.
1091 5591 1226 5662 Nam
1257 5610 1323 5650 ne
1351 5593 1711 5664 cogitationes
1735 5605 1838 5650 tuae
1867 5593 1990 5665 (tibi
2020 5593 2105 5648 di-

517 5679 720 5750 cimus,
769 5685 861 5755 qui
907 5685 1179 5741 habitator
1223 5685 1373 5741 cellac
1425 5687 1518 5758 es)
1556 5685 1608 5742 in
1656 5687 1902 5742 oratione
1952 5693 2104 5756 tepe-

521 5785 697 5844 scant,
731 5793 790 5832 ac
825 5777 1049 5850 proinde
1087 5795 1188 5836 nec
1233 5779 1345 5837 Dco
1395 5789 1656 5850 acceptae,
1701 5793 1802 5835 nec
1851 5765 1954 5834 tibi
1999 5777 2110 5832 fru-

2201 4771 2386 4838 sistas,
2413 4785 2574 4840 quam
2621 4769 2807 4838 gravis
2837 4783 3056 4840 quoque
3106 4769 3220 4839 ipsa
3273 4769 3470 4826 devote
3521 4767 3786 4824 celebrata

2203 4870 2260 4916 et
2317 4861 2510 4928 finita,
2557 4874 2834 4932 quamque
2887 4871 3138 4914 maturus
3183 4859 3424 4930 quandiu
3473 4869 3634 4929 potes
3671 4872 3784 4928 per-

2204 4968 2459 5018 maneas;
2508 4952 2696 5022 itaque
2724 4951 2792 5006 de
2838 4951 3090 5008 oratione
3131 4958 3186 5006 te
3229 4950 3286 5006 in
3330 4948 3466 5006 cella
3499 4959 3592 5006 tua
3623 4949 3784 5005 intro-

2206 5045 2428 5104 mittens
2454 5079 2471 5111 ,
2520 5057 2629 5114 quo
2683 5042 2972 5100 sollicitius
3016 5043 3134 5098 haec
3183 5043 3288 5098 tria
3325 5041 3678 5106 exercueris,
3723 5049 3784 5094 co

2206 5131 2466 5188 nimirum
2493 5131 2671 5188 oratio
2701 5140 2790 5186 tua
2821 5139 2876 5188 ct
2900 5131 3178 5204 acceptior
3207 5132 3337 5200 Deo,
3365 5141 3427 5190 et
3463 5129 3784 5190 fructuosior

2205 5225 2314 5282 erit
2340 5225 2460 5281 tibi.
2490 5223 2550 5282 Si
2583 5225 2668 5282 his
2703 5223 2878 5282 modis
2911 5223 3132 5282 Patrem
3175 5225 3230 5280 in
3270 5225 3420 5282 illius
3449 5225 3668 5282 nontiue
3693 5219 3782 5290 qui

2206 5329 2264 5374 et
2310 5316 2574 5372 vocabulo
2615 5316 2816 5372 dicitur
2841 5326 2896 5372 et
2925 5332 2982 5372 re
3011 5331 3134 5372 esse
3177 5315 3338 5374 Jesus
3369 5317 3632 5388 petieris,
3660 5311 3782 5366 abs-

2207 5427 2314 5482 que
2361 5399 2522 5466 dubio
2568 5409 2714 5478 quod
2741 5407 2822 5463 sic
2857 5409 3000 5478 petis
3041 5408 3377 5479 impetrabis,
3408 5408 3504 5464 sed
3535 5403 3782 5460 universis

2208 5518 2540 5574 quaecunque
2571 5501 2662 5556 illa
2709 5500 2821 5556 sint
2849 5516 2970 5570 qua:
3015 5501 3113 5555 tibi
3147 5501 3426 5556 adversari
3475 5499 3774 5556 moliuntur,

2208 5596 2506 5652 eﬂicaciter
2555 5603 2611 5650 et
2657 5594 2832 5648 valide
2891 5593 3150 5649 resistere
3177 5634 3193 5660 ,
3251 5603 3310 5648 ut
3341 5609 3405 5650 ea
3450 5591 3696 5648 devincas
3727 5593 3782 5640 et

2211 5687 2487 5754 destruas,
2517 5696 2766 5758 potenter
2788 5687 3300 5758 valebis,quatenus
3331 5687 3446 5757 ipsa
3473 5693 3524 5740 te
3553 5694 3636 5738 tua
3671 5691 3780 5730 cer-

2215 5788 2325 5835 tum
2352 5777 2686 5852 cvperientia
2715 5777 2928 5846 reddat,
2962 5776 3193 5854 qualiter
3219 5776 3412 5832 ﬂuvius
3453 5775 3554 5832 iste
3601 5767 3778 5826 tertius
