3984 6410
206 423 312 482 869

1360 415 1560 473 LIBER
1603 416 1692 472 DE
1727 397 2107 471 sxsncn'to'
2129 408 2402 469 CELLIE.

2627 312 2771 349 ,.~..J'
2932 326 2944 338 ς

3383 407 3494 475 .870

204 538 296 608 qui
319 538 387 591 de
413 534 535 589 loco
564 533 846 605 egreditur
878 530 1190 602 voluptatis,
1219 530 1313 601 qui
1339 540 1394 585 et
1420 530 1599 602 Tigris
1627 545 1788 585 voca-
1813 533 1866 593 Α
1892 525 2063 590 fecto,
2093 541 2192 597 per
2220 524 2448 594 gratiam
2480 522 2598 588 Dei,
2633 519 2702 578 de
2720 531 2918 580 cmtero
2949 523 3263 580 continendi
3296 541 3496 600 propo-

202 636 313 693 tur,
345 635 538 682 contra
563 626 818 695 Assyrios
843 624 1026 678 vadat.

663 732 1062 790 CAPITULUM
1102 731 1340 786 XXXIII.

214 831 410 897 Quales
452 828 690 884 exhibere
735 827 1011 880 debeamus
1043 829 1350 896 priusquam
1393 825 1462 878 ad
1495 827 1785 879 oralionem

281 902 623 962 accedamus,
674 909 728 951 ut
771 913 886 950 cum
929 897 996 950 ad
1038 913 1151 950 eam
1192 897 1517 958 venerimus,
1565 898 1638 948 sic
1669 911 1785 948 eam

273 971 383 1024 Deo
414 971 731 1038 o/feramus,
765 977 833 1038 ut
874 966 980 1038 ipse
1014 983 1128 1038 eam
1163 977 1211 1018 et
1253 967 1351 1018 sibi
1389 975 1690 1035 acceptam,
1735 975 1786 1018 et

273 1042 421 1094 nobis
448 1035 856 1115 misericorditer
881 1036 1063 1106 eﬁiriat
1096 1035 1449 1105 fructuosam.

272 1156 579 1222 Antequam
605 1149 834 1203 ﬂuvium
861 1149 1006 1203 illum
1034 1159 1286 1220 quartum
1306 1150 1588 1213 intremus,
1616 1161 1778 1218 quell

197 1244 267 1299 de
304 1245 424 1298 loco
473 1241 765 1312 voluptatis
802 1242 982 1312 egredi
1031 1241 1292 1313 legimus,
1327 1241 1414 1296 cui
1459 1256 1659 1296 nomen
1703 1249 1789 1297 est

195 1337 544 1407 Euphrates,
592 1336 733 1404 petis
775 1343 831 1388 tu
868 1334 957 1402 qui
997 1333 1272 1388 habitator
1300 1333 1448 1388 cella?
1495 1347 1592 1398 es,
1632 1341 1690 1386 ut
1721 1332 1790 1388 de

195 1430 449 1483 oratione
482 1437 659 1482 tecum
689 1427 867 1482 adhuc
903 1427 1104 1496 aliquid
1139 1443 1396 1497 agamus,
1435 1443 1542 1496 quo
1571 1428 1716 1483 enim
1740 1425 1792 1482 ei

195 1520 543 1590 Irequeutius
574 1518 880 1584 incumbis,
915 1533 981 1573 eo
1025 1518 1281 1573 nimirum
1313 1519 1516 1572 erudiri
1557 1517 1796 1588 qualiter

196 1614 250 1669 ei
291 1613 572 1668 intendere
601 1612 832 1676 debeas,
876 1610 1158 1666 ardentius
1187 1611 1548 1680 concupiscis.
1577 1609 1792 1664 Annui-

196 1720 351 1768 mns,
382 1704 621 1772 gerimus
651 1703 747 1756 tibi
773 1717 1014 1767 morem,
1048 1709 1104 1755 et
1134 1715 1234 1770 pro
1260 1714 1420 1770 posse
1449 1709 1505 1753 et
1525 1699 1666 1754 scire
1694 1714 1794 1754 no-

194 1807 316 1850 stro
341 1805 488 1849 tuam
517 1795 572 1850 iu
614 1793 714 1849 hoc
744 1793 917 1862 parati
956 1807 1144 1848 sumus
1176 1791 1402 1860 implere
1435 1789 1789 1844 voluntatem.

1891 617 1998 672 sito
2026 617 2337 680 emendare,
2369 624 2424 671 et
2458 630 2487 669 a
2524 623 2576 669 te
2607 613 2847 683 abjicere
2872 617 3050 672 stude.
3081 615 3288 673 Idcirco
3319 621 3446 678 dico
3470 661 3488 689 ,

1891 708 2148 777 quidquid
2177 707 2566 763 conscientiam
2603 715 2750 760 tuam
2784 710 3098 762 remordere
3128 709 3313 773 valet,
3358 714 3488 780 quia

1891 807 2017 853 sunt
2049 798 2398 868 quamplures
2429 799 2519 868 qui
2554 798 2758 852 nullum
2800 800 2914 854 fere
2944 815 3160 870 semper
3195 801 3249 856 in
3278 805 3491 861 cunctis

1891 889 2206 943 excessibus
2234 889 2348 943 suis
2379 904 2621 944 morsum
2661 890 3008 945 conscientia:
3040 907 3151 948 sua:
3189 896 3485 957 sustinent,

1891 995 2016 1034 cum
2050 987 2230 1034 tamen
2265 980 2635 1035 indesinenter
2664 983 2806 1052 quod
2848 981 3094 1036 illicitum
3124 990 3206 1037 est
3233 986 3488 1039 commit-

1895 1077 2011 1122 tere
2040 1083 2145 1122 non
2178 1078 2410 1122 cessent.
2442 1070 2558 1125 Non
2595 1080 2680 1125 est
2710 1070 2855 1124 enim
2896 1072 3059 1125 timor
3095 1072 3190 1126 Dei
3217 1083 3340 1127 ante
3365 1089 3493 1128 ocu-

1893 1157 1976 1215 los
2025 1175 2246 1226 eorum,
2293 1175 2400 1215 non
2439 1164 2671 1231 propriae
2715 1163 2908 1218 salutis
2959 1161 3311 1219 desiderium.
3360 1164 3492 1221 lude

1893 1260 2000 1317 est,
2035 1252 2179 1322 quod
2211 1252 2263 1306 in
2289 1252 2449 1308 nullis
2477 1269 2594 1322 qua:
2618 1255 2964 1309 conuuittunt
2991 1255 3217 1320 illicitis,
3242 1257 3309 1310 ad
3331 1271 3488 1312 suam

1896 1343 2080 1399 sciunt
2109 1343 2499 1398 conscientiam
2522 1343 2703 1398 redire
2737 1361 2750 1398 :
2783 1353 2840 1399 et
2866 1355 3060 1400 cuncta
3090 1361 3210 1414 qua:
3239 1345 3491 1400 commit-

1897 1445 2018 1491 tunt
2048 1435 2186 1489 mala
2211 1449 2356 1490 caeca
2385 1443 2565 1489 mente
2593 1444 3066 1503 pertranseuutcs,
3098 1453 3196 1492 nec
3232 1453 3290 1492 se
3321 1437 3490 1494 etiam

1896 1527 1950 1582 in
1984 1527 2167 1596 aliquo
2216 1542 2339 1581 reos
2370 1527 2674 1592 aestiment,
2711 1543 2832 1582 cum
2869 1519 3082 1584 constet
3126 1530 3268 1600 quod
3307 1532 3361 1584 in
3406 1529 3492 1584 iu-

1893 1618 2136 1673 numeris
2175 1617 2520 1686 delinquaut.
2561 1615 2694 1670 Cum
2739 1631 2872 1671 vero
2917 1618 3236 1688 plerumque
3282 1619 3488 1688 aliquid

1894 1707 2050 1778 quasi
2095 1707 2257 1774 boui,
2302 1707 2383 1761 vel
2420 1707 2678 1774 tenuiter,
2709 1714 2764 1762 et
2811 1707 3260 1776 supertieietenus
3306 1709 3493 1762 videna

1895 1806 1986 1853 tur
2029 1805 2304 1868 utcunque
2332 1813 2524 1869 agere,
2583 1798 2685 1851 hoc
2724 1797 2888 1851 etiam
2921 1796 3063 1866 apud
3095 1811 3154 1851 se
3193 1797 3489 1851 introrsum

195 1886 485 1951 Diximus,
528 1886 574 1941 si
616 1885 1014 1949 reminisceris,
1065 1883 1212 1937 circa
1253 1881 1416 1936 tinem
1468 1879 1614 1936 illius
1651 1880 1794 1952 quod

1899 1889 2293 1955 indesinenter,
2332 1904 2437 1942 non
2488 1889 2540 1941 in
2574 1887 2801 1942 Domino
2823 1888 2913 1941 sed
2963 1887 3015 1941 iu
3053 1902 3112 1942 se
3157 1887 3451 1958 gloriantes
3474 1924 3491 1952 ,

196 1977 350 2032 istud
392 1977 639 2048 proxime
683 1976 941 2047 praecedit
987 1973 1243 2043 capituli,
1283 1983 1342 2027 ut
1367 1973 1542 2028 oratio
1584 1981 1710 2037 tua,
1741 1980 1797 2026 et

197 2085 230 2124 a
264 2069 379 2124 Deo
407 2079 629 2139 accepta
657 2067 875 2135 haberi,
907 2076 962 2120 et
1000 2065 1093 2120 tibi
1129 2065 1406 2120 fructuosa
1437 2063 1611 2132 possit
1641 2061 1789 2126 ﬁeri,

197 2161 310 2214 tria
342 2160 591 2230 quaedam
622 2159 818 2214 debere
854 2175 885 2213 a
915 2168 966 2214 te
989 2155 1405 2228 diligentissime
1429 2153 1790 2209 considerari.

193 2251 450 2306 Primum
480 2251 700 2320 quidem
733 2261 838 2316 est,
866 2259 926 2304 ut
955 2248 1207 2304 attendas
1237 2245 1488 2311 sollicite,
1523 2244 1702 2318 qualis
1727 2244 1795 2300 ad

194 2357 328 2398 eam
357 2343 607 2397 accedas.
637 2341 946 2398 Secundum
971 2354 1188 2411 quoque
1214 2347 1331 2404 est,
1362 2337 1577 2408 qualem
1604 2345 1657 2392 te
1686 2338 1795 2392 Deo

196 2433 253 2488 in
287 2448 352 2488 ea
380 2432 598 2489 offeras.
633 2433 878 2488 Tertium
919 2447 1052 2487 vero
1075 2471 1090 2497 ,
1137 2430 1351 2502 qualem
1390 2437 1446 2485 te
1482 2438 1606 2500 post
1634 2427 1796 2484 tinem

190 2524 470 2580 orationis
493 2525 772 2580 exhibeas.
816 2523 886 2579 Ut
928 2533 1106 2577 autem
1148 2522 1382 2592 primum
1425 2520 1492 2576 de
1522 2519 1698 2590 primo
1741 2519 1793 2572 in

192 2613 309 2669 hoc
333 2612 573 2683 capitqu
597 2612 978 2684 agamusinon
1019 2611 1163 2665 enim
1199 2609 1267 2664 de
1303 2609 1476 2664 tribus
1517 2609 1602 2662 his
1632 2606 1794 2663 simul

188 2703 532 2761 sufﬁcienter
559 2713 792 2759 tractare
820 2703 874 2758 iu
904 2703 1008 2758 hoc
1031 2701 1268 2772 capitqu
1298 2699 1564 2770 valemus)
1594 2708 1675 2764 ιιι,
1704 2699 1787 2752 iu-

195 2812 401 2866 quant,
445 2796 678 2867 primum
722 2795 776 2850 in
811 2794 1048 2866 capitqu
1085 2794 1188 2849 hoc
1214 2793 1282 2849 de
1329 2792 1506 2863 primo
1536 2805 1791 2862 agamus,

190 2891 484 2945 instanter
511 2897 583 2955 te,
609 2889 698 2958 qui
724 2888 999 2944 habitator
1019 2886 1170 2942 cella:
1197 2901 1276 2952 es,
1296 2887 1672 2949 admonemus,
1698 2883 1797 2938 ob-

199 2983 338 3036 nixe
369 2995 684 3046 exoramus,
716 2988 1015 3050 Opportune
1036 2993 1251 3049 quoque
1277 2976 1372 3031 tibi
1405 2985 1461 3032 et
1489 2978 1796 3046 importune

195 3074 248 3127 in
319 3072 553 3127 Domino
614 3071 959 3142 pra‘cipimus
1016 3079 1110 3134 ιιι,
1169 3084 1291 3124 cum
1339 3067 1407 3122 ad
1451 3058 1832 3123 adoranduth

1824 3213 1872 3277 C

195 3165 496 3222 Dominum
544 3165 711 3219 Deum
747 3172 897 3218 tuum
936 3177 1229 3234 properas,
1280 3170 1335 3216 et
1385 3161 1624 3216 maxime
1670 3175 1793 3216 cum

192 3256 488 3312 immolare
530 3255 678 3311 Patri
712 3255 945 3321 Filium,
977 3253 1070 3309 ubi
1117 3252 1430 3324 specialiter
1459 3251 1604 3308 Deus
1629 3262 1712 3308 est
1743 3253 1798 3307 in

193 3347 398 3401 eodem
427 3346 646 3401 Christo
681 3345 940 3400 mundum
976 3344 1338 3400 reconcilians
1369 3342 1502 3409 sibi,
1536 3343 1801 3398 accedere

197 3438 448 3508 cogitas,
488 3436 776 3508 diligenter
817 3435 874 3491 in
913 3435 1178 3491 memoria
1209 3434 1443 3502 habeas,
1487 3442 1544 3489 et
1594 3435 1803 3504 absque

196 3528 354 3585 omni
393 3526 560 3582 dubio
597 3528 775 3594 scias,
813 3542 937 3582 cum
983 3526 1038 3582 in
1079 3525 1226 3582 omni
1257 3524 1376 3580 Ioco
1404 3524 1545 3579 oculi
1583 3523 1800 3579 Domini

191 3620 553 3693 speculantur
584 3621 755 3676 bonos
788 3629 845 3676 et
884 3619 1087 3687 malos,
1124 3630 1252 3677 tunc
1282 3629 1335 3676 te
1365 3620 1712 3690 potissimum
1744 3620 1800 3675 in

193 3723 502 3784 conspectu
522 3712 618 3768 Dei
643 3721 700 3768 et
731 3721 1045 3769 sanctorum
1073 3712 1406 3784 angelorum,
1433 3712 1525 3782 qui
1551 3727 1799 3782 prtnscn-

196 3814 276 3860 tes
308 3803 546 3870 adsunt,
584 3815 744 3872 atque
773 3804 1014 3859 omnium
1055 3812 1368 3860 sanctorum
1399 3817 1683 3873 apparere.
1730 3802 1797 3859 Et

192 3895 346 3967 quod
377 3895 588 3950 orando
614 3891 779 3950 oIIers
804 3894 942 3963 Deo,
978 3903 1089 3950 tam
1131 3893 1222 3949 illo
1259 3909 1424 3966 quam
1478 3893 1585 3949 illis
1623 3895 1801 3952 beatis

192 3987 445 4044 caelestis
488 3988 654 4045 curia:
695 3988 1012 4059 spiritibus,
1063 3989 1159 4043 sed
1201 3999 1258 4043 et
1290 3986 1544 4042 onmibus
1594 3985 1802 4043 sanctis

194 4081 429 4149 (etcum
460 4080 514 4136 in
543 4080 678 4137 cella
723 4079 871 4136 solus
893 4096 1000 4137 non
1034 4080 1212 4146 solus,
1240 4088 1443 4136 etcum
1477 4079 1528 4134 in
1559 4081 1802 4138 oratorio

193 4185 322 4225 cum
358 4169 482 4226 aliis
503 4172 651 4242 oras)
688 4171 1045 4242 przesentibus
1080 4180 1131 4227 te
1156 4170 1371 4228 oﬁ‘erre.
1405 4170 1470 4225 Et
1498 4171 1543 4227 si
1586 4172 1689 4228 hoc
1725 4172 1800 4227 ita

192 4269 298 4326 est,
336 4260 451 4315 imo
479 4260 605 4331 quia
635 4260 708 4315 ita
731 4270 844 4327 est,
873 4261 1094 4317 attende
1121 4260 1538 4332 diligentissime
1567 4261 1802 4331 qualiter

194 4351 466 4419 accedas,
501 4361 560 4408 et
587 4354 803 4423 qualem
837 4362 891 4410 te
934 4353 988 4410 in
1025 4353 1127 4409 hoc
1169 4369 1396 4411 accessu
1422 4355 1682 4412 exhibere
1707 4356 1803 4412 dc-

192 4443 353 4500 heas.
388 4444 456 4499 Et
480 4444 619 4501 dicis
655 4446 825 4500 mihi?
851 4445 933 4501 Ad
969 4453 1022 4501 te
1060 4445 1256 4500 attinet
1284 4461 1372 4502 me
1403 4446 1636 4518 docere,
1670 4461 1804 4517 qua-

1898 1978 2181 2034 revolvere
2202 2019 2218 2044 ,
2248 1987 2304 2032 et
2327 1979 2568 2032 exterius
2603 1992 2699 2032 ore
2730 1977 2942 2032 Iaudem
2969 1988 3272 2045 quaerentes
3300 1979 3494 2032 huma-

1898 2084 2048 2132 nam,
2077 2084 2182 2124 non
2205 2079 2423 2124 cessant
2451 2078 2773 2140 arroganter
2796 2067 3019 2125 referre.
3041 2067 3157 2122 Non
3188 2068 3267 2124 sic
3291 2078 3369 2134 tu,
3393 2068 3486 2138 qui

1896 2160 2171 2216 habitator
2197 2159 2348 2216 cella:
2369 2175 2450 2224 es,
2474 2175 2578 2214 non
2611 2161 2721 2224 sic,
2755 2160 2848 2215 sed
2877 2159 2930 2213 in
2963 2159 3218 2214 omnibus
3249 2173 3374 2229 qua:
3401 2157 3486 2215 vel

1895 2261 2080 2306 mente
2123 2252 2363 2313 revolvis,
2403 2251 2486 2307 vel
2521 2265 2617 2306 ore
2645 2251 2809 2318 dicis,
2839 2249 2925 2305 vel
2959 2263 3125 2319 opere
3153 2250 3489 2317 conuuittis,

1896 2342 1965 2396 ad
1999 2342 2346 2397 conscientiae
2379 2353 2484 2396 tuae
2530 2356 2745 2410 semper
2774 2351 2829 2396 et
2867 2340 3068 2410 ubique
3113 2340 3488 2397 testimonium

1899 2424 2202 2498 revertere,
2225 2441 2281 2488 et
2306 2434 2478 2504 ipsam
2509 2433 2560 2486 in
2583 2431 2739 2503 plena
2757 2431 3008 2487 veritatis
3031 2430 3148 2486 luce
3172 2432 3486 2502 pervidens,

1896 2525 2038 2592 quod
2064 2525 2178 2594 ipsa
2207 2524 2472 2579 veraciter
2499 2523 2567 2578 de
2594 2520 2820 2593 singulis
2843 2521 2950 2576 tuis
2968 2529 3022 2576 et
3050 2519 3486 2575 revolutionibus

1897 2615 2152 2677 internis,
2178 2625 2233 2670 et
2259 2615 2502 2671 moribus
2530 2613 2773 2669 externis
2793 2611 3150 2682 iudicaverit;
3173 2612 3276 2667 hoc
3299 2620 3354 2666 tu
3385 2621 3494 2666 tam

1900 2705 1954 2759 in
1989 2705 2054 2760 iis
2077 2719 2198 2774 qua:
2231 2706 2343 2775 ipsa
2368 2706 2623 2776 reprobat
2650 2702 2979 2776 arguendis,
3019 2701 3334 2773 culpandis,
3369 2717 3494 2778 cor-

1899 2797 2160 2867 rigendis,
2188 2814 2349 2867 quam
2379 2797 2431 2852 iu
2457 2797 2521 2852 iis
2549 2811 2668 2866 quin
2691 2794 2972 2866 approbat,
2999 2793 3372 2864 acquirendis,
3407 2807 3498 2846 rc-

1900 2885 2164 2949 tinendis,
2189 2885 2541 2949 exercendis,
2583 2883 2948 2955 adaugendis,
2977 2897 3077 2954 per
3104 2882 3287 2938 omnia
3317 2890 3495 2936 ratum

1897 2975 2080 3031 habet.
2111 2975 2299 3046 Itaque
2341 2975 2397 3030 in
2437 2973 2615 3030 balteo
2644 2974 2825 3029 cordis
2863 2973 2971 3039 tui,
3013 2985 3231 3028 acutum
3282 2985 3498 3042 semper

1898 3086 2096 3142 gerens
2125 3070 2360 3142 propriae
2402 3066 2766 3124 accusationis
2803 3065 3097 3138 paxillum,
3145 3066 3275 3122 sede
3314 3073 3367 3120 te
3395 3065 3498 3119 hu-

1908 3163 2166 3219 tniliando
2184 3202 2202 3230 ,
2231 3161 2352 3218 {ode
2379 3169 2429 3216 te
2454 3160 2806 3232 corrigendo,
2836 3168 2895 3214 ut
2929 3157 3010 3213 sic
3037 3158 3180 3227 quod
3209 3171 3240 3212 a
3275 3165 3327 3212 te
3354 3155 3499 3212 {inde

1903 3270 1969 3311 ac
2012 3255 2176 3311 fetide
2212 3269 2320 3309 non
2348 3262 2456 3308 tam
2483 3267 2582 3324 per
2615 3260 2862 3306 naturam
2886 3258 3167 3322 egestum,
3203 3262 3370 3318 quam
3395 3259 3498 3318 per

1907 3347 2122 3418 culpam
2153 3355 2363 3418 gestum
2395 3353 2511 3412 est,
2543 3343 2825 3415 cooperias
2851 3341 3196 3414 pienitendo,
3233 3340 3414 3397 sciens
3443 3346 3500 3395 et

1906 3439 2099 3496 beatos
2125 3452 2248 3496 esse
2271 3451 2502 3508 quorum
2539 3444 2683 3492 tecta
2720 3443 2847 3491 sunt
2877 3443 3100 3506 peccata
3121 3473 3137 3500 ,
3184 3442 3241 3490 et
3275 3433 3404 3505 quia
3440 3431 3498 3488 in

1905 3527 2113 3584 sanctis
2160 3526 2520 3592 animalibus,
2568 3525 2712 3582 sicut
2759 3524 2880 3580 dua:
2921 3539 3112 3596 penna
3160 3523 3498 3594 singulorum

1900 3616 2292 3689 iungebantur,
2332 3617 2413 3673 sic
2451 3615 2804 3672 nihilominus
2828 3627 2884 3670 et
2907 3617 3029 3670 duae
3077 3615 3334 3686 tegebant
3367 3628 3500 3670 cor-

1902 3725 2036 3782 pora
2066 3725 2281 3765 eorum.
2331 3707 2471 3776 Quid
2524 3718 2706 3764 autem
2757 3707 2860 3765 sibi
2899 3707 3070 3764 velint
3105 3707 3261 3775 haac,
3307 3706 3501 3762 beatus

1901 3802 2200 3873 Gregorius
2229 3811 2282 3857 te
2307 3801 2534 3868 doceat,
2569 3802 2745 3873 magis
2769 3809 2951 3856 autem
2983 3799 3202 3872 propria
3251 3809 3304 3855 te
3334 3811 3501 3870 expe-

1901 3894 2094 3950 rientia
2125 3903 2334 3950 certum
2359 3893 2568 3949 reddat.
2599 3891 2706 3949 Sed
2737 3901 2794 3948 et
2839 3893 2885 3948 si
2927 3893 3112 3964 aliqua
3153 3891 3311 3962 quasi
3353 3891 3500 3948 bona

1900 3985 2103 4042 videris
2138 3987 2193 4041 in
2237 3995 2328 4050 te,
2373 3985 2429 4040 in
2477 3985 2670 4054 primis
2701 3983 3008 4040 certissime
3045 3983 3190 4040 scias
3236 3985 3354 4055 ipsa
3389 3998 3500 4038 non

1901 4087 2021 4132 esse
2057 4090 2088 4129 a
2134 4083 2218 4141 te,
2265 4073 2464 4130 deinde
2511 4088 2621 4129 non
2651 4073 2870 4145 ignores
2897 4074 3025 4144 quia
3055 4073 3228 4145 ipsam
3277 4087 3498 4144 quoque

1899 4165 2200 4223 Jerusalem
2219 4167 2400 4238 justus
2428 4165 2540 4232 ille,
2568 4174 2625 4222 et
2651 4165 2934 4223 districtus
2955 4166 3126 4238 judex
3155 4167 3499 4222 scrutabitur

1901 4259 1956 4314 in
1994 4258 2232 4316 lucernis
2263 4276 2278 4315 :
2308 4268 2364 4314 et
2399 4272 2523 4314 cum
2564 4258 2837 4329 acceperit
2867 4268 3110 4328 tempus,
3164 4256 3282 4327 ipse
3322 4257 3490 4312 etiam

1895 4347 2145 4420 justitias
2168 4349 2453 4422 judicabit.
2485 4351 2623 4420 Quia
2655 4350 2916 4405 nimiruut
2947 4350 3087 4406 sicut
3113 4348 3157 4404 si
3189 4347 3402 4404 venerit
3429 4346 3500 4402 ad

1901 4449 1982 4505 te,
2020 4456 2128 4498 non
2169 4441 2379 4497 videbis
2422 4455 2575 4505 eum,
2625 4441 2706 4497 sic
2731 4453 2947 4511 quoque
2973 4438 3076 4495 etsi
3121 4438 3352 4506 abierit,
3391 4452 3500 4493 non

195 4533 324 4590 liter
356 4549 446 4591 me
471 4535 700 4592 debeam
735 4536 870 4592 hora
900 4535 992 4591 illa
1021 4537 1311 4618 exhibere;
1353 4535 1422 4591 ad
1454 4552 1542 4593 me
1581 4547 1796 4604 autem,
1827 4567 1880 4630 ι)
1906 4530 2202 4630 intelliges,
2237 4541 2297 4586 ut
2325 4533 2372 4587 si
2402 4530 2625 4602 quando
2653 4531 2797 4586 ridet
2833 4531 2901 4585 ad
2955 4539 3172 4630 te,.non
3198 4530 3394 4585 credas
3421 4529 3498 4585 ei.

195 4634 252 4683 et
281 4624 571 4681 humiliter
600 4625 823 4690 audire,
862 4636 918 4681 et
959 4642 1058 4698 pro
1087 4642 1246 4698 posse
1284 4642 1348 4684 ac
1377 4643 1540 4684 nosse
1581 4628 1800 4684 eil‘ectui

195 4715 401 4771 devote
434 4717 772 4786 mancipare.
806 4716 873 4772 Et
907 4733 1040 4788 ego,
1083 4719 1158 4773 ita
1206 4716 1336 4784 fiat,
1381 4727 1442 4774 ut
1471 4719 1649 4774 dicis:
1678 4733 1801 4790 pre-

177 4817 410 4886 corque
446 4805 619 4862 Deum
653 4817 712 4862 ut
737 4807 818 4862 sic
847 4808 1132 4866 faciamus.
1183 4809 1368 4880 Itaque
1395 4809 1463 4864 ad
1497 4809 1800 4866 orationem

175 4887 508 5006 iaccedens,
547 4898 840 4971 diligenter
868 4901 1025 4956 stude
1042 4943 1057 4969 ,
1095 4910 1151 4957 et
1177 4901 1305 4957 totis
1328 4901 1537 4958 viribus
1562 4917 1764 4958 conare
1781 4941 1800 4969 ,

199 5000 256 5043 ut
304 5005 410 5046 cor
454 4991 716 5047 mundum
767 5007 867 5063 per
915 4993 1098 5048 omnia
1149 4991 1382 5061 aﬂeras,
1435 5003 1704 5066 quatenus
1746 5003 1804 5052 et

198 5077 317 5135 Deo
365 5080 670 5150 placentem
707 5093 765 5139 et
810 5083 907 5138 tibi
943 5083 1221 5141 salubrem
1249 5085 1552 5142 orationem
1582 5083 1799 5141 oﬂ'eras.

198 5170 524 5240 Quomodo,
569 5174 679 5239 ais,
711 5174 803 5230 tiet
840 5175 1016 5232 istud?
1046 5177 1206 5244 Audi,
1233 5185 1290 5232 et
1318 5176 1562 5248 iutellige
1583 5219 1599 5244 ,
1629 5186 1685 5232 et
1706 5193 1803 5232 au-

202 5263 366 5319 diens
399 5274 562 5336 atque
609 5265 944 5338 intelligens,
993 5268 1158 5324 etiam
1191 5281 1358 5338 opere
1385 5267 1607 5338 perﬁce.
1637 5266 1805 5335 Quid-

204 5357 342 5426 quid
393 5358 787 5414 conscientiam
827 5368 974 5414 tuam
1027 5360 1330 5429 remordet,
1381 5359 1495 5416 imo
1540 5359 1805 5430 quidquid

203 5448 603 5506 conscientiam
648 5458 798 5507 tuam
842 5449 1034 5509 illicite
1093 5466 1126 5508 a
1165 5460 1218 5508 te
1256 5451 1344 5509 vel
1382 5467 1480 5524 per
1515 5450 1803 5524 cogitatio-

205 5552 374 5604 nem,
417 5548 511 5595 aut
552 5556 648 5610 per
674 5541 1002 5599 locutionem
1027 5583 1045 5610 ,
1089 5559 1185 5600 seu
1223 5552 1374 5600 certe
1401 5559 1504 5615 per
1533 5543 1800 5615 operatio-

205 5643 377 5694 nem,
415 5640 510 5684 aut
547 5646 873 5703 quocunque
901 5634 1064 5689 modo
1093 5633 1444 5690 commissum
1493 5633 1806 5691 retnordere

206 5720 382 5785 Valet,
415 5724 737 5792 paenitentia
771 5727 924 5796 prius
948 5726 1143 5798 plena;
1172 5725 1516 5798 confessione
1541 5743 1709 5800 pura,
1749 5739 1805 5785 et

208 5809 430 5882 humili,
471 5825 526 5874 et
551 5815 727 5888 ﬁdeli;
760 5817 1133 5877 satisfactione
1177 5820 1476 5893 condigna,
1523 5835 1648 5881 cum
1672 5833 1800 5892 per-

1905 4618 2104 4690 Sicque
2131 4619 2335 4675 bonqu
2381 4621 2518 4684 tibi,
2561 4628 2832 4690 quatenus
2860 4618 3237 4688 experimento
3279 4618 3495 4685 discas,

1899 4709 2170 4766 honorum
2211 4725 2357 4776 esse,
2382 4709 2457 4766 ibi
2487 4709 2701 4781 culpam
2738 4707 3042 4772 aestimare,
3074 4707 3162 4763 ubi
3190 4705 3345 4778 culpa
3389 4721 3499 4761 non

1901 4808 2008 4856 est.
2041 4800 2228 4872 Itaque
2267 4799 2357 4854 illa
2386 4799 2685 4855 mortiferae
2720 4797 3091 4854 excusationis
3121 4796 3494 4868 protoplasto-

1901 4907 2025 4950 rum
2054 4902 2164 4949 ate
2202 4893 2445 4949 funditus
2465 4891 2673 4964 projice
2698 4891 3034 4964 perizomata
3053 4931 3068 4956 ,
3103 4890 3302 4963 quibus
3331 4891 3498 4948 innu-

1903 4986 2040 5039 meri
2071 4982 2363 5039 hodie-sua
2391 4981 2458 5038 ad
2484 4997 2743 5053 magnam
2768 4981 3136 5052 insipientiam
3166 4981 3273 5038 sibi
3306 4989 3503 5054 tegunt

1901 5073 2164 5130 verenda.
2186 5072 2387 5145 Sicque
2413 5075 2576 5142 scias,
2606 5072 2743 5129 nihil
2766 5071 2913 5128 aliud
2937 5087 3060 5129 esse
3088 5072 3304 5146 culpam
3331 5087 3499 5130 excu-

1905 5181 2068 5236 sare,
2113 5180 2275 5239 quam
2324 5176 2382 5222 et
2428 5166 2730 5238 simplicem
2775 5165 3088 5237 geminare,
3137 5174 3193 5222 et
3244 5165 3500 5238 exiguam

1905 5261 2196 5331 adaugere.
2230 5258 2400 5331 Magis
2441 5267 2623 5315 autem
2669 5259 2727 5316 iu
2768 5259 2902 5330 ipsis
2934 5258 3164 5316 internis
3194 5261 3302 5317 tuis
3328 5261 3502 5330 quod-

1905 5351 2030 5406 dam
2057 5349 2292 5422 rigidum
2335 5349 2630 5421 capitulum
2659 5339 2801 5408 ratio
2837 5350 3059 5422 quidem
3101 5362 3317 5418 teneat;
3360 5366 3500 5406 con-

1905 5445 2137 5501 scientia
2203 5460 2336 5502 vero
2394 5459 2654 5517 parcere,
2716 5445 2891 5517 silere;
2933 5460 2999 5503 ac
3058 5448 3238 5502 celare
3278 5443 3496 5511 nescia,

1904 5538 2364 5610 proclamationes
2413 5538 2600 5595 faciat.
2649 5537 2770 5610 Ipsa
2821 5537 3174 5595 nihilominus
3224 5549 3381 5592 mens
3429 5533 3502 5592 ab

1888 5628 2054 5699 omni
2107 5631 2518 5700 excusationis,
2579 5631 2950 5699 defensionis,
3010 5627 3496 5693 contradictionis,

1911 5725 2373 5797 tergiversationis
2393 5729 2609 5796 penitus
2634 5724 2846 5781 macula
2867 5724 3241 5788 Obmutescat;
3270 5719 3502 5791 ahjcctis

1908 5817 2088 5898 potius
2111 5833 2290 5889 pravae
2329 5816 2549 5888 (quibus
2592 5814 2876 5886 tegebatur
2912 5815 3019 5872 huc
3050 5811 3247 5885 usque)
3277 5811 3503 5869 tacitur-
