3984 6448
233 345 327 402 73

1381 353 1587 411 LIBER
1627 355 1714 411 DE
1751 353 2125 415 EXERCITIO
2163 356 2432 417 CELLE.

3401 373 3512 432 871’-

182 461 388 516 oculo
424 462 644 534 aspicis,
672 473 726 519 et
754 479 873 519 cum
907 464 1145 536 perfecta
1169 467 1318 521 illum
1353 471 1549 524 mentis
1578 472 1815 526 benevo-
1844 454 1888 514 Α
1920 471 2046 526 dum
2074 482 2174 537 est,
2205 473 2331 542 quia
2353 489 2459 528 non
2485 473 2664 532 minus
2687 474 2852 533 debes
2873 478 3196 539 discordiam
3223 482 3424 554 pellere
3443 488 3513 544 ab

183 551 396 609 lentia
429 563 483 608 et
502 554 785 612 dulcedine
808 550 1119 626 allaqueris,
1147 559 1458 630 nullamque
1482 578 1668 617 eorum
1696 579 1817 633 qua:

181 643 302 698 tibi
342 643 503 699 iliata
528 654 655 700 sunt
682 661 922 702 amaram
955 649 1037 702 vel
1071 649 1124 703 in
1155 653 1440 720 prteseutia
1471 651 1610 720 ejus,
1637 652 1720 709 vel
1761 654 1812 709 in

179 732 496 800 absentia,
534 731 610 790 illi
641 735 733 806 qui
768 737 860 792 tibi
890 739 1094 803 intulit,
1136 749 1225 795 aut
1257 740 1547 811 loquendo,
1583 757 1677 798 seu
1709 743 1814 798 alio

175 841 552 901 quocunque
592 830 753 886 modo
793 834 1121 890 mentionem
1173 834 1348 902 facis,
1394 838 1612 893 videtur
1655 837 1813 894 nobis

174 921 354 988 quod
409 931 538 976 tunc
587 922 864 978 dimisisti.
896 923 1030 979 Nam
1073 934 1202 982 tunc
1233 928 1463 985 dimittis
1505 945 1611 984 non
1649 930 1813 984 verbo

174 1017 243 1064 et
279 1010 513 1083 lingua,
553 1015 648 1068 sed
676 1029 840 1085 opere
867 1025 921 1072 et
947 1019 1196 1084 veritate,
1233 1020 1464 1092 impletis
1500 1023 1628 1078 illud
1665 1025 1810 1094 quod

173 1099 484 1159 Bominus
519 1104 688 1161 dicit:
730 1105 791 1160 Si
817 1123 922 1161 non
953 1109 1252 1166 remiseritis
1285 1114 1635 1184 unusquisque
1659 1114 1815 1184 fratri

172 1209 288 1246 suo
339 1196 423 1249 de
469 1198 716 1252 cordibus
770 1203 950 1255 vestris
999 1201 1216 1271 (Matth.
1262 1219 1433 1268 xvut,
1484 1206 1607 1278 35).
1659 1208 1813 1265 Scias

164 1284 426 1355 absque
453 1289 599 1343 omni
629 1290 794 1345 dubio
823 1295 950 1362 quia
1004 1308 1166 1351 onme
1208 1299 1352 1368 quod
1383 1301 1659 1355 sincerum
1704 1317 1809 1358 nou

170 1387 308 1444 est,
350 1379 448 1434 sic
479 1379 590 1436 Deo
620 1397 725 1436 non
760 1393 936 1454 potest
971 1387 1208 1458 placere.
1240 1391 1383 1446 sicut
1417 1406 1517 1448 nec
1542 1407 1666 1448 eum
1715 1409 1808 1465 po-

171 1475 298 1522 test
358 1467 567 1526 latere.
600 1471 656 1526 Si
687 1475 903 1541 quidem
934 1477 1091 1546 plena
1127 1480 1248 1536 talis
1290 1481 1526 1548 oblivio,
1570 1485 1684 1554 ipsa
1727 1495 1811 1540 est

165 1557 358 1628 plena
388 1561 668 1616 remissio.
699 1561 834 1618 Nam
863 1565 916 1619 in
944 1566 1086 1639 Lege
1112 1570 1377 1640 scriptum
1407 1581 1529 1628 est:
1561 1574 1674 1629 Nec
1702 1593 1810 1632 me-

166 1661 306 1701 mor
325 1650 457 1706 eris
499 1651 711 1720 injuriw
732 1655 919 1710 civium
952 1668 1164 1713 tuorum
1190 1659 1376 1733 (Leuit.
1405 1679 1522 1730 ιικ,
1559 1665 1664 1737 18).
1701 1666 1808 1724 Sed

162 1749 232 1792 et
269 1751 514 1798 mortuo
541 1753 596 1798 et
635 1747 846 1815 sepulto
877 1758 1030 1819 patre
1061 1765 1249 1826 eorum
1275 1751 1467 1820 Iacob,
1497 1754 1696 1812 fratres
1715 1757 1806 1813 «Ιοο

168 1832 320 1903 sepli
363 1837 771 1893 mandaverunt
803 1840 851 1895 ei
879 1859 891 1894 :
927 1841 1091 1897 Pater
1117 1855 1239 1898 tuus
1268 1847 1514 1916 prrecepit
1545 1848 1692 1916 nobis
1715 1866 1810 1903 au-

171 1931 414 1993 tequam
451 1942 760 1996 moreretur,
787 1943 840 1986 ut
869 1934 980 1989 ha'c
1005 1935 1098 1989 tibi
1117 1937 1289 1992 verbis
1311 1939 1456 1992 illius
1484 1940 1807 1996 diceremus:

76 2047 108 2080 ο
165 2013 440 2071 Obsecro
485 2029 539 2073 ut
569 2020 896 2080 obliviscaris
933 2026 1144 2082 sceleris
1179 2029 1410 2098 fratrum
1463 2042 1714 2100 tuorum,
1758 2044 1806 2088 et

166 2109 439 2173 peccati,
487 2123 642 2184 atque
668 2116 884 2172 malitia
909 2135 1066 2188 quam
1099 2131 1444 2176 exercuerunt
1488 2124 1542 2179 in
1573 2133 1621 2179 te
1648 2123 1801 2196 (Gen.

169 2215 231 2262 ι.
267 2201 398 2273 I7).
439 2203 510 2259 Ut
539 2215 721 2262 autem
746 2209 986 2266 sciamus
1009 2213 1136 2282 quia
1172 2216 1294 2270 talis
1319 2216 1520 2272 oblivio
1556 2218 1805 2274 dimissio

164 2296 290 2361 sit,
325 2298 673 2356 addiderunt
705 2318 719 2355 :
757 2303 870 2358 Nos
903 2323 1106 2377 quoque
1142 2324 1356 2362 oramus
1383 2320 1436 2363 ut
1468 2310 1671 2379 [amulo
1708 2311 1806 2366 Dei

167 2388 332 2452 patri
353 2398 460 2442 tuo
485 2391 720 2446 dimittas
747 2394 1080 2464 iniquitatem
1107 2397 1264 2452 hanc.
1307 2399 1469 2468 Ecce,
1497 2403 1625 2472 quia
1659 2403 1802 2472 quod

169 2478 343 2548 prius
372 2481 652 2535 vocabant
675 2483 1026 2553 oblivionem,
1050 2486 1160 2554 iam
1182 2498 1378 2544 vocant
1405 2491 1799 2548 dimissionem.

168 2569 345 2635 Quod
382 2569 434 2624 si
469 2569 607 2626 forte
637 2574 1039 2642 reminisceris,
1068 2576 1162 2632 sed
1192 2579 1338 2634 nullo
1366 2595 1592 2650 prorsus
1613 2582 1801 2639 dolore

109 2716 118 2728 ,
177 2664 464 2731 tangeris,
489 2663 723 2721 dicimus
751 2666 993 2738 tibiquia
1025 2669 1277 2727 dimittis.
1315 2670 1447 2732 Nam
1473 2672 1799 2746 pierumque

177 2748 440 2806 tristium
482 2751 589 2808 laeti
629 2755 1062 2826 reminiscimur,
1096 2768 1150 2814 et
1190 2759 1304 2829 jam
1342 2762 1584 2832 perfecte
1635 2765 1750 2820 sani
1781 2807 1796 2833 ,

178 2854 364 2909 aegros
425 2857 531 2897 nos
570 2843 861 2914 aliquando
913 2847 1080 2904 fuisse
1125 2850 1332 2921 alisque
1371 2852 1560 2923 dolore
1608 2855 1795 2925 aliquo

187 2940 565 2995 recordamur
591 2959 605 2997 :
643 2952 698 2998 et
728 2943 779 2998 in
805 2954 1004 3011 mente,
1036 2949 1156 3004 sine
1179 2949 1326 3003 omni
1355 2964 1577 3021 quoque
1603 2951 1792 3022 caligi-

183 3045 253 3084 ne
297 3031 458 3088 illius
511 3033 726 3104 priores
773 3050 893 3107 quae
926 3037 1039 3110 jam
1071 3049 1334 3110 quantum
1363 3045 1431 3099 ad
1465 3059 1525 3099 se
1568 3046 1796 3100 transie-

179 3130 346 3189 runt,
399 3126 667 3182 tenebras
697 3126 990 3184 intuemur.
1022 3129 1091 3186 Ut
1133 3140 1315 3187 autem
1351 3131 1513 3188 finem
1539 3133 1653 3204 jam
1690 3135 1792 3188 im-

182 3228 465 3282 ponamus
516 3217 636 3285 IIIS,
692 3229 820 3274 tunc
874 3219 1030 3276 nobis
1074 3221 1288 3278 videtur
1331 3225 1475 3294 quod
1524 3225 1790 3292 dimittis,

183 3307 407 3374 quando
453 3311 820 3366 reminiscens
861 3311 988 3368 talia
1034 3322 1087 3368 te
1130 3315 1454 3383 pertulisse,
1493 3318 1700 3386 gaudes
1738 3327 1793 3373 et

183 3393 418 3466 ltetaris;
467 3400 626 3456 illum
656 3402 708 3456 in
740 3403 842 3459 hoc
876 3404 1128 3470 imitans,
1163 3408 1253 3479 qui
1303 3423 1362 3462 se
1392 3409 1527 3463 dicit
1561 3409 1820 3472 libentch

182 3487 401 3556 gloriari
457 3491 523 3545 in
570 3492 979 3552 inlirmitatilms
1027 3498 1140 3552 suis
1191 3507 1250 3553 ut
1302 3499 1571 3555 inhabitet
1621 3501 1672 3555 in
1723 3517 1790 3555 eo

181 3579 355 3637 virtus
402 3584 657 3642 Christi:
695 3587 786 3656 qui
816 3587 981 3642 etiam
1031 3590 1277 3662 adjungit
1315 3605 1334 3645 :
1383 3589 1610 3661 Propter
1651 3595 1790 3664 quod

181 3669 359 3738 placeo
391 3675 538 3728 mihi
568 3677 622 3730 in
647 3677 1042 3747 inﬁrmitatibus
1069 3682 1220 3748 meis,
1245 3682 1299 3736 in
1331 3682 1694 3750 contumeliis,
1736 3687 1789 3740 in

183 3766 624 3833 necessitatibus,
681 3768 732 3822 iu
764 3771 1237 3838 persecutiouibus,
1273 3775 1325 3826 in
1363 3777 1652 3845 angustiis,
1693 3794 1789 3846 pro

182 3853 387 3913 Christo
417 3858 523 3930 (II
551 3859 675 3915 Cor.
706 3878 781 3916 xu
801 3903 815 3926 ,
847 3861 958 3934 10).
1001 3863 1056 3920 Si
1089 3874 1270 3920 autem
1311 3874 1470 3922 tantm
1497 3868 1786 3937 perfectio-

188 3947 272 4003 nis
313 3952 568 4007 nendum
601 3968 688 4020 es,
743 3962 802 4007 ut
843 3955 1078 4025 gaudere
1112 3966 1169 4014 et
1217 3957 1386 4012 laetari
1436 3960 1631 4030 possis,
1663 3976 1784 4016 cum

194 4038 376 4096 talium
403 4043 744 4110 recordaris,
775 4047 869 4102 sed
894 4063 958 4103 ea
989 4057 1167 4104 tamen
1195 4050 1247 4104 iu
1279 4050 1378 4105 hac
1411 4051 1786 4108 recordatione

191 4134 276 4183 tua
303 4131 424 4188 sine
453 4134 639 4204 aliqua
681 4137 821 4193 intra
852 4147 902 4194 te
929 4143 1291 4200 commotione
1327 4144 1597 4202 revulvis:
1639 4155 1696 4202 et
1721 4163 1784 4202 ea

193 4234 286 4288 pro
315 4225 490 4284 nihilo
517 4229 735 4296 penitus
771 4232 1001 4299 habens,
1027 4249 1151 4290 eum
1181 4237 1272 4307 qui
1309 4236 1401 4292 tibi
1443 4239 1654 4295 adversi
1685 4241 1785 4295 ali-

194 4314 315 4380 quid
351 4318 548 4375 iutulit
576 4337 679 4378 non
707 4322 888 4380 minus
928 4325 1108 4396 diligis
1137 4345 1300 4398 quam
1343 4339 1472 4386 ante
1509 4331 1780 4395 dilexisti,

197 4401 276 4456 vel
319 4406 582 4478 diligeres
614 4410 658 4465 si
693 4427 966 4483 nunquam
997 4416 1299 4486 intulisset,
1329 4431 1481 4476 certe
1505 4422 1778 4477 dimisisti.

1917 561 2100 616 animo
2131 561 2313 619 fratris
2340 563 2436 629 tui,
2461 562 2551 634 qui
2577 564 2834 620 adversus
2864 576 2914 623 te
2939 567 3102 624 habet
3121 586 3281 642 quem
3303 573 3508 642 lasist‘,

1915 667 2079 720 quam
2118 668 2244 709 eam
2277 655 2501 728 depellis
2527 671 2556 709 a
2588 664 2698 720 tuo,
2724 657 2813 727 qui
2851 672 2974 714 eum
3000 661 3205 731 laesisti,
3234 664 3504 739 Relinque.

1916 741 2009 805 ait,
2064 753 2110 796 et
2143 743 2275 798 vade
2325 746 2473 815 prius
2511 745 2841 803 reconciliari
2884 748 3044 818 fratri
3088 763 3198 808 tuo.
3230 754 3370 822 Quid
3422 771 3508 814 est

1916 848 2111 889 munus
2157 834 2496 906 relinquere,
2547 846 2604 892 et
2659 847 2719 893 ut
2771 847 2825 894 te
2866 840 3019 899 fratri
3063 853 3154 902 tuo
3188 850 3504 906 reconcilies

1915 925 2014 990 ire,
2049 926 2150 981 nisi
2179 927 2458 984 humiliter
2490 931 2707 986 interim
2739 931 2806 987 ab
2827 935 3076 993 oratione
3102 953 3342 1009 cessare,
3369 955 3502 1012 quo-

1916 1030 2088 1085 usque
2129 1015 2284 1073 fratri
2336 1028 2428 1074 tuo
2473 1019 2641 1077 fueris
2677 1024 3095 1083 reconciliatus?
3131 1026 3202 1084 Et
3225 1031 3268 1086 si
3297 1033 3368 1086 ita
3396 1043 3503 1096 est,

1914 1107 2238 1163 curinterim
2267 1119 2350 1165 est
2371 1111 2436 1166 ab
2462 1114 3067 1184 oratiouecessandum,
3107 1121 3209 1175 nisi
3237 1121 3364 1192 quia
3394 1140 3502 1180 nec

1917 1197 2026 1254 Deo
2056 1211 2356 1268 acceptam,
2406 1219 2506 1259 nec
2551 1206 2649 1260 tibi
2678 1205 3012 1265 fructuosam
3060 1210 3258 1267 offerre
3305 1217 3503 1270 aratio-

1912 1303 2039 1344 nem
2073 1292 2299 1358 poteris,
2354 1292 2457 1348 nisi
2489 1294 2638 1362 prius
2667 1295 2822 1355 fratri
2851 1308 2942 1355 tuo
2979 1303 3358 1359 reconciliatus
3385 1303 3502 1360 fue-

1915 1379 2028 1432 ris?
2077 1380 2145 1436 Et
2192 1383 2411 1451 quidem
2463 1387 2565 1442 hoc
2603 1387 2780 1444 facere
2807 1400 2963 1460 potes
2989 1404 3045 1448 et
3067 1395 3254 1459 debes,
3284 1396 3330 1450 si
3367 1413 3502 1466 prte-

1912 1482 2041 1523 sens
2072 1470 2236 1525 fuerit
2268 1471 2436 1527 frater
2465 1483 2609 1542 tuus,
2651 1491 2810 1546 quem
2845 1481 3148 1536 recordaris
3183 1485 3309 1553 quia
3339 1486 3503 1541 habet

1913 1561 2118 1632 aliquid
2147 1565 2409 1622 adversus
2433 1575 2502 1622 te.
2536 1567 2591 1624 Si
2617 1578 2797 1624 autem
2841 1580 2947 1625 tam
2975 1573 3130 1643 longe
3155 1590 3192 1628 ~a
3225 1588 3278 1631 te
3303 1577 3502 1633 absens

1908 1651 2094 1706 iubae
2139 1661 2236 1707 tua
2289 1657 2666 1712 recordatione
2721 1655 2905 1722 fuerit,
2959 1671 3021 1714 ut
3071 1665 3253 1738 statim
3283 1668 3351 1722 ad
3377 1682 3500 1724 eum

1913 1757 2100 1811 gressu
2136 1745 2406 1814 corporali
2446 1749 2755 1819 pertingere
2780 1764 2885 1804 non
2911 1752 3104 1821 possis,
3140 1751 3225 1806 fac
3251 1754 3302 1808 in
3333 1758 3501 1810 corde

1915 1842 2044 1896 tuo,
2096 1852 2282 1891 coram
2338 1853 2404 1894 eo
2446 1841 2537 1908 qui
2590 1843 2833 1911 ejusdem
2879 1845 3060 1900 cordis
3095 1846 3369 1916 inspector
3392 1858 3500 1907 est.

1914 1924 2066 1983 fratri
2088 1939 2178 1984 tuo
2211 1930 2359 2001 (licet
2386 1932 2545 2002 longe
2569 1932 2869 1998 sitabsens)
2897 1937 3042 2006 quod
3064 1938 3112 1992 ei
3139 1953 3299 2008 opere
3320 1938 3501 1994 facere

1912 2019 2160 2089 deberes,
2196 2022 2242 2076 si
2283 2024 2496 2079 adesset
2533 2039 2794 2095 praesens.
2829 2027 2897 2081 Et
2929 2028 3032 2083 hoc
3057 2028 3278 2085 inter-im
3308 2029 3493 2094 facias

1909 2126 2192 2182 quousque
2231 2112 2458 2170 fratrem
2508 2124 2659 2171 tuum
2695 2117 2900 2173 habere
2941 2129 3264 2189 przesentem
3307 2137 3496 2191 queas,

1910 2213 1970 2282 ut
2013 2204 2063 2260 ei
2113 2204 2284 2263 facias
2329 2216 2456 2264 tunc
2501 2212 2757 2280 praesenti
2792 2212 2844 2266 in
2870 2223 3076 2282 aperto,
3098 2216 3243 2284 quod
3277 2233 3418 2273 nunc
3441 2220 3497 2273 ei

1907 2311 2090 2352 coram
2131 2297 2243 2353 Deo
2287 2298 2425 2356 facis
2473 2302 2682 2358 absenti
2737 2303 2792 2357 in
2828 2307 3065 2360 occulto.
3109 2307 3173 2364 Et
3205 2308 3497 2376 quomodo,

1904 2387 2005 2468 ais,
2039 2387 2128 2442 fiet
2157 2389 2338 2443 istud?
2380 2391 2538 2457 Ecce,
2565 2392 2789 2447 adverte
2815 2409 2924 2462 quo
2948 2393 3108 2448 modo
3136 2393 3221 2449 fiet
3259 2415 3272 2450 :
3304 2397 3498 2454 Munus

1907 2486 2080 2543 tuum,
2109 2479 2212 2535 hoc
2238 2491 2340 2545 est,
2373 2482 2638 2536 orationis
2670 2491 2773 2539 tua:
2799 2485 3139 2540 devotionem
3163 2487 3359 2543 oﬂ‘erre
3387 2491 3496 2546 Dea

1900 2586 2228 2643 proponens,
2261 2581 2318 2628 et
2347 2574 2482 2628 liora
2511 2574 2628 2639 illa,
2659 2575 2783 2645 quia
2816 2576 2983 2631 frater
3030 2585 3156 2633 tuus
3197 2579 3362 2634 habet
3393 2581 3496 2634 ali-

1902 2663 2028 2733 quid
2073 2666 2332 2722 adversus
2367 2674 2442 2732 te,
2475 2667 2832 2725 reminiscens
2858 2710 2873 2734 ,
2903 2671 3207 2726 orationem
3237 2682 3382 2726 tuam
3415 2673 3496 2725 in-

1902 2754 2064 2808 terim
2097 2756 2293 2812 oﬁ'erre
2321 2758 2564 2824 dill'eras,
2605 2775 2886 2832 quousque
2912 2764 3054 2832 quod
3079 2763 3307 2820 dicimus
3333 2765 3493 2819 modo

1899 2847 1997 2900 tibi
2026 2846 2215 2903 facias.
2250 2848 2396 2906 Vade
2425 2850 2476 2905 in
2507 2850 2623 2920 ipso
2645 2852 2812 2906 corde
2843 2862 2936 2907 tuo
2961 2855 3029 2907 ad
3056 2855 3286 2908 fratrem
3311 2862 3490 2910 tuum.

1895 2939 2024 2993 iit-et
2054 2938 2209 3009 longe
2239 2957 2269 2994 a
2303 2949 2353 2995 te
2380 2941 2740 3011 corporaliter
2762 2943 3017 3013 positum,
3063 2953 3118 2999 et
3169 2945 3224 2999 iu
3273 2945 3490 3001 luunili-
3587 2992 3589 2995 .

1903 3040 2011 3084 tale
2037 3030 2324 3098 profunda,
2369 3031 2421 3086 in
2458 3031 2779 3102 poenitentia
2820 3048 2969 3100 vera,
3004 3043 3055 3090 te
3087 3033 3136 3089 ei
3182 3035 3236 3088 in
3281 3043 3488 3101 mente,

1901 3129 2036 3177 teste
2086 3123 2195 3178 Deo
2237 3122 2328 3193 qui
2377 3137 2616 3192 prmscns
2653 3135 2759 3188 est,
2806 3135 3108 3195 prosterne,
3154 3134 3206 3180 et
3235 3128 3301 3179 ad
3325 3128 3489 3197 pedes

1900 3212 2016 3281 ejus
2062 3212 2346 3270 humiliter
2393 3213 2606 3283 iacens,
2661 3225 2715 3270 ct
2749 3225 2800 3272 te
2825 3217 3028 3273 acriter
3058 3219 3484 3288 reprehendens,

1895 3305 2109 3360 veniam
2149 3304 2217 3360 ab
2249 3319 2320 3362 eo
2349 3321 2470 3361 cum
2503 3307 2648 3362 omni
2692 3308 2946 3362 instantia
2975 3319 3117 3377 p=‘te,
3150 3310 3487 3366 emendatio-

1898 3413 2020 3453 nem
2052 3399 2099 3452 ei
2137 3397 2204 3453 de
2240 3410 2438 3455 caetero
2479 3400 2761 3470 promitte,
2800 3409 2856 3458 et
2887 3401 2966 3456 sic
2991 3399 3144 3457 fratri
3173 3411 3268 3457 tuo
3297 3417 3486 3458 recou-

1895 3488 2131 3554 ciliatus,
2170 3489 2237 3546 ad
2271 3488 2606 3546 offerendum
2635 3507 2833 3548 munus
2885 3501 3035 3548 tuum
3088 3493 3332 3551 accedas.
3368 3493 3483 3550 Hoc

1895 3579 2108 3634 videtur
2152 3580 2379 3638 innuere
2427 3583 2649 3637 verbum
2685 3584 2852 3649 istud,
2889 3585 3030 3654 quod
3055 3596 3136 3638 est
3165 3597 3308 3639 litttt'.
3346 3585 3482 3640 Nam

1895 3670 2024 3742 quid
2055 3680 2142 3726 est
2164 3671 2366 3739 dicere,
2391 3683 2522 3749 tunc
2543 3673 2750 3742 oﬂ‘eres,
2779 3675 2883 3730 nisi
2910 3675 3217 3745 priusquam
3249 3677 3347 3729 hoc
3392 3676 3480 3746 {a-

1892 3763 2040 3829 cias,
2095 3764 2282 3834 offerre
2336 3783 2439 3820 non
2488 3767 2675 3833 debes;
2714 3768 2840 3838 quia
2886 3782 3083 3822 munus
3111 3767 3348 3822 oblatum
3375 3781 3480 3823 nec

1895 3853 2004 3910 Deo
2050 3853 2314 3925 placeret,
2367 3871 2466 3913 nec
2504 3856 2602 3912 tibi
2640 3857 2942 3930 prodesset,
2984 3858 3026 3913 si
3056 3858 3212 3913 aliter
3240 3857 3474 3915 faceres.

1892 3946 1998 4002 Sed
2025 3955 2108 4002 est
2133 3947 2184 4002 in
2213 3947 2315 4002 hoc
2341 3949 2554 4004 Domini
2579 3957 2851 4021 praecepto
2875 3966 3068 4022 magna
3094 3949 3340 4006 habenda
3366 3953 3479 4008 dis-

1888 4040 2080 4106 cretio,
2108 4048 2190 4096 est
2217 4050 2275 4096 et
2317 4041 2494 4112 aliqua
2523 4041 2579 4097 in
2607 4056 2672 4098 eo
2698 4042 3040 4116 intelligenda
3069 4045 3337 4114 exceptio.
3362 4045 3478 4101 Non

1888 4132 2030 4188 enim
2078 4133 2326 4203 compelli
2375 4134 2632 4191 debemus
2658 4143 2718 4190 ut
2759 4134 2864 4192 hoc
2908 4135 3192 4203 faciamus,
3231 4138 3474 4208 quoties-

1886 4240 2100 4296 cunque
2142 4227 2493 4282 recordamur
2531 4227 2675 4298 quod
2732 4224 2902 4283 frater
2936 4237 3120 4284 noster
3147 4245 3475 4300 quocunque

1883 4319 2223 4390 modoputat
2244 4334 2303 4374 se
2329 4319 2530 4374 habere
2556 4319 2758 4391 aliquid
2791 4321 3054 4377 adversus
3091 4336 3208 4377 nos.
3240 4320 3306 4378 Si.
3330 4323 3475 4391 (νεπ-

1887 4409 1940 4465 bi
1968 4409 2156 4478 causa)
2185 4410 2409 4466 fratrem
2438 4419 2589 4465 tuum
2615 4427 2715 4484 pro
2742 4411 2915 4468 salute
2943 4413 3137 4472 animat
3165 4406 3473 4478 sentem-

192 4488 355 4562 Igitur
384 4507 518 4558 tunc
550 4500 824 4560 fruetuose
868 4509 1082 4565 accedis
1119 4511 1184 4565 ad
1212 4513 1511 4579 orandmn,
1542 4530 1665 4570 cum
1701 4515 1780 4570 sic

1898 4518 2019 4573 pore
2048 4514 2102 4560 et
2134 4504 2251 4560 loco
2276 4503 2527 4575 corripis.
2555 4505 2611 4560 Si
2643 4506 3125 4576 proclamatiunem
3152 4521 3317 4575 super
3344 4521 3468 4561 eum

192 4585 496 4655 remittens,
557 4589 896 4649 Dominicum
945 4597 1208 4668 adimples
1267 4612 1619 4671 praeceptum.
1673 4602 1780 4658 Seu

196 4671 331 4732 sicut
360 4695 466 4736 non
502 4682 588 4737 vis
625 4685 886 4742 adversus
913 4687 1078 4743 alium
1110 4690 1307 4745 habere
1338 4692 1667 4762 quidquam,
1702 4695 1781 4751 sic

193 4779 403 4839 quoque
440 4787 668 4829 necesse
700 4785 784 4830 est
809 4787 866 4832 ut
895 4795 999 4836 non
1023 4782 1308 4851 permittas
1333 4783 1535 4854 aliquid
1581 4786 1781 4842 habere

196 4858 452 4920 adversus
482 4877 568 4932 te,
594 4878 854 4937 quantum
889 4871 1001 4925 fieri
1033 4885 1230 4942 potest,
1265 4884 1317 4928 et
1345 4885 1607 4945 quantum
1643 4877 1694 4931 in
1727 4889 1778 4933 te

197 4959 294 5014 εει,
322 4967 650 5028 quemquam
677 4978 690 5014 :
722 4970 778 5016 ut
804 4962 965 5017 etiam
995 4963 1121 5017 illud
1150 4965 1358 5018 Domini
1391 4966 1616 5042 impleas
1637 4984 1776 5039 pne-

198 5053 430 5114 crptum,
453 5053 599 5121 quod
631 5055 884 5122 superius
907 5058 1146 5112 secundo
1162 5058 1284 5112 loco
1306 5062 1608 5128 posuimus,
1635 5063 1777 5131 quod

198 5137 247 5183 et
275 5133 378 5191 tale
413 5149 540 5194 est:
592 5140 654 5196 Si
689 5144 847 5214 oﬂ'ers
879 5162 1066 5200 manus
1105 5158 1252 5200 tuum
1281 5150 1349 5202 ad
1385 5148 1574 5216 altare,
1613 5161 1660 5204 et
1706 5152 1776 5206 ibi

203 5228 494 5286 recordatus
547 5232 711 5303 {ueris
771 5237 895 5308 quia
951 5238 1122 5308 frater
1177 5249 1300 5294 tuus
1355 5239 1507 5295 habet
1572 5242 1775 5313 aliquid

202 5313 438 5376 adversus
478 5333 558 5391 te,
601 5327 834 5399 relinque
871 5329 942 5382 ibi
979 5347 1169 5384 munus
1221 5341 1367 5386 tuum
1403 5344 1524 5387 ante
1565 5334 1734 5388 altare
1757 5373 1773 5397 .

203 5411 248 5454 et
289 5411 413 5466 vade
458 5418 604 5484 prius
649 5420 981 5475 reconciliari
1031 5422 1188 5490 fratri
1238 5433 1328 5478 tuo
1355 5466 1369 5492 ,
1418 5436 1467 5480 et
1511 5435 1635 5479 tum:
1692 5442 1775 5480 re-

206 5501 341 5588 nisus
395 5511 578 5580 olferes
626 5534 815 5572 munus
871 5528 1020 5573 tuum
1070 5515 1309 5588 (Matth.
1365 5532 1430 5580 v,
1487 5517 1595 5585 25,
1641 5516 1773 5584 2i).

205 5585 335 5682 hcce
371 5604 526 5672 quia,
564 5617 624 5664 ut
662 5610 852 5666 beatus
889 5585 1184 5680 Gregorius
1226 5609 1358 5664 dicit
1412 5609 1596 5682 (Hom.
1635 5610 1669 5664 8
1719 5610 1770 5663 in

197 5677 446 5766 Elimia):
481 5717 507 5754 Ι
543 5701 732 5759 Munus
755 5718 860 5758 non
883 5703 1164 5772 accipitur,
1194 5701 1298 5757 nisi
1326 5703 1475 5772 prius
1502 5702 1569 5756 ab
1589 5702 1772 5756 animo

199 5772 450 5842 discordia
507 5795 757 5865 pellatur.
809 5814 826 5847 ι
889 5793 988 5849 Ubi
1022 5795 1275 5849 nimirum
1329 5795 1424 5852 tibi
1474 5793 1771 5866 intelligen-

585 5889 856 5952 PtTuOI..
889 5887 1102 5950 CLIII.

1881 4593 2082 4663 justam
2110 4595 2429 4651 cbaritative
2451 4596 2504 4649 in
2532 4595 2768 4666 capitulo
2803 4595 2958 4663 facis,
2979 4606 3038 4650 et
3065 4609 3132 4649 eo
3157 4610 3258 4664 per
3284 4596 3469 4650 omnia

1887 4687 2046 4747 modo
2099 4701 2207 4758 quo
2259 4687 2558 4743 secundum
2588 4688 2834 4743 ordinem
2869 4687 3048 4744 facere
3077 4687 3272 4753 debes;
3305 4695 3354 4741 et
3399 4687 3470 4740 ob

1887 4779 1987 4834 hoc
2013 4779 2258 4835 turbatus
2284 4787 2338 4835 et
2365 4789 2694 4844 commotus,
2713 4789 2866 4850 putat
2893 4792 2952 4834 se
2980 4777 3180 4848 aliquid
3205 4777 3469 4832 adversus

1887 4879 1938 4924 te
1976 4868 2208 4936 habere;
2233 4885 2338 4925 non
2380 4870 2536 4925 nobis
2565 4871 2782 4926 videtur
2824 4870 2967 4942 quod
3007 4868 3247 4925 tenearis
3278 4869 3361 4925 ire
3391 4871 3461 4924 ad

1883 4960 2359 5017 reconciliandam.
2395 4961 2539 5017 Nihil
2564 4963 2732 5025 enim.
2762 4971 3024 5033 quantum
3049 4961 3101 5016 in
3129 4971 3183 5017 te
3205 4970 3308 5025 est,
3341 4960 3467 5016 mali

1883 5053 1935 5106 in
1979 5052 2130 5106 ii‘lum
2177 5053 2520 5119 commisisti,
2567 5055 2673 5108 imo
2699 5055 2896 5109 bonum
2923 5056 2969 5109 ei
3001 5069 3251 5122 magnum
3286 5053 3466 5110 facere

1881 5143 2117 5198 voluisti.
2157 5145 2352 5199 Verum
2377 5146 2493 5214 ipse
2529 5161 2784 5217 magnum
2816 5155 2965 5201 tuum
2988 5148 3217 5211 bonum,
3247 5146 3458 5202 animo-

1881 5234 2042 5288 sitate
2081 5243 2136 5289 et
2180 5235 2514 5304 impatientia
2540 5251 2634 5291 sua
2662 5237 2823 5292 vertit
2845 5237 2946 5292 sibi
2976 5237 3028 5293 in
3054 5251 3310 5308 maguum
3346 5253 3463 5291 ma-

1880 5325 2009 5390 lum,
2053 5326 2334 5397 magisque
2377 5325 2576 5382 infirmi
2608 5336 2692 5383 est
2715 5345 2878 5398 quam
2909 5329 3104 5385 medici
3135 5328 3289 5398 culpa
3316 5328 3462 5398 quod

1877 5418 1992 5488 ipse
2024 5418 2273 5474 inﬁrmus
2317 5427 2567 5491 :egrotat,
2601 5423 2766 5475 etiam
2789 5422 2855 5476 de
2881 5422 3172 5477 medicina.
3201 5419 3339 5475 Hinc
3367 5421 3463 5473 bc-

1877 5521 1999 5565 atus
2031 5511 2364 5582 Augustinus
2407 5513 2488 5568 sic
2532 5514 2584 5568 iu
2632 5513 2834 5586 Regula
2879 5513 3197 5570 clericorum
3228 5510 3368 5583 (cap.
3398 5511 3458 5581 8)

1875 5606 2063 5662 scribit
2095 5607 2161 5660 de
2188 5607 2307 5660 hoc.
2339 5623 2357 5656 ι
2388 5605 2496 5663 Nec
2526 5623 2643 5671 vos,
2673 5607 2864 5677 inquit,
2900 5605 3157 5675 iudicetis
3187 5619 3308 5658 esse
3341 5617 3459 5657 ma-

1875 5695 2083 5753 levolos
2129 5695 2346 5764 quando
2392 5696 2493 5752 hoc
2547 5696 2818 5751 indicatis.
2852 5694 3018 5765 Magis
3045 5695 3263 5764 quippe,
3297 5693 3456 5746 inuo-

1874 5797 2060 5845 ccntes
2105 5803 2211 5844 non
2259 5787 2415 5856 estis,
2464 5788 2508 5843 si
2539 5786 2734 5844 fratres
2764 5796 2974 5844 vestros
3003 5801 3138 5856 quos
3168 5783 3457 5841 indicando
