  <div class='ocr_page' id='page_1' title='image "/cluster/home/n/w/nwhite01/storage/ocr_20150623/153/hvd.32044015473812/443.png"; bbox 0 0 3984 6402; ppageno 0'>
   <div class='ocr_carea' id='block_1_1' title="bbox 498 317 605 380">
    <p class='ocr_par' dir='ltr' id='par_1_1' title="bbox 498 317 605 380">
     <span class='ocr_line' id='line_1_1' title="bbox 498 317 605 380; baseline 0 -2"><span class='ocrx_word' id='word_1_1' title='bbox 498 317 605 380; x_wconf 69' lang='grc'><strong>8³15</strong></span> 
     </span>
    </p>
   </div>
   <div class='ocr_carea' id='block_1_2' title="bbox 1357 311 2858 380">
    <p class='ocr_par' dir='ltr' id='par_1_2' title="bbox 1357 311 2858 380">
     <span class='ocr_line' id='line_1_2' title="bbox 1357 311 2858 380; baseline 0.001 -10"><span class='ocrx_word' id='word_1_2' title='bbox 1357 311 1678 380; x_wconf 70' lang='lat' dir='ltr'><strong>GUIGONIS</strong></span> <span class='ocrx_word' id='word_1_3' title='bbox 1708 314 1752 370; x_wconf 85' lang='lat' dir='ltr'><strong>ll</strong></span> <span class='ocrx_word' id='word_1_4' title='bbox 1786 311 2204 372; x_wconf 59' lang='lat' dir='ltr'><strong>CARTIIUSIE</strong></span> <span class='ocrx_word' id='word_1_5' title='bbox 2255 313 2548 374; x_wconf 67' lang='lat' dir='ltr'><strong>MAIORIS</strong></span> <span class='ocrx_word' id='word_1_6' title='bbox 2581 313 2858 373; x_wconf 78' lang='lat' dir='ltr'><strong>PRIORIS</strong></span> 
     </span>
    </p>
   </div>
   <div class='ocr_carea' id='block_1_3' title="bbox 3671 315 3774 374">
    <p class='ocr_par' dir='ltr' id='par_1_3' title="bbox 3671 315 3774 374">
     <span class='ocr_line' id='line_1_3' title="bbox 3671 315 3774 374; baseline -0.019 -1"><span class='ocrx_word' id='word_1_7' title='bbox 3671 315 3774 374; x_wconf 76' lang='lat'><strong>876</strong></span> 
     </span>
    </p>
   </div>
   <div class='ocr_carea' id='block_1_4' title="bbox 501 405 3775 502">
    <p class='ocr_par' dir='ltr' id='par_1_4' title="bbox 501 405 3775 502">
     <span class='ocr_line' id='line_1_4' title="bbox 501 405 3775 502; baseline -0.002 -13"><span class='ocrx_word' id='word_1_8' title='bbox 501 405 779 502; x_wconf 73' lang='lat' dir='ltr'><strong>corrigere</strong></span> <span class='ocrx_word' id='word_1_9' title='bbox 807 427 1079 500; x_wconf 83' lang='lat' dir='ltr'><strong>potestis,</strong></span> <span class='ocrx_word' id='word_1_10' title='bbox 1123 425 1348 483; x_wconf 89' lang='lat' dir='ltr'><strong>tacendo</strong></span> <span class='ocrx_word' id='word_1_11' title='bbox 1403 427 1585 497; x_wconf 90' lang='lat' dir='ltr'><strong>perire</strong></span> <span class='ocrx_word' id='word_1_12' title='bbox 1631 426 1967 500; x_wconf 87' lang='lat' dir='ltr'><strong>permittitis.</strong></span> <span class='ocrx_word' id='word_1_13' title='bbox 2018 427 2076 484; x_wconf 86' lang='lat' dir='ltr'><strong>Si</strong></span> <span class='ocrx_word' id='word_1_14' title='bbox 2105 429 2153 489; x_wconf 75' lang='grc' dir='ltr'><strong>Α</strong></span> <span class='ocrx_word' id='word_1_15' title='bbox 2181 441 2322 484; x_wconf 88' lang='lat' dir='ltr'><strong>mus.</strong></span> <span class='ocrx_word' id='word_1_16' title='bbox 2368 426 2482 483; x_wconf 91' lang='lat' dir='ltr'><strong>lloc</strong></span> <span class='ocrx_word' id='word_1_17' title='bbox 2507 436 2688 484; x_wconf 90' lang='lat' dir='ltr'><strong>autem</strong></span> <span class='ocrx_word' id='word_1_18' title='bbox 2733 425 3101 485; x_wconf 88' lang='lat' dir='ltr'><strong>indubitanter</strong></span> <span class='ocrx_word' id='word_1_19' title='bbox 3123 427 3263 484; x_wconf 88' lang='lat' dir='ltr'><strong>scire</strong></span> <span class='ocrx_word' id='word_1_20' title='bbox 3293 427 3463 485; x_wconf 84' lang='lat' dir='ltr'>debes</span> <span class='ocrx_word' id='word_1_21' title='bbox 3510 426 3682 499; x_wconf 86' lang='lat' dir='ltr'><strong>(quod</strong></span> <span class='ocrx_word' id='word_1_22' title='bbox 3722 437 3775 485; x_wconf 90' lang='lat' dir='ltr'><strong>et</strong></span> 
     </span>
    </p>
   </div>
   <div class='ocr_carea' id='block_1_5' title="bbox 499 519 2081 592">
    <p class='ocr_par' dir='ltr' id='par_1_5' title="bbox 499 519 2081 592">
     <span class='ocr_line' id='line_1_5' title="bbox 499 519 2081 592; baseline -0.003 -12"><span class='ocrx_word' id='word_1_23' title='bbox 499 525 670 590; x_wconf 84' lang='lat' dir='ltr'><strong>enim,</strong></span> <span class='ocrx_word' id='word_1_24' title='bbox 717 521 886 577; x_wconf 79' lang='lat' dir='ltr'><strong>frater</strong></span> <span class='ocrx_word' id='word_1_25' title='bbox 936 530 1059 576; x_wconf 87' lang='lat' dir='ltr'><strong>tuus</strong></span> <span class='ocrx_word' id='word_1_26' title='bbox 1098 519 1294 576; x_wconf 86' lang='lat' dir='ltr'><strong>vulnus</strong></span> <span class='ocrx_word' id='word_1_27' title='bbox 1336 519 1560 576; x_wconf 84' lang='lat' dir='ltr'><strong>haberet</strong></span> <span class='ocrx_word' id='word_1_28' title='bbox 1595 521 1649 576; x_wconf 83' lang='lat' dir='ltr'><strong>in</strong></span> <span class='ocrx_word' id='word_1_29' title='bbox 1681 533 1910 590; x_wconf 90' lang='lat' dir='ltr'><strong>corpore</strong></span> <span class='ocrx_word' id='word_1_30' title='bbox 1935 519 2081 592; x_wconf 84' lang='lat' dir='ltr'><strong>quod</strong></span> 
     </span>
    </p>
   </div>
   <div class='ocr_carea' id='block_1_6' title="bbox 500 609 2080 681">
    <p class='ocr_par' dir='ltr' id='par_1_6' title="bbox 500 609 2080 681">
     <span class='ocr_line' id='line_1_6' title="bbox 500 609 2080 681; baseline -0.001 -15"><span class='ocrx_word' id='word_1_31' title='bbox 500 613 662 668; x_wconf 88' lang='lat' dir='ltr'><strong>vellet</strong></span> <span class='ocrx_word' id='word_1_32' title='bbox 678 609 977 681; x_wconf 82' lang='lat' dir='ltr'><strong>occultari,</strong></span> <span class='ocrx_word' id='word_1_33' title='bbox 1028 609 1153 664; x_wconf 90' lang='lat' dir='ltr'><strong>dum</strong></span> <span class='ocrx_word' id='word_1_34' title='bbox 1181 609 1396 665; x_wconf 81' lang='lat' dir='ltr'><strong>timeret</strong></span> <span class='ocrx_word' id='word_1_35' title='bbox 1422 609 1618 676; x_wconf 81' lang='lat' dir='ltr'><strong>secari,</strong></span> <span class='ocrx_word' id='word_1_36' title='bbox 1648 623 1824 664; x_wconf 87' lang='lat' dir='ltr'><strong>nonne</strong></span> <span class='ocrx_word' id='word_1_37' title='bbox 1845 609 2080 664; x_wconf 89' lang='lat' dir='ltr'><strong>crudeli-</strong></span> 
     </span>
    </p>
   </div>
   <div class='ocr_carea' id='block_1_7' title="bbox 499 699 2082 776">
    <p class='ocr_par' dir='ltr' id='par_1_7' title="bbox 499 699 2082 776">
     <span class='ocr_line' id='line_1_7' title="bbox 499 699 2082 776; baseline -0.004 -17"><span class='ocrx_word' id='word_1_38' title='bbox 499 713 584 776; x_wconf 77' lang='lat' dir='ltr'><strong>ter</strong></span> <span class='ocrx_word' id='word_1_39' title='bbox 619 719 650 758; x_wconf 91' lang='lat' dir='ltr'><strong>a</strong></span> <span class='ocrx_word' id='word_1_40' title='bbox 699 712 753 758; x_wconf 90' lang='lat' dir='ltr'><strong>te</strong></span> <span class='ocrx_word' id='word_1_41' title='bbox 791 700 1043 758; x_wconf 80' lang='lat' dir='ltr'><strong>sileretur</strong></span> <span class='ocrx_word' id='word_1_42' title='bbox 1070 739 1087 766; x_wconf 93' lang='lat'><strong>,</strong></span> <span class='ocrx_word' id='word_1_43' title='bbox 1144 708 1198 756; x_wconf 89' lang='lat' dir='ltr'><strong>et</strong></span> <span class='ocrx_word' id='word_1_44' title='bbox 1246 699 1671 756; x_wconf 83' lang='lat' dir='ltr'><strong>misericorditer</strong></span> <span class='ocrx_word' id='word_1_45' title='bbox 1718 699 2082 760; x_wconf 84' lang='lat' dir='ltr'><strong>indicaretur?</strong></span> 
     </span>
    </p>
   </div>
   <div class='ocr_carea' id='block_1_8' title="bbox 491 789 2084 865">
    <p class='ocr_par' dir='ltr' id='par_1_8' title="bbox 491 789 2084 865">
     <span class='ocr_line' id='line_1_8' title="bbox 491 789 2084 865; baseline -0.003 -14"><span class='ocrx_word' id='word_1_46' title='bbox 491 797 714 865; x_wconf 79' lang='lat' dir='ltr'><strong>Quanto</strong></span> <span class='ocrx_word' id='word_1_47' title='bbox 739 808 870 865; x_wconf 83' lang='lat' dir='ltr'><strong>ergo</strong></span> <span class='ocrx_word' id='word_1_48' title='bbox 911 791 1092 864; x_wconf 85' lang='lat' dir='ltr'><strong>potius</strong></span> <span class='ocrx_word' id='word_1_49' title='bbox 1123 790 1290 847; x_wconf 86' lang='lat' dir='ltr'><strong>debes</strong></span> <span class='ocrx_word' id='word_1_50' title='bbox 1314 789 1703 856; x_wconf 77' lang='lat' dir='ltr'><strong>manifestare,</strong></span> <span class='ocrx_word' id='word_1_51' title='bbox 1750 805 1818 846; x_wconf 87' lang='lat' dir='ltr'><strong>ne</strong></span> <span class='ocrx_word' id='word_1_52' title='bbox 1845 789 2084 846; x_wconf 80' lang='lat' dir='ltr'><strong>deterius</strong></span> 
     </span>
    </p>
   </div>
   <div class='ocr_carea' id='block_1_9' title="bbox 497 882 2079 959">
    <p class='ocr_par' dir='ltr' id='par_1_9' title="bbox 497 882 2079 959">
     <span class='ocr_line' id='line_1_9' title="bbox 497 882 2079 959; baseline -0.005 -15"><span class='ocrx_word' id='word_1_53' title='bbox 497 895 777 959; x_wconf 84' lang='lat' dir='ltr'><strong>putrescat</strong></span> <span class='ocrx_word' id='word_1_54' title='bbox 807 886 862 941; x_wconf 91' lang='lat' dir='ltr'><strong>in</strong></span> <span class='ocrx_word' id='word_1_55' title='bbox 883 885 1088 940; x_wconf 82' lang='lat' dir='ltr'><strong>corde?</strong></span> <span class='ocrx_word' id='word_1_56' title='bbox 1117 903 1136 936; x_wconf 72' lang='grc' dir='ltr'><strong><em>ι</em></strong></span> <span class='ocrx_word' id='word_1_57' title='bbox 1179 885 1344 951; x_wconf 87' lang='lat' dir='ltr'><strong>Ecce,</strong></span> <span class='ocrx_word' id='word_1_58' title='bbox 1376 884 1504 953; x_wconf 87' lang='lat' dir='ltr'><strong>quia</strong></span> <span class='ocrx_word' id='word_1_59' title='bbox 1530 882 1781 939; x_wconf 91' lang='lat' dir='ltr'><strong>crudeles</strong></span> <span class='ocrx_word' id='word_1_60' title='bbox 1806 892 1958 948; x_wconf 90' lang='lat' dir='ltr'><strong>sunt,</strong></span> <span class='ocrx_word' id='word_1_61' title='bbox 1988 882 2079 952; x_wconf 85' lang='lat' dir='ltr'><strong>qui</strong></span> 
     </span>
    </p>
   </div>
   <div class='ocr_carea' id='block_1_10' title="bbox 499 974 2082 1050">
    <p class='ocr_par' dir='ltr' id='par_1_10' title="bbox 499 974 2082 1050">
     <span class='ocr_line' id='line_1_10' title="bbox 499 974 2082 1050; baseline -0.004 -15"><span class='ocrx_word' id='word_1_62' title='bbox 499 978 799 1050; x_wconf 88' lang='lat' dir='ltr'><strong>spiritualia</strong></span> <span class='ocrx_word' id='word_1_63' title='bbox 829 977 1057 1032; x_wconf 79' lang='lat' dir='ltr'><strong>fratrum</strong></span> <span class='ocrx_word' id='word_1_64' title='bbox 1095 991 1315 1034; x_wconf 91' lang='lat' dir='ltr'><strong>suorum</strong></span> <span class='ocrx_word' id='word_1_65' title='bbox 1350 976 1575 1032; x_wconf 87' lang='lat' dir='ltr'><strong>vulnera</strong></span> <span class='ocrx_word' id='word_1_66' title='bbox 1598 975 1812 1042; x_wconf 87' lang='lat' dir='ltr'><strong>celant;</strong></span> <span class='ocrx_word' id='word_1_67' title='bbox 1836 982 1889 1030; x_wconf 90' lang='lat' dir='ltr'><strong>et</strong></span> <span class='ocrx_word' id='word_1_68' title='bbox 1916 974 2082 1029; x_wconf 88' lang='lat' dir='ltr'><strong>mise-</strong></span> 
     </span>
    </p>
   </div>
   <div class='ocr_carea' id='block_1_11' title="bbox 500 1063 2078 1140">
    <p class='ocr_par' dir='ltr' id='par_1_11' title="bbox 500 1063 2078 1140">
     <span class='ocr_line' id='line_1_11' title="bbox 500 1063 2078 1140; baseline -0.005 -13"><span class='ocrx_word' id='word_1_69' title='bbox 500 1071 743 1128; x_wconf 85' lang='lat' dir='ltr'><strong>ricordes</strong></span> <span class='ocrx_word' id='word_1_70' title='bbox 789 1079 934 1136; x_wconf 89' lang='lat' dir='ltr'><strong>sunt,</strong></span> <span class='ocrx_word' id='word_1_71' title='bbox 964 1069 1056 1140; x_wconf 93' lang='lat' dir='ltr'><strong>qui</strong></span> <span class='ocrx_word' id='word_1_72' title='bbox 1084 1083 1145 1124; x_wconf 89' lang='lat' dir='ltr'><strong>ea</strong></span> <span class='ocrx_word' id='word_1_73' title='bbox 1185 1077 1242 1123; x_wconf 88' lang='lat' dir='ltr'><strong>ut</strong></span> <span class='ocrx_word' id='word_1_74' title='bbox 1279 1075 1542 1124; x_wconf 90' lang='lat' dir='ltr'><strong>sanentur</strong></span> <span class='ocrx_word' id='word_1_75' title='bbox 1570 1066 1831 1121; x_wconf 90' lang='lat' dir='ltr'><strong>indicant.</strong></span> <span class='ocrx_word' id='word_1_76' title='bbox 1864 1065 1997 1120; x_wconf 91' lang='lat' dir='ltr'><strong>ltem</strong></span> <span class='ocrx_word' id='word_1_77' title='bbox 2029 1063 2078 1120; x_wconf 94' lang='lat' dir='ltr'><strong>si</strong></span> 
     </span>
    </p>
   </div>
   <div class='ocr_carea' id='block_1_12' title="bbox 498 1157 2078 1234">
    <p class='ocr_par' dir='ltr' id='par_1_12' title="bbox 498 1157 2078 1234">
     <span class='ocr_line' id='line_1_12' title="bbox 498 1157 2078 1234; baseline -0.004 -16"><span class='ocrx_word' id='word_1_78' title='bbox 498 1163 754 1234; x_wconf 65' lang='lat' dir='ltr'><strong>praelatus</strong></span> <span class='ocrx_word' id='word_1_79' title='bbox 794 1161 989 1232; x_wconf 85' lang='lat' dir='ltr'><strong>aliquis</strong></span> <span class='ocrx_word' id='word_1_80' title='bbox 1029 1160 1394 1232; x_wconf 75' lang='lat' dir='ltr'><strong>subiectorum</strong></span> <span class='ocrx_word' id='word_1_81' title='bbox 1430 1174 1652 1214; x_wconf 89' lang='lat' dir='ltr'><strong>suorum</strong></span> <span class='ocrx_word' id='word_1_82' title='bbox 1704 1157 1939 1228; x_wconf 86' lang='lat' dir='ltr'><strong>aliquem</strong></span> <span class='ocrx_word' id='word_1_83' title='bbox 1977 1171 2078 1226; x_wconf 91' lang='lat' dir='ltr'><strong>pro</strong></span> 
     </span>
    </p>
   </div>
   <div class='ocr_carea' id='block_1_13' title="bbox 497 1248 2077 1326">
    <p class='ocr_par' dir='ltr' id='par_1_13' title="bbox 497 1248 2077 1326">
     <span class='ocr_line' id='line_1_13' title="bbox 497 1248 2077 1326; baseline -0.006 -15"><span class='ocrx_word' id='word_1_84' title='bbox 497 1255 652 1326; x_wconf 83' lang='lat' dir='ltr'><strong>culpa</strong></span> <span class='ocrx_word' id='word_1_85' title='bbox 701 1267 796 1310; x_wconf 88' lang='lat' dir='ltr'><strong>sua</strong></span> <span class='ocrx_word' id='word_1_86' title='bbox 847 1253 996 1324; x_wconf 87' lang='lat' dir='ltr'><strong>(quia</strong></span> <span class='ocrx_word' id='word_1_87' title='bbox 1041 1261 1097 1308; x_wconf 90' lang='lat' dir='ltr'><strong>et</strong></span> <span class='ocrx_word' id='word_1_88' title='bbox 1140 1253 1243 1308; x_wconf 92' lang='lat' dir='ltr'><strong>hoc</strong></span> <span class='ocrx_word' id='word_1_89' title='bbox 1281 1259 1496 1324; x_wconf 87' lang='lat' dir='ltr'><strong>tenetur</strong></span> <span class='ocrx_word' id='word_1_90' title='bbox 1535 1265 1602 1306; x_wconf 85' lang='lat' dir='ltr'><strong>ex</strong></span> <span class='ocrx_word' id='word_1_91' title='bbox 1628 1248 1805 1304; x_wconf 78' lang='lat' dir='ltr'><strong>ofﬁcio</strong></span> <span class='ocrx_word' id='word_1_92' title='bbox 1829 1257 2077 1318; x_wconf 90' lang='lat' dir='ltr'><strong>suscepto</strong></span> 
     </span>
    </p>
   </div>
   <div class='ocr_carea' id='block_1_14' title="bbox 498 1338 2076 1416">
    <p class='ocr_par' dir='ltr' id='par_1_14' title="bbox 498 1338 2076 1416">
     <span class='ocr_line' id='line_1_14' title="bbox 498 1338 2076 1416; baseline -0.006 -16"><span class='ocrx_word' id='word_1_93' title='bbox 498 1344 702 1416; x_wconf 78' lang='lat' dir='ltr'><strong>facere)</strong></span> <span class='ocrx_word' id='word_1_94' title='bbox 754 1344 843 1414; x_wconf 88' lang='lat' dir='ltr'><strong>pie</strong></span> <span class='ocrx_word' id='word_1_95' title='bbox 883 1359 954 1400; x_wconf 89' lang='lat' dir='ltr'><strong>ac</strong></span> <span class='ocrx_word' id='word_1_96' title='bbox 987 1353 1209 1413; x_wconf 84' lang='lat' dir='ltr'><strong>paterae</strong></span> <span class='ocrx_word' id='word_1_97' title='bbox 1261 1351 1322 1397; x_wconf 90' lang='lat' dir='ltr'><strong>ut</strong></span> <span class='ocrx_word' id='word_1_98' title='bbox 1366 1340 1685 1398; x_wconf 85' lang='lat' dir='ltr'><strong>emendetur</strong></span> <span class='ocrx_word' id='word_1_99' title='bbox 1728 1338 2076 1410; x_wconf 86' lang='lat' dir='ltr'><strong>corripuerit,</strong></span> 
     </span>
    </p>
   </div>
   <div class='ocr_carea' id='block_1_15' title="bbox 495 1428 2078 1508">
    <p class='ocr_par' dir='ltr' id='par_1_15' title="bbox 495 1428 2078 1508">
     <span class='ocr_line' id='line_1_15' title="bbox 495 1428 2078 1508; baseline -0.004 -17"><span class='ocrx_word' id='word_1_100' title='bbox 495 1451 624 1492; x_wconf 87' lang='lat' dir='ltr'><strong>num</strong></span> <span class='ocrx_word' id='word_1_101' title='bbox 649 1445 809 1508; x_wconf 88' lang='lat' dir='ltr'><strong>putas</strong></span> <span class='ocrx_word' id='word_1_102' title='bbox 835 1444 888 1491; x_wconf 91' lang='lat' dir='ltr'><strong>tu</strong></span> <span class='ocrx_word' id='word_1_103' title='bbox 915 1436 1149 1490; x_wconf 90' lang='lat' dir='ltr'><strong>eundum</strong></span> <span class='ocrx_word' id='word_1_104' title='bbox 1176 1433 1226 1489; x_wconf 91' lang='lat' dir='ltr'><strong>ei</strong></span> <span class='ocrx_word' id='word_1_105' title='bbox 1260 1441 1319 1488; x_wconf 92' lang='lat' dir='ltr'><strong>ut</strong></span> <span class='ocrx_word' id='word_1_106' title='bbox 1347 1428 1656 1488; x_wconf 88' lang='lat' dir='ltr'><strong>reconciliet</strong></span> <span class='ocrx_word' id='word_1_107' title='bbox 1684 1445 1743 1485; x_wconf 90' lang='lat' dir='ltr'><strong>se</strong></span> <span class='ocrx_word' id='word_1_108' title='bbox 1771 1429 1924 1485; x_wconf 90' lang='lat' dir='ltr'><strong>fratri</strong></span> <span class='ocrx_word' id='word_1_109' title='bbox 1956 1444 2078 1496; x_wconf 89' lang='lat' dir='ltr'><strong>suo,</strong></span> 
     </span>
    </p>
   </div>
   <div class='ocr_carea' id='block_1_16' title="bbox 496 1521 2081 1596">
    <p class='ocr_par' dir='ltr' id='par_1_16' title="bbox 496 1521 2081 1596">
     <span class='ocr_line' id='line_1_16' title="bbox 496 1521 2081 1596; baseline -0.004 -13"><span class='ocrx_word' id='word_1_110' title='bbox 496 1529 542 1583; x_wconf 87' lang='lat' dir='ltr'><strong>si</strong></span> <span class='ocrx_word' id='word_1_111' title='bbox 571 1527 740 1584; x_wconf 86' lang='lat' dir='ltr'><strong>frater</strong></span> <span class='ocrx_word' id='word_1_112' title='bbox 769 1527 858 1582; x_wconf 89' lang='lat' dir='ltr'><strong>ille</strong></span> <span class='ocrx_word' id='word_1_113' title='bbox 886 1526 1082 1596; x_wconf 81' lang='lat' dir='ltr'><strong>injuste</strong></span> <span class='ocrx_word' id='word_1_114' title='bbox 1113 1533 1434 1590; x_wconf 86' lang='lat' dir='ltr'><strong>commotus,</strong></span> <span class='ocrx_word' id='word_1_115' title='bbox 1459 1533 1618 1593; x_wconf 86' lang='lat' dir='ltr'><strong>putat</strong></span> <span class='ocrx_word' id='word_1_116' title='bbox 1647 1538 1706 1579; x_wconf 92' lang='lat' dir='ltr'><strong>se</strong></span> <span class='ocrx_word' id='word_1_117' title='bbox 1733 1529 1954 1592; x_wconf 88' lang='lat' dir='ltr'><strong>propter</strong></span> <span class='ocrx_word' id='word_1_118' title='bbox 1977 1521 2081 1576; x_wconf 91' lang='lat' dir='ltr'><strong>hoc</strong></span> 
     </span>
    </p>
   </div>
   <div class='ocr_carea' id='block_1_17' title="bbox 496 1611 2070 1687">
    <p class='ocr_par' dir='ltr' id='par_1_17' title="bbox 496 1611 2070 1687">
     <span class='ocr_line' id='line_1_17' title="bbox 496 1611 2070 1687; baseline -0.004 -16"><span class='ocrx_word' id='word_1_119' title='bbox 496 1617 701 1687; x_wconf 87' lang='lat' dir='ltr'><strong>aliquid</strong></span> <span class='ocrx_word' id='word_1_120' title='bbox 746 1616 946 1671; x_wconf 87' lang='lat' dir='ltr'><strong>habere</strong></span> <span class='ocrx_word' id='word_1_121' title='bbox 992 1614 1247 1669; x_wconf 89' lang='lat' dir='ltr'><strong>adversus</strong></span> <span class='ocrx_word' id='word_1_122' title='bbox 1292 1614 1452 1668; x_wconf 85' lang='lat' dir='ltr'><strong>eum?</strong></span> <span class='ocrx_word' id='word_1_123' title='bbox 1489 1612 1607 1669; x_wconf 86' lang='lat' dir='ltr'><strong>Non</strong></span> <span class='ocrx_word' id='word_1_124' title='bbox 1654 1621 1802 1683; x_wconf 90' lang='lat' dir='ltr'><strong>puto,</strong></span> <span class='ocrx_word' id='word_1_125' title='bbox 1834 1613 1933 1676; x_wconf 89' lang='lat' dir='ltr'><strong>ais,</strong></span> <span class='ocrx_word' id='word_1_126' title='bbox 1967 1611 2070 1666; x_wconf 89' lang='lat' dir='ltr'><strong>nisi</strong></span> 
     </span>
    </p>
   </div>
   <div class='ocr_carea' id='block_1_18' title="bbox 497 1698 2081 1772">
    <p class='ocr_par' dir='ltr' id='par_1_18' title="bbox 497 1698 2081 1772">
     <span class='ocr_line' id='line_1_18' title="bbox 497 1698 2081 1772; baseline -0.005 -12"><span class='ocrx_word' id='word_1_127' title='bbox 497 1706 716 1760; x_wconf 90' lang='lat' dir='ltr'><strong>modum</strong></span> <span class='ocrx_word' id='word_1_128' title='bbox 741 1703 795 1758; x_wconf 92' lang='lat' dir='ltr'><strong>in</strong></span> <span class='ocrx_word' id='word_1_129' title='bbox 818 1703 1160 1772; x_wconf 90' lang='lat' dir='ltr'><strong>correptione</strong></span> <span class='ocrx_word' id='word_1_130' title='bbox 1195 1717 1296 1758; x_wconf 86' lang='lat' dir='ltr'><strong>sua</strong></span> <span class='ocrx_word' id='word_1_131' title='bbox 1321 1700 1766 1758; x_wconf 76' lang='lat' dir='ltr'><strong>excesserit.Nos</strong></span> <span class='ocrx_word' id='word_1_132' title='bbox 1792 1708 1970 1754; x_wconf 92' lang='lat' dir='ltr'><strong>autem</strong></span> <span class='ocrx_word' id='word_1_133' title='bbox 2001 1698 2081 1753; x_wconf 86' lang='lat' dir='ltr'><strong>di-</strong></span> 
     </span>
    </p>
   </div>
   <div class='ocr_carea' id='block_1_19' title="bbox 2185 516 3775 592">
    <p class='ocr_par' dir='ltr' id='par_1_19' title="bbox 2185 516 3775 592">
     <span class='ocr_line' id='line_1_19' title="bbox 2185 516 3775 592; baseline 0.003 -20"><span class='ocrx_word' id='word_1_134' title='bbox 2185 518 2322 588; x_wconf 89' lang='lat' dir='ltr'><strong>ipse,</strong></span> <span class='ocrx_word' id='word_1_135' title='bbox 2368 517 2425 572; x_wconf 92' lang='lat' dir='ltr'><strong>ni</strong></span> <span class='ocrx_word' id='word_1_136' title='bbox 2467 517 2742 579; x_wconf 89' lang='lat' dir='ltr'><strong>fallimur,</strong></span> <span class='ocrx_word' id='word_1_137' title='bbox 2780 516 3102 592; x_wconf 87' lang='lat' dir='ltr'><strong>frequenter</strong></span> <span class='ocrx_word' id='word_1_138' title='bbox 3141 530 3399 589; x_wconf 81' lang='lat' dir='ltr'><strong>expertus</strong></span> <span class='ocrx_word' id='word_1_139' title='bbox 3431 519 3518 588; x_wconf 82' lang='lat' dir='ltr'><strong>es)</strong></span> <span class='ocrx_word' id='word_1_140' title='bbox 3565 519 3692 588; x_wconf 89' lang='lat' dir='ltr'><strong>quia</strong></span> <span class='ocrx_word' id='word_1_141' title='bbox 3724 521 3775 577; x_wconf 87' lang='lat' dir='ltr'><strong>in</strong></span> 
     </span>
    </p>
   </div>
   <div class='ocr_carea' id='block_1_20' title="bbox 2186 608 3778 681">
    <p class='ocr_par' dir='ltr' id='par_1_20' title="bbox 2186 608 3778 681">
     <span class='ocr_line' id='line_1_20' title="bbox 2186 608 3778 681; baseline 0.002 -18"><span class='ocrx_word' id='word_1_142' title='bbox 2186 608 2332 664; x_wconf 86' lang='lat' dir='ltr'><strong>nullo</strong></span> <span class='ocrx_word' id='word_1_143' title='bbox 2371 608 2637 680; x_wconf 80' lang='lat' dir='ltr'><strong>Spirituali</strong></span> <span class='ocrx_word' id='word_1_144' title='bbox 2670 609 2932 666; x_wconf 83' lang='lat' dir='ltr'><strong>exercitio</strong></span> <span class='ocrx_word' id='word_1_145' title='bbox 2960 611 3200 668; x_wconf 81' lang='lat' dir='ltr'><strong>laborem</strong></span> <span class='ocrx_word' id='word_1_146' title='bbox 3227 623 3378 667; x_wconf 89' lang='lat' dir='ltr'><strong>certe</strong></span> <span class='ocrx_word' id='word_1_147' title='bbox 3407 610 3706 681; x_wconf 82' lang='lat' dir='ltr'><strong>majorem,</strong></span> <span class='ocrx_word' id='word_1_148' title='bbox 3727 621 3778 668; x_wconf 88' lang='lat' dir='ltr'><strong>et</strong></span> 
     </span>
    </p>
   </div>
   <div class='ocr_carea' id='block_1_21' title="bbox 2185 697 3778 772">
    <p class='ocr_par' dir='ltr' id='par_1_21' title="bbox 2185 697 3778 772">
     <span class='ocr_line' id='line_1_21' title="bbox 2185 697 3778 772; baseline 0.004 -21"><span class='ocrx_word' id='word_1_149' title='bbox 2185 697 2382 754; x_wconf 91' lang='lat' dir='ltr'><strong>luctam</strong></span> <span class='ocrx_word' id='word_1_150' title='bbox 2427 700 2728 770; x_wconf 77' lang='lat' dir='ltr'><strong>graviorem</strong></span> <span class='ocrx_word' id='word_1_151' title='bbox 2765 701 3050 768; x_wconf 85' lang='lat' dir='ltr'><strong>sentimus,</strong></span> <span class='ocrx_word' id='word_1_152' title='bbox 3100 717 3264 772; x_wconf 88' lang='lat' dir='ltr'><strong>quam</strong></span> <span class='ocrx_word' id='word_1_153' title='bbox 3289 717 3413 756; x_wconf 92' lang='lat' dir='ltr'><strong>cum</strong></span> <span class='ocrx_word' id='word_1_154' title='bbox 3447 702 3505 756; x_wconf 91' lang='lat' dir='ltr'><strong>in</strong></span> <span class='ocrx_word' id='word_1_155' title='bbox 3531 704 3778 758; x_wconf 79' lang='lat' dir='ltr'><strong>oratione</strong></span> 
     </span>
    </p>
   </div>
   <div class='ocr_carea' id='block_1_22' title="bbox 2184 791 3775 867">
    <p class='ocr_par' dir='ltr' id='par_1_22' title="bbox 2184 791 3775 867">
     <span class='ocr_line' id='line_1_22' title="bbox 2184 791 3775 867; baseline 0.003 -22"><span class='ocrx_word' id='word_1_156' title='bbox 2184 791 2545 867; x_wconf 88' lang='lat' dir='ltr'><strong>persistimus,</strong></span> <span class='ocrx_word' id='word_1_157' title='bbox 2577 792 2620 848; x_wconf 97' lang='lat' dir='ltr'><strong>si</strong></span> <span class='ocrx_word' id='word_1_158' title='bbox 2648 807 2768 848; x_wconf 91' lang='lat' dir='ltr'><strong>eam</strong></span> <span class='ocrx_word' id='word_1_159' title='bbox 2803 801 2984 849; x_wconf 89' lang='lat' dir='ltr'><strong>tamen</strong></span> <span class='ocrx_word' id='word_1_160' title='bbox 3014 792 3173 848; x_wconf 89' lang='lat' dir='ltr'><strong>talem</strong></span> <span class='ocrx_word' id='word_1_161' title='bbox 3205 793 3424 856; x_wconf 86' lang='lat' dir='ltr'><strong>habere,</strong></span> <span class='ocrx_word' id='word_1_162' title='bbox 3451 793 3644 862; x_wconf 82' lang='lat' dir='ltr'><strong>qualis</strong></span> <span class='ocrx_word' id='word_1_163' title='bbox 3669 795 3775 864; x_wconf 83' lang='lat' dir='ltr'><strong>ipsa</strong></span> 
     </span>
    </p>
   </div>
   <div class='ocr_carea' id='block_1_23' title="bbox 2184 871 3777 955">
    <p class='ocr_par' dir='ltr' id='par_1_23' title="bbox 2184 871 3777 955">
     <span class='ocr_line' id='line_1_23' title="bbox 2184 871 3777 955; baseline 0 -19"><span class='ocrx_word' id='word_1_164' title='bbox 2184 883 2341 938; x_wconf 90' lang='lat' dir='ltr'><strong>nobis</strong></span> <span class='ocrx_word' id='word_1_165' title='bbox 2383 892 2464 937; x_wconf 93' lang='lat' dir='ltr'><strong>est</strong></span> <span class='ocrx_word' id='word_1_166' title='bbox 2514 871 2819 940; x_wconf 80' lang='lat' dir='ltr'><strong>necessaria</strong></span> <span class='ocrx_word' id='word_1_167' title='bbox 2854 885 3156 940; x_wconf 76' lang='lat' dir='ltr'><strong>studemus.</strong></span> <span class='ocrx_word' id='word_1_168' title='bbox 3190 883 3325 940; x_wconf 83' lang='lat' dir='ltr'><strong>Nam</strong></span> <span class='ocrx_word' id='word_1_169' title='bbox 3365 898 3533 955; x_wconf 80' lang='lat' dir='ltr'><strong>supra</strong></span> <span class='ocrx_word' id='word_1_170' title='bbox 3563 886 3777 939; x_wconf 84' lang='lat' dir='ltr'><strong>modum</strong></span> 
     </span>
    </p>
   </div>
   <div class='ocr_carea' id='block_1_24' title="bbox 2186 975 3780 1049">
    <p class='ocr_par' dir='ltr' id='par_1_24' title="bbox 2186 975 3780 1049">
     <span class='ocr_line' id='line_1_24' title="bbox 2186 975 3780 1049; baseline 0.003 -21"><span class='ocrx_word' id='word_1_171' title='bbox 2186 984 2313 1030; x_wconf 89' lang='lat' dir='ltr'><strong>tunc</strong></span> <span class='ocrx_word' id='word_1_172' title='bbox 2337 977 2678 1045; x_wconf 86' lang='lat' dir='ltr'><strong>potissimum</strong></span> <span class='ocrx_word' id='word_1_173' title='bbox 2707 975 2898 1049; x_wconf 81' lang='lat' dir='ltr'><strong>fatigat</strong></span> <span class='ocrx_word' id='word_1_174' title='bbox 2926 986 3192 1048; x_wconf 81' lang='lat' dir='ltr'><strong>vexatque</strong></span> <span class='ocrx_word' id='word_1_175' title='bbox 3222 992 3343 1042; x_wconf 90' lang='lat' dir='ltr'><strong>nos,</strong></span> <span class='ocrx_word' id='word_1_176' title='bbox 3386 987 3442 1033; x_wconf 89' lang='lat' dir='ltr'><strong>et</strong></span> <span class='ocrx_word' id='word_1_177' title='bbox 3475 993 3679 1048; x_wconf 76' lang='lat' dir='ltr'><strong>magna</strong></span> <span class='ocrx_word' id='word_1_178' title='bbox 3702 977 3780 1032; x_wconf 90' lang='lat' dir='ltr'><strong>in-</strong></span> 
     </span>
    </p>
   </div>
   <div class='ocr_carea' id='block_1_25' title="bbox 2184 1060 3777 1138">
    <p class='ocr_par' dir='ltr' id='par_1_25' title="bbox 2184 1060 3777 1138">
     <span class='ocr_line' id='line_1_25' title="bbox 2184 1060 3777 1138; baseline 0.001 -16"><span class='ocrx_word' id='word_1_179' title='bbox 2184 1066 2452 1122; x_wconf 87' lang='lat' dir='ltr'><strong>stabilitas</strong></span> <span class='ocrx_word' id='word_1_180' title='bbox 2494 1067 2676 1122; x_wconf 81' lang='lat' dir='ltr'><strong>cordis</strong></span> <span class='ocrx_word' id='word_1_181' title='bbox 2730 1068 2928 1132; x_wconf 78' lang='lat' dir='ltr'><strong>nostri,</strong></span> <span class='ocrx_word' id='word_1_182' title='bbox 2977 1077 3031 1123; x_wconf 91' lang='lat' dir='ltr'><strong>et</strong></span> <span class='ocrx_word' id='word_1_183' title='bbox 3076 1060 3284 1122; x_wconf 87' lang='lat' dir='ltr'><strong>malitia</strong></span> <span class='ocrx_word' id='word_1_184' title='bbox 3331 1067 3513 1122; x_wconf 85' lang='lat' dir='ltr'><strong>hostis</strong></span> <span class='ocrx_word' id='word_1_185' title='bbox 3544 1068 3777 1138; x_wconf 84' lang='lat' dir='ltr'><strong>antiqui.</strong></span> 
     </span>
    </p>
   </div>
   <div class='ocr_carea' id='block_1_26' title="bbox 2185 1156 3780 1228">
    <p class='ocr_par' dir='ltr' id='par_1_26' title="bbox 2185 1156 3780 1228">
     <span class='ocr_line' id='line_1_26' title="bbox 2185 1156 3780 1228; baseline 0.002 -16"><span class='ocrx_word' id='word_1_186' title='bbox 2185 1156 2376 1212; x_wconf 87' lang='lat' dir='ltr'><strong>Sciens</strong></span> <span class='ocrx_word' id='word_1_187' title='bbox 2409 1167 2591 1212; x_wconf 84' lang='lat' dir='ltr'><strong>autem</strong></span> <span class='ocrx_word' id='word_1_188' title='bbox 2623 1157 2931 1228; x_wconf 86' lang='lat' dir='ltr'><strong>versipellis</strong></span> <span class='ocrx_word' id='word_1_189' title='bbox 2951 1165 3004 1212; x_wconf 91' lang='lat' dir='ltr'><strong>et</strong></span> <span class='ocrx_word' id='word_1_190' title='bbox 3028 1156 3334 1213; x_wconf 88' lang='lat' dir='ltr'><strong>malitiosus</strong></span> <span class='ocrx_word' id='word_1_191' title='bbox 3363 1157 3476 1222; x_wconf 84' lang='lat' dir='ltr'><strong>ille,</strong></span> <span class='ocrx_word' id='word_1_192' title='bbox 3514 1159 3614 1228; x_wconf 86' lang='lat' dir='ltr'><strong>qui</strong></span> <span class='ocrx_word' id='word_1_193' title='bbox 3642 1159 3780 1215; x_wconf 88' lang='lat' dir='ltr'><strong>mille</strong></span> 
     </span>
    </p>
   </div>
   <div class='ocr_carea' id='block_1_27' title="bbox 2184 1246 3780 1320">
    <p class='ocr_par' dir='ltr' id='par_1_27' title="bbox 2184 1246 3780 1320">
     <span class='ocr_line' id='line_1_27' title="bbox 2184 1246 3780 1320; baseline 0.002 -18"><span class='ocrx_word' id='word_1_194' title='bbox 2184 1246 2346 1302; x_wconf 84' lang='lat' dir='ltr'><strong>habet</strong></span> <span class='ocrx_word' id='word_1_195' title='bbox 2402 1257 2551 1301; x_wconf 84' lang='lat' dir='ltr'><strong>artes</strong></span> <span class='ocrx_word' id='word_1_196' title='bbox 2605 1249 2856 1314; x_wconf 85' lang='lat' dir='ltr'><strong>nocendi,</strong></span> <span class='ocrx_word' id='word_1_197' title='bbox 2887 1263 2993 1318; x_wconf 68' lang='lat' dir='ltr'><strong>per</strong></span> <span class='ocrx_word' id='word_1_198' title='bbox 3033 1249 3282 1304; x_wconf 83' lang='lat' dir='ltr'><strong>devotam</strong></span> <span class='ocrx_word' id='word_1_199' title='bbox 3322 1264 3491 1320; x_wconf 83' lang='lat' dir='ltr'><strong>quam</strong></span> <span class='ocrx_word' id='word_1_200' title='bbox 3546 1251 3780 1305; x_wconf 73' lang='lat' dir='ltr'><strong>maxime</strong></span> 
     </span>
    </p>
   </div>
   <div class='ocr_carea' id='block_1_28' title="bbox 2183 1338 3779 1416">
    <p class='ocr_par' dir='ltr' id='par_1_28' title="bbox 2183 1338 3779 1416">
     <span class='ocr_line' id='line_1_28' title="bbox 2183 1338 3779 1416; baseline 0.003 -22"><span class='ocrx_word' id='word_1_201' title='bbox 2183 1341 2508 1407; x_wconf 89' lang='lat' dir='ltr'><strong>orationem,</strong></span> <span class='ocrx_word' id='word_1_202' title='bbox 2538 1357 2666 1397; x_wconf 86' lang='lat' dir='ltr'><strong>suas</strong></span> <span class='ocrx_word' id='word_1_203' title='bbox 2694 1351 2748 1398; x_wconf 90' lang='lat' dir='ltr'><strong>et</strong></span> <span class='ocrx_word' id='word_1_204' title='bbox 2779 1343 3019 1398; x_wconf 90' lang='lat' dir='ltr'><strong>occultas</strong></span> <span class='ocrx_word' id='word_1_205' title='bbox 3046 1338 3270 1398; x_wconf 85' lang='lat' dir='ltr'><strong>fraudes</strong></span> <span class='ocrx_word' id='word_1_206' title='bbox 3299 1344 3513 1416; x_wconf 80' lang='lat' dir='ltr'><strong>detegi,</strong></span> <span class='ocrx_word' id='word_1_207' title='bbox 3541 1353 3603 1399; x_wconf 91' lang='lat' dir='ltr'><strong>et</strong></span> <span class='ocrx_word' id='word_1_208' title='bbox 3631 1359 3779 1414; x_wconf 81' lang='lat' dir='ltr'><strong>aper-</strong></span> 
     </span>
    </p>
   </div>
   <div class='ocr_carea' id='block_1_29' title="bbox 2186 1434 3779 1508">
    <p class='ocr_par' dir='ltr' id='par_1_29' title="bbox 2186 1434 3779 1508">
     <span class='ocr_line' id='line_1_29' title="bbox 2186 1434 3779 1508; baseline 0.003 -19"><span class='ocrx_word' id='word_1_209' title='bbox 2186 1445 2268 1490; x_wconf 87' lang='lat' dir='ltr'><strong>tas</strong></span> <span class='ocrx_word' id='word_1_210' title='bbox 2296 1435 2439 1490; x_wconf 88' lang='lat' dir='ltr'><strong>vires</strong></span> <span class='ocrx_word' id='word_1_211' title='bbox 2474 1434 2767 1502; x_wconf 81' lang='lat' dir='ltr'><strong>debellari;</strong></span> <span class='ocrx_word' id='word_1_212' title='bbox 2808 1445 3077 1505; x_wconf 86' lang='lat' dir='ltr'><strong>quatenus</strong></span> <span class='ocrx_word' id='word_1_213' title='bbox 3111 1436 3344 1494; x_wconf 88' lang='lat' dir='ltr'><strong>fructum</strong></span> <span class='ocrx_word' id='word_1_214' title='bbox 3375 1438 3500 1508; x_wconf 87' lang='lat' dir='ltr'><strong>ejus</strong></span> <span class='ocrx_word' id='word_1_215' title='bbox 3537 1437 3779 1493; x_wconf 78' lang='lat' dir='ltr'><strong>funditus</strong></span> 
     </span>
    </p>
   </div>
   <div class='ocr_carea' id='block_1_30' title="bbox 2183 1526 3778 1600">
    <p class='ocr_par' dir='ltr' id='par_1_30' title="bbox 2183 1526 3778 1600">
     <span class='ocr_line' id='line_1_30' title="bbox 2183 1526 3778 1600; baseline 0.001 -20"><span class='ocrx_word' id='word_1_216' title='bbox 2183 1535 2429 1590; x_wconf 88' lang='lat' dir='ltr'><strong>evacuet,</strong></span> <span class='ocrx_word' id='word_1_217' title='bbox 2480 1526 2847 1582; x_wconf 88' lang='lat' dir='ltr'><strong>molestiorem</strong></span> <span class='ocrx_word' id='word_1_218' title='bbox 2898 1540 2958 1582; x_wconf 92' lang='lat' dir='ltr'><strong>se</strong></span> <span class='ocrx_word' id='word_1_219' title='bbox 3010 1527 3186 1590; x_wconf 83' lang='lat' dir='ltr'><strong>nobis,</strong></span> <span class='ocrx_word' id='word_1_220' title='bbox 3247 1526 3618 1600; x_wconf 84' lang='lat' dir='ltr'><strong>cogitationes</strong></span> <span class='ocrx_word' id='word_1_221' title='bbox 3658 1537 3778 1582; x_wconf 74' lang='lat' dir='ltr'><strong>tunc</strong></span> 
     </span>
    </p>
   </div>
   <div class='ocr_carea' id='block_1_31' title="bbox 2186 1617 3778 1687">
    <p class='ocr_par' dir='ltr' id='par_1_31' title="bbox 2186 1617 3778 1687">
     <span class='ocr_line' id='line_1_31' title="bbox 2186 1617 3778 1687; baseline 0.001 -13"><span class='ocrx_word' id='word_1_222' title='bbox 2186 1618 2332 1674; x_wconf 88' lang='lat' dir='ltr'><strong>cordi</strong></span> <span class='ocrx_word' id='word_1_223' title='bbox 2375 1627 2564 1674; x_wconf 90' lang='lat' dir='ltr'><strong>nostro</strong></span> <span class='ocrx_word' id='word_1_224' title='bbox 2607 1617 2929 1674; x_wconf 86' lang='lat' dir='ltr'><strong>immitendo</strong></span> <span class='ocrx_word' id='word_1_225' title='bbox 2957 1617 3199 1687; x_wconf 84' lang='lat' dir='ltr'><strong>illicitas,</strong></span> <span class='ocrx_word' id='word_1_226' title='bbox 3238 1618 3455 1675; x_wconf 73' lang='lat' dir='ltr'><strong>efficere</strong></span> <span class='ocrx_word' id='word_1_227' title='bbox 3477 1619 3646 1676; x_wconf 87' lang='lat' dir='ltr'><strong>solet.</strong></span> <span class='ocrx_word' id='word_1_228' title='bbox 3677 1617 3778 1676; x_wconf 79' lang='lat' dir='ltr'><strong>Sed</strong></span> 
     </span>
    </p>
   </div>
   <div class='ocr_carea' id='block_1_32' title="bbox 2185 1707 3779 1780">
    <p class='ocr_par' dir='ltr' id='par_1_32' title="bbox 2185 1707 3779 1780">
     <span class='ocr_line' id='line_1_32' title="bbox 2185 1707 3779 1780; baseline 0.002 -19"><span class='ocrx_word' id='word_1_229' title='bbox 2185 1717 2238 1761; x_wconf 89' lang='lat' dir='ltr'><strong>et</strong></span> <span class='ocrx_word' id='word_1_230' title='bbox 2267 1707 2381 1777; x_wconf 90' lang='lat' dir='ltr'><strong>ipsa</strong></span> <span class='ocrx_word' id='word_1_231' title='bbox 2407 1707 2756 1772; x_wconf 85' lang='lat' dir='ltr'><strong>instabilitas,</strong></span> <span class='ocrx_word' id='word_1_232' title='bbox 2792 1715 2850 1764; x_wconf 87' lang='lat' dir='ltr'><strong>et</strong></span> <span class='ocrx_word' id='word_1_233' title='bbox 2889 1710 3141 1780; x_wconf 82' lang='lat' dir='ltr'><strong>evagatio</strong></span> <span class='ocrx_word' id='word_1_234' title='bbox 3171 1710 3368 1764; x_wconf 91' lang='lat' dir='ltr'><strong>mentis</strong></span> <span class='ocrx_word' id='word_1_235' title='bbox 3392 1717 3631 1775; x_wconf 58' lang='lat' dir='ltr'><strong>nostra,</strong></span> <span class='ocrx_word' id='word_1_236' title='bbox 3672 1725 3779 1764; x_wconf 82' lang='lat' dir='ltr'><strong>ma-</strong></span> 
     </span>
    </p>
   </div>
   <div class='ocr_carea' id='block_1_33' title="bbox 497 1768 3784 1870">
    <p class='ocr_par' dir='ltr' id='par_1_33' title="bbox 497 1768 3784 1870">
     <span class='ocr_line' id='line_1_33' title="bbox 497 1768 3784 1870; baseline 0 -19"><span class='ocrx_word' id='word_1_237' title='bbox 497 1796 696 1862; x_wconf 89' lang='lat' dir='ltr'><strong>cimus,</strong></span> <span class='ocrx_word' id='word_1_238' title='bbox 722 1793 850 1864; x_wconf 89' lang='lat' dir='ltr'><strong>quia</strong></span> <span class='ocrx_word' id='word_1_239' title='bbox 886 1768 991 1850; x_wconf 80' lang='lat' dir='ltr'><strong>nec</strong></span> <span class='ocrx_word' id='word_1_240' title='bbox 1032 1801 1177 1850; x_wconf 90' lang='lat' dir='ltr'><strong>tunc.</strong></span> <span class='ocrx_word' id='word_1_241' title='bbox 1206 1793 1480 1864; x_wconf 86' lang='lat' dir='ltr'><strong>Contingit</strong></span> <span class='ocrx_word' id='word_1_242' title='bbox 1526 1805 1757 1861; x_wconf 83' lang='lat' dir='ltr'><strong>namque</strong></span> <span class='ocrx_word' id='word_1_243' title='bbox 1784 1789 2077 1856; x_wconf 69' lang='grc' dir='ltr'><strong>ιιιιιιιοιὶθε,</strong></span> <span class='ocrx_word' id='word_1_244' title='bbox 2112 1768 2156 1827; x_wconf 74' lang='grc' dir='ltr'><strong>Β</strong></span> <span class='ocrx_word' id='word_1_245' title='bbox 2183 1797 2266 1869; x_wconf 85' lang='lat' dir='ltr'><strong>gis</strong></span> <span class='ocrx_word' id='word_1_246' title='bbox 2286 1768 2345 1852; x_wconf 77' lang='lat' dir='ltr'><strong>in</strong></span> <span class='ocrx_word' id='word_1_247' title='bbox 2375 1797 2625 1852; x_wconf 90' lang='lat' dir='ltr'><strong>oratione</strong></span> <span class='ocrx_word' id='word_1_248' title='bbox 2667 1768 2752 1865; x_wconf 80' lang='lat' dir='ltr'><strong>(ut</strong></span> <span class='ocrx_word' id='word_1_249' title='bbox 2775 1795 2934 1869; x_wconf 89' lang='lat' dir='ltr'><strong>longe</strong></span> <span class='ocrx_word' id='word_1_250' title='bbox 2958 1768 3213 1869; x_wconf 69' lang='lat' dir='ltr'><strong>superius</strong></span> <span class='ocrx_word' id='word_1_251' title='bbox 3237 1814 3361 1854; x_wconf 86' lang='lat' dir='ltr'><strong>eum</strong></span> <span class='ocrx_word' id='word_1_252' title='bbox 3387 1814 3596 1870; x_wconf 84' lang='lat' dir='ltr'><strong>magno</strong></span> <span class='ocrx_word' id='word_1_253' title='bbox 3613 1768 3784 1869; x_wconf 61' lang='grc' dir='ltr'><strong>ἐθειιὶ-</strong></span> 
     </span>
    </p>
   </div>
   <div class='ocr_carea' id='block_1_34' title="bbox 497 1881 2079 1954">
    <p class='ocr_par' dir='ltr' id='par_1_34' title="bbox 497 1881 2079 1954">
     <span class='ocr_line' id='line_1_34' title="bbox 497 1881 2079 1954; baseline -0.002 -16"><span class='ocrx_word' id='word_1_254' title='bbox 497 1885 644 1954; x_wconf 87' lang='lat' dir='ltr'><strong>quod</strong></span> <span class='ocrx_word' id='word_1_255' title='bbox 667 1885 781 1954; x_wconf 90' lang='lat' dir='ltr'><strong>ipse</strong></span> <span class='ocrx_word' id='word_1_256' title='bbox 799 1898 909 1954; x_wconf 88' lang='lat' dir='ltr'><strong>quo</strong></span> <span class='ocrx_word' id='word_1_257' title='bbox 939 1883 1221 1940; x_wconf 90' lang='lat' dir='ltr'><strong>ardentius</strong></span> <span class='ocrx_word' id='word_1_258' title='bbox 1249 1883 1445 1952; x_wconf 80' lang='lat' dir='ltr'><strong>diligit,</strong></span> <span class='ocrx_word' id='word_1_259' title='bbox 1471 1898 1537 1939; x_wconf 91' lang='lat' dir='ltr'><strong>eo</strong></span> <span class='ocrx_word' id='word_1_260' title='bbox 1564 1892 1620 1938; x_wconf 93' lang='lat' dir='ltr'><strong>et</strong></span> <span class='ocrx_word' id='word_1_261' title='bbox 1641 1883 1804 1938; x_wconf 89' lang='lat' dir='ltr'><strong>citius</strong></span> <span class='ocrx_word' id='word_1_262' title='bbox 1827 1882 1880 1936; x_wconf 88' lang='lat' dir='ltr'><strong>in</strong></span> <span class='ocrx_word' id='word_1_263' title='bbox 1907 1881 2079 1936; x_wconf 85' lang='lat' dir='ltr'><strong>corri-</strong></span> 
     </span>
    </p>
   </div>
   <div class='ocr_carea' id='block_1_35' title="bbox 493 1974 2084 2046">
    <p class='ocr_par' dir='ltr' id='par_1_35' title="bbox 493 1974 2084 2046">
     <span class='ocr_line' id='line_1_35' title="bbox 493 1974 2084 2046; baseline 0.003 -16"><span class='ocrx_word' id='word_1_264' title='bbox 493 1974 694 2045; x_wconf 84' lang='lat' dir='ltr'><strong>piendo</strong></span> <span class='ocrx_word' id='word_1_265' title='bbox 731 1975 949 2032; x_wconf 90' lang='lat' dir='ltr'><strong>modum</strong></span> <span class='ocrx_word' id='word_1_266' title='bbox 989 1975 1226 2032; x_wconf 79' lang='lat' dir='ltr'><strong>excedit.</strong></span> <span class='ocrx_word' id='word_1_267' title='bbox 1268 1974 1404 2031; x_wconf 84' lang='lat' dir='ltr'><strong>Nam</strong></span> <span class='ocrx_word' id='word_1_268' title='bbox 1437 1977 1561 2046; x_wconf 88' lang='lat' dir='ltr'><strong>quia</strong></span> <span class='ocrx_word' id='word_1_269' title='bbox 1593 1990 1746 2032; x_wconf 90' lang='lat' dir='ltr'><strong>mens</strong></span> <span class='ocrx_word' id='word_1_270' title='bbox 1786 1975 2084 2035; x_wconf 67' lang='lat' dir='ltr'><strong>praesiden-</strong></span> 
     </span>
    </p>
   </div>
   <div class='ocr_carea' id='block_1_36' title="bbox 497 2063 2077 2138">
    <p class='ocr_par' dir='ltr' id='par_1_36' title="bbox 497 2063 2077 2138">
     <span class='ocr_line' id='line_1_36' title="bbox 497 2063 2077 2138; baseline -0.003 -15"><span class='ocrx_word' id='word_1_271' title='bbox 497 2068 588 2135; x_wconf 91' lang='lat' dir='ltr'><strong>tis,</strong></span> <span class='ocrx_word' id='word_1_272' title='bbox 617 2076 778 2137; x_wconf 88' lang='lat' dir='ltr'><strong>prout</strong></span> <span class='ocrx_word' id='word_1_273' title='bbox 819 2067 982 2123; x_wconf 89' lang='lat' dir='ltr'><strong>debet</strong></span> <span class='ocrx_word' id='word_1_274' title='bbox 1019 2077 1073 2123; x_wconf 92' lang='lat' dir='ltr'><strong>et</strong></span> <span class='ocrx_word' id='word_1_275' title='bbox 1107 2076 1368 2138; x_wconf 90' lang='lat' dir='ltr'><strong>quantum</strong></span> <span class='ocrx_word' id='word_1_276' title='bbox 1395 2067 1558 2122; x_wconf 89' lang='lat' dir='ltr'><strong>debet</strong></span> <span class='ocrx_word' id='word_1_277' title='bbox 1583 2075 1750 2132; x_wconf 88' lang='lat' dir='ltr'><strong>amat,</strong></span> <span class='ocrx_word' id='word_1_278' title='bbox 1779 2080 1932 2121; x_wconf 87' lang='lat' dir='ltr'><strong>suam</strong></span> <span class='ocrx_word' id='word_1_279' title='bbox 1961 2063 2077 2136; x_wconf 88' lang='lat' dir='ltr'><strong>ple-</strong></span> 
     </span>
    </p>
   </div>
   <div class='ocr_carea' id='block_1_37' title="bbox 493 2157 2074 2229">
    <p class='ocr_par' dir='ltr' id='par_1_37' title="bbox 493 2157 2074 2229">
     <span class='ocr_line' id='line_1_37' title="bbox 493 2157 2074 2229; baseline -0.001 -17"><span class='ocrx_word' id='word_1_280' title='bbox 493 2173 726 2228; x_wconf 84' lang='lat' dir='ltr'><strong>rumque</strong></span> <span class='ocrx_word' id='word_1_281' title='bbox 773 2157 1170 2228; x_wconf 87' lang='lat' dir='ltr'><strong>correptioncm</strong></span> <span class='ocrx_word' id='word_1_282' title='bbox 1215 2157 1508 2229; x_wconf 87' lang='lat' dir='ltr'><strong>plusquam</strong></span> <span class='ocrx_word' id='word_1_283' title='bbox 1552 2157 1711 2213; x_wconf 89' lang='lat' dir='ltr'><strong>debet</strong></span> <span class='ocrx_word' id='word_1_284' title='bbox 1742 2164 2074 2228; x_wconf 74' lang='lat' dir='ltr'><strong>exaggerat:</strong></span> 
     </span>
    </p>
   </div>
   <div class='ocr_carea' id='block_1_38' title="bbox 494 2247 2079 2320">
    <p class='ocr_par' dir='ltr' id='par_1_38' title="bbox 494 2247 2079 2320">
     <span class='ocr_line' id='line_1_38' title="bbox 494 2247 2079 2320; baseline 0.002 -18"><span class='ocrx_word' id='word_1_285' title='bbox 494 2263 597 2306; x_wconf 89' lang='lat' dir='ltr'><strong>nec</strong></span> <span class='ocrx_word' id='word_1_286' title='bbox 619 2250 686 2304; x_wconf 92' lang='lat' dir='ltr'><strong>de</strong></span> <span class='ocrx_word' id='word_1_287' title='bbox 717 2249 895 2320; x_wconf 87' lang='lat' dir='ltr'><strong>aliqua</strong></span> <span class='ocrx_word' id='word_1_288' title='bbox 923 2263 980 2304; x_wconf 91' lang='lat' dir='ltr'><strong>se</strong></span> <span class='ocrx_word' id='word_1_289' title='bbox 1002 2249 1160 2304; x_wconf 85' lang='lat' dir='ltr'><strong>debet</strong></span> <span class='ocrx_word' id='word_1_290' title='bbox 1197 2248 1286 2304; x_wconf 87' lang='lat' dir='ltr'><strong>hic</strong></span> <span class='ocrx_word' id='word_1_291' title='bbox 1335 2248 1780 2306; x_wconf 89' lang='lat' dir='ltr'><strong>reconciliatione</strong></span> <span class='ocrx_word' id='word_1_292' title='bbox 1808 2247 2079 2305; x_wconf 82' lang='lat' dir='ltr'><strong>intromit-</strong></span> 
     </span>
    </p>
   </div>
   <div class='ocr_carea' id='block_1_39' title="bbox 498 2343 2081 2416">
    <p class='ocr_par' dir='ltr' id='par_1_39' title="bbox 498 2343 2081 2416">
     <span class='ocr_line' id='line_1_39' title="bbox 498 2343 2081 2416; baseline 0.002 -20"><span class='ocrx_word' id='word_1_293' title='bbox 498 2350 637 2410; x_wconf 88' lang='lat' dir='ltr'><strong>terc,</strong></span> <span class='ocrx_word' id='word_1_294' title='bbox 666 2344 794 2414; x_wconf 90' lang='lat' dir='ltr'><strong>quia</strong></span> <span class='ocrx_word' id='word_1_295' title='bbox 829 2343 932 2400; x_wconf 91' lang='lat' dir='ltr'><strong>hoc</strong></span> <span class='ocrx_word' id='word_1_296' title='bbox 983 2343 1082 2413; x_wconf 89' lang='lat' dir='ltr'><strong>ipsi</strong></span> <span class='ocrx_word' id='word_1_297' title='bbox 1126 2343 1393 2414; x_wconf 89' lang='lat' dir='ltr'><strong>discipulo</strong></span> <span class='ocrx_word' id='word_1_298' title='bbox 1445 2344 1619 2413; x_wconf 82' lang='lat' dir='ltr'><strong>magis</strong></span> <span class='ocrx_word' id='word_1_299' title='bbox 1663 2344 1857 2402; x_wconf 87' lang='lat' dir='ltr'><strong>obesse</strong></span> <span class='ocrx_word' id='word_1_300' title='bbox 1899 2353 2081 2416; x_wconf 89' lang='lat' dir='ltr'><strong>posset</strong></span> 
     </span>
    </p>
   </div>
   <div class='ocr_carea' id='block_1_40' title="bbox 495 2435 2078 2508">
    <p class='ocr_par' dir='ltr' id='par_1_40' title="bbox 495 2435 2078 2508">
     <span class='ocr_line' id='line_1_40' title="bbox 495 2435 2078 2508; baseline 0.001 -18"><span class='ocrx_word' id='word_1_301' title='bbox 495 2450 660 2506; x_wconf 87' lang='lat' dir='ltr'><strong>quam</strong></span> <span class='ocrx_word' id='word_1_302' title='bbox 711 2437 990 2507; x_wconf 81' lang='lat' dir='ltr'><strong>prodesse.</strong></span> <span class='ocrx_word' id='word_1_303' title='bbox 1041 2435 1194 2491; x_wconf 83' lang='lat' dir='ltr'><strong>Unde</strong></span> <span class='ocrx_word' id='word_1_304' title='bbox 1231 2445 1288 2492; x_wconf 91' lang='lat' dir='ltr'><strong>et</strong></span> <span class='ocrx_word' id='word_1_305' title='bbox 1324 2437 1404 2493; x_wconf 91' lang='lat' dir='ltr'><strong>sic</strong></span> <span class='ocrx_word' id='word_1_306' title='bbox 1435 2437 1629 2492; x_wconf 89' lang='lat' dir='ltr'><strong>beatus</strong></span> <span class='ocrx_word' id='word_1_307' title='bbox 1658 2437 1994 2508; x_wconf 82' lang='lat' dir='ltr'><strong>Augustinus</strong></span> <span class='ocrx_word' id='word_1_308' title='bbox 2025 2437 2078 2492; x_wconf 89' lang='lat' dir='ltr'><strong>in</strong></span> 
     </span>
    </p>
   </div>
   <div class='ocr_carea' id='block_1_41' title="bbox 483 2525 2081 2599">
    <p class='ocr_par' dir='ltr' id='par_1_41' title="bbox 483 2525 2081 2599">
     <span class='ocr_line' id='line_1_41' title="bbox 483 2525 2081 2599; baseline 0.001 -19"><span class='ocrx_word' id='word_1_309' title='bbox 483 2525 719 2597; x_wconf 63' lang='lat' dir='ltr'><strong>praefata</strong></span> <span class='ocrx_word' id='word_1_310' title='bbox 758 2527 942 2597; x_wconf 79' lang='lat' dir='ltr'><strong>regula</strong></span> <span class='ocrx_word' id='word_1_311' title='bbox 973 2528 1114 2599; x_wconf 84' lang='lat' dir='ltr'><strong>(cap.</strong></span> <span class='ocrx_word' id='word_1_312' title='bbox 1141 2527 1256 2597; x_wconf 68' lang='lat'><strong>54.)</strong></span> <span class='ocrx_word' id='word_1_313' title='bbox 1283 2527 1470 2582; x_wconf 84' lang='lat' dir='ltr'><strong>scribit</strong></span> <span class='ocrx_word' id='word_1_314' title='bbox 1497 2527 1563 2582; x_wconf 91' lang='lat' dir='ltr'><strong>de</strong></span> <span class='ocrx_word' id='word_1_315' title='bbox 1591 2527 1718 2594; x_wconf 91' lang='lat' dir='ltr'><strong>hoc,</strong></span> <span class='ocrx_word' id='word_1_316' title='bbox 1745 2527 1971 2598; x_wconf 91' lang='lat' dir='ltr'><strong>loquens</strong></span> <span class='ocrx_word' id='word_1_317' title='bbox 2002 2528 2081 2599; x_wconf 90' lang='lat' dir='ltr'><strong>ip-</strong></span> 
     </span>
    </p>
   </div>
   <div class='ocr_carea' id='block_1_42' title="bbox 483 2615 2082 2688">
    <p class='ocr_par' dir='ltr' id='par_1_42' title="bbox 483 2615 2082 2688">
     <span class='ocr_line' id='line_1_42' title="bbox 483 2615 2082 2688; baseline 0.004 -20"><span class='ocrx_word' id='word_1_318' title='bbox 483 2615 572 2671; x_wconf 89' lang='lat' dir='ltr'><strong>.sis</strong></span> <span class='ocrx_word' id='word_1_319' title='bbox 597 2617 839 2688; x_wconf 72' lang='lat' dir='ltr'><strong>prtelatis</strong></span> <span class='ocrx_word' id='word_1_320' title='bbox 866 2633 881 2671; x_wconf 90' lang='lat'><strong>:</strong></span> <span class='ocrx_word' id='word_1_321' title='bbox 937 2634 956 2668; x_wconf 79' lang='grc' dir='ltr'>ι</span> <span class='ocrx_word' id='word_1_322' title='bbox 989 2616 1218 2685; x_wconf 84' lang='lat' dir='ltr'><strong>Quando</strong></span> <span class='ocrx_word' id='word_1_323' title='bbox 1247 2626 1430 2672; x_wconf 89' lang='lat' dir='ltr'><strong>autem</strong></span> <span class='ocrx_word' id='word_1_324' title='bbox 1457 2618 1758 2674; x_wconf 88' lang='lat' dir='ltr'><strong>necessitas</strong></span> <span class='ocrx_word' id='word_1_325' title='bbox 1784 2617 2082 2688; x_wconf 63' lang='lat' dir='ltr'><strong>disciplinae</strong></span> 
     </span>
    </p>
   </div>
   <div class='ocr_carea' id='block_1_43' title="bbox 481 2705 2084 2765">
    <p class='ocr_par' dir='ltr' id='par_1_43' title="bbox 481 2705 2084 2765">
     <span class='ocr_line' id='line_1_43' title="bbox 481 2705 2084 2765; baseline 0.001 -3"><span class='ocrx_word' id='word_1_326' title='bbox 481 2705 549 2762; x_wconf 88' lang='lat' dir='ltr'><strong>.in</strong></span> <span class='ocrx_word' id='word_1_327' title='bbox 599 2707 841 2763; x_wconf 88' lang='lat' dir='ltr'><strong>moribus</strong></span> <span class='ocrx_word' id='word_1_328' title='bbox 874 2707 1196 2765; x_wconf 85' lang='lat' dir='ltr'><strong>coercendis</strong></span> <span class='ocrx_word' id='word_1_329' title='bbox 1224 2709 1408 2764; x_wconf 90' lang='lat' dir='ltr'><strong>dicere</strong></span> <span class='ocrx_word' id='word_1_330' title='bbox 1438 2723 1534 2764; x_wconf 89' lang='lat' dir='ltr'><strong>vos</strong></span> <span class='ocrx_word' id='word_1_331' title='bbox 1561 2709 1698 2763; x_wconf 89' lang='lat' dir='ltr'><strong>dura</strong></span> <span class='ocrx_word' id='word_1_332' title='bbox 1721 2709 1885 2764; x_wconf 88' lang='lat' dir='ltr'><strong>verba</strong></span> <span class='ocrx_word' id='word_1_333' title='bbox 1933 2724 2084 2764; x_wconf 88' lang='lat' dir='ltr'><strong>com-</strong></span> 
     </span>
    </p>
   </div>
   <div class='ocr_carea' id='block_1_44' title="bbox 485 2798 2079 2868">
    <p class='ocr_par' dir='ltr' id='par_1_44' title="bbox 485 2798 2079 2868">
     <span class='ocr_line' id='line_1_44' title="bbox 485 2798 2079 2868; baseline 0.001 -16"><span class='ocrx_word' id='word_1_334' title='bbox 485 2798 664 2868; x_wconf 82' lang='lat' dir='ltr'><strong>pellit,</strong></span> <span class='ocrx_word' id='word_1_335' title='bbox 698 2799 743 2852; x_wconf 89' lang='lat' dir='ltr'><strong>si</strong></span> <span class='ocrx_word' id='word_1_336' title='bbox 781 2800 944 2853; x_wconf 89' lang='lat' dir='ltr'><strong>etiam</strong></span> <span class='ocrx_word' id='word_1_337' title='bbox 969 2815 1066 2854; x_wconf 80' lang='lat' dir='ltr'><strong>vos</strong></span> <span class='ocrx_word' id='word_1_338' title='bbox 1101 2799 1320 2854; x_wconf 92' lang='lat' dir='ltr'><strong>modum</strong></span> <span class='ocrx_word' id='word_1_339' title='bbox 1359 2799 1660 2855; x_wconf 79' lang='lat' dir='ltr'><strong>excessisse</strong></span> <span class='ocrx_word' id='word_1_340' title='bbox 1681 2799 1916 2866; x_wconf 85' lang='lat' dir='ltr'><strong>sentitis,</strong></span> <span class='ocrx_word' id='word_1_341' title='bbox 1971 2814 2079 2854; x_wconf 91' lang='lat' dir='ltr'><strong>non</strong></span> 
     </span>
    </p>
   </div>
   <div class='ocr_carea' id='block_1_45' title="bbox 485 2889 2083 2963">
    <p class='ocr_par' dir='ltr' id='par_1_45' title="bbox 485 2889 2083 2963">
     <span class='ocr_line' id='line_1_45' title="bbox 485 2889 2083 2963; baseline 0.001 -19"><span class='ocrx_word' id='word_1_342' title='bbox 485 2905 525 2944; x_wconf 80' lang='lat' dir='ltr'><strong>a</strong></span> <span class='ocrx_word' id='word_1_343' title='bbox 557 2889 711 2946; x_wconf 92' lang='lat' dir='ltr'><strong>vobis</strong></span> <span class='ocrx_word' id='word_1_344' title='bbox 739 2891 978 2960; x_wconf 78' lang='lat' dir='ltr'><strong>exigitur</strong></span> <span class='ocrx_word' id='word_1_345' title='bbox 999 2899 1058 2946; x_wconf 92' lang='lat' dir='ltr'><strong>ut</strong></span> <span class='ocrx_word' id='word_1_346' title='bbox 1097 2907 1126 2946; x_wconf 90' lang='lat' dir='ltr'><strong>a</strong></span> <span class='ocrx_word' id='word_1_347' title='bbox 1167 2892 1324 2948; x_wconf 90' lang='lat' dir='ltr'><strong>vobis</strong></span> <span class='ocrx_word' id='word_1_348' title='bbox 1350 2891 1582 2947; x_wconf 92' lang='lat' dir='ltr'><strong>subditis</strong></span> <span class='ocrx_word' id='word_1_349' title='bbox 1610 2891 1818 2947; x_wconf 80' lang='lat' dir='ltr'><strong>veniam</strong></span> <span class='ocrx_word' id='word_1_350' title='bbox 1847 2891 2083 2963; x_wconf 85' lang='lat' dir='ltr'><strong>postule-</strong></span> 
     </span>
    </p>
   </div>
   <div class='ocr_carea' id='block_1_46' title="bbox 453 2981 2081 3068">
    <p class='ocr_par' dir='ltr' id='par_1_46' title="bbox 453 2981 2081 3068">
     <span class='ocr_line' id='line_1_46' title="bbox 453 2981 2081 3068; baseline 0.002 -34"><span class='ocrx_word' id='word_1_351' title='bbox 453 2981 606 3068; x_wconf 25' lang='lat' dir='ltr'><strong>“tis;</strong></span> <span class='ocrx_word' id='word_1_352' title='bbox 639 2995 706 3038; x_wconf 91' lang='lat' dir='ltr'><strong>ne</strong></span> <span class='ocrx_word' id='word_1_353' title='bbox 742 2981 882 3052; x_wconf 89' lang='lat' dir='ltr'><strong>apud</strong></span> <span class='ocrx_word' id='word_1_354' title='bbox 925 2997 1040 3050; x_wconf 86' lang='lat' dir='ltr'><strong>eos,</strong></span> <span class='ocrx_word' id='word_1_355' title='bbox 1074 2999 1210 3053; x_wconf 88' lang='lat' dir='ltr'><strong>quos</strong></span> <span class='ocrx_word' id='word_1_356' title='bbox 1233 2992 1444 3054; x_wconf 84' lang='lat' dir='ltr'><strong>oportet</strong></span> <span class='ocrx_word' id='word_1_357' title='bbox 1478 2998 1600 3039; x_wconf 74' lang='lat' dir='ltr'><strong>esse</strong></span> <span class='ocrx_word' id='word_1_358' title='bbox 1620 2981 1915 3054; x_wconf 82' lang='lat' dir='ltr'><strong>subjectos,</strong></span> <span class='ocrx_word' id='word_1_359' title='bbox 1953 2983 2081 3038; x_wconf 87' lang='lat' dir='ltr'><strong>dum</strong></span> 
     </span>
    </p>
   </div>
   <div class='ocr_carea' id='block_1_47' title="bbox 481 3072 2154 3163">
    <p class='ocr_par' dir='ltr' id='par_1_47' title="bbox 481 3072 2154 3163">
     <span class='ocr_line' id='line_1_47' title="bbox 481 3072 2154 3163; baseline 0.002 -37"><span class='ocrx_word' id='word_1_360' title='bbox 481 3072 728 3132; x_wconf 67' lang='lat' dir='ltr'><strong>nimium</strong></span> <span class='ocrx_word' id='word_1_361' title='bbox 758 3083 1009 3128; x_wconf 86' lang='lat' dir='ltr'><strong>servatur</strong></span> <span class='ocrx_word' id='word_1_362' title='bbox 1038 3073 1340 3139; x_wconf 85' lang='lat' dir='ltr'><strong>humilitas,</strong></span> <span class='ocrx_word' id='word_1_363' title='bbox 1389 3074 1606 3146; x_wconf 88' lang='lat' dir='ltr'><strong>regendi</strong></span> <span class='ocrx_word' id='word_1_364' title='bbox 1655 3073 1941 3145; x_wconf 72' lang='lat' dir='ltr'><strong>frangatur</strong></span> <span class='ocrx_word' id='word_1_365' title='bbox 1981 3090 2080 3130; x_wconf 85' lang='lat' dir='ltr'><strong>au-</strong></span> <span class='ocrx_word' id='word_1_366' title='bbox 2111 3106 2154 3163; x_wconf 65' lang='grc' dir='ltr'><em>ε</em></span> 
     </span>
    </p>
   </div>
   <div class='ocr_carea' id='block_1_48' title="bbox 483 3161 2082 3234">
    <p class='ocr_par' dir='ltr' id='par_1_48' title="bbox 483 3161 2082 3234">
     <span class='ocr_line' id='line_1_48' title="bbox 483 3161 2082 3234; baseline 0 -16"><span class='ocrx_word' id='word_1_367' title='bbox 483 3161 746 3231; x_wconf 64' lang='grc' dir='ltr'><strong>,ειοι-ἰιειε.</strong></span> <span class='ocrx_word' id='word_1_368' title='bbox 779 3163 890 3217; x_wconf 83' lang='lat' dir='ltr'><strong>Sed</strong></span> <span class='ocrx_word' id='word_1_369' title='bbox 936 3171 1116 3218; x_wconf 88' lang='lat' dir='ltr'><strong>tamen</strong></span> <span class='ocrx_word' id='word_1_370' title='bbox 1153 3163 1383 3234; x_wconf 90' lang='lat' dir='ltr'><strong>petenda</strong></span> <span class='ocrx_word' id='word_1_371' title='bbox 1433 3171 1518 3218; x_wconf 91' lang='lat' dir='ltr'><strong>est</strong></span> <span class='ocrx_word' id='word_1_372' title='bbox 1551 3162 1708 3218; x_wconf 88' lang='lat' dir='ltr'><strong>venia</strong></span> <span class='ocrx_word' id='word_1_373' title='bbox 1748 3163 1815 3218; x_wconf 92' lang='lat' dir='ltr'><strong>ab</strong></span> <span class='ocrx_word' id='word_1_374' title='bbox 1843 3163 2082 3230; x_wconf 91' lang='lat' dir='ltr'><strong>omnium</strong></span> 
     </span>
    </p>
   </div>
   <div class='ocr_carea' id='block_1_49' title="bbox 481 3253 2084 3326">
    <p class='ocr_par' dir='ltr' id='par_1_49' title="bbox 481 3253 2084 3326">
     <span class='ocr_line' id='line_1_49' title="bbox 481 3253 2084 3326; baseline 0.002 -18"><span class='ocrx_word' id='word_1_375' title='bbox 481 3253 749 3321; x_wconf 83' lang='lat' dir='ltr'><strong>.Domiuo,</strong></span> <span class='ocrx_word' id='word_1_376' title='bbox 773 3254 864 3324; x_wconf 91' lang='lat' dir='ltr'><strong>qui</strong></span> <span class='ocrx_word' id='word_1_377' title='bbox 895 3256 1047 3310; x_wconf 90' lang='lat' dir='ltr'><strong>novit</strong></span> <span class='ocrx_word' id='word_1_378' title='bbox 1077 3255 1240 3310; x_wconf 91' lang='lat' dir='ltr'><strong>etiam</strong></span> <span class='ocrx_word' id='word_1_379' title='bbox 1284 3271 1382 3312; x_wconf 90' lang='lat' dir='ltr'><strong>eos</strong></span> <span class='ocrx_word' id='word_1_380' title='bbox 1417 3270 1556 3326; x_wconf 91' lang='lat' dir='ltr'><strong>quos</strong></span> <span class='ocrx_word' id='word_1_381' title='bbox 1609 3255 1732 3326; x_wconf 91' lang='lat' dir='ltr'><strong>plus</strong></span> <span class='ocrx_word' id='word_1_382' title='bbox 1760 3253 1909 3326; x_wconf 83' lang='lat' dir='ltr'><strong>justo</strong></span> <span class='ocrx_word' id='word_1_383' title='bbox 1940 3253 2084 3312; x_wconf 86' lang='lat' dir='ltr'><strong>forte</strong></span> 
     </span>
    </p>
   </div>
   <div class='ocr_carea' id='block_1_50' title="bbox 480 3345 2081 3418">
    <p class='ocr_par' dir='ltr' id='par_1_50' title="bbox 480 3345 2081 3418">
     <span class='ocr_line' id='line_1_50' title="bbox 480 3345 2081 3418; baseline 0.001 -18"><span class='ocrx_word' id='word_1_384' title='bbox 480 3346 796 3418; x_wconf 88' lang='lat' dir='ltr'><strong>.corripitis,</strong></span> <span class='ocrx_word' id='word_1_385' title='bbox 849 3357 1050 3417; x_wconf 89' lang='lat' dir='ltr'><strong>quanta</strong></span> <span class='ocrx_word' id='word_1_386' title='bbox 1101 3347 1474 3404; x_wconf 85' lang='lat' dir='ltr'><strong>benevolentia</strong></span> <span class='ocrx_word' id='word_1_387' title='bbox 1503 3347 1758 3418; x_wconf 75' lang='lat' dir='ltr'><strong>diligatis.</strong></span> <span class='ocrx_word' id='word_1_388' title='bbox 1793 3345 1911 3402; x_wconf 86' lang='lat' dir='ltr'><strong>Non</strong></span> <span class='ocrx_word' id='word_1_389' title='bbox 1937 3347 2081 3402; x_wconf 89' lang='lat' dir='ltr'><strong>enim</strong></span> 
     </span>
    </p>
   </div>
   <div class='ocr_carea' id='block_1_51' title="bbox 497 3437 2085 3511">
    <p class='ocr_par' dir='ltr' id='par_1_51' title="bbox 497 3437 2085 3511">
     <span class='ocr_line' id='line_1_51' title="bbox 497 3437 2085 3511; baseline -0.001 -16"><span class='ocrx_word' id='word_1_390' title='bbox 497 3437 757 3502; x_wconf 89' lang='lat' dir='ltr'><strong>carnalis,</strong></span> <span class='ocrx_word' id='word_1_391' title='bbox 781 3439 891 3511; x_wconf 75' lang='lat' dir='ltr'><strong>sed</strong></span> <span class='ocrx_word' id='word_1_392' title='bbox 935 3438 1232 3509; x_wconf 76' lang='lat' dir='ltr'><strong>Spiritualis</strong></span> <span class='ocrx_word' id='word_1_393' title='bbox 1279 3440 1421 3494; x_wconf 88' lang='lat' dir='ltr'><strong>inter</strong></span> <span class='ocrx_word' id='word_1_394' title='bbox 1466 3453 1564 3494; x_wconf 88' lang='lat' dir='ltr'><strong>vos</strong></span> <span class='ocrx_word' id='word_1_395' title='bbox 1612 3438 1770 3495; x_wconf 88' lang='lat' dir='ltr'><strong>debet</strong></span> <span class='ocrx_word' id='word_1_396' title='bbox 1802 3453 1926 3494; x_wconf 89' lang='lat' dir='ltr'><strong>esse</strong></span> <span class='ocrx_word' id='word_1_397' title='bbox 1951 3437 2085 3494; x_wconf 84' lang='lat' dir='ltr'><strong>dile-</strong></span> 
     </span>
    </p>
   </div>
   <div class='ocr_carea' id='block_1_52' title="bbox 485 3527 2081 3602">
    <p class='ocr_par' dir='ltr' id='par_1_52' title="bbox 485 3527 2081 3602">
     <span class='ocr_line' id='line_1_52' title="bbox 485 3527 2081 3602; baseline -0.001 -16"><span class='ocrx_word' id='word_1_398' title='bbox 485 3529 630 3586; x_wconf 72' lang='lat' dir='ltr'><strong>ctio.</strong></span> <span class='ocrx_word' id='word_1_399' title='bbox 669 3548 687 3582; x_wconf 74' lang='grc' dir='ltr'><strong><em>ι</em></strong></span> <span class='ocrx_word' id='word_1_400' title='bbox 719 3529 881 3586; x_wconf 87' lang='lat' dir='ltr'><strong>Certe</strong></span> <span class='ocrx_word' id='word_1_401' title='bbox 911 3529 957 3584; x_wconf 91' lang='lat' dir='ltr'><strong>si</strong></span> <span class='ocrx_word' id='word_1_402' title='bbox 989 3530 1056 3584; x_wconf 92' lang='lat' dir='ltr'><strong>de</strong></span> <span class='ocrx_word' id='word_1_403' title='bbox 1082 3529 1370 3584; x_wconf 87' lang='lat' dir='ltr'><strong>manubrio</strong></span> <span class='ocrx_word' id='word_1_404' title='bbox 1419 3529 1472 3584; x_wconf 92' lang='lat' dir='ltr'><strong>in</strong></span> <span class='ocrx_word' id='word_1_405' title='bbox 1517 3529 1751 3585; x_wconf 68' lang='lat' dir='ltr'><strong>ctesione</strong></span> <span class='ocrx_word' id='word_1_406' title='bbox 1793 3527 2081 3602; x_wconf 85' lang='lat' dir='ltr'><strong>lignorum,</strong></span> 
     </span>
    </p>
   </div>
   <div class='ocr_carea' id='block_1_53' title="bbox 479 3621 2081 3691">
    <p class='ocr_par' dir='ltr' id='par_1_53' title="bbox 479 3621 2081 3691">
     <span class='ocr_line' id='line_1_53' title="bbox 479 3621 2081 3691; baseline 0.001 -16"><span class='ocrx_word' id='word_1_407' title='bbox 479 3623 704 3680; x_wconf 85' lang='lat' dir='ltr'><strong>.f&#39;errum</strong></span> <span class='ocrx_word' id='word_1_408' title='bbox 752 3621 1030 3689; x_wconf 83' lang='lat' dir='ltr'><strong>exsiliens,</strong></span> <span class='ocrx_word' id='word_1_409' title='bbox 1086 3622 1322 3678; x_wconf 87' lang='lat' dir='ltr'><strong>amicum</strong></span> <span class='ocrx_word' id='word_1_410' title='bbox 1369 3621 1698 3691; x_wconf 87' lang='lat' dir='ltr'><strong>percusserit</strong></span> <span class='ocrx_word' id='word_1_411' title='bbox 1723 3630 1780 3676; x_wconf 88' lang='lat' dir='ltr'><strong>et</strong></span> <span class='ocrx_word' id='word_1_412' title='bbox 1802 3622 2081 3690; x_wconf 89' lang='lat' dir='ltr'><strong>occiderit,</strong></span> 
     </span>
    </p>
   </div>
   <div class='ocr_carea' id='block_1_54' title="bbox 481 3711 2084 3783">
    <p class='ocr_par' dir='ltr' id='par_1_54' title="bbox 481 3711 2084 3783">
     <span class='ocr_line' id='line_1_54' title="bbox 481 3711 2084 3783; baseline -0.001 -13"><span class='ocrx_word' id='word_1_413' title='bbox 481 3715 708 3770; x_wconf 66' lang='lat' dir='ltr'><strong>amicus</strong></span> <span class='ocrx_word' id='word_1_414' title='bbox 736 3713 845 3782; x_wconf 92' lang='lat' dir='ltr'><strong>ille,</strong></span> <span class='ocrx_word' id='word_1_415' title='bbox 868 3724 922 3770; x_wconf 92' lang='lat' dir='ltr'><strong>et</strong></span> <span class='ocrx_word' id='word_1_416' title='bbox 946 3722 1126 3768; x_wconf 88' lang='lat' dir='ltr'><strong>tamen</strong></span> <span class='ocrx_word' id='word_1_417' title='bbox 1169 3711 1384 3769; x_wconf 86' lang='lat' dir='ltr'><strong>occisor</strong></span> <span class='ocrx_word' id='word_1_418' title='bbox 1417 3711 1593 3778; x_wconf 89' lang='lat' dir='ltr'><strong>amici,</strong></span> <span class='ocrx_word' id='word_1_419' title='bbox 1641 3712 1824 3769; x_wconf 86' lang='lat' dir='ltr'><strong>vivere</strong></span> <span class='ocrx_word' id='word_1_420' title='bbox 1861 3712 2084 3783; x_wconf 91' lang='lat' dir='ltr'><strong>poterit,</strong></span> 
     </span>
    </p>
   </div>
   <div class='ocr_carea' id='block_1_55' title="bbox 494 3803 2083 3876">
    <p class='ocr_par' dir='ltr' id='par_1_55' title="bbox 494 3803 2083 3876">
     <span class='ocr_line' id='line_1_55' title="bbox 494 3803 2083 3876; baseline -0.003 -12"><span class='ocrx_word' id='word_1_421' title='bbox 494 3806 542 3864; x_wconf 83' lang='lat' dir='ltr'><strong>si</strong></span> <span class='ocrx_word' id='word_1_422' title='bbox 573 3805 642 3863; x_wconf 83' lang='lat' dir='ltr'><strong>ad</strong></span> <span class='ocrx_word' id='word_1_423' title='bbox 671 3821 834 3862; x_wconf 91' lang='lat' dir='ltr'><strong>unam</strong></span> <span class='ocrx_word' id='word_1_424' title='bbox 880 3804 1043 3860; x_wconf 92' lang='lat' dir='ltr'><strong>trium</strong></span> <span class='ocrx_word' id='word_1_425' title='bbox 1092 3804 1305 3859; x_wconf 85' lang='lat' dir='ltr'><strong>urbium</strong></span> <span class='ocrx_word' id='word_1_426' title='bbox 1350 3803 1550 3876; x_wconf 88' lang='lat' dir='ltr'><strong>fugerit</strong></span> <span class='ocrx_word' id='word_1_427' title='bbox 1604 3803 1784 3874; x_wconf 83' lang='lat' dir='ltr'><strong>(Deut.</strong></span> <span class='ocrx_word' id='word_1_428' title='bbox 1821 3803 1960 3874; x_wconf 72' lang='lat' dir='ltr'><strong>tux).</strong></span> <span class='ocrx_word' id='word_1_429' title='bbox 2005 3804 2083 3860; x_wconf 91' lang='lat' dir='ltr'><strong>lta</strong></span> 
     </span>
    </p>
   </div>
   <div class='ocr_carea' id='block_1_56' title="bbox 480 3893 2086 3966">
    <p class='ocr_par' dir='ltr' id='par_1_56' title="bbox 480 3893 2086 3966">
     <span class='ocr_line' id='line_1_56' title="bbox 480 3893 2086 3966; baseline 0.001 -16"><span class='ocrx_word' id='word_1_430' title='bbox 480 3896 752 3963; x_wconf 91' lang='lat' dir='ltr'><strong>.dieimus,</strong></span> <span class='ocrx_word' id='word_1_431' title='bbox 770 3896 814 3952; x_wconf 85' lang='lat' dir='ltr'><strong>si</strong></span> <span class='ocrx_word' id='word_1_432' title='bbox 838 3895 1156 3966; x_wconf 87' lang='lat' dir='ltr'><strong>simpliciter</strong></span> <span class='ocrx_word' id='word_1_433' title='bbox 1184 3894 1248 3950; x_wconf 90' lang='lat' dir='ltr'><strong>ad</strong></span> <span class='ocrx_word' id='word_1_434' title='bbox 1275 3893 1467 3951; x_wconf 83' lang='lat' dir='ltr'><strong>silvam</strong></span> <span class='ocrx_word' id='word_1_435' title='bbox 1492 3894 1705 3950; x_wconf 89' lang='lat' dir='ltr'><strong>abierit.</strong></span> <span class='ocrx_word' id='word_1_436' title='bbox 1736 3894 1805 3951; x_wconf 88' lang='lat' dir='ltr'><strong>Et</strong></span> <span class='ocrx_word' id='word_1_437' title='bbox 1826 3895 1940 3951; x_wconf 59' lang='lat' dir='ltr'><strong>baac</strong></span> <span class='ocrx_word' id='word_1_438' title='bbox 1963 3895 2086 3952; x_wconf 91' lang='lat' dir='ltr'><strong>ideo</strong></span> 
     </span>
    </p>
   </div>
   <div class='ocr_carea' id='block_1_57' title="bbox 479 3985 2085 4058">
    <p class='ocr_par' dir='ltr' id='par_1_57' title="bbox 479 3985 2085 4058">
     <span class='ocr_line' id='line_1_57' title="bbox 479 3985 2085 4058; baseline 0.004 -20"><span class='ocrx_word' id='word_1_439' title='bbox 479 3985 760 4053; x_wconf 78' lang='lat' dir='ltr'><strong>diximus,</strong></span> <span class='ocrx_word' id='word_1_440' title='bbox 808 3996 868 4043; x_wconf 93' lang='lat' dir='ltr'><strong>ut</strong></span> <span class='ocrx_word' id='word_1_441' title='bbox 909 3987 1150 4044; x_wconf 89' lang='lat' dir='ltr'><strong>sciamus</strong></span> <span class='ocrx_word' id='word_1_442' title='bbox 1178 3985 1369 4058; x_wconf 89' lang='lat' dir='ltr'><strong>quales</strong></span> <span class='ocrx_word' id='word_1_443' title='bbox 1398 3987 1466 4042; x_wconf 89' lang='lat' dir='ltr'><strong>ad</strong></span> <span class='ocrx_word' id='word_1_444' title='bbox 1496 3988 1800 4044; x_wconf 86' lang='lat' dir='ltr'><strong>orationem</strong></span> <span class='ocrx_word' id='word_1_445' title='bbox 1825 3987 2085 4045; x_wconf 87' lang='lat' dir='ltr'><strong>accedere</strong></span> 
     </span>
    </p>
   </div>
   <div class='ocr_carea' id='block_1_58' title="bbox 480 4076 806 4137">
    <p class='ocr_par' dir='ltr' id='par_1_58' title="bbox 480 4076 806 4137">
     <span class='ocr_line' id='line_1_58' title="bbox 480 4076 806 4137; baseline -0.009 -2"><span class='ocrx_word' id='word_1_446' title='bbox 480 4076 806 4137; x_wconf 86' lang='lat' dir='ltr'><strong>.debeamus.</strong></span> 
     </span>
    </p>
   </div>
   <div class='ocr_carea' id='block_1_59' title="bbox 945 4168 1628 4227">
    <p class='ocr_par' dir='ltr' id='par_1_59' title="bbox 945 4168 1628 4227">
     <span class='ocr_line' id='line_1_59' title="bbox 945 4168 1628 4227; baseline -0.003 -2"><span class='ocrx_word' id='word_1_447' title='bbox 945 4168 1347 4227; x_wconf 76' lang='lat' dir='ltr'><strong>CAPITULUM</strong></span> <span class='ocrx_word' id='word_1_448' title='bbox 1412 4169 1628 4226; x_wconf 79' lang='lat' dir='ltr'><strong>XXXV.</strong></span> 
     </span>
    </p>
   </div>
   <div class='ocr_carea' id='block_1_60' title="bbox 492 4274 2085 4350">
    <p class='ocr_par' dir='ltr' id='par_1_60' title="bbox 492 4274 2085 4350">
     <span class='ocr_line' id='line_1_60' title="bbox 492 4274 2085 4350; baseline 0.001 -19"><span class='ocrx_word' id='word_1_449' title='bbox 492 4274 574 4332; x_wconf 77' lang='lat' dir='ltr'><strong>De</strong></span> <span class='ocrx_word' id='word_1_450' title='bbox 588 4285 818 4350; x_wconf 76' lang='lat' dir='ltr'><strong>quatuor</strong></span> <span class='ocrx_word' id='word_1_451' title='bbox 837 4279 1208 4350; x_wconf 77' lang='lat' dir='ltr'><strong>cogitationum</strong></span> <span class='ocrx_word' id='word_1_452' title='bbox 1230 4279 1502 4350; x_wconf 74' lang='lat' dir='ltr'><strong>generibus</strong></span> <span class='ocrx_word' id='word_1_453' title='bbox 1527 4295 1645 4349; x_wconf 71' lang='lat' dir='ltr'><strong>qua</strong></span> <span class='ocrx_word' id='word_1_454' title='bbox 1673 4279 1820 4334; x_wconf 80' lang='lat' dir='ltr'><strong>uobis</strong></span> <span class='ocrx_word' id='word_1_455' title='bbox 1843 4295 2085 4335; x_wconf 69' lang='lat' dir='ltr'><strong>necessa-</strong></span> 
     </span>
    </p>
   </div>
   <div class='ocr_carea' id='block_1_61' title="bbox 565 4349 2080 4423">
    <p class='ocr_par' dir='ltr' id='par_1_61' title="bbox 565 4349 2080 4423">
     <span class='ocr_line' id='line_1_61' title="bbox 565 4349 2080 4423; baseline 0.003 -21"><span class='ocrx_word' id='word_1_456' title='bbox 565 4349 706 4423; x_wconf 63' lang='lat' dir='ltr'><strong>{ium</strong></span> <span class='ocrx_word' id='word_1_457' title='bbox 735 4357 810 4402; x_wconf 76' lang='lat' dir='ltr'><strong>est</strong></span> <span class='ocrx_word' id='word_1_458' title='bbox 835 4349 1085 4423; x_wconf 69' lang='lat' dir='ltr'><strong>in_mer_ue</strong></span> <span class='ocrx_word' id='word_1_459' title='bbox 1113 4349 1322 4423; x_wconf 67' lang='lat' dir='ltr'><strong>habere,</strong></span> <span class='ocrx_word' id='word_1_460' title='bbox 1347 4350 1392 4404; x_wconf 75' lang='lat' dir='ltr'><strong>si</strong></span> <span class='ocrx_word' id='word_1_461' title='bbox 1420 4366 1550 4420; x_wconf 83' lang='lat' dir='ltr'><strong>pure</strong></span> <span class='ocrx_word' id='word_1_462' title='bbox 1595 4358 1643 4405; x_wconf 83' lang='lat' dir='ltr'><strong>et</strong></span> <span class='ocrx_word' id='word_1_463' title='bbox 1695 4351 1876 4405; x_wconf 81' lang='lat' dir='ltr'><strong>devote</strong></span> <span class='ocrx_word' id='word_1_464' title='bbox 1924 4360 2080 4423; x_wconf 83' lang='lat' dir='ltr'><strong>atque</strong></span> 
     </span>
    </p>
   </div>
   <div class='ocr_carea' id='block_1_62' title="bbox 559 4417 1626 4476">
    <p class='ocr_par' dir='ltr' id='par_1_62' title="bbox 559 4417 1626 4476">
     <span class='ocr_line' id='line_1_62' title="bbox 559 4417 1626 4476; baseline 0 0"><span class='ocrx_word' id='word_1_465' title='bbox 559 4417 836 4476; x_wconf 71' lang='lat' dir='ltr'><strong>fructuosa</strong></span> <span class='ocrx_word' id='word_1_466' title='bbox 873 4418 1154 4473; x_wconf 84' lang='lat' dir='ltr'><strong>Dominum</strong></span> <span class='ocrx_word' id='word_1_467' title='bbox 1195 4417 1432 4475; x_wconf 70' lang='lat' dir='ltr'><strong>volumus</strong></span> <span class='ocrx_word' id='word_1_468' title='bbox 1455 4435 1626 4476; x_wconf 84' lang='lat' dir='ltr'><strong>orare.</strong></span> 
     </span>
    </p>
   </div>
   <div class='ocr_carea' id='block_1_63' title="bbox 560 4527 2077 4606">
    <p class='ocr_par' dir='ltr' id='par_1_63' title="bbox 560 4527 2077 4606">
     <span class='ocr_line' id='line_1_63' title="bbox 560 4527 2077 4606; baseline 0.004 -21"><span class='ocrx_word' id='word_1_469' title='bbox 560 4527 728 4598; x_wconf 86' lang='lat' dir='ltr'><strong>Ecce,</strong></span> <span class='ocrx_word' id='word_1_470' title='bbox 771 4544 838 4586; x_wconf 89' lang='lat' dir='ltr'><strong>ex</strong></span> <span class='ocrx_word' id='word_1_471' title='bbox 877 4540 1032 4602; x_wconf 88' lang='lat' dir='ltr'><strong>parte</strong></span> <span class='ocrx_word' id='word_1_472' title='bbox 1057 4529 1239 4602; x_wconf 88' lang='lat' dir='ltr'><strong>aliqua</strong></span> <span class='ocrx_word' id='word_1_473' title='bbox 1269 4531 1352 4604; x_wconf 91' lang='lat' dir='ltr'><strong>(ut</strong></span> <span class='ocrx_word' id='word_1_474' title='bbox 1375 4530 1730 4606; x_wconf 86' lang='lat' dir='ltr'><strong>arbitramur)</strong></span> <span class='ocrx_word' id='word_1_475' title='bbox 1764 4531 1954 4602; x_wconf 88' lang='lat' dir='ltr'><strong>habes,</strong></span> <span class='ocrx_word' id='word_1_476' title='bbox 2023 4545 2077 4591; x_wconf 90' lang='lat' dir='ltr'><strong>tu</strong></span> 
     </span>
    </p>
   </div>
   <div class='ocr_carea' id='block_1_64' title="bbox 488 4620 2078 4698">
    <p class='ocr_par' dir='ltr' id='par_1_64' title="bbox 488 4620 2078 4698">
     <span class='ocr_line' id='line_1_64' title="bbox 488 4620 2078 4698; baseline 0.004 -22"><span class='ocrx_word' id='word_1_477' title='bbox 488 4620 582 4690; x_wconf 89' lang='lat' dir='ltr'><strong>qui</strong></span> <span class='ocrx_word' id='word_1_478' title='bbox 622 4621 901 4678; x_wconf 88' lang='lat' dir='ltr'><strong>habitator</strong></span> <span class='ocrx_word' id='word_1_479' title='bbox 925 4620 1076 4679; x_wconf 70' lang='lat' dir='ltr'><strong>cellae</strong></span> <span class='ocrx_word' id='word_1_480' title='bbox 1103 4637 1183 4690; x_wconf 90' lang='lat' dir='ltr'><strong>es,</strong></span> <span class='ocrx_word' id='word_1_481' title='bbox 1208 4622 1422 4692; x_wconf 89' lang='lat' dir='ltr'><strong>qualem</strong></span> <span class='ocrx_word' id='word_1_482' title='bbox 1470 4632 1520 4680; x_wconf 91' lang='lat' dir='ltr'><strong>te</strong></span> <span class='ocrx_word' id='word_1_483' title='bbox 1559 4623 1756 4682; x_wconf 87' lang='lat' dir='ltr'><strong>debeas</strong></span> <span class='ocrx_word' id='word_1_484' title='bbox 1806 4641 1905 4698; x_wconf 89' lang='lat' dir='ltr'><strong>per</strong></span> <span class='ocrx_word' id='word_1_485' title='bbox 1951 4642 2078 4698; x_wconf 84' lang='lat' dir='ltr'><strong>gra-</strong></span> 
     </span>
    </p>
   </div>
   <div class='ocr_carea' id='block_1_65' title="bbox 489 4711 2075 4786">
    <p class='ocr_par' dir='ltr' id='par_1_65' title="bbox 489 4711 2075 4786">
     <span class='ocr_line' id='line_1_65' title="bbox 489 4711 2075 4786; baseline 0.006 -21"><span class='ocrx_word' id='word_1_486' title='bbox 489 4711 624 4767; x_wconf 90' lang='lat' dir='ltr'><strong>tiam</strong></span> <span class='ocrx_word' id='word_1_487' title='bbox 653 4712 747 4786; x_wconf 87' lang='lat' dir='ltr'><strong>Dei</strong></span> <span class='ocrx_word' id='word_1_488' title='bbox 780 4729 1110 4786; x_wconf 67' lang='lat' dir='ltr'><strong>praeparare,</strong></span> <span class='ocrx_word' id='word_1_489' title='bbox 1145 4730 1268 4771; x_wconf 91' lang='lat' dir='ltr'><strong>cum</strong></span> <span class='ocrx_word' id='word_1_490' title='bbox 1303 4714 1370 4770; x_wconf 90' lang='lat' dir='ltr'><strong>ad</strong></span> <span class='ocrx_word' id='word_1_491' title='bbox 1415 4717 1682 4773; x_wconf 87' lang='lat' dir='ltr'><strong>orandum</strong></span> <span class='ocrx_word' id='word_1_492' title='bbox 1722 4717 1892 4774; x_wconf 88' lang='lat' dir='ltr'><strong>Deum</strong></span> <span class='ocrx_word' id='word_1_493' title='bbox 1926 4728 2075 4776; x_wconf 90' lang='lat' dir='ltr'><strong>tuum</strong></span> 
     </span>
    </p>
   </div>
   <div class='ocr_carea' id='block_1_66' title="bbox 487 4810 2079 4886">
    <p class='ocr_par' dir='ltr' id='par_1_66' title="bbox 487 4810 2079 4886">
     <span class='ocr_line' id='line_1_66' title="bbox 487 4810 2079 4886; baseline 0.004 -21"><span class='ocrx_word' id='word_1_494' title='bbox 487 4810 750 4884; x_wconf 83' lang='lat' dir='ltr'><strong>proponis</strong></span> <span class='ocrx_word' id='word_1_495' title='bbox 777 4811 1039 4868; x_wconf 89' lang='lat' dir='ltr'><strong>accedere</strong></span> <span class='ocrx_word' id='word_1_496' title='bbox 1073 4812 1220 4884; x_wconf 80' lang='lat' dir='ltr'><strong>(cap.</strong></span> <span class='ocrx_word' id='word_1_497' title='bbox 1253 4811 1375 4886; x_wconf 81' lang='lat'><strong>&#39;55).</strong></span> <span class='ocrx_word' id='word_1_498' title='bbox 1426 4813 1699 4885; x_wconf 87' lang='lat' dir='ltr'><strong>Quidquid</strong></span> <span class='ocrx_word' id='word_1_499' title='bbox 1739 4816 1805 4872; x_wconf 90' lang='lat' dir='ltr'><strong>de</strong></span> <span class='ocrx_word' id='word_1_500' title='bbox 1831 4817 2079 4873; x_wconf 90' lang='lat' dir='ltr'><strong>oratione</strong></span> 
     </span>
    </p>
   </div>
   <div class='ocr_carea' id='block_1_67' title="bbox 490 4903 2080 4973">
    <p class='ocr_par' dir='ltr' id='par_1_67' title="bbox 490 4903 2080 4973">
     <span class='ocr_line' id='line_1_67' title="bbox 490 4903 2080 4973; baseline 0.004 -15"><span class='ocrx_word' id='word_1_501' title='bbox 490 4903 750 4971; x_wconf 88' lang='lat' dir='ltr'><strong>diximus,</strong></span> <span class='ocrx_word' id='word_1_502' title='bbox 793 4913 850 4961; x_wconf 89' lang='lat' dir='ltr'><strong>et</strong></span> <span class='ocrx_word' id='word_1_503' title='bbox 885 4905 1062 4960; x_wconf 89' lang='lat' dir='ltr'><strong>adhuc</strong></span> <span class='ocrx_word' id='word_1_504' title='bbox 1080 4905 1315 4962; x_wconf 86' lang='lat' dir='ltr'><strong>fortasse</strong></span> <span class='ocrx_word' id='word_1_505' title='bbox 1347 4905 1619 4973; x_wconf 85' lang='lat' dir='ltr'><strong>dicemus,</strong></span> <span class='ocrx_word' id='word_1_506' title='bbox 1667 4907 1736 4963; x_wconf 93' lang='lat' dir='ltr'><strong>ad</strong></span> <span class='ocrx_word' id='word_1_507' title='bbox 1785 4906 1936 4964; x_wconf 91' lang='lat' dir='ltr'><strong>illum</strong></span> <span class='ocrx_word' id='word_1_508' title='bbox 1982 4908 2080 4964; x_wconf 85' lang='lat' dir='ltr'><strong>flu-</strong></span> 
     </span>
    </p>
   </div>
   <div class='ocr_carea' id='block_1_68' title="bbox 477 4992 2081 5070">
    <p class='ocr_par' dir='ltr' id='par_1_68' title="bbox 477 4992 2081 5070">
     <span class='ocr_line' id='line_1_68' title="bbox 477 4992 2081 5070; baseline 0.007 -25"><span class='ocrx_word' id='word_1_509' title='bbox 477 4992 638 5047; x_wconf 75' lang='lat' dir='ltr'><strong>.vium</strong></span> <span class='ocrx_word' id='word_1_510' title='bbox 692 4995 911 5051; x_wconf 89' lang='lat' dir='ltr'><strong>tertium</strong></span> <span class='ocrx_word' id='word_1_511' title='bbox 956 4994 1267 5064; x_wconf 87' lang='lat' dir='ltr'><strong>referimus,</strong></span> <span class='ocrx_word' id='word_1_512' title='bbox 1304 4995 1400 5068; x_wconf 88' lang='lat' dir='ltr'><strong>qui</strong></span> <span class='ocrx_word' id='word_1_513' title='bbox 1437 5006 1492 5052; x_wconf 92' lang='lat' dir='ltr'><strong>et</strong></span> <span class='ocrx_word' id='word_1_514' title='bbox 1521 4997 1589 5054; x_wconf 92' lang='lat' dir='ltr'><strong>de</strong></span> <span class='ocrx_word' id='word_1_515' title='bbox 1634 4995 1757 5054; x_wconf 91' lang='lat' dir='ltr'><strong>loco</strong></span> <span class='ocrx_word' id='word_1_516' title='bbox 1786 4998 2081 5070; x_wconf 80' lang='lat' dir='ltr'><strong>voluptatis</strong></span> 
     </span>
    </p>
   </div>
   <div class='ocr_carea' id='block_1_69' title="bbox 485 5085 2080 5162">
    <p class='ocr_par' dir='ltr' id='par_1_69' title="bbox 485 5085 2080 5162">
     <span class='ocr_line' id='line_1_69' title="bbox 485 5085 2080 5162; baseline 0.004 -22"><span class='ocrx_word' id='word_1_517' title='bbox 485 5085 789 5156; x_wconf 80' lang='lat' dir='ltr'><strong>egreditur,</strong></span> <span class='ocrx_word' id='word_1_518' title='bbox 813 5098 874 5145; x_wconf 88' lang='lat' dir='ltr'><strong>et</strong></span> <span class='ocrx_word' id='word_1_519' title='bbox 893 5087 1071 5162; x_wconf 84' lang='lat' dir='ltr'><strong>Tigris</strong></span> <span class='ocrx_word' id='word_1_520' title='bbox 1098 5097 1350 5156; x_wconf 89' lang='lat' dir='ltr'><strong>vocatur;</strong></span> <span class='ocrx_word' id='word_1_521' title='bbox 1385 5089 1454 5146; x_wconf 91' lang='lat' dir='ltr'><strong>de</strong></span> <span class='ocrx_word' id='word_1_522' title='bbox 1484 5105 1593 5160; x_wconf 87' lang='lat' dir='ltr'><strong>quo</strong></span> <span class='ocrx_word' id='word_1_523' title='bbox 1621 5100 1676 5146; x_wconf 91' lang='lat' dir='ltr'><strong>et</strong></span> <span class='ocrx_word' id='word_1_524' title='bbox 1695 5090 1925 5162; x_wconf 84' lang='lat' dir='ltr'><strong>legimus</strong></span> <span class='ocrx_word' id='word_1_525' title='bbox 1951 5092 2080 5162; x_wconf 91' lang='lat' dir='ltr'><strong>quia</strong></span> 
     </span>
    </p>
   </div>
   <div class='ocr_carea' id='block_1_70' title="bbox 490 5170 2079 5249">
    <p class='ocr_par' dir='ltr' id='par_1_70' title="bbox 490 5170 2079 5249">
     <span class='ocr_line' id='line_1_70' title="bbox 490 5170 2079 5249; baseline 0.004 -24"><span class='ocrx_word' id='word_1_526' title='bbox 490 5170 642 5226; x_wconf 90' lang='lat' dir='ltr'><strong>vadit</strong></span> <span class='ocrx_word' id='word_1_527' title='bbox 667 5179 854 5227; x_wconf 90' lang='lat' dir='ltr'><strong>contra</strong></span> <span class='ocrx_word' id='word_1_528' title='bbox 884 5172 1156 5244; x_wconf 80' lang='lat' dir='ltr'><strong>Assyrios.</strong></span> <span class='ocrx_word' id='word_1_529' title='bbox 1180 5174 1279 5231; x_wconf 90' lang='lat' dir='ltr'><strong>Diu</strong></span> <span class='ocrx_word' id='word_1_530' title='bbox 1312 5175 1366 5231; x_wconf 87' lang='lat' dir='ltr'><strong>in</strong></span> <span class='ocrx_word' id='word_1_531' title='bbox 1401 5191 1468 5230; x_wconf 92' lang='lat' dir='ltr'><strong>eo</strong></span> <span class='ocrx_word' id='word_1_532' title='bbox 1495 5176 1690 5232; x_wconf 91' lang='lat' dir='ltr'><strong>morati</strong></span> <span class='ocrx_word' id='word_1_533' title='bbox 1726 5191 1914 5232; x_wconf 83' lang='lat' dir='ltr'><strong>sumus</strong></span> <span class='ocrx_word' id='word_1_534' title='bbox 1952 5177 2079 5249; x_wconf 86' lang='lat' dir='ltr'><strong>quia</strong></span> 
     </span>
    </p>
   </div>
   <div class='ocr_carea' id='block_1_71' title="bbox 491 5261 2076 5339">
    <p class='ocr_par' dir='ltr' id='par_1_71' title="bbox 491 5261 2076 5339">
     <span class='ocr_line' id='line_1_71' title="bbox 491 5261 2076 5339; baseline 0.005 -22"><span class='ocrx_word' id='word_1_535' title='bbox 491 5261 563 5317; x_wconf 92' lang='lat' dir='ltr'><strong>ob</strong></span> <span class='ocrx_word' id='word_1_536' title='bbox 591 5275 838 5332; x_wconf 82' lang='lat' dir='ltr'><strong>magnam</strong></span> <span class='ocrx_word' id='word_1_537' title='bbox 866 5263 1120 5318; x_wconf 89' lang='lat' dir='ltr'><strong>nimirum</strong></span> <span class='ocrx_word' id='word_1_538' title='bbox 1150 5264 1269 5334; x_wconf 89' lang='lat' dir='ltr'><strong>ejus</strong></span> <span class='ocrx_word' id='word_1_539' title='bbox 1309 5274 1418 5321; x_wconf 88' lang='lat' dir='ltr'><strong>tam</strong></span> <span class='ocrx_word' id='word_1_540' title='bbox 1457 5265 1880 5336; x_wconf 82' lang='lat' dir='ltr'><strong>profunditatem</strong></span> <span class='ocrx_word' id='word_1_541' title='bbox 1911 5284 2076 5339; x_wconf 89' lang='lat' dir='ltr'><strong>quam</strong></span> 
     </span>
    </p>
   </div>
   <div class='ocr_carea' id='block_1_72' title="bbox 494 5353 2076 5431">
    <p class='ocr_par' dir='ltr' id='par_1_72' title="bbox 494 5353 2076 5431">
     <span class='ocr_line' id='line_1_72' title="bbox 494 5353 2076 5431; baseline 0.005 -22"><span class='ocrx_word' id='word_1_542' title='bbox 494 5353 856 5420; x_wconf 87' lang='lat' dir='ltr'><strong>latitudinem,</strong></span> <span class='ocrx_word' id='word_1_543' title='bbox 907 5354 1017 5410; x_wconf 91' lang='lat' dir='ltr'><strong>cito</strong></span> <span class='ocrx_word' id='word_1_544' title='bbox 1064 5371 1186 5410; x_wconf 91' lang='lat' dir='ltr'><strong>eum</strong></span> <span class='ocrx_word' id='word_1_545' title='bbox 1238 5360 1574 5428; x_wconf 90' lang='lat' dir='ltr'><strong>pertransire</strong></span> <span class='ocrx_word' id='word_1_546' title='bbox 1627 5375 1733 5416; x_wconf 88' lang='lat' dir='ltr'><strong>non</strong></span> <span class='ocrx_word' id='word_1_547' title='bbox 1777 5362 2076 5431; x_wconf 90' lang='lat' dir='ltr'><strong>potuimus.</strong></span> 
     </span>
    </p>
   </div>
   <div class='ocr_carea' id='block_1_73' title="bbox 491 5445 2078 5525">
    <p class='ocr_par' dir='ltr' id='par_1_73' title="bbox 491 5445 2078 5525">
     <span class='ocr_line' id='line_1_73' title="bbox 491 5445 2078 5525; baseline 0.006 -24"><span class='ocrx_word' id='word_1_548' title='bbox 491 5445 649 5502; x_wconf 77' lang='lat' dir='ltr'><strong>Nunc</strong></span> <span class='ocrx_word' id='word_1_549' title='bbox 669 5456 850 5502; x_wconf 90' lang='lat' dir='ltr'><strong>autem</strong></span> <span class='ocrx_word' id='word_1_550' title='bbox 885 5456 938 5502; x_wconf 92' lang='lat' dir='ltr'><strong>tu</strong></span> <span class='ocrx_word' id='word_1_551' title='bbox 963 5448 1182 5518; x_wconf 65' lang='lat' dir='ltr'><strong>quaeris,</strong></span> <span class='ocrx_word' id='word_1_552' title='bbox 1220 5459 1280 5504; x_wconf 90' lang='lat' dir='ltr'><strong>ut</strong></span> <span class='ocrx_word' id='word_1_553' title='bbox 1304 5459 1356 5506; x_wconf 93' lang='lat' dir='ltr'><strong>te</strong></span> <span class='ocrx_word' id='word_1_554' title='bbox 1391 5453 1531 5521; x_wconf 89' lang='lat' dir='ltr'><strong>quod</strong></span> <span class='ocrx_word' id='word_1_555' title='bbox 1561 5455 1808 5525; x_wconf 85' lang='lat' dir='ltr'><strong>superius</strong></span> <span class='ocrx_word' id='word_1_556' title='bbox 1840 5455 2078 5512; x_wconf 91' lang='lat' dir='ltr'><strong>secundo</strong></span> 
     </span>
    </p>
   </div>
   <div class='ocr_carea' id='block_1_74' title="bbox 473 5539 2079 5617">
    <p class='ocr_par' dir='ltr' id='par_1_74' title="bbox 473 5539 2079 5617">
     <span class='ocr_line' id='line_1_74' title="bbox 473 5539 2079 5617; baseline 0.002 -17"><span class='ocrx_word' id='word_1_557' title='bbox 473 5540 612 5600; x_wconf 84' lang='lat' dir='ltr'><strong>-loeo</strong></span> <span class='ocrx_word' id='word_1_558' title='bbox 651 5541 949 5610; x_wconf 84' lang='lat' dir='ltr'><strong>posuimus,</strong></span> <span class='ocrx_word' id='word_1_559' title='bbox 992 5539 1226 5610; x_wconf 86' lang='lat' dir='ltr'><strong>qualiter</strong></span> <span class='ocrx_word' id='word_1_560' title='bbox 1273 5541 1524 5600; x_wconf 84' lang='lat' dir='ltr'><strong>videlicet</strong></span> <span class='ocrx_word' id='word_1_561' title='bbox 1574 5545 1629 5602; x_wconf 93' lang='lat' dir='ltr'><strong>in</strong></span> <span class='ocrx_word' id='word_1_562' title='bbox 1675 5547 1788 5617; x_wconf 89' lang='lat' dir='ltr'><strong>ipsa</strong></span> <span class='ocrx_word' id='word_1_563' title='bbox 1832 5548 2079 5604; x_wconf 87' lang='lat' dir='ltr'><strong>oratione</strong></span> 
     </span>
    </p>
   </div>
   <div class='ocr_carea' id='block_1_75' title="bbox 473 5632 2079 5714">
    <p class='ocr_par' dir='ltr' id='par_1_75' title="bbox 473 5632 2079 5714">
     <span class='ocr_line' id='line_1_75' title="bbox 473 5632 2079 5714; baseline 0.006 -28"><span class='ocrx_word' id='word_1_564' title='bbox 473 5632 808 5703; x_wconf 76' lang='lat' dir='ltr'><strong>persistere,</strong></span> <span class='ocrx_word' id='word_1_565' title='bbox 836 5643 888 5689; x_wconf 83' lang='lat' dir='ltr'><strong>et</strong></span> <span class='ocrx_word' id='word_1_566' title='bbox 918 5633 1048 5704; x_wconf 91' lang='lat' dir='ltr'><strong>quid</strong></span> <span class='ocrx_word' id='word_1_567' title='bbox 1076 5634 1215 5690; x_wconf 89' lang='lat' dir='ltr'><strong>intra</strong></span> <span class='ocrx_word' id='word_1_568' title='bbox 1250 5646 1303 5690; x_wconf 90' lang='lat' dir='ltr'><strong>te</strong></span> <span class='ocrx_word' id='word_1_569' title='bbox 1330 5635 1462 5692; x_wconf 85' lang='lat' dir='ltr'><strong>hora</strong></span> <span class='ocrx_word' id='word_1_570' title='bbox 1507 5635 1594 5690; x_wconf 88' lang='lat' dir='ltr'><strong>illa</strong></span> <span class='ocrx_word' id='word_1_571' title='bbox 1639 5637 1695 5692; x_wconf 87' lang='lat' dir='ltr'><strong>iu</strong></span> <span class='ocrx_word' id='word_1_572' title='bbox 1749 5639 2079 5714; x_wconf 72' lang='lat' dir='ltr'><strong>cogitatione</strong></span> 
     </span>
    </p>
   </div>
   <div class='ocr_carea' id='block_1_76' title="bbox 470 5721 2077 5800">
    <p class='ocr_par' dir='ltr' id='par_1_76' title="bbox 470 5721 2077 5800">
     <span class='ocr_line' id='line_1_76' title="bbox 470 5721 2077 5800; baseline 0.006 -22"><span class='ocrx_word' id='word_1_573' title='bbox 470 5721 774 5794; x_wconf 71' lang='lat' dir='ltr'><strong>.revolvere</strong></span> <span class='ocrx_word' id='word_1_574' title='bbox 809 5726 1024 5792; x_wconf 79' lang='lat' dir='ltr'><strong>debeas,</strong></span> <span class='ocrx_word' id='word_1_575' title='bbox 1064 5742 1160 5799; x_wconf 87' lang='lat' dir='ltr'><strong>pro</strong></span> <span class='ocrx_word' id='word_1_576' title='bbox 1197 5728 1339 5785; x_wconf 88' lang='lat' dir='ltr'><strong>scire</strong></span> <span class='ocrx_word' id='word_1_577' title='bbox 1366 5739 1418 5785; x_wconf 83' lang='lat' dir='ltr'><strong>et</strong></span> <span class='ocrx_word' id='word_1_578' title='bbox 1439 5742 1599 5800; x_wconf 89' lang='lat' dir='ltr'><strong>posse</strong></span> <span class='ocrx_word' id='word_1_579' title='bbox 1630 5739 1815 5787; x_wconf 83' lang='lat' dir='ltr'><strong>nostro</strong></span> <span class='ocrx_word' id='word_1_580' title='bbox 1843 5731 2077 5788; x_wconf 84' lang='lat' dir='ltr'><strong>instrua-</strong></span> 
     </span>
    </p>
   </div>
   <div class='ocr_carea' id='block_1_77' title="bbox 2183 1889 3784 1962">
    <p class='ocr_par' dir='ltr' id='par_1_77' title="bbox 2183 1889 3784 1962">
     <span class='ocr_line' id='line_1_77' title="bbox 2183 1889 3784 1962; baseline -0.002 -16"><span class='ocrx_word' id='word_1_581' title='bbox 2183 1900 2238 1946; x_wconf 93' lang='lat' dir='ltr'><strong>tu</strong></span> <span class='ocrx_word' id='word_1_582' title='bbox 2263 1889 2544 1960; x_wconf 88' lang='lat' dir='ltr'><strong>conquesti</strong></span> <span class='ocrx_word' id='word_1_583' title='bbox 2577 1889 2786 1961; x_wconf 92' lang='lat' dir='ltr'><strong>sumus)</strong></span> <span class='ocrx_word' id='word_1_584' title='bbox 2841 1904 3005 1960; x_wconf 89' lang='lat' dir='ltr'><strong>quam</strong></span> <span class='ocrx_word' id='word_1_585' title='bbox 3057 1890 3112 1946; x_wconf 90' lang='lat' dir='ltr'><strong>in</strong></span> <span class='ocrx_word' id='word_1_586' title='bbox 3159 1890 3343 1962; x_wconf 90' lang='lat' dir='ltr'><strong>aliquo</strong></span> <span class='ocrx_word' id='word_1_587' title='bbox 3376 1891 3489 1946; x_wconf 91' lang='lat' dir='ltr'><strong>alio</strong></span> <span class='ocrx_word' id='word_1_588' title='bbox 3515 1891 3784 1946; x_wconf 88' lang='lat' dir='ltr'><strong>exercitio</strong></span> 
     </span>
    </p>
   </div>
   <div class='ocr_carea' id='block_1_78' title="bbox 2180 1981 3780 2053">
    <p class='ocr_par' dir='ltr' id='par_1_78' title="bbox 2180 1981 3780 2053">
     <span class='ocr_line' id='line_1_78' title="bbox 2180 1981 3780 2053; baseline -0.001 -17"><span class='ocrx_word' id='word_1_589' title='bbox 2180 1996 2282 2036; x_wconf 86' lang='lat' dir='ltr'><strong>nos</strong></span> <span class='ocrx_word' id='word_1_590' title='bbox 2320 1981 2604 2036; x_wconf 85' lang='lat' dir='ltr'><strong>devastat:</strong></span> <span class='ocrx_word' id='word_1_591' title='bbox 2650 1995 2704 2034; x_wconf 83' lang='lat' dir='ltr'><strong>in</strong></span> <span class='ocrx_word' id='word_1_592' title='bbox 2734 1989 2944 2035; x_wconf 87' lang='lat' dir='ltr'><strong>tantum</strong></span> <span class='ocrx_word' id='word_1_593' title='bbox 2967 1989 3024 2034; x_wconf 94' lang='lat' dir='ltr'><strong>ut</strong></span> <span class='ocrx_word' id='word_1_594' title='bbox 3048 1989 3174 2036; x_wconf 79' lang='lat' dir='ltr'><strong>tunc</strong></span> <span class='ocrx_word' id='word_1_595' title='bbox 3202 1982 3383 2036; x_wconf 83' lang='lat' dir='ltr'><strong>animo</strong></span> <span class='ocrx_word' id='word_1_596' title='bbox 3407 1989 3606 2038; x_wconf 89' lang='lat' dir='ltr'><strong>nostro</strong></span> <span class='ocrx_word' id='word_1_597' title='bbox 3636 1982 3780 2053; x_wconf 72' lang='grc' dir='ltr'><strong>(ςοεί-</strong></span> 
     </span>
    </p>
   </div>
   <div class='ocr_carea' id='block_1_79' title="bbox 2182 2071 3780 2137">
    <p class='ocr_par' dir='ltr' id='par_1_79' title="bbox 2182 2071 3780 2137">
     <span class='ocr_line' id='line_1_79' title="bbox 2182 2071 3780 2137; baseline 0 -11"><span class='ocrx_word' id='word_1_598' title='bbox 2182 2071 2449 2127; x_wconf 82' lang='lat' dir='ltr'><strong>talionum</strong></span> <span class='ocrx_word' id='word_1_599' title='bbox 2498 2071 2796 2126; x_wconf 88' lang='lat' dir='ltr'><strong>otiosarum</strong></span> <span class='ocrx_word' id='word_1_600' title='bbox 2825 2111 2842 2137; x_wconf 96' lang='lat'><strong>,</strong></span> <span class='ocrx_word' id='word_1_601' title='bbox 2902 2071 3306 2128; x_wconf 85' lang='lat' dir='ltr'><strong>immundarum</strong></span> <span class='ocrx_word' id='word_1_602' title='bbox 3354 2081 3410 2128; x_wconf 90' lang='lat' dir='ltr'><strong>et</strong></span> <span class='ocrx_word' id='word_1_603' title='bbox 3457 2074 3780 2128; x_wconf 85' lang='lat' dir='ltr'><strong>nocivarnm</strong></span> 
     </span>
    </p>
   </div>
   <div class='ocr_carea' id='block_1_80' title="bbox 2183 2161 3781 2230">
    <p class='ocr_par' dir='ltr' id='par_1_80' title="bbox 2183 2161 3781 2230">
     <span class='ocr_line' id='line_1_80' title="bbox 2183 2161 3781 2230; baseline -0.001 -11"><span class='ocrx_word' id='word_1_604' title='bbox 2183 2163 2692 2230; x_wconf 86' lang='lat' dir='ltr'><strong>multitudo,etiam</strong></span> <span class='ocrx_word' id='word_1_605' title='bbox 2731 2161 2892 2218; x_wconf 86' lang='lat' dir='ltr'><strong>nobis</strong></span> <span class='ocrx_word' id='word_1_606' title='bbox 2946 2161 3256 2218; x_wconf 84' lang='lat' dir='ltr'><strong>nolentibus</strong></span> <span class='ocrx_word' id='word_1_607' title='bbox 3305 2175 3361 2218; x_wconf 90' lang='lat' dir='ltr'><strong>et</strong></span> <span class='ocrx_word' id='word_1_608' title='bbox 3408 2173 3524 2219; x_wconf 89' lang='lat' dir='ltr'><strong>tota</strong></span> <span class='ocrx_word' id='word_1_609' title='bbox 3577 2165 3781 2219; x_wconf 85' lang='lat' dir='ltr'><strong>virtute</strong></span> 
     </span>
    </p>
   </div>
   <div class='ocr_carea' id='block_1_81' title="bbox 2183 2253 3782 2326">
    <p class='ocr_par' dir='ltr' id='par_1_81' title="bbox 2183 2253 3782 2326">
     <span class='ocr_line' id='line_1_81' title="bbox 2183 2253 3782 2326; baseline -0.001 -16"><span class='ocrx_word' id='word_1_610' title='bbox 2183 2254 2700 2318; x_wconf 89' lang='lat' dir='ltr'><strong>contradicentibus,</strong></span> <span class='ocrx_word' id='word_1_611' title='bbox 2735 2269 2799 2310; x_wconf 82' lang='lat' dir='ltr'><strong>ex</strong></span> <span class='ocrx_word' id='word_1_612' title='bbox 2825 2253 3065 2316; x_wconf 81' lang='lat' dir='ltr'><strong>abrupto</strong></span> <span class='ocrx_word' id='word_1_613' title='bbox 3091 2266 3148 2312; x_wconf 88' lang='lat' dir='ltr'><strong>et</strong></span> <span class='ocrx_word' id='word_1_614' title='bbox 3169 2265 3460 2326; x_wconf 79' lang='lat' dir='ltr'><strong>antequam</strong></span> <span class='ocrx_word' id='word_1_615' title='bbox 3481 2255 3782 2326; x_wconf 68' lang='lat' dir='ltr'><strong>praevidere</strong></span> 
     </span>
    </p>
   </div>
   <div class='ocr_carea' id='block_1_82' title="bbox 2181 2346 3782 2418">
    <p class='ocr_par' dir='ltr' id='par_1_82' title="bbox 2181 2346 3782 2418">
     <span class='ocr_line' id='line_1_82' title="bbox 2181 2346 3782 2418; baseline -0.001 -17"><span class='ocrx_word' id='word_1_616' title='bbox 2181 2346 2478 2417; x_wconf 88' lang='lat' dir='ltr'><strong>possimus,</strong></span> <span class='ocrx_word' id='word_1_617' title='bbox 2521 2361 2580 2402; x_wconf 88' lang='lat' dir='ltr'><strong>se</strong></span> <span class='ocrx_word' id='word_1_618' title='bbox 2609 2346 2862 2417; x_wconf 86' lang='lat' dir='ltr'><strong>ingerat;</strong></span> <span class='ocrx_word' id='word_1_619' title='bbox 2916 2363 2946 2402; x_wconf 89' lang='lat' dir='ltr'><strong>a</strong></span> <span class='ocrx_word' id='word_1_620' title='bbox 2985 2348 3184 2418; x_wconf 90' lang='lat' dir='ltr'><strong>quibus</strong></span> <span class='ocrx_word' id='word_1_621' title='bbox 3230 2348 3445 2404; x_wconf 86' lang='lat' dir='ltr'><strong>alienus</strong></span> <span class='ocrx_word' id='word_1_622' title='bbox 3482 2356 3539 2404; x_wconf 90' lang='lat' dir='ltr'><strong>et</strong></span> <span class='ocrx_word' id='word_1_623' title='bbox 3570 2349 3782 2418; x_wconf 83' lang='lat' dir='ltr'><strong>quietus</strong></span> 
     </span>
    </p>
   </div>
   <div class='ocr_carea' id='block_1_83' title="bbox 2184 2434 3779 2506">
    <p class='ocr_par' dir='ltr' id='par_1_83' title="bbox 2184 2434 3779 2506">
     <span class='ocr_line' id='line_1_83' title="bbox 2184 2434 3779 2506; baseline 0.004 -18"><span class='ocrx_word' id='word_1_624' title='bbox 2184 2434 2305 2490; x_wconf 90' lang='lat' dir='ltr'><strong>aliis</strong></span> <span class='ocrx_word' id='word_1_625' title='bbox 2334 2449 2548 2505; x_wconf 83' lang='lat' dir='ltr'><strong>quoque</strong></span> <span class='ocrx_word' id='word_1_626' title='bbox 2573 2436 2903 2506; x_wconf 90' lang='lat' dir='ltr'><strong>temporibus</strong></span> <span class='ocrx_word' id='word_1_627' title='bbox 2925 2445 3067 2491; x_wconf 89' lang='lat' dir='ltr'><strong>erat.</strong></span> <span class='ocrx_word' id='word_1_628' title='bbox 3095 2435 3249 2495; x_wconf 86' lang='lat' dir='ltr'><strong>Unde</strong></span> <span class='ocrx_word' id='word_1_629' title='bbox 3275 2438 3662 2493; x_wconf 87' lang='lat' dir='ltr'><strong>necessarium</strong></span> <span class='ocrx_word' id='word_1_630' title='bbox 3691 2455 3779 2494; x_wconf 90' lang='lat' dir='ltr'><strong>no-</strong></span> 
     </span>
    </p>
   </div>
   <div class='ocr_carea' id='block_1_84' title="bbox 2183 2524 3781 2595">
    <p class='ocr_par' dir='ltr' id='par_1_84' title="bbox 2183 2524 3781 2595">
     <span class='ocr_line' id='line_1_84' title="bbox 2183 2524 3781 2595; baseline 0.004 -17"><span class='ocrx_word' id='word_1_631' title='bbox 2183 2524 2266 2578; x_wconf 90' lang='lat' dir='ltr'><strong>bis</strong></span> <span class='ocrx_word' id='word_1_632' title='bbox 2313 2524 2602 2580; x_wconf 88' lang='lat' dir='ltr'><strong>admodum</strong></span> <span class='ocrx_word' id='word_1_633' title='bbox 2643 2538 2764 2580; x_wconf 91' lang='lat' dir='ltr'><strong>esse</strong></span> <span class='ocrx_word' id='word_1_634' title='bbox 2809 2527 3072 2595; x_wconf 88' lang='lat' dir='ltr'><strong>sciamus,</strong></span> <span class='ocrx_word' id='word_1_635' title='bbox 3125 2536 3186 2582; x_wconf 90' lang='lat' dir='ltr'><strong>ut</strong></span> <span class='ocrx_word' id='word_1_636' title='bbox 3213 2542 3338 2582; x_wconf 84' lang='lat' dir='ltr'><strong>cum</strong></span> <span class='ocrx_word' id='word_1_637' title='bbox 3371 2528 3479 2584; x_wconf 87' lang='lat' dir='ltr'><strong>ista</strong></span> <span class='ocrx_word' id='word_1_638' title='bbox 3508 2529 3658 2584; x_wconf 89' lang='lat' dir='ltr'><strong>intra</strong></span> <span class='ocrx_word' id='word_1_639' title='bbox 3687 2545 3781 2584; x_wconf 85' lang='lat' dir='ltr'><strong>nos</strong></span> 
     </span>
    </p>
   </div>
   <div class='ocr_carea' id='block_1_85' title="bbox 2184 2615 3774 2688">
    <p class='ocr_par' dir='ltr' id='par_1_85' title="bbox 2184 2615 3774 2688">
     <span class='ocr_line' id='line_1_85' title="bbox 2184 2615 3774 2688; baseline 0.002 -18"><span class='ocrx_word' id='word_1_640' title='bbox 2184 2615 2468 2682; x_wconf 90' lang='lat' dir='ltr'><strong>sentimus,</strong></span> <span class='ocrx_word' id='word_1_641' title='bbox 2515 2616 2687 2688; x_wconf 91' lang='lat' dir='ltr'><strong>ipsum</strong></span> <span class='ocrx_word' id='word_1_642' title='bbox 2727 2616 2990 2673; x_wconf 85' lang='lat' dir='ltr'><strong>miserum</strong></span> <span class='ocrx_word' id='word_1_643' title='bbox 3027 2633 3122 2674; x_wconf 90' lang='lat' dir='ltr'><strong>cor</strong></span> <span class='ocrx_word' id='word_1_644' title='bbox 3152 2629 3402 2674; x_wconf 82' lang='lat' dir='ltr'><strong>nosmtm</strong></span> <span class='ocrx_word' id='word_1_645' title='bbox 3431 2629 3550 2676; x_wconf 93' lang='lat' dir='ltr'><strong>toto</strong></span> <span class='ocrx_word' id='word_1_646' title='bbox 3575 2633 3774 2676; x_wconf 86' lang='lat' dir='ltr'><strong>conatu</strong></span> 
     </span>
    </p>
   </div>
   <div class='ocr_carea' id='block_1_86' title="bbox 2185 2705 3781 2784">
    <p class='ocr_par' dir='ltr' id='par_1_86' title="bbox 2185 2705 3781 2784">
     <span class='ocr_line' id='line_1_86' title="bbox 2185 2705 3781 2784; baseline 0.004 -24"><span class='ocrx_word' id='word_1_647' title='bbox 2185 2705 2566 2773; x_wconf 80' lang='lat' dir='ltr'><strong>stabiliamus&#39;;</strong></span> <span class='ocrx_word' id='word_1_648' title='bbox 2608 2717 2662 2763; x_wconf 85' lang='lat' dir='ltr'><strong>et</strong></span> <span class='ocrx_word' id='word_1_649' title='bbox 2699 2707 3073 2779; x_wconf 88' lang='lat' dir='ltr'><strong>ingerentibus</strong></span> <span class='ocrx_word' id='word_1_650' title='bbox 3095 2724 3154 2765; x_wconf 91' lang='lat' dir='ltr'><strong>se</strong></span> <span class='ocrx_word' id='word_1_651' title='bbox 3176 2710 3607 2780; x_wconf 86' lang='lat' dir='ltr'><strong>cogitationibus</strong></span> <span class='ocrx_word' id='word_1_652' title='bbox 3637 2712 3781 2784; x_wconf 81' lang='lat' dir='ltr'><strong>vagis</strong></span> 
     </span>
    </p>
   </div>
   <div class='ocr_carea' id='block_1_87' title="bbox 2186 2795 3778 2870">
    <p class='ocr_par' dir='ltr' id='par_1_87' title="bbox 2186 2795 3778 2870">
     <span class='ocr_line' id='line_1_87' title="bbox 2186 2795 3778 2870; baseline 0.001 -20"><span class='ocrx_word' id='word_1_653' title='bbox 2186 2806 2242 2850; x_wconf 91' lang='lat' dir='ltr'><strong>et</strong></span> <span class='ocrx_word' id='word_1_654' title='bbox 2263 2795 2441 2851; x_wconf 89' lang='lat' dir='ltr'><strong>stultis</strong></span> <span class='ocrx_word' id='word_1_655' title='bbox 2464 2796 2732 2854; x_wconf 66' lang='lat' dir='ltr'><strong>inhaerere</strong></span> <span class='ocrx_word' id='word_1_656' title='bbox 2763 2797 2913 2865; x_wconf 94' lang='lat' dir='ltr'><strong>illud,</strong></span> <span class='ocrx_word' id='word_1_657' title='bbox 2939 2813 3040 2868; x_wconf 90' lang='lat' dir='ltr'><strong>pro</strong></span> <span class='ocrx_word' id='word_1_658' title='bbox 3051 2813 3213 2870; x_wconf 91' lang='lat' dir='ltr'><strong>posse</strong></span> <span class='ocrx_word' id='word_1_659' title='bbox 3238 2814 3346 2854; x_wconf 80' lang='lat' dir='ltr'><strong>non</strong></span> <span class='ocrx_word' id='word_1_660' title='bbox 3367 2801 3778 2870; x_wconf 73' lang='lat' dir='ltr'><strong>permittamus.</strong></span> 
     </span>
    </p>
   </div>
   <div class='ocr_carea' id='block_1_88' title="bbox 2188 2887 3779 2960">
    <p class='ocr_par' dir='ltr' id='par_1_88' title="bbox 2188 2887 3779 2960">
     <span class='ocr_line' id='line_1_88' title="bbox 2188 2887 3779 2960; baseline 0.003 -17"><span class='ocrx_word' id='word_1_661' title='bbox 2188 2887 2245 2943; x_wconf 91' lang='lat' dir='ltr'><strong>Si</strong></span> <span class='ocrx_word' id='word_1_662' title='bbox 2283 2897 2463 2943; x_wconf 91' lang='lat' dir='ltr'><strong>autem</strong></span> <span class='ocrx_word' id='word_1_663' title='bbox 2495 2899 2574 2954; x_wconf 85' lang='lat' dir='ltr'><strong>tu,</strong></span> <span class='ocrx_word' id='word_1_664' title='bbox 2614 2890 2706 2960; x_wconf 89' lang='lat' dir='ltr'><strong>qui</strong></span> <span class='ocrx_word' id='word_1_665' title='bbox 2739 2889 3012 2946; x_wconf 82' lang='lat' dir='ltr'><strong>habitator</strong></span> <span class='ocrx_word' id='word_1_666' title='bbox 3032 2891 3181 2947; x_wconf 68' lang='lat' dir='ltr'><strong>cella:</strong></span> <span class='ocrx_word' id='word_1_667' title='bbox 3214 2905 3295 2957; x_wconf 91' lang='lat' dir='ltr'><strong>es,</strong></span> <span class='ocrx_word' id='word_1_668' title='bbox 3333 2892 3478 2947; x_wconf 82' lang='lat' dir='ltr'><strong>scire</strong></span> <span class='ocrx_word' id='word_1_669' title='bbox 3506 2893 3779 2948; x_wconf 82' lang='lat' dir='ltr'><strong>desideras</strong></span> 
     </span>
    </p>
   </div>
   <div class='ocr_carea' id='block_1_89' title="bbox 2187 2981 3774 3056">
    <p class='ocr_par' dir='ltr' id='par_1_89' title="bbox 2187 2981 3774 3056">
     <span class='ocr_line' id='line_1_89' title="bbox 2187 2981 3774 3056; baseline 0.004 -24"><span class='ocrx_word' id='word_1_670' title='bbox 2187 2981 2458 3050; x_wconf 92' lang='lat' dir='ltr'><strong>quomodo</strong></span> <span class='ocrx_word' id='word_1_671' title='bbox 2504 2997 2638 3052; x_wconf 89' lang='lat' dir='ltr'><strong>pure</strong></span> <span class='ocrx_word' id='word_1_672' title='bbox 2688 2996 2849 3039; x_wconf 90' lang='lat' dir='ltr'><strong>orare</strong></span> <span class='ocrx_word' id='word_1_673' title='bbox 2897 2982 3102 3048; x_wconf 90' lang='lat' dir='ltr'><strong>valeas,</strong></span> <span class='ocrx_word' id='word_1_674' title='bbox 3155 2983 3266 3039; x_wconf 93' lang='lat' dir='ltr'><strong>imo</strong></span> <span class='ocrx_word' id='word_1_675' title='bbox 3315 2985 3447 3054; x_wconf 88' lang='lat' dir='ltr'><strong>quia</strong></span> <span class='ocrx_word' id='word_1_676' title='bbox 3486 2985 3656 3056; x_wconf 92' lang='lat' dir='ltr'><strong>(sicut</strong></span> <span class='ocrx_word' id='word_1_677' title='bbox 3679 2985 3774 3056; x_wconf 85' lang='lat' dir='ltr'><strong>ipsi</strong></span> 
     </span>
    </p>
   </div>
   <div class='ocr_carea' id='block_1_90' title="bbox 2187 3072 3774 3145">
    <p class='ocr_par' dir='ltr' id='par_1_90' title="bbox 2187 3072 3774 3145">
     <span class='ocr_line' id='line_1_90' title="bbox 2187 3072 3774 3145; baseline 0.004 -19"><span class='ocrx_word' id='word_1_678' title='bbox 2187 3072 2495 3128; x_wconf 89' lang='lat' dir='ltr'><strong>certissime</strong></span> <span class='ocrx_word' id='word_1_679' title='bbox 2537 3073 2761 3145; x_wconf 85' lang='lat' dir='ltr'><strong>scimus)</strong></span> <span class='ocrx_word' id='word_1_680' title='bbox 2814 3082 2869 3130; x_wconf 92' lang='lat' dir='ltr'><strong>et</strong></span> <span class='ocrx_word' id='word_1_681' title='bbox 2920 3075 3176 3132; x_wconf 86' lang='lat' dir='ltr'><strong>ardenter</strong></span> <span class='ocrx_word' id='word_1_682' title='bbox 3216 3076 3520 3143; x_wconf 88' lang='lat' dir='ltr'><strong>desideras,</strong></span> <span class='ocrx_word' id='word_1_683' title='bbox 3576 3093 3774 3133; x_wconf 85' lang='lat' dir='ltr'><strong>conare</strong></span> 
     </span>
    </p>
   </div>
   <div class='ocr_carea' id='block_1_91' title="bbox 2190 3163 3774 3240">
    <p class='ocr_par' dir='ltr' id='par_1_91' title="bbox 2190 3163 3774 3240">
     <span class='ocr_line' id='line_1_91' title="bbox 2190 3163 3774 3240; baseline 0.006 -22"><span class='ocrx_word' id='word_1_684' title='bbox 2190 3163 2316 3218; x_wconf 91' lang='lat' dir='ltr'><strong>totis</strong></span> <span class='ocrx_word' id='word_1_685' title='bbox 2333 3163 2540 3219; x_wconf 90' lang='lat' dir='ltr'><strong>viribus</strong></span> <span class='ocrx_word' id='word_1_686' title='bbox 2570 3175 2627 3220; x_wconf 94' lang='lat' dir='ltr'><strong>ut</strong></span> <span class='ocrx_word' id='word_1_687' title='bbox 2650 3165 2766 3220; x_wconf 56' lang='lat' dir='ltr'><strong>haec</strong></span> <span class='ocrx_word' id='word_1_688' title='bbox 2786 3175 3020 3236; x_wconf 89' lang='lat' dir='ltr'><strong>quatuor</strong></span> <span class='ocrx_word' id='word_1_689' title='bbox 3041 3167 3304 3224; x_wconf 89' lang='lat' dir='ltr'><strong>orationis</strong></span> <span class='ocrx_word' id='word_1_690' title='bbox 3332 3178 3577 3240; x_wconf 89' lang='lat' dir='ltr'><strong>tempore</strong></span> <span class='ocrx_word' id='word_1_691' title='bbox 3606 3171 3658 3226; x_wconf 93' lang='lat' dir='ltr'><strong>in</strong></span> <span class='ocrx_word' id='word_1_692' title='bbox 3684 3187 3774 3228; x_wconf 77' lang='lat' dir='ltr'><strong>co-</strong></span> 
     </span>
    </p>
   </div>
   <div class='ocr_carea' id='block_1_92' title="bbox 2187 3253 3773 3333">
    <p class='ocr_par' dir='ltr' id='par_1_92' title="bbox 2187 3253 3773 3333">
     <span class='ocr_line' id='line_1_92' title="bbox 2187 3253 3773 3333; baseline 0.008 -26"><span class='ocrx_word' id='word_1_693' title='bbox 2187 3253 2446 3325; x_wconf 89' lang='lat' dir='ltr'><strong>gitatione</strong></span> <span class='ocrx_word' id='word_1_694' title='bbox 2476 3265 2563 3310; x_wconf 90' lang='lat' dir='ltr'><strong>tua</strong></span> <span class='ocrx_word' id='word_1_695' title='bbox 2598 3256 2842 3314; x_wconf 83' lang='lat' dir='ltr'><strong>revolvas</strong></span> <span class='ocrx_word' id='word_1_696' title='bbox 2903 3268 2958 3316; x_wconf 91' lang='lat' dir='ltr'><strong>et</strong></span> <span class='ocrx_word' id='word_1_697' title='bbox 2987 3258 3133 3314; x_wconf 90' lang='lat' dir='ltr'><strong>illum</strong></span> <span class='ocrx_word' id='word_1_698' title='bbox 3159 3259 3413 3318; x_wconf 81' lang='lat' dir='ltr'><strong>videlicet</strong></span> <span class='ocrx_word' id='word_1_699' title='bbox 3437 3277 3603 3333; x_wconf 82' lang='lat' dir='ltr'><strong>quem</strong></span> <span class='ocrx_word' id='word_1_700' title='bbox 3629 3279 3773 3327; x_wconf 79' lang='lat' dir='ltr'><strong>oras,</strong></span> 
     </span>
    </p>
   </div>
   <div class='ocr_carea' id='block_1_93' title="bbox 2188 3346 3774 3425">
    <p class='ocr_par' dir='ltr' id='par_1_93' title="bbox 2188 3346 3774 3425">
     <span class='ocr_line' id='line_1_93' title="bbox 2188 3346 3774 3425; baseline 0.007 -25"><span class='ocrx_word' id='word_1_701' title='bbox 2188 3355 2243 3401; x_wconf 92' lang='lat' dir='ltr'><strong>et</strong></span> <span class='ocrx_word' id='word_1_702' title='bbox 2273 3346 2425 3402; x_wconf 90' lang='lat' dir='ltr'><strong>illum</strong></span> <span class='ocrx_word' id='word_1_703' title='bbox 2453 3363 2553 3419; x_wconf 89' lang='lat' dir='ltr'><strong>per</strong></span> <span class='ocrx_word' id='word_1_704' title='bbox 2581 3364 2742 3420; x_wconf 89' lang='lat' dir='ltr'><strong>quem</strong></span> <span class='ocrx_word' id='word_1_705' title='bbox 2776 3364 2924 3417; x_wconf 91' lang='lat' dir='ltr'><strong>oras,</strong></span> <span class='ocrx_word' id='word_1_706' title='bbox 2955 3359 3010 3406; x_wconf 84' lang='lat' dir='ltr'><strong>et</strong></span> <span class='ocrx_word' id='word_1_707' title='bbox 3031 3350 3162 3407; x_wconf 90' lang='lat' dir='ltr'><strong>illud</strong></span> <span class='ocrx_word' id='word_1_708' title='bbox 3188 3352 3330 3422; x_wconf 90' lang='lat' dir='ltr'><strong>quod</strong></span> <span class='ocrx_word' id='word_1_709' title='bbox 3359 3368 3508 3419; x_wconf 88' lang='lat' dir='ltr'><strong>oras,</strong></span> <span class='ocrx_word' id='word_1_710' title='bbox 3534 3363 3593 3410; x_wconf 91' lang='lat' dir='ltr'><strong>et</strong></span> <span class='ocrx_word' id='word_1_711' title='bbox 3620 3364 3670 3410; x_wconf 90' lang='lat' dir='ltr'><strong>te</strong></span> <span class='ocrx_word' id='word_1_712' title='bbox 3697 3355 3774 3425; x_wconf 83' lang='lat' dir='ltr'><strong>ip—</strong></span> 
     </span>
    </p>
   </div>
   <div class='ocr_carea' id='block_1_94' title="bbox 2186 3437 3773 3513">
    <p class='ocr_par' dir='ltr' id='par_1_94' title="bbox 2186 3437 3773 3513">
     <span class='ocr_line' id='line_1_94' title="bbox 2186 3437 3773 3513; baseline 0.004 -21"><span class='ocrx_word' id='word_1_713' title='bbox 2186 3451 2308 3494; x_wconf 87' lang='lat' dir='ltr'><strong>sum</strong></span> <span class='ocrx_word' id='word_1_714' title='bbox 2347 3437 2439 3508; x_wconf 87' lang='lat' dir='ltr'><strong>qui</strong></span> <span class='ocrx_word' id='word_1_715' title='bbox 2468 3453 2615 3495; x_wconf 88' lang='lat' dir='ltr'><strong>oras.</strong></span> <span class='ocrx_word' id='word_1_716' title='bbox 2649 3438 2876 3510; x_wconf 82' lang='lat' dir='ltr'><strong>Oportet</strong></span> <span class='ocrx_word' id='word_1_717' title='bbox 2906 3448 2965 3496; x_wconf 88' lang='lat' dir='ltr'><strong>ut</strong></span> <span class='ocrx_word' id='word_1_718' title='bbox 2986 3455 3082 3497; x_wconf 92' lang='lat' dir='ltr'><strong>cor</strong></span> <span class='ocrx_word' id='word_1_719' title='bbox 3107 3451 3257 3498; x_wconf 89' lang='lat' dir='ltr'><strong>tuum</strong></span> <span class='ocrx_word' id='word_1_720' title='bbox 3290 3444 3447 3500; x_wconf 89' lang='lat' dir='ltr'><strong>valde</strong></span> <span class='ocrx_word' id='word_1_721' title='bbox 3487 3445 3655 3500; x_wconf 86' lang='lat' dir='ltr'><strong>latum</strong></span> <span class='ocrx_word' id='word_1_722' title='bbox 3682 3447 3773 3513; x_wconf 82' lang='lat' dir='ltr'><strong>sit,</strong></span> 
     </span>
    </p>
   </div>
   <div class='ocr_carea' id='block_1_95' title="bbox 2186 3519 3776 3606">
    <p class='ocr_par' dir='ltr' id='par_1_95' title="bbox 2186 3519 3776 3606">
     <span class='ocr_line' id='line_1_95' title="bbox 2186 3519 3776 3606; baseline 0.005 -22"><span class='ocrx_word' id='word_1_723' title='bbox 2186 3519 2456 3600; x_wconf 85' lang='lat' dir='ltr'><strong>quatenus</strong></span> <span class='ocrx_word' id='word_1_724' title='bbox 2486 3531 2602 3587; x_wconf 68' lang='lat' dir='ltr'><strong>hazc</strong></span> <span class='ocrx_word' id='word_1_725' title='bbox 2637 3531 2690 3587; x_wconf 92' lang='lat' dir='ltr'><strong>in</strong></span> <span class='ocrx_word' id='word_1_726' title='bbox 2719 3547 2781 3588; x_wconf 92' lang='lat' dir='ltr'><strong>se</strong></span> <span class='ocrx_word' id='word_1_727' title='bbox 2829 3542 3070 3604; x_wconf 82' lang='lat' dir='ltr'><strong>quatuor</strong></span> <span class='ocrx_word' id='word_1_728' title='bbox 3117 3534 3279 3590; x_wconf 91' lang='lat' dir='ltr'><strong>simul</strong></span> <span class='ocrx_word' id='word_1_729' title='bbox 3313 3535 3776 3606; x_wconf 83' lang='lat' dir='ltr'><strong>comprehendere</strong></span> 
     </span>
    </p>
   </div>
   <div class='ocr_carea' id='block_1_96' title="bbox 2187 3622 3774 3694">
    <p class='ocr_par' dir='ltr' id='par_1_96' title="bbox 2187 3622 3774 3694">
     <span class='ocr_line' id='line_1_96' title="bbox 2187 3622 3774 3694; baseline 0.004 -17"><span class='ocrx_word' id='word_1_730' title='bbox 2187 3623 2378 3694; x_wconf 89' lang='lat' dir='ltr'><strong>possit.</strong></span> <span class='ocrx_word' id='word_1_731' title='bbox 2415 3622 2458 3680; x_wconf 95' lang='lat'><strong>0</strong></span> <span class='ocrx_word' id='word_1_732' title='bbox 2485 3639 2648 3694; x_wconf 89' lang='lat' dir='ltr'><strong>quam</strong></span> <span class='ocrx_word' id='word_1_733' title='bbox 2683 3623 2838 3681; x_wconf 82' lang='lat' dir='ltr'><strong>laetus</strong></span> <span class='ocrx_word' id='word_1_734' title='bbox 2874 3634 2990 3682; x_wconf 91' lang='lat' dir='ltr'><strong>erat</strong></span> <span class='ocrx_word' id='word_1_735' title='bbox 3026 3626 3169 3683; x_wconf 75' lang='lat' dir='ltr'><strong>beati</strong></span> <span class='ocrx_word' id='word_1_736' title='bbox 3211 3625 3490 3684; x_wconf 88' lang='lat' dir='ltr'><strong>Benedicti</strong></span> <span class='ocrx_word' id='word_1_737' title='bbox 3535 3629 3774 3692; x_wconf 76' lang='lat' dir='ltr'><strong>animus,</strong></span> 
     </span>
    </p>
   </div>
   <div class='ocr_carea' id='block_1_97' title="bbox 2187 3713 3776 3773">
    <p class='ocr_par' dir='ltr' id='par_1_97' title="bbox 2187 3713 3776 3773">
     <span class='ocr_line' id='line_1_97' title="bbox 2187 3713 3776 3773; baseline 0.003 -5"><span class='ocrx_word' id='word_1_738' title='bbox 2187 3713 2274 3768; x_wconf 89' lang='lat' dir='ltr'><strong>cui</strong></span> <span class='ocrx_word' id='word_1_739' title='bbox 2302 3714 2483 3769; x_wconf 87' lang='lat' dir='ltr'><strong>oranti</strong></span> <span class='ocrx_word' id='word_1_740' title='bbox 2511 3723 2566 3769; x_wconf 91' lang='lat' dir='ltr'><strong>et</strong></span> <span class='ocrx_word' id='word_1_741' title='bbox 2602 3713 2805 3770; x_wconf 91' lang='lat' dir='ltr'><strong>videnti</strong></span> <span class='ocrx_word' id='word_1_742' title='bbox 2833 3716 2900 3770; x_wconf 91' lang='lat' dir='ltr'><strong>ad</strong></span> <span class='ocrx_word' id='word_1_743' title='bbox 2931 3715 3130 3771; x_wconf 70' lang='lat' dir='ltr'><strong>cadum</strong></span> <span class='ocrx_word' id='word_1_744' title='bbox 3173 3714 3302 3771; x_wconf 90' lang='lat' dir='ltr'><strong>ferri</strong></span> <span class='ocrx_word' id='word_1_745' title='bbox 3355 3717 3595 3771; x_wconf 90' lang='lat' dir='ltr'><strong>animam</strong></span> <span class='ocrx_word' id='word_1_746' title='bbox 3651 3732 3776 3773; x_wconf 80' lang='lat' dir='ltr'><strong>san-</strong></span> 
     </span>
    </p>
   </div>
   <div class='ocr_carea' id='block_1_98' title="bbox 2190 3802 3780 3873">
    <p class='ocr_par' dir='ltr' id='par_1_98' title="bbox 2190 3802 3780 3873">
     <span class='ocr_line' id='line_1_98' title="bbox 2190 3802 3780 3873; baseline -0.001 -15"><span class='ocrx_word' id='word_1_747' title='bbox 2190 3812 2335 3858; x_wconf 90' lang='lat' dir='ltr'><strong>ctam</strong></span> <span class='ocrx_word' id='word_1_748' title='bbox 2376 3802 2554 3858; x_wconf 88' lang='lat' dir='ltr'><strong>visum</strong></span> <span class='ocrx_word' id='word_1_749' title='bbox 2591 3811 2698 3868; x_wconf 87' lang='lat' dir='ltr'><strong>est,</strong></span> <span class='ocrx_word' id='word_1_750' title='bbox 2743 3804 2896 3873; x_wconf 90' lang='lat' dir='ltr'><strong>quasi</strong></span> <span class='ocrx_word' id='word_1_751' title='bbox 2925 3813 3070 3860; x_wconf 90' lang='lat' dir='ltr'><strong>totus</strong></span> <span class='ocrx_word' id='word_1_752' title='bbox 3097 3812 3243 3859; x_wconf 87' lang='lat' dir='ltr'><strong>esset</strong></span> <span class='ocrx_word' id='word_1_753' title='bbox 3269 3805 3369 3861; x_wconf 90' lang='lat' dir='ltr'><strong>sub</strong></span> <span class='ocrx_word' id='word_1_754' title='bbox 3396 3821 3504 3861; x_wconf 90' lang='lat' dir='ltr'><strong>uno</strong></span> <span class='ocrx_word' id='word_1_755' title='bbox 3531 3805 3662 3862; x_wconf 87' lang='lat' dir='ltr'><strong>solis</strong></span> <span class='ocrx_word' id='word_1_756' title='bbox 3690 3823 3780 3862; x_wconf 74' lang='lat' dir='ltr'><strong>r;:-</strong></span> 
     </span>
    </p>
   </div>
   <div class='ocr_carea' id='block_1_99' title="bbox 2190 3893 3776 3970">
    <p class='ocr_par' dir='ltr' id='par_1_99' title="bbox 2190 3893 3776 3970">
     <span class='ocr_line' id='line_1_99' title="bbox 2190 3893 3776 3970; baseline 0.001 -21"><span class='ocrx_word' id='word_1_757' title='bbox 2190 3893 2278 3949; x_wconf 93' lang='lat' dir='ltr'><strong>dio</strong></span> <span class='ocrx_word' id='word_1_758' title='bbox 2304 3893 2536 3950; x_wconf 89' lang='lat' dir='ltr'><strong>mundus</strong></span> <span class='ocrx_word' id='word_1_759' title='bbox 2566 3893 2863 3951; x_wconf 88' lang='lat' dir='ltr'><strong>collectus:</strong></span> <span class='ocrx_word' id='word_1_760' title='bbox 2888 3903 2945 3949; x_wconf 92' lang='lat' dir='ltr'><strong>ut</strong></span> <span class='ocrx_word' id='word_1_761' title='bbox 2971 3894 3251 3952; x_wconf 89' lang='lat' dir='ltr'><strong>evidenter</strong></span> <span class='ocrx_word' id='word_1_762' title='bbox 3292 3907 3617 3970; x_wconf 83' lang='lat' dir='ltr'><strong>agnosceret</strong></span> <span class='ocrx_word' id='word_1_763' title='bbox 3650 3898 3776 3967; x_wconf 82' lang='lat' dir='ltr'><strong>quia</strong></span> 
     </span>
    </p>
   </div>
   <div class='ocr_carea' id='block_1_100' title="bbox 2188 3985 3778 4061">
    <p class='ocr_par' dir='ltr' id='par_1_100' title="bbox 2188 3985 3778 4061">
     <span class='ocr_line' id='line_1_100' title="bbox 2188 3985 3778 4061; baseline 0.003 -21"><span class='ocrx_word' id='word_1_764' title='bbox 2188 3985 2262 4041; x_wconf 90' lang='lat' dir='ltr'><strong>illi</strong></span> <span class='ocrx_word' id='word_1_765' title='bbox 2286 4001 2324 4054; x_wconf 24' lang='lat' dir='ltr'><strong>.a</strong></span> <span class='ocrx_word' id='word_1_766' title='bbox 2373 4001 2480 4056; x_wconf 92' lang='lat' dir='ltr'><strong>quo</strong></span> <span class='ocrx_word' id='word_1_767' title='bbox 2505 3987 2879 4044; x_wconf 86' lang='lat' dir='ltr'><strong>universitatis</strong></span> <span class='ocrx_word' id='word_1_768' title='bbox 2910 3987 3126 4045; x_wconf 89' lang='lat' dir='ltr'><strong>videtur</strong></span> <span class='ocrx_word' id='word_1_769' title='bbox 3153 3998 3398 4056; x_wconf 87' lang='lat' dir='ltr'><strong>creator,</strong></span> <span class='ocrx_word' id='word_1_770' title='bbox 3435 3999 3668 4061; x_wconf 83' lang='lat' dir='ltr'><strong>angusta</strong></span> <span class='ocrx_word' id='word_1_771' title='bbox 3695 4003 3778 4045; x_wconf 85' lang='lat' dir='ltr'><strong>est</strong></span> 
     </span>
    </p>
   </div>
   <div class='ocr_carea' id='block_1_101' title="bbox 2186 4077 3778 4152">
    <p class='ocr_par' dir='ltr' id='par_1_101' title="bbox 2186 4077 3778 4152">
     <span class='ocr_line' id='line_1_101' title="bbox 2186 4077 3778 4152; baseline 0.003 -22"><span class='ocrx_word' id='word_1_772' title='bbox 2186 4077 2364 4132; x_wconf 91' lang='lat' dir='ltr'><strong>omnis</strong></span> <span class='ocrx_word' id='word_1_773' title='bbox 2411 4087 2681 4133; x_wconf 90' lang='lat' dir='ltr'><strong>creatura.</strong></span> <span class='ocrx_word' id='word_1_774' title='bbox 2723 4078 2909 4149; x_wconf 85' lang='lat' dir='ltr'><strong>Itaque</strong></span> <span class='ocrx_word' id='word_1_775' title='bbox 2956 4089 3013 4134; x_wconf 92' lang='lat' dir='ltr'><strong>tu</strong></span> <span class='ocrx_word' id='word_1_776' title='bbox 3048 4079 3268 4150; x_wconf 86' lang='lat' dir='ltr'><strong>quando</strong></span> <span class='ocrx_word' id='word_1_777' title='bbox 3314 4095 3463 4148; x_wconf 90' lang='lat' dir='ltr'><strong>oras,</strong></span> <span class='ocrx_word' id='word_1_778' title='bbox 3495 4080 3644 4135; x_wconf 85' lang='lat' dir='ltr'><strong>illum</strong></span> <span class='ocrx_word' id='word_1_779' title='bbox 3667 4097 3778 4152; x_wconf 72' lang='lat' dir='ltr'><strong>pne</strong></span> 
     </span>
    </p>
   </div>
   <div class='ocr_carea' id='block_1_102' title="bbox 2186 4167 3775 4244">
    <p class='ocr_par' dir='ltr' id='par_1_102' title="bbox 2186 4167 3775 4244">
     <span class='ocr_line' id='line_1_102' title="bbox 2186 4167 3775 4244; baseline 0.004 -23"><span class='ocrx_word' id='word_1_780' title='bbox 2186 4167 2357 4224; x_wconf 90' lang='lat' dir='ltr'><strong>oculis</strong></span> <span class='ocrx_word' id='word_1_781' title='bbox 2388 4169 2572 4224; x_wconf 91' lang='lat' dir='ltr'><strong>cordis</strong></span> <span class='ocrx_word' id='word_1_782' title='bbox 2599 4169 2673 4224; x_wconf 92' lang='lat' dir='ltr'><strong>tui</strong></span> <span class='ocrx_word' id='word_1_783' title='bbox 2703 4169 2922 4237; x_wconf 83' lang='lat' dir='ltr'><strong>habeas,</strong></span> <span class='ocrx_word' id='word_1_784' title='bbox 2955 4187 3116 4242; x_wconf 91' lang='lat' dir='ltr'><strong>quem</strong></span> <span class='ocrx_word' id='word_1_785' title='bbox 3137 4172 3284 4228; x_wconf 81' lang='lat' dir='ltr'><strong>oras.</strong></span> <span class='ocrx_word' id='word_1_786' title='bbox 3308 4171 3376 4227; x_wconf 84' lang='lat' dir='ltr'><strong>Et</strong></span> <span class='ocrx_word' id='word_1_787' title='bbox 3403 4173 3527 4244; x_wconf 90' lang='lat' dir='ltr'><strong>quis</strong></span> <span class='ocrx_word' id='word_1_788' title='bbox 3553 4173 3644 4228; x_wconf 86' lang='lat' dir='ltr'><strong>ille</strong></span> <span class='ocrx_word' id='word_1_789' title='bbox 3671 4173 3775 4228; x_wconf 78' lang='lat' dir='ltr'><strong>nisi</strong></span> 
     </span>
    </p>
   </div>
   <div class='ocr_carea' id='block_1_103' title="bbox 2188 4253 3777 4330">
    <p class='ocr_par' dir='ltr' id='par_1_103' title="bbox 2188 4253 3777 4330">
     <span class='ocr_line' id='line_1_103' title="bbox 2188 4253 3777 4330; baseline 0.003 -20"><span class='ocrx_word' id='word_1_790' title='bbox 2188 4256 2302 4328; x_wconf 89' lang='lat' dir='ltr'><strong>ipse</strong></span> <span class='ocrx_word' id='word_1_791' title='bbox 2328 4254 2503 4312; x_wconf 85' lang='lat' dir='ltr'><strong>Deus?</strong></span> <span class='ocrx_word' id='word_1_792' title='bbox 2523 4253 2684 4322; x_wconf 87' lang='lat' dir='ltr'><strong>Quid,</strong></span> <span class='ocrx_word' id='word_1_793' title='bbox 2717 4256 2820 4322; x_wconf 93' lang='lat' dir='ltr'><strong>ais,</strong></span> <span class='ocrx_word' id='word_1_794' title='bbox 2855 4257 3103 4330; x_wconf 88' lang='lat' dir='ltr'><strong>cogitabo</strong></span> <span class='ocrx_word' id='word_1_795' title='bbox 3131 4273 3256 4314; x_wconf 93' lang='lat' dir='ltr'><strong>cum</strong></span> <span class='ocrx_word' id='word_1_796' title='bbox 3280 4259 3447 4314; x_wconf 88' lang='lat' dir='ltr'><strong>Deum</strong></span> <span class='ocrx_word' id='word_1_797' title='bbox 3471 4275 3654 4315; x_wconf 86' lang='lat' dir='ltr'><strong>meum</strong></span> <span class='ocrx_word' id='word_1_798' title='bbox 3684 4275 3777 4315; x_wconf 85' lang='lat' dir='ltr'><strong>co-</strong></span> 
     </span>
    </p>
   </div>
   <div class='ocr_carea' id='block_1_104' title="bbox 2187 4347 3774 4421">
    <p class='ocr_par' dir='ltr' id='par_1_104' title="bbox 2187 4347 3774 4421">
     <span class='ocr_line' id='line_1_104' title="bbox 2187 4347 3774 4421; baseline 0.001 -19"><span class='ocrx_word' id='word_1_799' title='bbox 2187 4348 2409 4421; x_wconf 86' lang='lat' dir='ltr'><strong>gitabo?</strong></span> <span class='ocrx_word' id='word_1_800' title='bbox 2447 4347 2557 4404; x_wconf 86' lang='lat' dir='ltr'><strong>Nos</strong></span> <span class='ocrx_word' id='word_1_801' title='bbox 2584 4359 2764 4403; x_wconf 90' lang='lat' dir='ltr'><strong>autem</strong></span> <span class='ocrx_word' id='word_1_802' title='bbox 2792 4349 3187 4419; x_wconf 86' lang='lat' dir='ltr'><strong>respondemus</strong></span> <span class='ocrx_word' id='word_1_803' title='bbox 3234 4350 3352 4416; x_wconf 92' lang='lat' dir='ltr'><strong>tibi,</strong></span> <span class='ocrx_word' id='word_1_804' title='bbox 3393 4351 3522 4420; x_wconf 89' lang='lat' dir='ltr'><strong>quia</strong></span> <span class='ocrx_word' id='word_1_805' title='bbox 3571 4351 3676 4407; x_wconf 89' lang='lat' dir='ltr'><strong>hoc</strong></span> <span class='ocrx_word' id='word_1_806' title='bbox 3724 4358 3774 4405; x_wconf 88' lang='lat' dir='ltr'><strong>te</strong></span> 
     </span>
    </p>
   </div>
   <div class='ocr_carea' id='block_1_105' title="bbox 2110 4440 3772 4515">
    <p class='ocr_par' dir='ltr' id='par_1_105' title="bbox 2110 4440 3772 4515">
     <span class='ocr_line' id='line_1_105' title="bbox 2110 4440 3772 4515; baseline 0.002 -19"><span class='ocrx_word' id='word_1_807' title='bbox 2110 4450 2156 4507; x_wconf 81' lang='grc' dir='ltr'><strong>ι)</strong></span> <span class='ocrx_word' id='word_1_808' title='bbox 2187 4443 2355 4513; x_wconf 87' lang='lat' dir='ltr'><strong>magis</strong></span> <span class='ocrx_word' id='word_1_809' title='bbox 2382 4440 2596 4498; x_wconf 85' lang='lat' dir='ltr'><strong>docebit</strong></span> <span class='ocrx_word' id='word_1_810' title='bbox 2631 4442 2888 4514; x_wconf 87' lang='lat' dir='ltr'><strong>magistra</strong></span> <span class='ocrx_word' id='word_1_811' title='bbox 2916 4458 3038 4515; x_wconf 72' lang='lat' dir='ltr'><strong>qua:</strong></span> <span class='ocrx_word' id='word_1_812' title='bbox 3074 4443 3229 4499; x_wconf 90' lang='lat' dir='ltr'><strong>docet</strong></span> <span class='ocrx_word' id='word_1_813' title='bbox 3259 4444 3326 4501; x_wconf 91' lang='lat' dir='ltr'><strong>de</strong></span> <span class='ocrx_word' id='word_1_814' title='bbox 3365 4444 3625 4500; x_wconf 87' lang='lat' dir='ltr'><strong>omnibus</strong></span> <span class='ocrx_word' id='word_1_815' title='bbox 3671 4459 3772 4499; x_wconf 80' lang='lat' dir='ltr'><strong>un-</strong></span> 
     </span>
    </p>
   </div>
   <div class='ocr_carea' id='block_1_106' title="bbox 2183 4536 3776 4612">
    <p class='ocr_par' dir='ltr' id='par_1_106' title="bbox 2183 4536 3776 4612">
     <span class='ocr_line' id='line_1_106' title="bbox 2183 4536 3776 4612; baseline -0.001 -19"><span class='ocrx_word' id='word_1_816' title='bbox 2183 4537 2313 4603; x_wconf 94' lang='lat' dir='ltr'><strong>ctio,</strong></span> <span class='ocrx_word' id='word_1_817' title='bbox 2337 4552 2499 4607; x_wconf 89' lang='lat' dir='ltr'><strong>quam</strong></span> <span class='ocrx_word' id='word_1_818' title='bbox 2551 4537 2728 4607; x_wconf 89' lang='lat' dir='ltr'><strong>aliqua</strong></span> <span class='ocrx_word' id='word_1_819' title='bbox 2760 4536 2999 4592; x_wconf 80' lang='lat' dir='ltr'><strong>humana</strong></span> <span class='ocrx_word' id='word_1_820' title='bbox 3037 4537 3291 4592; x_wconf 84' lang='lat' dir='ltr'><strong>eruditio.</strong></span> <span class='ocrx_word' id='word_1_821' title='bbox 3331 4536 3453 4607; x_wconf 87' lang='lat' dir='ltr'><strong>Ipsa</strong></span> <span class='ocrx_word' id='word_1_822' title='bbox 3486 4536 3776 4612; x_wconf 75' lang='lat' dir='ltr'><strong>tedocebit</strong></span> 
     </span>
    </p>
   </div>
   <div class='ocr_carea' id='block_1_107' title="bbox 2183 4619 3772 4700">
    <p class='ocr_par' dir='ltr' id='par_1_107' title="bbox 2183 4619 3772 4700">
     <span class='ocr_line' id='line_1_107' title="bbox 2183 4619 3772 4700; baseline -0.001 -16"><span class='ocrx_word' id='word_1_823' title='bbox 2183 4628 2368 4685; x_wconf 88' lang='lat' dir='ltr'><strong>unctio</strong></span> <span class='ocrx_word' id='word_1_824' title='bbox 2406 4619 2647 4700; x_wconf 86' lang='lat' dir='ltr'><strong>cogitare</strong></span> <span class='ocrx_word' id='word_1_825' title='bbox 2671 4628 2840 4682; x_wconf 86' lang='lat' dir='ltr'><strong>Deum</strong></span> <span class='ocrx_word' id='word_1_826' title='bbox 2859 4636 3016 4683; x_wconf 80' lang='lat' dir='ltr'><strong>tuum</strong></span> <span class='ocrx_word' id='word_1_827' title='bbox 3049 4628 3339 4699; x_wconf 86' lang='lat' dir='ltr'><strong>quamdam</strong></span> <span class='ocrx_word' id='word_1_828' title='bbox 3367 4629 3772 4700; x_wconf 77' lang='lat' dir='ltr'><strong>sempiteraita-</strong></span> 
     </span>
    </p>
   </div>
   <div class='ocr_carea' id='block_1_108' title="bbox 2185 4717 3775 4790">
    <p class='ocr_par' dir='ltr' id='par_1_108' title="bbox 2185 4717 3775 4790">
     <span class='ocr_line' id='line_1_108' title="bbox 2185 4717 3775 4790; baseline -0.001 -16"><span class='ocrx_word' id='word_1_829' title='bbox 2185 4729 2316 4785; x_wconf 91' lang='lat' dir='ltr'><strong>tem,</strong></span> <span class='ocrx_word' id='word_1_830' title='bbox 2357 4718 2486 4790; x_wconf 88' lang='lat' dir='ltr'><strong>quia</strong></span> <span class='ocrx_word' id='word_1_831' title='bbox 2523 4725 2624 4774; x_wconf 83' lang='lat' dir='ltr'><strong>uec</strong></span> <span class='ocrx_word' id='word_1_832' title='bbox 2654 4717 2865 4773; x_wconf 90' lang='lat' dir='ltr'><strong>initium</strong></span> <span class='ocrx_word' id='word_1_833' title='bbox 2897 4732 2998 4774; x_wconf 90' lang='lat' dir='ltr'><strong>nec</strong></span> <span class='ocrx_word' id='word_1_834' title='bbox 3031 4718 3186 4784; x_wconf 85' lang='lat' dir='ltr'><strong>finis;</strong></span> <span class='ocrx_word' id='word_1_835' title='bbox 3219 4719 3513 4788; x_wconf 82' lang='lat' dir='ltr'><strong>quamdam</strong></span> <span class='ocrx_word' id='word_1_836' title='bbox 3544 4719 3775 4774; x_wconf 69' lang='lat' dir='ltr'><strong>immen-</strong></span> 
     </span>
    </p>
   </div>
   <div class='ocr_carea' id='block_1_109' title="bbox 2183 4809 3775 4881">
    <p class='ocr_par' dir='ltr' id='par_1_109' title="bbox 2183 4809 3775 4881">
     <span class='ocr_line' id='line_1_109' title="bbox 2183 4809 3775 4881; baseline -0.002 -16"><span class='ocrx_word' id='word_1_837' title='bbox 2183 4811 2422 4875; x_wconf 83' lang='lat' dir='ltr'><strong>sitatem,</strong></span> <span class='ocrx_word' id='word_1_838' title='bbox 2461 4811 2583 4881; x_wconf 83' lang='lat' dir='ltr'><strong>quia</strong></span> <span class='ocrx_word' id='word_1_839' title='bbox 2611 4809 2791 4865; x_wconf 90' lang='lat' dir='ltr'><strong>nullus</strong></span> <span class='ocrx_word' id='word_1_840' title='bbox 2818 4809 2966 4866; x_wconf 89' lang='lat' dir='ltr'><strong>locus</strong></span> <span class='ocrx_word' id='word_1_841' title='bbox 2992 4826 3007 4876; x_wconf 90' lang='lat'><strong>;</strong></span> <span class='ocrx_word' id='word_1_842' title='bbox 3038 4810 3328 4879; x_wconf 87' lang='lat' dir='ltr'><strong>quamdam</strong></span> <span class='ocrx_word' id='word_1_843' title='bbox 3357 4809 3775 4866; x_wconf 77' lang='lat' dir='ltr'><strong>incommutabi-</strong></span> 
     </span>
    </p>
   </div>
   <div class='ocr_carea' id='block_1_110' title="bbox 2184 4902 3770 4974">
    <p class='ocr_par' dir='ltr' id='par_1_110' title="bbox 2184 4902 3770 4974">
     <span class='ocr_line' id='line_1_110' title="bbox 2184 4902 3770 4974; baseline -0.002 -17"><span class='ocrx_word' id='word_1_844' title='bbox 2184 4903 2412 4969; x_wconf 85' lang='lat' dir='ltr'><strong>litatem,</strong></span> <span class='ocrx_word' id='word_1_845' title='bbox 2444 4904 2568 4973; x_wconf 86' lang='lat' dir='ltr'><strong>quia</strong></span> <span class='ocrx_word' id='word_1_846' title='bbox 2601 4903 2805 4958; x_wconf 88' lang='lat' dir='ltr'><strong>nullum</strong></span> <span class='ocrx_word' id='word_1_847' title='bbox 2834 4913 3083 4974; x_wconf 80' lang='lat' dir='ltr'><strong>tempus;</strong></span> <span class='ocrx_word' id='word_1_848' title='bbox 3117 4902 3405 4972; x_wconf 84' lang='lat' dir='ltr'><strong>qu:uudam</strong></span> <span class='ocrx_word' id='word_1_849' title='bbox 3425 4904 3770 4974; x_wconf 80' lang='lat' dir='ltr'><strong>omnipoten-</strong></span> 
     </span>
    </p>
   </div>
   <div class='ocr_carea' id='block_1_111' title="bbox 2185 4993 3774 5063">
    <p class='ocr_par' dir='ltr' id='par_1_111' title="bbox 2185 4993 3774 5063">
     <span class='ocr_line' id='line_1_111' title="bbox 2185 4993 3774 5063; baseline -0.001 -17"><span class='ocrx_word' id='word_1_850' title='bbox 2185 4994 2337 5061; x_wconf 90' lang='lat' dir='ltr'><strong>tiam,</strong></span> <span class='ocrx_word' id='word_1_851' title='bbox 2375 4994 2662 5063; x_wconf 90' lang='lat' dir='ltr'><strong>quamdam</strong></span> <span class='ocrx_word' id='word_1_852' title='bbox 2694 4993 3042 5058; x_wconf 84' lang='lat' dir='ltr'><strong>charitatem,</strong></span> <span class='ocrx_word' id='word_1_853' title='bbox 3097 5008 3286 5062; x_wconf 83' lang='lat' dir='ltr'><strong>pacem</strong></span> <span class='ocrx_word' id='word_1_854' title='bbox 3318 5007 3442 5063; x_wconf 77' lang='lat' dir='ltr'><strong>qua:</strong></span> <span class='ocrx_word' id='word_1_855' title='bbox 3484 5003 3774 5062; x_wconf 83' lang='lat' dir='ltr'><strong>exsuperat</strong></span> 
     </span>
    </p>
   </div>
   <div class='ocr_carea' id='block_1_112' title="bbox 2183 5085 3770 5158">
    <p class='ocr_par' dir='ltr' id='par_1_112' title="bbox 2183 5085 3770 5158">
     <span class='ocr_line' id='line_1_112' title="bbox 2183 5085 3770 5158; baseline -0.002 -18"><span class='ocrx_word' id='word_1_856' title='bbox 2183 5102 2399 5143; x_wconf 81' lang='lat' dir='ltr'><strong>omnem</strong></span> <span class='ocrx_word' id='word_1_857' title='bbox 2449 5102 2692 5154; x_wconf 87' lang='lat' dir='ltr'><strong>sensum,</strong></span> <span class='ocrx_word' id='word_1_858' title='bbox 2747 5087 2948 5158; x_wconf 88' lang='lat' dir='ltr'><strong>ubique</strong></span> <span class='ocrx_word' id='word_1_859' title='bbox 3001 5085 3368 5142; x_wconf 81' lang='lat' dir='ltr'><strong>essentialiter</strong></span> <span class='ocrx_word' id='word_1_860' title='bbox 3410 5095 3770 5154; x_wconf 62' lang='lat' dir='ltr'><strong>pratscutcm,</strong></span> 
     </span>
    </p>
   </div>
   <div class='ocr_carea' id='block_1_113' title="bbox 2182 5175 3774 5248">
    <p class='ocr_par' dir='ltr' id='par_1_113' title="bbox 2182 5175 3774 5248">
     <span class='ocr_line' id='line_1_113' title="bbox 2182 5175 3774 5248; baseline -0.001 -17"><span class='ocrx_word' id='word_1_861' title='bbox 2182 5192 2342 5248; x_wconf 87' lang='lat' dir='ltr'><strong>quem</strong></span> <span class='ocrx_word' id='word_1_862' title='bbox 2369 5186 2424 5231; x_wconf 90' lang='lat' dir='ltr'><strong>et</strong></span> <span class='ocrx_word' id='word_1_863' title='bbox 2465 5176 2827 5232; x_wconf 84' lang='lat' dir='ltr'><strong>desiderando</strong></span> <span class='ocrx_word' id='word_1_864' title='bbox 2853 5192 3122 5242; x_wconf 83' lang='lat' dir='ltr'><strong>amamus,</strong></span> <span class='ocrx_word' id='word_1_865' title='bbox 3154 5185 3208 5230; x_wconf 91' lang='lat' dir='ltr'><strong>et</strong></span> <span class='ocrx_word' id='word_1_866' title='bbox 3235 5175 3472 5232; x_wconf 86' lang='lat' dir='ltr'><strong>amando</strong></span> <span class='ocrx_word' id='word_1_867' title='bbox 3501 5175 3774 5230; x_wconf 78' lang='lat' dir='ltr'><strong>desiden-</strong></span> 
     </span>
    </p>
   </div>
   <div class='ocr_carea' id='block_1_114' title="bbox 2183 5267 3772 5340">
    <p class='ocr_par' dir='ltr' id='par_1_114' title="bbox 2183 5267 3772 5340">
     <span class='ocr_line' id='line_1_114' title="bbox 2183 5267 3772 5340; baseline -0.003 -15"><span class='ocrx_word' id='word_1_868' title='bbox 2183 5285 2336 5335; x_wconf 88' lang='lat' dir='ltr'><strong>mus,</strong></span> <span class='ocrx_word' id='word_1_869' title='bbox 2401 5271 2824 5340; x_wconf 88' lang='lat' dir='ltr'><strong>complectentes</strong></span> <span class='ocrx_word' id='word_1_870' title='bbox 2871 5284 2994 5326; x_wconf 87' lang='lat' dir='ltr'><strong>eum</strong></span> <span class='ocrx_word' id='word_1_871' title='bbox 3045 5269 3202 5339; x_wconf 90' lang='lat' dir='ltr'><strong>quasi</strong></span> <span class='ocrx_word' id='word_1_872' title='bbox 3255 5267 3584 5339; x_wconf 81' lang='lat' dir='ltr'><strong>quibusdam</strong></span> <span class='ocrx_word' id='word_1_873' title='bbox 3637 5267 3772 5321; x_wconf 83' lang='lat' dir='ltr'><strong>ulnis</strong></span> 
     </span>
    </p>
   </div>
   <div class='ocr_carea' id='block_1_115' title="bbox 2183 5357 3772 5433">
    <p class='ocr_par' dir='ltr' id='par_1_115' title="bbox 2183 5357 3772 5433">
     <span class='ocr_line' id='line_1_115' title="bbox 2183 5357 3772 5433; baseline -0.004 -15"><span class='ocrx_word' id='word_1_874' title='bbox 2183 5361 2382 5418; x_wconf 86' lang='lat' dir='ltr'><strong>sinceri</strong></span> <span class='ocrx_word' id='word_1_875' title='bbox 2433 5361 2665 5427; x_wconf 89' lang='lat' dir='ltr'><strong>amoris,</strong></span> <span class='ocrx_word' id='word_1_876' title='bbox 2722 5361 2791 5415; x_wconf 85' lang='lat' dir='ltr'><strong>tie</strong></span> <span class='ocrx_word' id='word_1_877' title='bbox 2837 5376 2946 5432; x_wconf 91' lang='lat' dir='ltr'><strong>quo</strong></span> <span class='ocrx_word' id='word_1_878' title='bbox 3000 5360 3204 5418; x_wconf 81' lang='lat' dir='ltr'><strong>scimus</strong></span> <span class='ocrx_word' id='word_1_879' title='bbox 3254 5359 3398 5433; x_wconf 90' lang='lat' dir='ltr'><strong>quod</strong></span> <span class='ocrx_word' id='word_1_880' title='bbox 3451 5357 3772 5431; x_wconf 69' lang='lat' dir='ltr'><strong>magnitudi-</strong></span> 
     </span>
    </p>
   </div>
   <div class='ocr_carea' id='block_1_116' title="bbox 2183 5439 3771 5526">
    <p class='ocr_par' dir='ltr' id='par_1_116' title="bbox 2183 5439 3771 5526">
     <span class='ocr_line' id='line_1_116' title="bbox 2183 5439 3771 5526; baseline -0.004 -16"><span class='ocrx_word' id='word_1_881' title='bbox 2183 5455 2268 5512; x_wconf 89' lang='lat' dir='ltr'><strong>nis</strong></span> <span class='ocrx_word' id='word_1_882' title='bbox 2319 5455 2434 5526; x_wconf 82' lang='lat' dir='ltr'><strong>ejus</strong></span> <span class='ocrx_word' id='word_1_883' title='bbox 2472 5469 2580 5510; x_wconf 90' lang='lat' dir='ltr'><strong>non</strong></span> <span class='ocrx_word' id='word_1_884' title='bbox 2632 5462 2715 5510; x_wconf 91' lang='lat' dir='ltr'><strong>est</strong></span> <span class='ocrx_word' id='word_1_885' title='bbox 2767 5454 2907 5511; x_wconf 83' lang='lat' dir='ltr'><strong>ﬁnis.</strong></span> <span class='ocrx_word' id='word_1_886' title='bbox 2962 5439 3117 5511; x_wconf 74' lang='lat' dir='ltr'><strong>Hunc</strong></span> <span class='ocrx_word' id='word_1_887' title='bbox 3171 5455 3373 5525; x_wconf 73' lang='lat' dir='ltr'><strong>cogitet</strong></span> <span class='ocrx_word' id='word_1_888' title='bbox 3421 5455 3478 5508; x_wconf 93' lang='lat' dir='ltr'><strong>in</strong></span> <span class='ocrx_word' id='word_1_889' title='bbox 3529 5453 3771 5507; x_wconf 80' lang='lat' dir='ltr'><strong>oratione</strong></span> 
     </span>
    </p>
   </div>
   <div class='ocr_carea' id='block_1_117' title="bbox 2182 5544 3766 5616">
    <p class='ocr_par' dir='ltr' id='par_1_117' title="bbox 2182 5544 3766 5616">
     <span class='ocr_line' id='line_1_117' title="bbox 2182 5544 3766 5616; baseline -0.004 -16"><span class='ocrx_word' id='word_1_890' title='bbox 2182 5561 2335 5602; x_wconf 87' lang='lat' dir='ltr'><strong>mens</strong></span> <span class='ocrx_word' id='word_1_891' title='bbox 2384 5556 2507 5610; x_wconf 87' lang='lat' dir='ltr'><strong>tua,</strong></span> <span class='ocrx_word' id='word_1_892' title='bbox 2560 5545 2724 5602; x_wconf 89' lang='lat' dir='ltr'><strong>dilata</strong></span> <span class='ocrx_word' id='word_1_893' title='bbox 2773 5546 2825 5600; x_wconf 87' lang='lat' dir='ltr'><strong>in</strong></span> <span class='ocrx_word' id='word_1_894' title='bbox 2885 5559 3072 5601; x_wconf 81' lang='lat' dir='ltr'><strong>amore</strong></span> <span class='ocrx_word' id='word_1_895' title='bbox 3126 5544 3292 5610; x_wconf 91' lang='lat' dir='ltr'><strong>illius,</strong></span> <span class='ocrx_word' id='word_1_896' title='bbox 3325 5552 3381 5600; x_wconf 86' lang='lat' dir='ltr'><strong>ut</strong></span> <span class='ocrx_word' id='word_1_897' title='bbox 3425 5558 3560 5616; x_wconf 86' lang='lat' dir='ltr'><strong>pure</strong></span> <span class='ocrx_word' id='word_1_898' title='bbox 3617 5549 3766 5603; x_wconf 83' lang='lat' dir='ltr'><strong>oret,</strong></span> 
     </span>
    </p>
   </div>
   <div class='ocr_carea' id='block_1_118' title="bbox 2182 5635 3765 5711">
    <p class='ocr_par' dir='ltr' id='par_1_118' title="bbox 2182 5635 3765 5711">
     <span class='ocr_line' id='line_1_118' title="bbox 2182 5635 3765 5711; baseline -0.002 -16"><span class='ocrx_word' id='word_1_899' title='bbox 2182 5654 2414 5711; x_wconf 88' lang='lat' dir='ltr'><strong>cumque</strong></span> <span class='ocrx_word' id='word_1_900' title='bbox 2439 5638 2540 5694; x_wconf 75' lang='lat' dir='ltr'><strong>sibi</strong></span> <span class='ocrx_word' id='word_1_901' title='bbox 2572 5637 2670 5694; x_wconf 92' lang='lat' dir='ltr'><strong>soli</strong></span> <span class='ocrx_word' id='word_1_902' title='bbox 2701 5639 2873 5694; x_wconf 92' lang='lat' dir='ltr'><strong>solum</strong></span> <span class='ocrx_word' id='word_1_903' title='bbox 2906 5647 3273 5709; x_wconf 65' lang='lat' dir='ltr'><strong>repraesentet.</strong></span> <span class='ocrx_word' id='word_1_904' title='bbox 3306 5635 3460 5693; x_wconf 86' lang='lat' dir='ltr'><strong>Illum</strong></span> <span class='ocrx_word' id='word_1_905' title='bbox 3490 5648 3671 5691; x_wconf 82' lang='lat' dir='ltr'><strong>coram</strong></span> <span class='ocrx_word' id='word_1_906' title='bbox 3698 5641 3765 5692; x_wconf 69' lang='lat' dir='ltr'><strong>te.</strong></span> 
     </span>
    </p>
   </div>
   <div class='ocr_carea' id='block_1_119' title="bbox 2162 5709 3770 5802">
    <p class='ocr_par' dir='ltr' id='par_1_119' title="bbox 2162 5709 3770 5802">
     <span class='ocr_line' id='line_1_119' title="bbox 2162 5709 3770 5802; baseline -0.002 -15"><span class='ocrx_word' id='word_1_907' title='bbox 2162 5709 2238 5788; x_wconf 3' lang='lat' dir='ltr'><strong>fet</strong></span> <span class='ocrx_word' id='word_1_908' title='bbox 2281 5709 2339 5788; x_wconf 80' lang='lat' dir='ltr'><strong>te</strong></span> <span class='ocrx_word' id='word_1_909' title='bbox 2371 5747 2556 5790; x_wconf 84' lang='lat' dir='ltr'><strong>coram</strong></span> <span class='ocrx_word' id='word_1_910' title='bbox 2580 5730 2672 5787; x_wconf 86' lang='lat' dir='ltr'><strong>illo</strong></span> <span class='ocrx_word' id='word_1_911' title='bbox 2701 5739 2906 5794; x_wconf 68' lang='lat' dir='ltr'><strong>sintne;</strong></span> <span class='ocrx_word' id='word_1_912' title='bbox 2950 5740 3002 5785; x_wconf 90' lang='lat' dir='ltr'><strong>et</strong></span> <span class='ocrx_word' id='word_1_913' title='bbox 3030 5745 3143 5802; x_wconf 70' lang='lat' dir='ltr'><strong>prae</strong></span> <span class='ocrx_word' id='word_1_914' title='bbox 3178 5743 3374 5800; x_wconf 67' lang='lat' dir='ltr'><strong>magno</strong></span> <span class='ocrx_word' id='word_1_915' title='bbox 3416 5741 3622 5796; x_wconf 72' lang='lat' dir='ltr'><strong>amore,</strong></span> <span class='ocrx_word' id='word_1_916' title='bbox 3663 5737 3770 5794; x_wconf 67' lang='lat' dir='ltr'><strong>quo</strong></span> 
     </span>
    </p>
   </div>
  </div>
