3920 6298
184 354 277 411 8'77

1286 343 1484 401 LIBER
1521 343 1609 400 DE
1645 343 2016 403 EXERCI‘I‘IO
2048 343 2318 402 εειιιε.

3304 349 3410 428 31s

185 471 300 525 eum
353 475 513 534 super
562 461 743 518 omnia
791 449 991 530 diligis,
1039 449 1094 514 itt
1145 456 1428 514 dulcedine
1470 457 1730 512 ineffabili
1763 469 1809 526 Α
1840 467 1898 513 ttt
1926 459 2080 514 fieret
2103 458 2270 514 sudor
2287 457 2403 526 ejus
2427 458 2566 513 sicut
2590 467 2752 529 guttae
2771 458 3050 530 sanguinis
3069 462 3445 520 decurrentis.

184 564 336 629 quam
353 553 448 610 tibi
465 551 536 607 ab
553 567 620 607 eo
641 549 872 604 infusam
897 548 1087 612 sentis,
1111 549 1163 602 in
1188 547 1308 603 laeto
1337 563 1401 602 ac
1433 548 1739 603 lanificante

186 646 404 718 quodam
426 641 620 713 iubilo,
649 650 701 696 te
729 640 824 694 tibi
851 641 1052 704 furare,
1094 648 1145 693 te
1185 639 1301 709 ipso
1352 639 1613 707 privatus,
1662 637 1738 692 illi

187 736 394 797 inhaere,
422 734 476 787 in
511 733 626 802 ipso
649 730 1031 801 agglutinatus.
1055 728 1434 795 Qualitervero
1454 743 1578 783 cum
1605 742 1740 797 pure

185 839 320 886 oras,
357 821 445 876 ille
478 836 541 876 se
567 818 659 873 tibi
689 817 1000 873 manifestet
1025 832 1183 888 quem
1212 833 1362 882 oras,
1394 831 1497 871 non
1525 831 1554 870 a
1584 816 1739 870 nobis

185 914 437 985 requiras,
460 911 587 980 quia
608 924 706 964 nos
736 910 788 964 in
819 910 905 964 his
928 909 1143 980 penitus
1179 909 1488 978 ignorantes
1529 923 1737 962 sumus.

185 1005 248 1062 Et
287 1004 402 1059 ideo
439 1003 769 1070 ignorantes,
797 1000 924 1070 quia
949 1000 1030 1055 vel
1065 1000 1116 1054 id
1143 999 1444 1064 rarissime,
1475 998 1558 1053 vel
1598 1014 1739 1053 nun-

186 1109 334 1166 quam
354 1107 539 1152 sumus
566 1091 792 1161 experti.
827 1090 939 1146 Hoc
977 1099 1158 1144 autent
1193 1090 1416 1155 scimus,
1446 1089 1572 1159 quia
1613 1104 1739 1144 cum

187 1199 326 1240 mens
343 1191 532 1238 sancta
556 1189 610 1236 et
635 1181 866 1244 sinwra,
891 1195 1042 1234 mens
1063 1179 1283 1244 munda,
1303 1190 1360 1236 et
1384 1179 1650 1244 defecata,
1686 1188 1740 1234 et

183 1290 326 1346 pura,
376 1274 426 1327 in
465 1274 630 1343 pleno
650 1287 720 1327 ac
741 1271 981 1342 perfecto
1007 1287 1192 1327 amore
1217 1281 1276 1326 et
1300 1271 1569 1327 desiderio
1595 1281 1738 1337 orat,

184 1373 303 1420 tunc
321 1364 490 1419 cidem
523 1365 688 1419 menti
716 1363 880 1434 quam
909 1364 1142 1416 maxime
1167 1361 1376 1417 interna
1418 1377 1514 1418 sua
1556 1371 1610 1417 et
1642 1378 1743 1418 oc-

184 1455 338 1520 culta,
371 1454 556 1508 suavia
596 1463 654 1509 et
693 1454 891 1518 dulcia,
922 1469 1020 1524 per
1039 1463 1300 1510 secretam
1334 1469 1489 1510 suam
1519 1454 1743 1510 infusio-

185 1560 298 1600 uem
339 1544 669 1600 manifestat.
718 1543 968 1600 Secundo
1002 1544 1121 1600 loco
1149 1544 1448 1616 posuimus,
1492 1555 1555 1601 ut
1593 1546 1740 1600 illum

187 1637 529 1692 attentissime
573 1635 977 1692 consideremus
1007 1636 1105 1707 pa
1145 1651 1307 1706 quem
1335 1652 1573 1694 oramus.
1609 1639 1742 1703 Quis

1840 549 1893 603 in
1921 559 2143 605 terram.
2174 550 2441 619 Appareat
2468 550 2560 604 tibi
2589 559 2644 604 et
2673 564 2833 620 quam
2866 553 3122 618 maxime,
3153 555 3414 628 quidquid

1839 654 1938 709 pro
1977 647 2027 693 te
2066 641 2282 706 durum,
2325 648 2378 694 et
2405 638 2604 703 diruat,
2649 649 2702 693 et
2739 639 3174 710 ignominiosum,
3204 652 3260 700 et
3285 660 3441 700 cru-'-

1839 729 2266 799 delepertulit;
2321 732 2462 800 quod
2513 731 2765 786 venditus
2820 741 2925 796 est,
2977 732 3119 802 quod
3161 734 3440 802 traditus,

1839 828 2048 890 captus,
2092 821 2304 891 ligatus,
2350 822 2638 888 adductus,
2682 822 3078 893 interrogatus,
3117 822 3412 893 judicatus.

1840 913 2145 974 damnatus,
2191 913 2365 982 sputis
2392 913 2580 978 illitus,
2608 914 2834 979 velatus,
2877 914 3265 984 colaphizatus,
3301 917 3418 971 ala-

1841 1021 1938 1077 pas
1961 1019 2172 1075 passus,
2200 1004 2518 1075 ﬂagellatus,
2559 1007 2845 1077 chlamyde
2875 1008 3126 1063 coccinea
3168 1008 3414 1076 indutus,
3477 1028 3480 1032 ·

1843 1099 1895 1152 in
1929 1097 2107 1152 derisu
2136 1096 2408 1163 adoratus;
2437 1098 2489 1152 in
2519 1107 2671 1152 veste
2707 1098 2825 1152 alba
2851 1097 3060 1164 illusus,
3094 1099 3416 1158 arundinem

1843 1189 1894 1244 in
1937 1188 2158 1242 dextera
2201 1197 2411 1252 tenens,
2444 1203 2660 1244 crucem
2685 1204 2838 1244 suam
2867 1189 3132 1255 bajulaus,
3165 1205 3288 1245 cum
3313 1190 3417 1246 ini-

1841 1279 1963 1347 quis
2010 1286 2306 1347 reputatus.
2339 1277 2484 1333 Felle
2521 1279 2740 1333 mistum
2775 1290 2984 1335 acetum
3028 1281 3079 1334 ei
3130 1280 3412 1345 oblatum;

1841 1371 2069 1440 piissimi
2094 1370 2372 1440 sanguinis
2398 1385 2502 1424 non
2525 1379 2756 1441 guttam.
2787 1373 2879 1425 scd
2911 1373 3105 1428 undam
3140 1389 3236 1442 per
3257 1375 3414 1442 quin-

1842 1479 1947 1532 que
1970 1463 2190 1517 vulnera
2213 1461 2566 1518 sacratissimi
2627 1463 2708 1516 sui
2741 1464 2982 1532 corporis
3012 1463 3279 1520 fundens:
3315 1481 3416 1536 pro

1845 1553 2335 1624 transgressoribus
2381 1568 2563 1626 orans,
2610 1551 2861 1607 dilectam
2898 1554 3042 1608 illam
3089 1556 3323 1611 animam
3361 1557 3414 1612 in

1845 1661 2004 1700 manu
2035 1644 2214 1701 Patris
2241 1643 2648 1708 commendans,
2681 1651 2842 1711 caput
2862 1643 3142 1707 inclinans,
3167 1629 3436 1714 spiritum

188 1728 281 1784 iste
306 1737 407 1792 est,
429 1728 530 1784 nisi
559 1729 824 1784 mediator
854 1729 949 1784 Dei
981 1738 1038 1783 et
1058 1728 1360 1796 hominum,
1390 1727 1532 1784 Deus
1555 1738 1610 1783 et
1647 1729 1741 1783 ho-

1843 1737 2116 1791 emittens.
2168 1738 2442 1805 Appareat
2500 1733 2595 1790 tibi
2645 1734 2908 1803 sepultus,
2957 1735 3327 1798 resuscitatus,
3363 1736 3416 1789 in

189 1835 270 1876 mo
303 1819 547 1877 Christus
593 1821 786 1877 JeSIIS?
830 1821 921 1892 (illi
954 1829 1037 1877 εει
1068 1820 1122 1876 in
1152 1835 1240 1886 θον
1269 1821 1412 1891 (1⁸³οά
1443 1821 1604 1876 δοωο
1633 1832 1740 1887 εει,
1773 1803 1816 1864 Β
1846 1826 2030 1883 multis
2066 1803 2402 1898 argumentis
2450 1841 2549 1894 per
2593 1825 2710 1880 dies
2752 1825 3105 1896 quadraginta
3144 1825 3422 1894 discipulis

190 1927 288 1967 una
312 1910 618 1980 nobiscum,
656 1923 707 1967 et
742 1913 898 1983 longe
932 1913 1158 1968 meliore
1195 1913 1354 1968 modo
1390 1927 1552 1982 quam
1619 1928 1737 1979 uos,

186 2020 276 2075 pro
301 2005 448 2059 nobis
477 2003 625 2060 Patri
657 2005 963 2077 supplicans
1000 2023 1015 2060 :
1052 2006 1182 2062 etin
1211 2019 1276 2062 eo
1300 2006 1440 2075 quod
1467 2014 1551 2060 est
1579 2006 1738 2072 Deus,

187 2097 328 2151 nobis
354 2105 436 2151 est
460 2112 583 2151 cum
603 2097 768 2153 Patre
813 2108 868 2153 et
901 2097 1102 2168 Spiritu
1149 2104 1335 2152 sancto
1380 2111 1501 2153 cum
1549 2097 1744 2166 quibus

186 2205 314 2244 unus
337 2189 588 2262 idemque
616 2199 700 2250 est
735 2190 894 2254 Deus,
932 2191 1250 2260 propitiatus.
1296 2189 1412 2260 Ipse
1453 2190 1496 2245 si
1527 2190 1742 2260 quidem

185 2289 261 2335 est
299 2280 584 2336 advocatus
630 2290 813 2338 noster
855 2281 995 2351 apud
1043 2281 1260 2337 Patrem
1292 2281 1488 2351 justus,
1539 2294 1596 2336 et
1629 2282 1744 2352 ipse

185 2369 458 2437 ttonsolum
489 2371 704 2426 divinus
734 2371 1074 2440 propitiator,
1107 2373 1200 2426 sed
1234 2382 1284 2426 et
1313 2373 1624 2443 propitiatio
1648 2388 1744 2443 pro

185 2461 396 2531 peccatis
435 2463 664 2518 nostris.
703 2461 843 2518 Ecce
886 2462 1058 2518 altare
1099 2475 1346 2526 aureum,
1392 2464 1744 2520 humanitatis

189 2553 413 2609 videlicet
438 2554 490 2609 in
526 2553 750 2610 Christo
778 2563 993 2620 natura,
1024 2555 1079 2609 in
1125 2565 1228 2624 qua
1253 2554 1384 2609 nihil
1414 2569 1636 2624 prorsus
1661 2564 1747 2611 est

181 2644 309 2713 quod
331 2660 429 2700 non
455 2645 524 2701 sit
540 2646 613 2701 ab
630 2648 776 2702 omni
804 2647 954 2717 culpa
981 2662 1171 2716 purutn
1195 2655 1250 2701 et
1273 2646 1507 2701 alienum
1530 2663 1545 2712 ;
1583 2658 1746 2716 super

186 2738 311 2806 quod
359 2739 640 2794 orationes
692 2748 910 2795 nostras
946 2737 1222 2794 offerimus
1251 2741 1360 2794 Deo
1378 2737 1558 2793 Patri:
1583 2749 1642 2794 ut
1667 2738 1743 2795 illi

183 2829 500 2900 omnipmens
525 2841 590 2887 et
615 2832 926 2887 misericors
953 2830 1113 2886 Pater
1140 2833 1302 2897 Dens,
1337 2847 1443 2888 non
1476 2832 1746 2887 immerito

184 2922 480 2991 propitietur
505 2932 741 2989 naturae,
771 2924 822 2978 in
851 2924 1067 2979 homine
1090 2925 1258 2978 etiam
1276 2938 1428 2995 puro,
1463 2937 1622 2994 quam
1649 2939 1746 2994 pro

189 3011 406 3078 homine,
454 3013 731 3083 personali
771 3014 1014 3068 intuetur
1043 3015 1240 3070 unione
1269 3014 1576 3084 copulatam
1605 3014 1742 3069 Filio

183 3116 270 3157 suo
297 3102 420 3158 Deo.
457 3103 634 3174 Igitur
658 3114 918 3173 appareat
949 3102 1064 3168 tibi,
1098 3113 1153 3157 tu
1180 3104 1270 3174 qui
1305 3103 1577 3158 habitator
1598 3102 1746 3158 cellzr.

181 3204 256 3255 es,
281 3207 397 3247 cum
423 3208 579 3257 oras,
601 3193 829 3249 internis
853 3204 957 3250 tute
980 3195 1428 3250 considerationis
1453 3194 1622 3249 oculis
1650 3195 1744 3250 Fi-

183 3280 274 3336 lius
299 3282 408 3348 Dei,
434 3283 588 3340 Patri
619 3286 907 3355 peremnia
933 3295 1228 3356 sanctoque
1246 3285 1468 3356 Spiritui
1499 3301 1747 3357 coaequa-

184 3371 240 3426 lis
257 3385 304 3428 et
323 3378 1194 3445 coaeternus,etconsubstantialis
1215 3386 1230 3432 ':
1249 3388 1505 3449 appareat
1522 3378 1744 3449 inquam

185 3464 267 3520 tibi
288 3481 403 3522 eum
433 3469 485 3523 in
519 3469 777 3525 oratione
800 3471 1075 3536 consistis,
1105 3471 1156 3525 in
1185 3487 1377 3540 magna
1412 3470 1616 3536 laetitia,
1645 3469 1746 3526 Pa-

184 3557 270 3611 tris
290 3569 622 3627 pratsentans
643 3562 880 3617 vultibus
909 3563 1147 3618 victricis
1169 3563 1348 3616 carnis
1377 3561 1631 3633 gloriam.
1660 3563 1742 3633 lp-

183 3661 236 3702 se
261 3664 482 3720 namque
516 3650 696 3707 altare
738 3665 962 3708 aureum
993 3652 1370 3720 est,Christus
1403 3654 1653 3710 videlicet
1689 3655 1743 3709 in

181 3748 355 3794 natura
405 3756 676 3811 apparens
717 3743 952 3800 humana
979 3760 1100 3813 qua:
1128 3745 1196 3799 ab
1225 3746 1368 3800 omni
1394 3754 1614 3815 peccato
1644 3745 1746 3801 fuit

182 3827 361 3898 aliena,
384 3841 438 3886 et
463 3833 590 3888 ideo
633 3849 796 3890 aurea
831 3852 846 3891 :
883 3850 1045 3906 super
1089 3835 1232 3906 quod
1278 3836 1449 3892 altare
1494 3853 1742 3906 aureum,

179 3921 468 3978 orationum
491 3934 808 3998 nostrarum
849 3925 1054 3981 hostias
1084 3926 1444 3989 immolamus,
1500 3936 1559 3982 ut
1602 3928 1656 3982 in
1678 3942 1744 3983 eo

183 4011 324 4068 nobis
352 4016 739 4085 peccatoribus
769 4033 1014 4072 summus
1054 4017 1142 4072 ille
1188 4016 1350 4072 Pater
1395 4019 1738 4090 propitietur,

184 4107 230 4160 in
253 4122 352 4175 quo
373 4116 624 4163 naturam
649 4118 884 4164 nostram
907 4110 1081 4165 eidem
1109 4109 1248 4166 Filio
1278 4124 1398 4175 suo,
1427 4126 1531 4166 non
1563 4120 1742 4168 autem

183 4194 526 4264 culpabiliter,
569 4197 662 4252 sed
691 4197 1029 4254 solummodo
1057 4200 1393 4265 naturaliter,
1429 4200 1481 4255 in
1539 4202 1744 4256 unitate

183 4300 409 4354 personae
437 4288 743 4358 copulatam
781 4289 1042 4346 intuetur.
1076 4289 1261 4361 Itaque
1306 4302 1562 4362 appareat
1605 4293 1744 4347 inte-

186 4377 285 4432 rius
328 4388 430 4438 tua:
462 4379 916 4436 consideratiouis
945 4381 1116 4437 oculis
1143 4384 1415 4450 Christus,
1442 4385 1508 4438 de
1535 4383 1740 4454 Spiritu

1843 1935 2126 1989 apparens,
2159 1918 2246 1972 ttbi
2269 1926 2390 1972 erat
2412 1917 2566 1986 prius
2587 1917 2908 1980 ascendens,
2931 1917 2998 1970 ad
3029 1915 3204 1971 Patris
3228 1917 3418 1971 dexte-

1846 2027 1959 2066 ram
1999 2011 2220 2075 sedens;
2261 2018 2524 2064 venturus
2559 2019 2682 2063 cum
2707 2016 2973 2076 potestate
3001 2022 3193 2076 magna
3213 2016 3270 2061 et
3300 2023 3422 2062 ma-

1839 2105 2038 2174 jestate
2065 2102 2428 2172 iudicaturus,
2461 2100 2551 2170 qui
2590 2099 2642 2155 in
2677 2099 2978 2154 humilitate
3007 2097 3422 2167 venitjudicau-

1844 2197 1977 2263 dus;
2023 2197 2076 2251 in
2115 2204 2377 2250 aeternum
2403 2195 2456 2248 in
2486 2192 2676 2248 electis
2707 2191 2821 2246 suis
2846 2201 3191 2262 regnaturus,
3211 2189 3422 2245 faciens

1846 2287 1964 2342 illos
2002 2283 2377 2348 discumbere,
2415 2293 2471 2337 et
2511 2282 2811 2345 transiens,
2851 2281 3038 2348 eisque
3082 2279 3421 2334 ntinislrans.

1847 2378 1986 2432 Ecce
2011 2391 2110 2447 per
2155 2390 2336 2445 quem,
2360 2373 2577 2428 Patrem
2607 2386 2768 2428 orare
2795 2371 2980 2434 debes,
3025 2369 3120 2425 tibi
3167 2368 3421 2432 dicimus,

1845 2468 1935 2540 qui
1959 2467 2232 2524 habitator
2259 2466 2406 2522 cella:
2428 2481 2504 2521 es.
2535 2465 2721 2534 Itaque
2751 2462 3071 2534 quibusdam
3096 2461 3292 2516 mentis
3319 2470 3436 2541 tute

1845 2560 2103 2625 brachiis,
2143 2559 2363 2630 quando
2383 2568 2531 2623 oras,
2560 2556 2886 2626 amplectere
2916 2555 3063 2613 hunc
3101 2553 3421 2608 advocatum

1846 2663 2021 2719 tuum,
2041 2661 2096 2708 et
2128 2651 2288 2706 talem
2305 2666 2431 2706 eum
2461 2665 2585 2706 cum
2605 2664 2730 2704 oras
2752 2657 3014 2718 prtesenta
3039 2647 3092 2702 in
3123 2645 3237 2716 ipsa
3266 2659 3422 2700 mena
3469 2641 3472 2644 ’

1847 2744 1917 2800 tis
1952 2753 2055 2799 tua:
2082 2743 2341 2813 puritate,
2374 2739 2545 2795 vultui
2575 2737 2774 2794 Patris.
2813 2737 2996 2793 Talem
3023 2737 3171 2790 illum
3221 2734 3425 2790 offerre

1844 2836 1894 2891 ei
1924 2849 2048 2890 cum
2080 2833 2443 2890 exsultatione
2471 2841 2525 2888 et
2570 2830 2672 2886 fide
2702 2831 2878 2894 stude,
2910 2829 3120 2899 qualem
3159 2841 3281 2880 eum
3324 2825 3420 2880 tibi

1848 2928 2008 2983 modo
2040 2924 2478 2988 monstravimus.
2519 2921 2656 2990 Quid
2697 2921 2764 2976 ad
2800 2931 2944 2975 tuam
2985 2918 3212 2974 salutem
3252 2916 3424 2986 perti~

1847 3034 2005 3084 nens,
2043 3020 2096 3074 in
2119 3018 2220 3073 hac
2254 3014 2670 3087 prresentatioue
2703 3020 2758 3068 ct
2786 3011 3057 3068 oblatione
3086 3023 3114 3062 a
3142 3007 3230 3077 pio
3263 3006 3425 3062 Patre

1773 3144 1816 3204 Ε
1847 3109 2100 3164 obtinere
2133 3123 2240 3161 non
2289 3105 2486 3176 possis,
2513 3117 2676 3159 orans
2713 3110 2768 3156 et
2797 3109 2986 3172 petens
3015 3098 3067 3152 in
3098 3096 3316 3154 nomine
3341 3096 3426 3151 di-

1849 3201 1970 3257 lecti
2005 3200 2128 3256 Filii
2155 3200 2273 3264 sui,
2305 3199 2349 3253 si
2377 3197 2508 3252 fides
2530 3197 2584 3250 in
2613 3204 2666 3250 te
2689 3211 2791 3252 non
2823 3193 3069 3259 fluctuat,
3095 3193 3140 3248 si
3173 3207 3297 3262 spes
3316 3205 3422 3245 non

1845 3293 2057 3357 diﬂidit,
2093 3294 2136 3348 si
2176 3291 2417 3346 charitas
2459 3304 2565 3343 nuit
2599 3286 2859 3366 tepescit?
2883 3285 3106 3341 Intende
3127 3299 3342 3354 quoque
3368 3284 3422 3336 in

1846 3389 1932 3444 his
1954 3397 2008 3442 et
2035 3387 2167 3457 ipsis
2203 3384 2382 3440 verbis
2407 3392 2511 3437 ttne
2535 3380 2832 3452 petitionis,
2864 3388 2918 3435 et
2945 3391 3071 3434 ante
3111 3379 3280 3433 Deum
3315 3376 3388 3430 Pa
3411 3405 3426 3416 -

1847 3489 1982 3535 trem
2013 3477 2438 3548 omnipotentem
2481 3489 2664 3529 coram
2698 3483 2809 3528 tota
2859 3472 2946 3527 illa
2997 3471 3208 3528 caelesti
3270 3471 3423 3524 curia

1844 3582 2015 3635 stans,
2042 3578 2098 3624 et
2131 3571 2453 3624 advocatum
2499 3575 2649 3621 tuum
2683 3564 2830 3620 Patri
2888 3574 3242 3634 pt'msentaus,
3276 3565 3422 3632 quol

1845 3662 1980 3718 dicis
2015 3675 2132 3728 ore,
2167 3657 2414 3714 revolvas
2457 3658 2508 3712 in
2537 3655 2730 3721 corde;
2769 3666 2826 3710 ut
2871 3655 3162 3712 concordet
3190 3671 3293 3712 vox
3329 3662 3424 3710 tua

1843 3768 1965 3808 cum
1998 3762 2177 3808 mente
2210 3761 2320 3814 tua,
2351 3761 2409 3805 et
2438 3750 2542 3806 hoc
2571 3749 2770 3818 cogitet
2817 3748 2903 3803 illa
2933 3749 3074 3816 quod
3109 3757 3268 3803 sonat
3297 3748 3422 3814 ista.

1845 3842 1958 3898 Hoc
1989 3853 2070 3898 est
2099 3842 2240 3912 quod
2268 3841 2516 3910 superius
2562 3840 2724 3895 tertio
2753 3838 2873 3894 loco
2901 3837 3200 3907 posuimus,
3231 3846 3424 3907 quatea

1845 3949 1948 3990 nus
1987 3935 2068 3990 sic
2097 3933 2246 3988 illum
2278 3932 2526 3988 attendas
2553 3946 2713 4003 quem
2735 3945 2880 3994 oras,
2911 3936 2970 3985 ut
3004 3929 3284 3984 attendere
3314 3943 3426 3999 non,

1843 4025 2061 4096 omittas
2088 4025 2214 4094 quid
2249 4024 2376 4079 illttd
2401 4025 2492 4090 sit,
2524 4021 2666 4091 quod
2691 4036 2838 4087 oras,
2870 4029 2928 4076 ιιι
2954 4019 3096 4092 quod
3121 4019 3300 4090 lingua
3326 4033 3421 4073 so-

1844 4126 1968 4182 nat,
1990 4173 1992 4176 ,
2014 4115 2225 4170 animus
2256 4112 2538 4183 Intelligat.
2591 4096 2730 4177 Hoc,
2760 4112 2885 4176 ais,
2911 4111 2980 4168 ab
3015 4111 3267 4167 omnibus
3304 4109 3424 4166 fieri

1843 4217 2177 4279 nonpotest,
2212 4207 2432 4275 utquod
2467 4221 2654 4262 eorum
2687 4205 2868 4278 lingua
2901 4216 3080 4271 sonat,
3105 4205 3208 4260 hoc
3229 4219 3422 4260 eorum

1842 4300 2055 4358 animus
2085 4298 2376 4370 intelligat:
2420 4313 2519 4354 nec
2561 4298 2684 4354 dico
2723 4296 3064 4375 solummodo
3090 4304 3312 4365 propter
3342 4295 3424 4348 in-

1843 4393 2192 4448 stabililatem
2225 4405 2345 4460 quae
2387 4390 2438 4444 in
2467 4405 2654 4443 eorum
2686 4403 2866 4445 mente
2909 4397 3014 4452 est,
3063 4389 3156 4445 sed
3203 4397 3424 4456 propter

184 4479 357 4526 sancto
379 4482 697 4540 conceptus:
726 4472 1037 4529 incarnatus
1059 4474 1176 4530 sine
1197 4475 1560 4546 corruptione,
1582 4485 1742 4530 natus
1772 4489 1819 4548 ι)
1847 4480 2206 4554 ignorantiam
2237 4493 2357 4549 quze
2386 4479 2441 4533 in
2483 4479 2588 4534 illis
2619 4487 2723 4534 est.
2755 4479 2888 4534 Nam
2919 4487 3048 4532 sunt
3075 4476 3424 4546 quamplnres

185 4560 636 4634 absque_la:sione:
675 4579 945 4635 apparens
987 4564 1156 4635 Magis
1202 4565 1340 4621 Deus
1379 4565 1743 4636 sempiternus

183 4649 234 4708 in
255 4653 426 4721 thure,
460 4670 553 4710 rex
585 4655 928 4726 omnipotens
960 4655 1014 4708 in
1065 4671 1218 4722 auro,
1273 4657 1434 4710 homo
1479 4669 1638 4710 verus
1681 4665 1736 4711 et

180 4743 345 4799 adhuc
390 4745 635 4801 mortalis
680 4746 736 4801 in
785 4747 1024 4818 myrrha.
1062 4747 1334 4818 Appareat
1383 4747 1503 4814 tibi,
1549 4749 1741 4817 matris

174 4829 394 4903 virginis
421 4838 584 4892 ubera
617 4851 840 4908 augens,
886 4838 1080 4908 pannis
1103 4836 1396 4903 involutus,
1427 4839 1486 4894 in.
1511 4840 1737 4910 prmscpi

176 4927 398 4994 positus,
429 4928 832 4986 circumcisioni
859 4928 1159 4997 subjectus,
1199 4931 1252 4984 in
1285 4929 1480 5000 templo
1505 4931 1738 4998 oblatus,

180 5015 378 5088 fugiens
406 5019 666 5090 obsequio
692 5029 971 5089 parentum
1002 5020 1055 5074 in
1084 5019 1395 5091 Egyptum,
1426 5029 1482 5074 et
1507 5020 1630 5076 inde
1657 5035 1740 5076 reo

182 5104 320 5161 diens
346 5123 360 5173 ;
398 5107 646 5162 subditus
676 5107 1012 5178 parentibus.
1041 5107 1329 5179 sapientia,
1362 5118 1519 5176 :ctale
1543 5119 1593 5164 et
1618 5125 1741 5185 grag

180 5197 248 5252 tia
279 5199 581 5268 proficiens.
630 5200 902 5271 Appareat
941 5200 1034 5256 tibi
1071 5201 1416 5272 baptizatus,
1453 5201 1738 5272 jejunans,

177 5289 444 5356 esuriens,
465 5299 724 5358 tentatus,
765 5307 886 5348 cum
926 5292 1236 5348 hominibus
1263 5302 1653 5347 conversatus:
1687 5293 1738 5347 in

179 5375 332 5435 factis
367 5381 666 5439 malitiosos
709 5383 984 5438 sustinens
1027 5384 1425 5452 observatores,
1489 5381 1542 5436 itt
1583 5381 1740 5438 dictis

118 5509 120 5511 ›
179 5471 480 5538 pertinaces
521 5476 969 5535 contradictores.
1002 5473 1272 5544 Appareat
1301 5474 1392 5529 tibi
1423 5489 1545 5542 vera
1568 5482 1620 5529 et
1651 5489 1736 5528 sa-

178 5557 350 5619 lubria
374 5565 592 5632 docens,
639 5581 778 5621 nova
819 5575 876 5622 et
921 5566 1056 5621 inira
1101 5565 1324 5631 faciens,
1356 5566 1737 5636 discipulorum

180 5666 391 5710 suorum
429 5657 592 5725 pedes
627 5659 872 5726 abluens,
919 5668 1258 5726 sacramenta
1281 5659 1359 5714 eis
1383 5660 1628 5730 corporis
1656 5660 1736 5714 sui

179 5756 238 5799 ac
268 5749 548 5830 sanguinis
579 5753 821 5818 tradens,
854 5752 906 5806 in
936 5751 1126 5822 agonia
1159 5751 1421 5821 prolixius
1450 5767 1631 5816 orans,
1665 5752 1734 5803 ila

1845 4571 1936 4642 qui
1981 4569 2094 4625 fere
2133 4568 2266 4624 nihil
2303 4583 2491 4623 eorum
2521 4583 2639 4638 quae
2669 4569 2850 4621 dicunt
2887 4566 3190 4635 intelligere
3215 4560 3420 4630 valent.

1844 4662 1968 4732 quia
1997 4661 2196 4716 nullam
2232 4675 2389 4730 pene,
2423 4668 2687 4730 quantum
2717 4658 2784 4711 ad
2819 4648 3174 4720 intellectum,
3207 4657 3421 4712 littera-

1844 4766 1964 4807 rum
1998 4751 2243 4806 notitiam
2281 4751 2504 4806 habent.
2542 4747 2802 4816 Quamvis
2823 4748 2967 4802 enim
2992 4747 3227 4803 habeant
3249 4763 3423 4816 quan-

1845 4850 1956 4896 tum
1986 4830 2051 4894 ad
2083 4840 2406 4895 exteriorem
2443 4839 2727 4894 verborum
2759 4837 3154 4908 prolationem;
3187 4837 3421 4894 sednon

1843 4934 2044 4990 habent
2078 4941 2333 5003 quantum
2379 4932 2444 4987 ad
2485 4931 2796 4986 interiorem
2837 4930 2927 4999 qui
2960 4930 3012 4983 in
3070 4930 3274 4985 eisdem
3302 4945 3423 4984 ver-

1841 5025 1925 5083 bis
1973 5025 2150 5089 latet.
2217 5039 2408 5080 sensus
2465 5011 2845 5094 cognitionem.
2917 5021 3168 5092 Nunquid
3224 5023 3420 5078 horum

1842 5119 1977 5175 dicis
2003 5119 2302 5174 orationem
2334 5115 2478 5171 omni
2511 5130 2692 5171 coram
2722 5116 2829 5171 Deo
2853 5113 3028 5171 fructu
3061 5130 3269 5178 carere,
3292 5115 3419 5185 quia

1842 5210 1982 5280 quod
2024 5225 2122 5280 per
2173 5223 2356 5263 vocem
2407 5207 2686 5276 proferunt
2724 5221 2840 5271 ore,
2872 5223 2970 5278 per
3006 5205 3417 5277 intelligentiam

1845 5318 1948 5356 non
1987 5301 2203 5372 capiunt
2245 5300 2297 5354 in
2329 5299 2554 5355 mente?
2589 5299 2696 5354 Nos
2725 5308 2902 5354 autem
2955 5301 3063 5357 hoc
3112 5299 3273 5354 modo
3323 5297 3416 5358 tibi

1843 5391 1907 5445 ad
1934 5392 2066 5448 luce.
2099 5389 2252 5446 Absit
2279 5404 2311 5444 a
2341 5388 2495 5446 nobis
2524 5397 2582 5443 ut
2612 5388 2716 5445 hoc
2742 5390 3006 5445 dicamus.
3033 5387 3150 5445 Non
3178 5387 3322 5444 enim
3349 5387 3420 5442 de

1845 5484 1949 5538 illis
2017 5482 2345 5538 arbitramur
2401 5480 2608 5538 dictum
2670 5498 2685 5535 :
2752 5479 3010 5550 Ignarum
3087 5467 3416 5548 ignorabitur

1843 5571 1895 5645 (1
1925 5571 2048 5628 Cor.
2079 5587 2190 5637 xiv,
2216 5571 2330 5641 58).
2372 5569 2504 5626 Nam
2534 5570 2659 5625 licet
2690 5569 2832 5625 hanc
2872 5555 3278 5636 intelligentiam
3307 5578 3414 5622 non

1843 5665 2110 5730 habeant;
2153 5663 2198 5717 si
2239 5661 2401 5718 corde
2432 5661 2650 5729 devoto,
2703 5669 2759 5716 et
2797 5658 3095 5714 intentione
3145 5657 3311 5720 bona,
3361 5659 3419 5712 et

1845 5764 1988 5811 recto
2017 5754 2172 5810 modo
2195 5767 2349 5809 sacra
2380 5751 2545 5810 verba
2577 5751 2874 5822 proferant,
2923 5763 3043 5804 cum
3071 5748 3191 5815 lide,
3219 5764 3315 5821 spe
3364 5755 3420 5805 et
