3984 6398
483 347 596 421 ιιι

1360 343 1684 404 GUIGONIS
1718 344 1760 400 Il
1785 335 2209 406 ωιτιιυευε
2245 335 2538 396 ιιΑιοιιιδ
2571 335 2847 395 PBIORIS

3676 341 3777 398 880

482 465 782 531 ehatitate;
811 463 1025 521 conﬁdo
1051 463 1119 520 de
1144 462 1287 520 illius
1325 461 1526 532 pietate
1546 474 1706 530 quem
1733 468 1913 524 orant,
1948 459 2076 529 quia
2107 463 2154 524 Α
2186 454 2497 520 revolvere,
2525 452 2779 509 videlicet
2806 451 2930 524 quis
2956 452 3046 510 ille
3074 453 3147 512 sit
3171 469 3334 525 quem
3356 471 3511 524 oras,
3535 457 3667 528 quis
3688 457 3774 514 ille

483 559 600 630 ipse
619 557 674 612 in
704 557 783 613 eis
811 553 1079 626 supplebit
1105 553 1247 624 quod
1278 552 1378 621 ipsi
1410 550 1462 604 in
1485 565 1544 604 se
1571 565 1678 604 non
1703 549 1937 613 habent;
1971 563 2074 603 nec

481 647 684 704 fructui
731 645 1001 702 orationis
1052 657 1240 700 eorum
1303 639 1676 712 prcejndicium
1728 638 1894 693 faciet
1949 637 2072 693 talis

482 737 790 811 ignorantia
820 749 1028 798 eorum,
1055 731 1242 802 Neque
1272 730 1416 785 enim
1450 727 1778 784 credendum
1804 735 1889 782 est
1927 727 2072 796 quod

482 829 554 884 ab
581 827 662 884 eis
690 823 938 881 districte
962 821 1154 878 debeat
1175 819 1318 891 exigi
1345 818 1488 890 quod
1513 818 1598 874 eis
1615 818 1800 873 datum
1828 833 1933 871 non
1959 824 2069 882 est,

482 929 541 975 et
588 919 732 990 quod
769 931 956 974 eorum
1006 913 1164 970 saluti
1220 926 1478 982 magnum
1520 910 1624 966 hoc
1674 910 2065 966 detrimentum

483 1009 702 1076 inferat,
735 1007 860 1079 quia
890 1021 998 1062 non
1034 1002 1265 1061 reddunt
1289 1001 1431 1073 quod
1461 1016 1804 1073 nequaquam
1833 1014 2070 1071 accepe-

481 1110 632 1159 runt.
661 1099 767 1156 Sed
795 1099 939 1154 sicut
967 1096 1044 1152 illi
1068 1095 1304 1168 aliquam
1330 1093 1562 1150 fortasse
1603 1095 1657 1150 in
1704 1093 1789 1149 his
1839 1100 2070 1164 possunt

481 1194 882 1250 excusationem
910 1190 1131 1255 habere,
1163 1189 1244 1244 sic
1273 1203 1490 1259 quoque
1529 1196 1586 1242 tu
1617 1202 1725 1242 non
1751 1186 1956 1257 poteris
1977 1186 2074 1240 ni-

479 1285 680 1340 mirum
710 1281 1034 1340 excusabilis
1063 1295 1203 1348 esse,
1239 1279 1332 1351 qui
1363 1295 1552 1336 eorum
1583 1294 1702 1350 qua:
1734 1278 1946 1350 profers
1973 1294 2071 1333 no-

481 1377 660 1432 titiam
691 1387 746 1432 et
772 1376 1184 1448 intelligentiam
1215 1373 1406 1443 habes,
1437 1373 1532 1430 sed
1555 1373 1635 1430 eis
1669 1374 1955 1430 intendere
1999 1374 2071 1430 ob

480 1483 732 1541 magnam
765 1477 912 1524 tuam
939 1465 1319 1540 negligentiam
1369 1481 1474 1522 non
1521 1481 1704 1522 curas.
1750 1467 1920 1537 Igitur
1972 1481 2068 1536 ap-

478 1573 621 1630 pone
648 1574 745 1617 cor
787 1560 854 1616 iis
901 1576 1022 1631 quae
1063 1573 1158 1615 ore
1205 1573 1388 1626 sonas,
1436 1559 1652 1630 quando
1694 1558 1864 1614 Deum
1919 1567 2068 1614 tuum

480 1665 609 1706 oras
661 1669 675 1705 :
762 1665 862 1706 nec
938 1649 1110 1706 solum
1177 1651 1397 1720 quando
1463 1665 1628 1706 sonas
1682 1659 1736 1704 tu
1771 1689 1787 1717 ,
1855 1651 1950 1706 sed
2016 1659 2072 1705 et

481 1742 704 1812 quando
753 1741 936 1809 alios,
997 1741 1080 1797 vel
1135 1743 1417 1815 psalmos,
1477 1741 1561 1798 vel
1621 1741 1854 1812 hymnos
1915 1741 2072 1798 audis

485 1847 588 1888 ore
673 1832 940 1902 proferre.
1013 1832 1148 1889 Cum
1212 1835 1266 1889 in
1340 1833 1508 1889 choro
1575 1832 1778 1902 aliquid
1847 1831 1933 1888 vel
1996 1832 2067 1888 ad

479 1922 719 1994 psalmos
815 1925 1098 1996 pertinens
1166 1926 1369 1992 audis,
1452 1925 1538 1981 vel
1617 1940 1743 1981 cum
1821 1933 2014 1980 cantas
2047 1965 2064 1992 ,

477 2027 574 2068 seu
614 2021 762 2068 certe
805 2027 930 2068 cum
976 2011 1108 2084 legis
1139 2054 1155 2081 ,
1195 2015 1300 2070 hoc
1335 2013 1479 2070 intra
1510 2023 1562 2069 te
1591 2029 1691 2084 per
1733 2013 2066 2069 intellectum

477 2112 729 2160 versetur
754 2103 806 2159 in
835 2104 998 2159 corde
1020 2143 1036 2169 ,
1067 2106 1212 2175 quod
1240 2105 1482 2160 exterius
1512 2119 1608 2175 per
1631 2119 1823 2160 sonum
1855 2105 2068 2176 profers

477 2193 532 2248 in
558 2208 674 2250 ore.
699 2193 836 2251 Cum
862 2210 994 2250 vero
1019 2194 1156 2250 alios
1183 2195 1265 2251 vel
1296 2195 1476 2251 dicere
1502 2208 1694 2249 versus
1725 2195 2066 2264 psalmorum

477 2286 633 2341 audis
659 2326 674 2350 ,
727 2301 820 2343 seu
842 2296 1064 2344 cantare
1093 2327 1108 2354 ,
1155 2296 1249 2342 aut
1275 2295 1424 2344 certe
1452 2286 1628 2356 legere
1657 2303 1674 2352 ;
1703 2286 1768 2341 iis
1804 2301 1926 2356 qua:
1964 2286 2068 2358 ipsi

480 2375 764 2444 proferunt
795 2391 891 2447 per
925 2377 1282 2434 intentionem
1312 2387 1367 2432 tu
1398 2377 1587 2433 adesto
1614 2392 1629 2428 :
1659 2385 1714 2432 et
1766 2392 1867 2432 cor
1912 2385 2064 2431 tuum

478 2477 579 2536 per
621 2463 1030 2536 intelligentiam
1057 2481 1178 2522 cum
1204 2481 1336 2522 aure
1374 2468 1440 2522 iis
1475 2481 1684 2538 appone
1709 2508 1724 2533 ,
1765 2482 1886 2534 quae
1919 2467 2069 2536 ipsos

479 2555 638 2612 audis
665 2555 926 2628 proferre.
957 2557 1024 2612 Et
1046 2557 1150 2614 hoc
1176 2567 1261 2614 est
1279 2559 1421 2629 quod
1446 2559 1558 2630 jam
1588 2559 1845 2625 diximus,
1872 2559 2069 2614 debere

477 2645 733 2703 videlicet
783 2654 835 2704 te
885 2649 1232 2706 considerare
1277 2659 1334 2704 et
1373 2649 1518 2720 quod
1565 2665 1710 2706 oras.
1742 2649 1898 2718 Quod
1943 2665 2070 2706 vero

479 2748 676 2814 quarto
691 2740 812 2798 loco
834 2742 1134 2812 posuimus,
1150 2751 1209 2798 ut
1235 2744 1484 2800 attendas
1509 2743 1716 2800 scilicet
1738 2754 1793 2800 et
1819 2753 1870 2800 te
1895 2744 2068 2816 ipsum

479 2833 572 2904 qui
608 2848 732 2890 oras
755 2876 771 2903 ,
803 2843 932 2890 tunc
977 2845 1031 2890 t‘u
1079 2835 1342 2907 adimples
1365 2877 1378 2902 ,
1412 2837 1629 2908 quando
1657 2837 1824 2892 Deum
1852 2835 2067 2893 Patrem

479 2941 579 2998 per
599 2924 796 2982 Filium
824 2942 984 2984 suum
1006 2926 1283 2984 Christum
1309 2926 1518 2996 Jesum,
1547 2929 1867 2984 advocatum
1893 2937 2066 2996 tuum,

479 3017 644 3073 corde
669 3026 724 3073 et
749 3032 845 3074 ore
881 3017 1206 3091 deprecans,
1239 3028 1462 3090 peccata
1497 3028 1587 3075 tua
1613 3029 1668 3076 et
1688 3020 1904 3087 delicta,
1931 3018 2068 3076 facio

479 3123 613 3162 nora
641 3118 697 3165 et
729 3107 929 3182 llagitia
954 3150 970 3178 ,
1017 3117 1072 3166 et
1095 3109 1418 3182 fragilitates
1447 3110 1648 3168 multas
1672 3151 1688 3178 ,
1720 3122 1777 3166 et
1804 3127 2026 3184 magnas
2050 3153 2066 3180 ,
2095 3156 2140 3220 Ο

479 3203 678 3273 quibus
707 3213 764 3260 et
799 3204 854 3258 In
891 3212 1074 3261 mente
1101 3213 1158 3260 et
1185 3205 1240 3268 in
1274 3219 1504 3278 corpore
1531 3205 1851 3278 deprimeris
1877 3247 1892 3271 ,
1941 3217 2067 3263 ante

481 3303 535 3350 te
567 3297 702 3350 hora
747 3294 838 3351 illa
874 3310 1175 3368 congregas
1211 3305 1267 3352 et
1295 3312 1586 3353 coacervas
1611 3336 1626 3363 ,
1683 3307 1740 3354 et
1789 3299 2068 3370 praeterita

480 3396 595 3452 tua,
619 3387 908 3457 praesentia
940 3403 1181 3459 quoque,
1217 3399 1383 3458 atque
1407 3388 1609 3454 futura,
1632 3403 1731 3458 pro
1753 3401 1914 3460 posse
1939 3399 2068 3446 ante

479 3479 936 3536 considerationis
967 3489 1069 3536 tuae
1103 3481 1291 3537 oculos
1318 3481 1476 3552 ponis
1505 3521 1519 3545 ,
1546 3489 1605 3535 ut
1638 3490 1693 3536 et
1718 3481 1863 3538 circa
1890 3481 2067 3536 infru-

477 3581 725 3628 ctuosam
761 3571 1014 3628 arborem
1045 3571 1256 3628 fodiens
1279 3614 1292 3638 ,
1315 3580 1372 3628 et
1403 3583 1648 3628 stercora
1679 3572 1920 3636 mittens,
1952 3573 2067 3628 fru-

479 3675 627 3720 ctum
652 3679 774 3721 eam
803 3663 984 3721 facere
1029 3665 1325 3736 compcllas
1347 3707 1364 3733 ,
1398 3676 1453 3720 et
1493 3681 1691 3736 agnum
1730 3680 1912 3720 assum
1941 3680 2064 3720 eum

476 3755 710 3814 lactucis
763 3755 1070 3828 agrestibus
1101 3756 1373 3813 comedas.
1426 3755 1520 3812 Sic
1553 3756 1858 3813 orationem
1919 3765 2065 3811 tuam

477 3848 591 3906 Deo
619 3849 814 3906 reddes
843 3848 1101 3921 placitam
1131 3887 1148 3916 ,
1174 3848 1256 3904 sic
1282 3848 1496 3921 signata
1538 3849 1692 3922 quasi
1742 3849 1796 3904 in
1847 3847 2068 3904 saccqu

479 3943 685 3998 habens
706 3941 924 4008 delicta,
955 3941 1130 4015 gaude
1157 3951 1214 3998 et
1242 3941 1427 3998 laetare
1457 3957 1553 4015 pro
1593 3957 1661 3998 eo
1684 3941 1828 4013 quod
1861 3949 1950 3996 tua
1981 3955 2068 3998 εει

477 4031 738 4104 iniquitas
762 4041 975 4088 curata.
1028 4032 1122 4089 Sic
1166 4047 1384 4106 quoque
1411 4049 1536 4090 cum
1562 4033 1852 4105 publicano
1899 4031 1994 4105 qui
2033 4047 2065 4088 a

477 4121 640 4194 longe
663 4121 834 4190 stetit,
885 4131 942 4178 et
969 4122 1034 4178 ad
1065 4121 1262 4180 cmlum
1288 4123 1480 4180 oculos
1502 4123 1682 4180 levare
1707 4121 1879 4180 noluit
1905 4163 1923 4191 ,
1970 4120 2066 4180 sed

477 4223 670 4286 pectus
697 4228 853 4270 suum
905 4213 1216 4286 percussit,
1266 4213 1562 4271 descendes
1612 4215 1958 4286 postmodum
2001 4230 2066 4272 ac

481 4313 604 4378 post
628 4305 897 4362 modicum
916 4303 1245 4375 justillcatus
1265 4305 1320 4361 in
1347 4305 1564 4362 domum
1589 4315 1758 4362 tuam.
1780 4305 1838 4363 Si
1859 4316 2064 4374 autem,

481 4407 540 4455 ut
563 4412 951 4468 nonnunquam
984 4397 1302 4468 contingere
1343 4397 1526 4464 solet,
1559 4408 1881 4471 suggerente
1910 4401 2066 4456 hoste

2180 561 2280 618 per
2304 559 2467 616 quem
2489 557 2618 599 oras
2644 583 2661 610 ,
2691 542 2822 615 quid
2853 543 2982 601 illud
3003 545 3148 617 quod
3176 560 3305 602 oras
3325 587 3344 614 ,
3371 549 3500 618 quis
3537 549 3775 620 denique

2177 646 2230 692 tu
2253 637 2334 693 sis
2360 635 2452 706 qui
2469 651 2618 690 oras.
2651 635 2709 690 In
2730 635 3065 692 revolutioue
3083 637 3280 708 prima,
3313 637 3410 696 Dei
3438 639 3626 698 Patris
3652 655 3774 697 om-

2177 729 2473 800 nipotentis
2524 725 2851 784 ineﬁabilem
2904 729 3133 785 intueris
3178 730 3560 802 majestatem;
3612 733 3670 788 in
3697 748 3778 790 se-

2175 821 2370 884 cunda,
2405 819 2706 877 Salvatoris
2728 821 2803 877 tui
2827 821 3147 877 immensam
3178 823 3478 893 pietatem;
3533 824 3591 880 in
3622 827 3778 882 tertia

2176 911 2519 983 tranquillam
2548 914 2839 984 quamdam
2867 913 3187 984 puritatem,
3217 923 3273 970 et
3295 931 3492 986 puram
3513 919 3779 989 tranquil.

2174 1004 2422 1061 litatem:
2460 1004 2514 1059 in
2553 1013 2749 1075 quarta
2786 1006 3064 1076 propriam
3105 1013 3252 1061 tuam
3283 1008 3488 1077 qua'in
3531 1010 3701 1065 corde
3726 1020 3778 1065 et

2175 1111 2406 1168 corpore
2429 1107 2693 1153 oneratus
2721 1111 2782 1154 es
2815 1096 3211 1154 infirmitatem.
3240 1099 3316 1155 De
3341 1101 3577 1170 eoquod
3607 1115 3769 1171 sape.

2178 1187 2294 1242 rius
2326 1188 2564 1243 diximus
2591 1229 2607 1252 ,
2657 1187 2787 1258 quia
2833 1189 2977 1243 scire
3025 1188 3184 1245 nobis
3230 1191 3608 1246 necessarium
3641 1204 3726 1247 est
3752 1233 3770 1259 ,

2174 1279 2365 1349 quales
2401 1294 2501 1334 nos
2539 1289 2664 1352 post
2701 1288 2920 1350 tempus
2957 1281 3224 1336 orationis
3275 1282 3543 1339 exhibere
3581 1283 3778 1339 debea4

2174 1384 2317 1436 mus,
2354 1370 2457 1426 hoc
2490 1370 2729 1426 breviter
2753 1371 2846 1426 tibi
2887 1371 3118 1427 dicimus
3140 1413 3155 1438 ,
3183 1373 3277 1443 qui
3307 1372 3597 1431 habitator
3631 1375 3776 1431 cella:

2174 1474 2254 1514 es.
2280 1459 2509 1530 Oportet
2538 1469 2599 1515 ut
2625 1461 2875 1518 oratione
2903 1461 3176 1518 celebrata
3222 1463 3466 1533 quandiu
3505 1480 3610 1536 per
3651 1481 3773 1536 grao

2175 1552 2304 1607 tiam
2339 1553 2432 1608 Dei
2461 1553 2782 1624 poterimus,
2809 1554 2860 1608 in
2883 1553 3072 1610 eadem
3106 1555 3397 1626 gravitate,
3457 1557 3777 1612 maturitate

2173 1654 2228 1700 et
2258 1645 2573 1718 integritate
2618 1662 2718 1702 nos
2759 1649 3064 1703 teneamus.
3090 1647 3229 1715 Quia
3257 1648 3303 1702 si
3333 1647 3515 1704 ﬂuxas
3534 1648 3592 1703 in
3613 1650 3778 1709 corde

2174 1740 2533 1811 cogitationes
2568 1742 2899 1812 suscipimus
2929 1781 2944 1806 ,
2975 1749 3032 1797 et
3059 1743 3126 1797 ad
3152 1743 3456 1798 cachinnos
3495 1751 3554 1799 et
3596 1744 3740 1803 risus
3759 1783 3774 1809 .

2104 1808 2146 1867 Β
2174 1808 2581 1888 ad'venenosas
2620 1808 2994 1888 detractiones
3044 1841 3098 1889 et
3151 1834 3357 1890 otiosas
3411 1808 3776 1892 fabulatiooes

2169 1923 2352 1978 statim
2373 1923 2615 1981 redimus
2630 1967 2645 1992 ,
2663 1925 2959 1981 timendum
2984 1926 3142 1982 nobis
3157 1925 3310 1981 valde
3325 1943 3416 1992 ne,
3450 1927 3584 1982 talia
3613 1943 3774 2000 agen-

2172 2021 2252 2068 tes
2277 2054 2291 2080 ,
2316 2014 2580 2071 orationis
2609 2023 2810 2072 nostrae
2841 2016 3077 2071 fructum
3119 2017 3438 2087 perdamus.
3497 2017 3778 2074 Imitemur
3849 2071 3862 2082 ,

2169 2119 2332 2176 quam
2363 2105 2594 2162 sollicite
2622 2107 2771 2162 illam
2809 2107 3096 2164 mulierem
3127 2110 3192 2165 de
3223 2123 3328 2180 qua
3354 2109 3614 2180 legimus,
3641 2115 3773 2180 quod

2169 2197 2348 2252 oravit
2375 2197 2663 2253 Dominum
2705 2199 2837 2269 ﬂens
2863 2198 3106 2271 largiter,
3133 2200 3350 2269 loquens
3376 2201 3433 2256 iu
3463 2203 3632 2257 corde
3647 2219 3776 2257 suo:

2170 2297 2216 2343 et
2241 2287 2384 2343 labia
2435 2289 2551 2360 ejus
2580 2291 2944 2346 tantummodo
2983 2291 3345 2360 mouebantur,
3368 2303 3417 2348 et
3445 2310 3554 2350 eos:
3575 2295 3775 2365 penitus

2172 2395 2275 2434 non
2305 2380 2664 2436 audiebatur:
2688 2381 2968 2454 vultusque
3009 2383 3124 2454 ejus
3154 2400 3260 2439 non
3287 2394 3412 2439 sunt
3453 2386 3693 2456 amplius
3721 2386 3774 2440 in

2171 2473 2374 2526 diversa
2402 2473 2591 2527 mutati
2619 2473 2682 2545 (I
2720 2472 2847 2543 Reg.
2879 2489 2919 2542 t,
2953 2474 3042 2540 l5,
3077 2476 3204 2543 l8).

2631 2561 3030 2619 CAPITULUM
3068 2562 3311 2620 XXXVI.

2174 2651 2250 2706 De
2300 2669 2453 2723 opere
2503 2668 2788 2719 manuum,
2837 2655 2924 2708 cui
2971 2654 3118 2709 debet
3154 2655 3301 2710 cella:
3339 2655 3774 2712 inhabitatoriu-

2242 2744 2453 2800 tendere
2471 2785 2487 2810 ,
2528 2754 2576 2800 et
2605 2744 2792 2817 quibus
2820 2745 2966 2800 lteris
2994 2746 3357 2816 spiritualibus
3381 2749 3652 2802 exercitiis
3675 2789 3690 2812 .
3719 2757 3768 2802 et

2241 2837 2428 2908 quibus
2453 2838 2688 2893 insistere
2703 2837 2887 2892 debeat
2915 2854 3165 2892 manuum
3191 2840 3433 2906 aperibus
3455 2857 3476 2903 ;
3499 2851 3550 2896 et
3577 2840 3644 2895 de
3659 2842 3778 2908 plu-

2243 2929 2390 2983 ribus
2433 2929 2555 2984 aliis
2599 2944 2719 3000 quia
2763 2928 2834 2983 ad
2873 2929 3113 2983 eumdem
3157 2927 3304 2983 cella:
3345 2931 3582 2985 incolam
3616 2932 3774 3000 perti-

2244 3027 2390 3073 nent.

2241 3110 2343 3166 Diu
2366 3126 2555 3168 sumus
2589 3110 2642 3166 in
2677 3111 2781 3166 hoc
2817 3107 2982 3165 Iluvio
3022 3110 3182 3166 tertio
3216 3111 3308 3181 qui
3353 3110 3538 3182 Tigris
3576 3111 3778 3166 dicitur

2171 3202 2466 3270 demorati,
2488 3210 2544 3258 et
2568 3199 2816 3257 fortassis
2839 3215 2945 3257 non
2974 3202 3042 3256 ad
3073 3200 3438 3270 insipientiam
3471 3200 3648 3255 miris.
3675 3200 3772 3255 Est

2168 3293 2315 3350 enim
2359 3293 2646 3348 admodum
2681 3290 2812 3347 ntile
2839 3291 2978 3358 tibi,
3034 3292 3124 3361 qui
3165 3291 3444 3346 habitator
3481 3290 3718 3346 cellares
3749 3331 3768 3354 .

2169 3386 2409 3461 qualiter
2433 3385 2663 3441 orationi
2688 3384 2942 3440 insistere
2967 3384 3167 3439 debeas
3191 3385 3355 3450 scire,
3377 3397 3538 3454 quem
3555 3391 3768 3438 constat

2169 3479 2298 3536 huic
2321 3478 2592 3551 spirituali
2621 3485 2923 3548 sanctoque
2940 3475 3202 3532 exercitio
3224 3484 3334 3530 tam
3358 3474 3674 3545 frequenter
3689 3476 3773 3528 in.

2171 3574 2415 3630 tendere.
2447 3571 2553 3628 Sed
2579 3572 2691 3644 jam
2743 3573 2810 3628 de
2855 3571 3021 3627 ﬂuvio
3045 3571 3147 3627 hoc
3185 3571 3346 3626 tertio
3375 3585 3636 3626 exeamus
3659 3609 3675 3633 ,
3711 3579 3772 3625 et

2170 3665 2318 3720 illum
2364 3665 2439 3736 (si
2489 3664 2584 3719 tibi
2627 3663 2850 3735 placet)
2874 3671 3128 3733 quartum
3165 3663 3454 3718 intremus.
3490 3661 3611 3732 Ipse
3637 3661 3772 3731 qui-

2168 3757 2290 3810 dem
2314 3796 2330 3822 ,
2380 3754 2687 3826 Euphrates
2711 3763 2940 3810 vocatur
2965 3794 2981 3818 ,
3016 3754 3109 3825 qui
3141 3754 3306 3810 etiam
3332 3761 3389 3808 et
3416 3753 3530 3823 ipse
3554 3753 3620 3808 de
3647 3753 3774 3809 loco

2168 3848 2462 3919 voluptatis
2503 3849 2798 3920 egreditur.
2852 3849 2928 3903 De
2975 3863 3084 3920 quo
3133 3861 3287 3903 sacra
3323 3846 3610 3916 Scriptura
3657 3861 3768 3902 non

2169 3948 2358 3996 narrat
2406 3941 2550 4010 quod
2610 3939 2848 4010 aliquam
2895 3947 3099 3994 terram
3153 3939 3486 4004 circumeat,
3531 3938 3773 3995 sieutde

2169 4031 2414 4104 Physon,
2437 4031 2528 4103 qui
2551 4045 2766 4086 omnem
2807 4039 3008 4086 terram
3045 4028 3262 4084 Evilatb
3288 4029 3588 4096 circumit;
3624 4029 3770 4086 sicut

2167 4127 2235 4184 de
2253 4125 2406 4200 Gyen
2422 4167 2437 4193 ,
2455 4126 2546 4196 qni
2573 4125 2822 4182 circumit
2846 4140 3062 4180 omnem
3086 4131 3286 4180 terram
3308 4123 3607 4195 Ethiopic
3627 4141 3642 4177 :
3665 4139 3772 4181 nec

2171 4220 2316 4290 quod
2345 4218 2505 4273 vadat
2534 4227 2725 4274 contra
2759 4217 2970 4287 aliquos
3000 4215 3228 4287 populos
3249 4256 3264 4282 ,
3293 4217 3434 4272 sicut
3456 4217 3525 4272 de
3550 4216 3644 4272 illo
3670 4219 3766 4288 qui

2168 4311 2348 4383 Tigris
2375 4310 2577 4367 dicitur
2604 4352 2619 4375 ,
2667 4309 2760 4381 qui
2786 4309 2934 4364 vadit
2963 4316 3156 4364 contra
3197 4307 3474 4379 Assyrios.
3503 4306 3613 4364 Sed
3644 4317 3768 4364 lano

2170 4405 2445 4462 tummodo
2467 4403 2786 4474 simpliciter
2809 4411 2864 4459 et
2893 4402 3161 4458 breviter:
3193 4399 3440 4466 Flauius,
3484 4402 3586 4467 ait,
3607 4419 3765 4472 quar-

477 4481 717 4562 maliguo
738 4488 865 4564 (qui
894 4504 1016 4546 cum
1043 4503 1258 4558 semper
1279 4489 1435 4546 nobis
1460 4505 1657 4547 nocere
1679 4491 1949 4558 moliatur,
1971 4491 2066 4548 sed
2096 4506 2138 4568 ιι
2169 4506 2275 4560 tus,
2305 4500 2415 4566 ipse
2441 4505 2516 4550 est
2548 4494 2842 4565 Euphrates
2871 4491 3028 4563 (Gen.
3057 4491 3265 4563 ιι,1ι).
3291 4491 3360 4548 Ει
3382 4492 3488 4548 hoc
3519 4492 3643 4546 ideo
3660 4490 3766 4547 for-

479 4582 535 4637 in
556 4581 805 4638 oratione
821 4595 987 4653 quam
1017 4579 1275 4647 maxime,
1307 4590 1368 4636 ut
1387 4594 1604 4637 omnem
1627 4579 1746 4652 ejus
1768 4582 1925 4639 nobis
1955 4581 2069 4639 fru-

477 4685 625 4730 ctum
648 4672 918 4746 subripiat
943 4715 958 4742 ,
992 4673 1148 4730 nobis
1175 4673 1440 4730 molestus
1460 4675 1578 4747 est)
1604 4675 1784 4747 aliqua
1822 4691 1945 4732 cum
1979 4678 2066 4731 in-

477 4767 688 4825 cumbis
714 4769 948 4826 orationi
993 4767 1253 4839 cogitatio
1285 4767 1493 4834 illicita,
1525 4770 1740 4840 qualem
1779 4769 2061 4840 aliquantis

476 4859 565 4915 vel
599 4857 679 4916 ira
703 4899 720 4928 ,
747 4858 832 4915 vel
853 4859 1150 4916 commotio
1175 4901 1191 4926 ,
1219 4874 1312 4915 seu
1343 4859 1554 4915 vanitas
1579 4901 1594 4924 ,
1625 4859 1709 4915 vel
1735 4859 2023 4916 curiositas
2043 4899 2061 4928 ,

478 4960 573 5004 aut
600 4958 749 5007 certe
771 4951 1020 5023 voluptas
1047 4965 1372 5022 quocunque
1399 4951 1558 5007 modo
1581 4948 1813 5016 format,
1855 4950 2059 5007 violen-

481 5053 565 5099 ter
591 5056 650 5098 se
679 5043 950 5115 ingerens,
966 5044 1321 5102 vehementer
1350 5053 1403 5100 te
1431 5044 1748 5110 vastaverit,
1775 5043 1831 5098 in
1857 5053 2058 5099 tantum

481 5145 540 5190 ut
570 5133 768 5190 mentis
792 5136 860 5192 ab
890 5151 956 5192 ea
983 5151 1089 5192 non
1117 5137 1294 5209 possis
1313 5136 1532 5194 oculum
1563 5144 1813 5192 avertere
1840 5153 1856 5202 ;
1885 5137 2059 5192 consi~

481 5231 612 5286 lium
639 5237 825 5298 estut,
852 5230 1179 5286 intermissis
1207 5231 1329 5287 aliis
1371 5231 1728 5302 petitionibus
1757 5230 1956 5302 quibus
1984 5231 2061 5286 in~

472 5321 766 5397 tendebas,
793 5328 982 5377 contra
1008 5319 1310 5376 molestiam
1341 5322 1482 5379 hanc
1525 5322 1732 5377 orando
1760 5322 1991 5378 viriliter
2015 5333 2060 5382 te

478 5416 655 5487 erigas
685 5455 700 5482 ,
748 5422 802 5470 et
847 5413 917 5468 ab
946 5411 1048 5468 hac
1075 5415 1344 5469 erectione
1376 5423 1462 5468 tua
1492 5414 1636 5469 nullo
1679 5413 1838 5470 modo
1859 5428 2058 5481 cesses,

476 5525 780 5582 quousque,
808 5507 1100 5565 miserente
1129 5505 1263 5572 Deo,
1284 5507 1396 5578 ipsa
1423 5515 1676 5578 superata
1700 5521 1888 5576 pacem
1918 5506 2059 5562 iuve-

478 5601 615 5657 nias.
1647 5592 1649 5594 ’

548 5693 687 5750 Ecce
734 5693 848 5750 haec
879 5692 968 5747 illa
1002 5699 1238 5763 quatuor
1268 5697 1392 5745 sunt
1421 5704 1540 5760 qum
1568 5697 1619 5743 te
1665 5704 1946 5744 monemus
1969 5704 2052 5760 qut

471 5781 753 5861 habitator
793 5783 939 5841 cella:
962 5800 1020 5842 es
1048 5827 1062 5854 ,
1097 5785 1150 5839 in
1181 5791 1361 5838 mente
1395 5791 1481 5838 tua
1526 5781 1786 5837 orationis
1818 5790 2054 5851 tempore

2173 4588 2363 4654 tassis,
2398 4587 2529 4658 quia
2571 4585 2703 4644 utile
2740 4593 2796 4641 et
2840 4583 3178 4640 fructuosum
3207 4597 3466 4638 manuum
3492 4597 3634 4653 opus
3663 4582 3764 4654 (ad

2172 4678 2317 4751 quod
2354 4677 2510 4750 juxta
2536 4677 2774 4734 nominis
2793 4677 2910 4734 suis
2936 4674 3450 4747 interpretationem
3477 4716 3494 4742 ,
3538 4675 3764 4729 ﬂuvium

2170 4773 2263 4844 qui
2289 4783 2374 4828 est
2406 4772 2712 4844 Euphrates
2748 4768 3070 4842 referimus)
3105 4769 3281 4840 magis
3307 4776 3392 4825 est
3418 4767 3760 4839 quampluri-

2171 4867 2270 4922 bus
2303 4879 2627 4932 commune,
2684 4878 2848 4936 quam
2903 4861 3125 4934 aliquod
3181 4861 3348 4917 trium
3396 4859 3758 4932 probabilium

2169 4956 2574 5023 exercitiorum,
2605 4954 2671 5011 de
2697 4955 2895 5025 quibus
2928 4954 3234 5023 hucusque,
3260 4952 3419 5023 juxta
3453 4951 3611 5006 illum
3640 4965 3761 5006 sea-

2169 5064 2288 5102 sum
2321 5046 2713 5117 trepologicnm
2740 5085 2758 5112 ,
2788 5045 3087 5100 semiudum
3126 5058 3287 5116 quem
3316 5045 3651 5106 incedimus.
3678 5041 3760 5098 vel

2169 5140 2407 5196 studium
2437 5139 2693 5194 videlicet
2715 5137 2991 5204 lectionis,
3021 5135 3105 5192 vel
3131 5137 3338 5207 puritas
3362 5135 3755 5197 meditationis,

2167 5228 2252 5286 vel
2288 5229 2502 5285 devotio
2539 5227 2823 5284 orationis.
2880 5225 2998 5282 Non
3037 5227 3184 5282 enim
3211 5240 3406 5282 ornnes
3445 5241 3586 5296 quos
3638 5225 3757 5282 reli-

2169 5321 2342 5392 gionis
2390 5320 2577 5376 habitu
2623 5320 2870 5375 videmus
2903 5318 3154 5386 indutos,
3199 5319 3266 5373 ad
3297 5317 3384 5372 illa
3411 5332 3632 5388 seraper
3659 5318 3754 5371 tria

2168 5415 2413 5470 videmus
2473 5410 2804 5469 sullicienter
2853 5411 3078 5468 idoneos
3107 5452 3122 5479 ,
3174 5421 3237 5468 ut
3297 5413 3434 5468 satis
3491 5425 3756 5482 superque

2167 5504 2378 5576 possint
2420 5504 2656 5558 universi
2679 5544 2694 5570 ,
2728 5502 2813 5559 vel
2845 5503 3030 5558 studio
3062 5502 3311 5560 lectionis
3360 5503 3617 5558 insistere
3637 5543 3650 5566 ,
3671 5500 3750 5555 vel

2167 5599 2221 5654 in
2253 5599 2384 5670 ipsis
2433 5597 2631 5653 mentis
2679 5596 2909 5653 internis
2943 5611 3092 5667 pura:
3122 5595 3463 5650 meditationi
3514 5595 3747 5654 instare,

2167 5689 2250 5745 vel
2291 5689 2497 5744 devotae
2554 5701 2770 5758 quoque
2828 5685 3060 5742 orationi
3135 5684 3449 5741 incumbere
3487 5682 3642 5758 [Ραν.
3673 5683 3746 5736 vel

2166 5779 2436 5837 devotioni
2466 5795 2520 5850 q.
2545 5779 2807 5835 orationis
2845 5777 2878 5834 i.
2899 5776 2918 5849 J
2942 5777 3049 5834 Sed
3075 5777 3163 5848 qui
3199 5785 3315 5843 est,
3347 5777 3436 5847 qui
3469 5778 3512 5830 si
3542 5775 3594 5828 in
3631 5788 3745 5828 om-
