3920 6298
183 377 273 436 881
1274 375 1477 438 LIBER
1515 377 1606 437 DE
1635 378 2010 441 EXERCJTIO
2045 380 2312 441 CELLHS.

3333 392 3442 450 88$

183 490 332 546 μεως
354 485 607 543 membri,
634 485 878 556 corporis
918 499 1081 577 sanius
1130 485 1332 555 fuerit,
1391 506 1497 547 non
1542 490 1747 562 aliquid
1780 497 1822 556 Α
1853 493 1975 550 dico
1996 497 2230 566 aptum?
2279 496 2566 568 pulchrum
2614 506 2670 555 et
2713 502 3080 568 conveniens;
3127 511 3283 577 quasi
3331 511 3436 569 hoc

182 577 313 649 quod
336 576 530 632 bonum
553 574 656 641 sit,
680 589 779 645 pro
801 575 1124 634 necessitate
1148 589 1202 633 et
1231 587 1474 650 tempore
1496 582 1747 638 manibus

181 671 282 726 suis
312 667 477 738 possit
503 665 714 736 operari
739 665 762 720 ἲ
791 664 960 735 Igitur
984 666 1108 736 quia
1145 667 1312 737 pietas
1341 667 1439 740 (ut
1461 670 1746 740 Apostolus

179 760 322 826 dicit)
350 757 418 812 ad
452 757 626 812 omnia
665 754 812 811 utilis
848 764 964 825 est,
993 758 1388 826 promissionem
1411 760 1606 816 habens
1631 763 1746 817 ritas

173 867 283 923 qua
307 865 440 904 nunc
467 856 578 913 est,
619 857 667 902 et
695 848 890 917 futura:
929 847 988 920 (Ι
1024 848 1158 904 Tim.
1186 865 1264 918 tv,
1293 850 1385 923 8),
1415 853 1611 916 merito
1637 853 1746 910 fore

178 946 324 1002 tassis
345 954 398 999 et
426 943 494 998 de
528 942 736 998 duobus
766 940 944 1000 ﬂuviis
976 943 1205 1009 dicitur,
1243 946 1389 1016 quod
1419 957 1595 1003 terras
1630 947 1742 1003 cir-

175 1044 442 1102 cumeunt,
486 1044 542 1092 et
580 1037 648 1092 de
689 1037 851 1094 tertio
888 1039 1036 1110 quod
1063 1039 1212 1095 vadit
1251 1047 1441 1096 contra
1465 1041 1740 1112 Assyrios.

178 1132 332 1205 Quam
357 1128 640 1186 utilitatem
672 1129 952 1188 retulimus
979 1132 1049 1189 ad
1077 1132 1270 1189 tluvios
1313 1132 1435 1190 illos
1463 1151 1478 1189 :
1507 1135 1573 1189 ad
1599 1132 1744 1206 Phy-

173 1239 260 1281 sou
281 1235 488 1292 quoque
517 1231 739 1291 propter
759 1222 998 1280 studium
1025 1240 1195 1282 sacra:
1209 1224 1480 1290 lectionis,
1497 1227 1564 1280 ad
1585 1223 1742 1296 Gyon

174 1322 376 1388 propter
413 1314 703 1383 puritatem
753 1316 984 1373 internas
1033 1317 1439 1384 meditationis,
1486 1318 1553 1373 ad
1587 1317 1738 1374 illum

171 1405 250 1475 qui
277 1399 470 1476 Tygris‘
484 1412 728 1470 vocatur,
745 1416 967 1477 propter
991 1407 1360 1466 sinceritatem
1391 1408 1595 1465 devotas
1615 1423 1734 1465 ora-

170 1498 335 1554 tionis.
359 1497 494 1566 Quia
521 1514 651 1554 vero
677 1501 976 1570 corporalis
1014 1501 1332 1557 exercitatio
1361 1501 1429 1556 ad
1461 1500 1738 1557 modicum

1851 585 2102 643 sutllcere
2139 588 2333 659 possit.
2369 589 2703 657 Certe‘dico.
2737 601 2794 650 et
2820 594 2902 650 sic
2929 607 3144 666 oportet
3176 609 3237 656 ut
3262 601 3431 659 iacia-

1850 691 1992 731 mus.
2030 677 2162 746 Quis
2198 680 2347 736 enim
2387 695 2603 754 semper
2655 683 2865 755 absque
2911 685 3208 758 aliquando
3261 692 3436 750 inter-

1848 765 2010 834 vallo,
2037 777 2130 824 aut
2157 768 2400 837 lectioni,
2431 781 2527 827 aut
2553 773 2888 831 meditationi
2917 814 2934 843 ,
2968 786 3062 834 aut
3090 781 3324 838 orationi
3350 785 3434 840 in-

1846 856 2096 915 defessus
2154 860 2436 918 intendere
2484 863 2666 920 valet?
2709 865 2778 921 Et
2807 867 3011 925 idcirco
3043 872 3290 940 quamvis
3318 873 3438 931 fere

1846 945 2033 1003 nullus
2053 947 2121 1003 de
2164 964 2330 1021 opere
2383 967 2642 1011 manuum
2699 955 2913 1013 fructus
2949 959 3299 1030 proveniret,
3351 973 3437 1020 est

1847 1045 2026 1094 tamen
2070 1040 2273 1098 bonum
2301 1083 2318 1110 ,
2369 1051 2430 1100 ut
2458 1046 2510 1103 ei
2540 1061 2934 1121 nonnunquam
2983 1051 3212 1124 diligens
3245 1065 3435 1116 nostra

1845 1127 2154 1188 sollicitudo
2185 1172 2203 1200 ,
2259 1141 2317 1190 et
2373 1136 2606 1194 sollicita
2657 1140 2936 1212 diligentia
2977 1160 3078 1215 pro
3111 1156 3352 1218 tempore
3379 1159 3436 1209 et

1845 1221 2004 1285 modo
2048 1223 2312 1281 intendat.
2345 1226 2628 1294 Quatenus
2669 1246 2700 1285 a
2747 1233 2905 1291 nobis
2935 1235 3260 1306 repellamus
3283 1237 3433 1296 fasti.-

1844 1312 1991 1367 dium
2045 1314 2148 1387 (ne
2199 1315 2360 1373 nimis
2407 1320 2650 1389 pondere
2698 1323 3170 1392 pusillanimitatis
3221 1331 3436 1389 onerati

1842 1404 2046 1476 simus)
2083 1414 2140 1462 et
2159 1407 2512 1475 otiositatem,
2546 1427 2668 1480 qua:
2697 1411 2914 1472 inimica
2944 1426 3028 1473 est
3051 1420 3282 1489 animae,
3313 1437 3443 1492 quas

1842 1496 1942 1568 (ut
1968 1496 2188 1567 quidam
2214 1499 2432 1571 sapiens
2453 1501 2648 1574 dicit),
2671 1504 2840 1560 multa
2862 1507 3004 1564 uiola
3028 1512 3204 1567 docuit
3228 1512 3248 1584 (
3261 1511 3431 1577 Eccli.

172 1589 300 1645 utilis
325 1602 435 1655 est,
469 1592 656 1659 (quam
686 1589 754 1644 ad
781 1589 1135 1660 Euphratem,
1158 1589 1249 1660 qui
1278 1597 1506 1660 quartus
1541 1587 1740 1647 ﬂuvius
1845 1603 2040 1656 xxxut,
2067 1589 2162 1660 29)
2195 1607 2210 1646 :
2249 1605 2318 1650 ne
2345 1607 2510 1665 supra
2539 1595 2759 1654 modum
2789 1600 2857 1654 ab
2884 1601 3032 1656 omni
3068 1619 3221 1662 mens
3248 1615 3431 1662 nostra

169 1693 258 1748 est,
283 1681 630 1750 referimus),
667 1682 721 1737 in
744 1697 810 1738 eo
838 1683 982 1754 quod
1013 1681 1159 1737 utilis
1190 1692 1294 1748 est,
1323 1682 1481 1753 quasi
1514 1683 1582 1737 de
1618 1682 1738 1739 loco
1841 1682 1960 1739 utili
2001 1684 2265 1742 exercitio
2298 1697 2627 1746 marcescat.
2679 1688 2914 1750 Sanctus
2960 1708 3178 1765 quoque
3228 1697 3448 1756 Paulus.

173 1773 435 1843 voluptatis
475 1773 772 1844 egreditur.
802 1772 910 1828 Sed
938 1772 1065 1844 quia
1091 1789 1198 1828 non
1230 1773 1296 1829 ad
1325 1773 1510 1830 omnia
1539 1785 1598 1830 ut
1618 1775 1734 1846 pie-
1763 1839 1807 1856 n
1842 1787 1944 1830 nos
1990 1775 2216 1840 instruit
2260 1792 2423 1850 quam
2476 1782 2851 1839 necessarium
2890 1798 3166 1856 quamque
3213 1787 3435 1844 salubre

173 1875 260 1930 tas,
281 1839 374 1920 sed
401 1865 466 1920 ad
493 1839 765 1921 modicum
797 1839 1084 1929 utilis—est,
1111 1865 1180 1921 de
1207 1863 1370 1922 tluvio
1400 1865 1492 1923 illo
1512 1839 1725 1938 quarto,
1763 1839 1808 1899 Β
1837 1865 1991 1924 nobis
2013 1883 2150 1938 opus
2193 1839 2454 1930 manuum
2481 1872 2574 1932 sit.
2617 1872 2821 1930 Scribit
2847 1839 3092 1948 na‘mque‘
3108 1839 3187 1934 sic
3211 1839 3432 1945 ξ

169 1971 253 2027 per
276 1969 427 2027 quem
456 1955 728 2010 actionem
753 1956 1070 2026 accipimus.
1101 1971 1206 2011 non
1231 1956 1452 2023 dicitur,
1471 1958 1556 2012 vel
1585 1956 1728 2027 quod
1832 1957 1948 2028 ipse
1968 1960 2114 2016 scis:
2151 1959 2418 2033 Rogamus
2445 1978 2558 2032 vos,
2587 1963 2880 2034 {ratres,ut
2906 1965 3182 2026 abundetis
3224 1971 3426 2040 magis,

179 2058 358 2103 terram
393 2047 629 2116 aliquam
665 2050 982 2119 circumeat,
1033 2053 1113 2107 vel
1141 2053 1282 2125 quod
1309 2065 1496 2110 contra
1519 2054 1728 2126 aliquos

1833 2055 1879 2103 et
1904 2065 2115 2120 operam
2141 2050 2270 2106 detis
2295 2062 2349 2106 ut
2374 2052 2534 2123 quieti
2561 2054 2699 2120 sitis,
2721 2064 2770 2108 et
2807 2063 2862 2109 ut
2892 2066 3117 2111 vestrum
3139 2059 3426 2128 negotium,

166 2137 367 2209 populos
395 2139 588 2204 vadat,
624 2141 720 2197 sed
742 2143 1081 2200 solummodo
1113 2146 1292 2216 (sicut
1310 2145 1424 2215 jam
1449 2147 1727 2219 diximus)

1833 2140 2022 2214 agatis,
2050 2149 2099 2196 et
2125 2145 2408 2212 operemini
2433 2145 2673 2200 manibus
2699 2147 2900 2214 vestris,
2930 2147 3065 2204 sicut
3085 2151 3426 2221 prwcepimus

167 2229 460 2300 simpliciter
485 2230 536 2286 ei
574 2233 848 2289 breviter:
875 2232 1096 2290 Flavius
1119 2253 1237 2292 vero
1263 2249 1502 2308 quartus,
1531 2241 1726 2311 ipseest

1833 2229 1970 2284 vobis
1996 2247 2016 2296 ;
2046 2240 2096 2286 et
2127 2242 2184 2285 ut
2210 2233 2422 2286 honeste
2449 2234 2726 2290 mubulelt's
2753 2237 2824 2290 ad
2862 2253 2952 2292 eos
2985 2238 3078 2309 qui
3099 2240 3230 2309 forts
3260 2255 3381 2295 sum
3407 2280 3425 2304 ,

168 2317 433 2387 Ειριηαιει
463 2320 623 2391 (σενι,
658 2339 719 2385 ιι,
759 2324 866 2394 μ),
892 2325 958 2380 Et
988 2325 1034 2380 si
1061 2329 1174 2383 ιιωε
1198 2329 1271 2382 ita
1303 2337 1449 2384 sum;
1476 2339 1724 2399 possunt,
1827 2330 1877 2375 et
1906 2321 2104 2378 nullius
2121 2322 2322 2393 aliquid
2343 2324 2647 2381 desideratis
2676 2325 2727 2397 (1
2754 2327 2906 2384 Thes.
2939 2345 3014 2393 tv,
3046 2329 3428 2402 il).,Sciamus

166 2416 212 2463 et
241 2407 280 2464 si
305 2408 438 2466 forte
461 2427 571 2467 non
601 2424 847 2482 possunt,
880 2431 1208 2488 quocunque
1238 2419 1400 2475 modo
1427 2421 1630 2476 rectius
1671 2430 1728 2478 et

1833 2421 2007 2469 autem
2051 2414 2178 2484 quia
2222 2423 2279 2470 et
2315 2415 2458 2486 quod
2491 2415 2676 2472 docuit
2717 2419 2820 2474 hoc
2863 2428 2920 2476 et
2949 2420 3062 2492 ipse
3089 2419 3220 2478 fecit
3248 2438 3265 2490 ;
3289 2424 3427 2493 ipsi,

164 2501 521 2567 congruentius
572 2503 916 2575 intelligenda
959 2517 1088 2562 sum
1114 2547 1131 2574 ,
1180 2509 1282 2566 hoc
1326 2509 1544 2580 quidem
1587 2512 1728 2568 scire
1831 2506 2026 2576 inquit,
2059 2508 2204 2562 scitis
2227 2508 2672 2578 quemadmodum
2695 2527 2782 2566 vos
2825 2522 3027 2582 oportet
3073 2513 3280 2570 imitari
3306 2532 3422 2571 nos.

165 2589 328 2655 debes,
363 2602 416 2647 tu
462 2593 558 2662 qui
607 2596 884 2654 habitator
923 2599 1076 2656 cella:
1106 2593 1204 2669 cs,
1255 2603 1400 2674 quod
1442 2603 1597 2661 valde
1629 2605 1726 2663 tibi
1829 2598 2093 2665 Quoniam
2116 2618 2220 2656 non
2242 2601 2460 2673 inquieti
2489 2601 2686 2672 fuimus
2722 2604 2860 2660 inter
2900 2621 2990 2661 vos
3012 2646 3030 2672 ,
3077 2623 3242 2679 neque
3261 2610 3429 2680 gratis

166 2681 380 2748 pluribus
407 2683 474 2740 de
507 2688 696 2744 causis
729 2691 1130 2761 necessarium,
1181 2700 1244 2750 ut
1283 2694 1433 2765 operi
1468 2710 1726 2751 manuum

1833 2708 2011 2759 panem
2060 2696 2495 2751 manducavimus
2540 2698 2606 2752 ab
2650 2697 2868 2768 aliquo;
2919 2699 3011 2754 sed
3051 2699 3109 2755 iu
3152 2700 3332 2756 labore
3375 2713 3428 2756 et

1836 2782 2170 2853 fatigatione,
2205 2797 2354 2842 nocte
2379 2797 2428 2842 et
2458 2789 2544 2844 die
2566 2799 2841 2858 operantes
2864 2830 2880 2856 ,
2929 2807 2992 2846 ne
3015 2807 3168 2862 quem
3195 2801 3427 2847 vestrum

164 2871 210 2918 et
235 2866 453 2934 expedit,
497 2868 744 2926 insistas.
783 2869 918 2926 Nam
956 2871 1235 2930 fastidium
1288 2873 1452 2942 tollit,
1482 2874 1725 2933 oblecta-

1833 2889 2160 2942 qrasaremus
2184 2875 2270 2947 (11
2302 2875 2481 2934 Thess.
2508 2893 2594 2946 ιιι,
2622 2879 2677 2945 7,
2701 2878 2778 2950 8).
2804 2880 2872 2936 Et
2895 2889 2958 2935 ut
2983 2881 3238 2936 ostendat
3265 2881 3426 2938 nobis

165 2965 374 3011 ruentum
398 2960 575 3028 parit,
607 2963 819 3020 confert
853 2965 1143 3022 utilitatem
1177 2981 1463 3035 magnam,
1499 2977 1552 3025 et
1586 2970 1727 3024 otio-
1829 2961 1958 3033 quia
1985 2961 2147 3019 aliter
2169 2971 2353 3034 posset
2383 2963 2566 3023 facere
2590 2966 2636 3023 si
2693 2966 2877 3036 vellet,
2909 2967 3080 3024 dicit:
3121 2965 3246 3023 Non
3271 2971 3427 3039 quasi

162 3047 371 3117 sitatem,
397 3065 516 3122 quae
552 3053 766 3109 inimica
799 3066 884 3112 est
911 3057 1128 3124 animae,
1158 3058 1260 3114 sibi
1290 3060 1588 3130 praevalere
1616 3077 1722 3116 non

1833 3071 1934 3111 non
1966 3054 2306 3114 habuerimus
2333 3066 2681 3128 potestatem;
2727 3059 2820 3116 sed
2847 3070 2904 3115 ut
2937 3061 3278 3132 nosmetipsos
3309 3061 3424 3132 {or-

165 3137 290 3239 sinit.
327 3140 390 3196 Et
433 3155 498 3197 eo
540 3143 956 3205 desiderabilius
985 3158 1042 3204 et
1064 3147 1357 3218 jucundius
1382 3151 1449 3208 ad
1498 3151 1588 3208 illa
1621 3153 1724 3208 tria
1753 3181 1793 3239 ε
1825 3163 1968 3203 mum
1995 3147 2238 3239 daremus
2267 3149 2408 3206 vobis
2437 3150 2508 3206 ad
2546 3149 2858 3210 inritandam
2890 3167 2984 3209 nos
3009 3151 3177 3225 (ibid.
3196 3193 3211 3218 ,
3240 3151 3330 3224 9).
3360 3152 3428 3212 Et

163 3228 429 3298 spiritualia
455 3236 799 3305 exercenda,
837 3238 1129 3296 lectionem
1162 3241 1456 3312 videlicet,
1491 3245 1719 3300 medita-

1835 3239 1965 3295 item
1992 3256 2006 3294 :
2035 3238 2170 3296 Cum
2194 3257 2423 3297 essemus
2441 3281 2459 3309 ,
2484 3241 2682 3313 inquit,
2709 3243 2850 3314 apud
2870 3259 2981 3311 vos,
3013 3245 3125 3300 haec
3148 3245 3430 3302 denuntia-

164 3320 336 3376 tionem
361 3331 414 3378 et
435 3326 747 3383 orationem
789 3330 956 3397 redis,
984 3346 1094 3403 quo
1119 3331 1376 3389 libentius
1397 3348 1460 3390 ea
1493 3345 1723 3408 propter

1838 3331 2022 3386 bamus
2045 3333 2213 3398 vobis,
2233 3333 2484 3404 quoniam
2512 3334 2559 3390 si
2600 3335 2719 3405 quis
2748 3350 2852 3390 non
2881 3335 2990 3392 vult
3026 3339 3236 3408 operari
3261 3378 3276 3406 ,
3332 3353 3426 3396 nes

165 3407 295 3469 “Quae
325 3413 554 3470 actionis
580 3414 816 3475 fructum
844 3420 1138 3491 aliquando
1186 3424 1528 3482 intermittis.
1571 3407 1724 3496 Quod

162 3498 200 3590 si
224 3504 406 3570 quaeris
425 3509 513 3563 cui
537 3509 741 3567 debeas
769 3513 1022 3570 insistere
1045 3516 1218 3586 operi,
1235 3517 1472 3576 breviter
1501 3534 1726 3590 respon-

161 3589 325 3648 demus
353 3596 466 3664 tibi,
497 3606 564 3653 ut
588 3600 663 3655 illi
693 3602 948 3659 videlicet
983 3605 1202 3662 insistas
1224 3648 1240 3673 ,
1286 3609 1429 3678 quod
1465 3619 1527 3666 ut
1553 3589 1603 3666 ei
1643 3611 1724 3667 in.

161 3678 329 3750 sistas,
351 3701 380 3739 a
415 3695 507 3743 tuo
553 3689 648 3745 tibi
675 3690 838 3748 fuerit
862 3694 1045 3766 priore
1085 3696 1410 3768 iniunctum.
1440 3699 1641 3766 Porro,
1676 3705 1724 3760 si

161 3769 538 3865 itaproviderit
559 3781 728 3852 prior,
755 3801 921 3841 unum
945 3798 1029 3843 est
1052 3789 1140 3846 cui
1170 3791 1224 3846 in
1253 3792 1569 3863 operatione
1600 3810 1724 3865 spec

159 3861 344 3924 cialiter
387 3869 673 3929 intendere
709 3875 876 3933 debes
901 3919 918 3944 ,
976 3887 1036 3936 ut
1086 3861 1337 3938 videlicet
1384 3891 1441 3938 et
1483 3861 1725 3943 scribere

161 3952 317 4046 discas
350 3961 429 4031 (si
474 3971 659 4018 tamen
706 3966 991 4026 addiscere
1026 3971 1244 4045 potes),
1291 3982 1348 4030 et
1390 3974 1435 4030 si
1485 3985 1643 4046 potes
1667 3987 1723 4032 et

167 2770 294 2827 boris
316 2782 369 2828 et
402 2775 740 2845 temporibus
768 2780 1116 2848 constitutis,
1155 2793 1320 2856 prout
1356 2783 1510 2848 licet,
1544 2784 1724 2852 dicet,

1831 3423 2112 3480 manducet
2138 3424 2515 3497 (ibid.,l0).Et
2542 3427 2701 3498 paulo
2722 3436 2844 3498 post
2869 3428 3179 3503 subiungit:
3206 3430 3430 3487 Audivi-

1826 3529 1943 3569 mus
1994 3515 2132 3570 enim
2173 3517 2310 3573 inter
2362 3533 2449 3574 vos
2492 3519 2750 3590 quosdam
2793 3519 3123 3578 ambulantes
3152 3522 3421 3593 inquiete;

1829 3605 1959 3662 nihil
2002 3617 2272 3677 operantes
2293 3650 2308 3673 ,
2353 3609 2446 3666 sed
2482 3610 2687 3665 curiose
2729 3621 2958 3682 agentes.
3012 3610 3088 3666 Iis
3116 3622 3290 3668 autem
3333 3617 3424 3683 qui
3479 3674 3486 3680 ,

1825 3698 2088 3767 ejusmodi
2109 3711 2232 3755 sunt
2257 3702 2652 3768 denuntiantus,
2679 3711 2727 3756 et
2755 3702 3086 3757 obsecramus
3116 3705 3172 3755 in
3196 3700 3422 3758 Domino

1830 3801 2006 3844 nostra
2029 3789 2159 3848 Iesu
2181 3791 2412 3860 Christo,
2445 3805 2501 3849 ut
2529 3811 2648 3849 cum
2678 3793 2885 3850 silentio
2914 3804 3206 3864 operantes,
3232 3807 3422 3864 partem

1825 3899 1979 3937 suum
1997 3883 2376 3956 manducentU
2385 3885 2408 3939 1
2428 3884 2602 3941 Thess.
2621 3901 2706 3952 ιιι,
2722 3885 2831 3958 12).
2845 3883 3025 3953 Quare
3037 3893 3290 3956 putamus
3304 3894 3424 3940 tan~

1829 3982 1938 4028 tum
1959 3973 2238 4032 doctorem
2255 3985 2365 4032 tam
2376 3977 2604 4035 sollicite
2612 3988 2669 4036 et
2685 3987 2794 4036 tam
2808 3977 3094 4049 diligenter
3109 3992 3238 4036 suos
3256 3992 3424 4049 super

157 4042 276 4113 scis,
305 4054 360 4137 ut
384 4051 623 4110 scribas.
655 4053 768 4112 Hoc
808 4042 1211 4128 quodammodo
1242 4078 1378 4134 opus
1401 4105 1417 4132 ,
1450 4042 1588 4137 opus
1623 4068 1725 4124 im-

160 4135 365 4192 mortale
388 4148 507 4208 est;
541 4155 676 4212 opus
704 4144 784 4213 (si
811 4147 989 4203 dicere
1018 4148 1177 4222 licet)
1203 4167 1307 4208 non
1338 4135 1610 4214 transiens
1629 4157 1725 4212 sed

159 4235 356 4282 manens
380 4245 395 4294 ;
419 4244 562 4302 opus
594 4232 814 4304 utique,
841 4245 900 4291 ut
927 4238 1006 4294 sic
1027 4238 1305 4308 dicamus,
1345 4251 1401 4298 et
1432 4258 1538 4299 non
1565 4259 1722 4316 opus,

157 4326 273 4382 opus
297 4316 533 4391 denique
554 4325 698 4391 quod
727 4325 867 4381 inter
887 4329 1071 4384 omnia
1100 4330 1204 4386 alia
1235 4346 1401 4404 opera
1427 4335 1604 4406 magis
1629 4339 1724 4392 de-

157 4412 230 4461 cet
249 4407 384 4466 viros
422 4413 710 4484 religiosos
738 4416 1028 4477 litteratos.
1069 4421 1298 4495 Semper
1332 4426 1477 4482 enim
1502 4427 1606 4489 viri
1639 4446 1724 4482 re-

1828 4065 1931 4122 lioc
1960 4065 2196 4124 voluisse
2221 4067 2514 4142 discipulos
2535 4086 2912 4138 eommonere;
2948 4071 3052 4126 nisi
3085 4071 3212 4143 quia
3240 4072 3423 4128 utboc

1828 4157 2078 4216 facerent
2101 4201 2116 4227 ,
2167 4161 2298 4216 utile
2344 4162 2548 4218 sciebat
2578 4177 2698 4220 esse
2727 4164 2828 4230 eis,
2877 4177 2934 4220 et
2967 4164 3123 4220 valde
3145 4161 3366 4219 salubre
3399 4181 3415 4218 :

1827 4249 1976 4307 Vade
2001 4261 2056 4306 ttt
2093 4253 2183 4324 qui
2215 4254 2488 4311 habitator
2513 4255 2664 4312 cella:
2702 4271 2799 4323 es,
2844 4265 2902 4314 et
2949 4255 3033 4313 fac
3083 4255 3338 4314 similiter
3364 4264 3423 4314 et

1826 4345 1972 4400 omni
2009 4344 2096 4400 die
2123 4360 2231 4415 quo
2256 4346 2380 4402 licet
2411 4347 2626 4419 operari
2651 4365 2666 4415 ;
2700 4347 2900 4419 aliquid
2930 4347 3096 4413 utile,
3121 4357 3177 4405 et
3209 4347 3278 4403 ad
3298 4347 3417 4403 fru-

1826 4445 1973 4492 ctum
2004 4438 2284 4507 pertinens
2307 4454 2648 4496 communem
2677 4438 2752 4511 (si
2798 4456 3027 4512 corpore
3049 4439 3210 4512 plene
3252 4454 3419 4496 sanus

157 4494 310 4566 ligiosi
334 4506 496 4604 ,‘qui
547 4516 725 4563 tamen
775 4509 998 4567 litterati
1048 4494 1218 4582 sunt,
1257 4525 1419 4586 prout
1457 4519 1539 4574 eis
1564 4535 1722 4590 p05se
1758 4532 1801 4587 ι)
1831 4494 2027 4595 lueris)
2061 4543 2167 4582 non
2212 4494 2428 4596 quidem
2473 4530 2617 4598 quod
3139 4494 3418 4594 voluntate

157 4595 434 4661 corporalis
480 4600 694 4657 sanitas
743 4603 1122 4673 administrat;
1163 4622 1288 4663 cum
1320 4610 1390 4665 ab
1424 4611 1672 4668 oratione
1704 4653 1720 4680 ,

156 4678 394 4754 lectione,
440 4692 826 4763 meditatione,
868 4706 924 4753 et
969 4700 1388 4761 necessitatibus
1415 4703 1592 4772 (quod
1621 4678 1720 4759 ne;

155 4785 404 4847 quaquam
433 4785 717 4853 tacendum
743 4787 856 4859 est)
887 4791 1286 4861 corporalibus,
1319 4803 1372 4849 et
1396 4798 1721 4854 necessariis

155 4864 557 4934 substentaculis
584 4880 832 4949 corporis
855 4892 1087 4952 vacant;
1114 4885 1167 4940 in
1216 4897 1480 4957 quantum
1513 4899 1725 4961 tempus

154 4964 203 5012 et
239 4962 370 5019 ratio
399 4969 640 5038 exegerit
667 4987 682 5036 ;
720 4987 828 5027 non
871 4965 1094 5049 quidem.
1123 4985 1283 5048 prout
1315 4993 1504 5035 eorum
1535 4981 1724 5037 volun-

154 5056 228 5106 tas
267 5052 520 5129 elegerit,
564 5063 736 5133 magis
773 5074 954 5122 autem
992 5066 1133 5125 sicut
1167 5070 1508 5140 praesidentis
1537 5081 1727 5129 aucto-

154 5140 272 5236 ritas
299 5147 530 5206 discreta
561 5193 576 5220 ,
609 5164 666 5220 et
705 5156 964 5214 discretio
1020 5161 1335 5220 authentica
1389 5164 1720 5236 dictaverit;

154 5231 291 5323 libris
318 5241 506 5311 utique
538 5246 621 5302 vel
651 5251 1054 5318 praeparandis,
1099 5253 1184 5308 vel
1224 5255 1604 5323 conﬁciendis,
1638 5231 1724 5316 vel

154 5321 397 5400 ligandis,
433 5337 520 5392 vel
543 5342 927 5409 emendandis,
965 5345 1049 5407 vel
1077 5348 1338 5405 ornandis
1359 5390 1376 5414 ,
1407 5349 1490 5405 vel
1523 5351 1726 5408 illumi-

153 5421 352 5515 nandis,
375 5429 461 5482 vel
491 5429 852 5502 intitulandis,
880 5436 962 5490 vel
986 5438 1050 5493 iis
1075 5453 1197 5510 quae
1222 5439 1288 5494 ad
1313 5439 1416 5498 ista
1447 5445 1724 5515 pertinent

151 5512 474 5602 ordinandis,
501 5520 758 5582 faciendis
795 5538 850 5584 ct
889 5532 1265 5602 perﬁciendis,
1292 5512 1519 5592 sollicite
1543 5539 1723 5594 inten-

150 5599 268 5660 dere
306 5609 522 5667 debent.
549 5615 614 5671 Et
646 5633 767 5675 eum
795 5599 904 5678 hoc,
940 5623 993 5677 in
1031 5625 1178 5680 omni
1215 5599 1403 5680 ordine
1444 5627 1642 5684 decens
1666 5640 1722 5686 et

150 5703 436 5780 congruum
484 5700 585 5769 sit,
625 5708 720 5762 sed
754 5711 927 5780 magis
965 5709 1018 5764 in
1049 5711 1240 5765 ordine
1281 5722 1467 5768 nostro
1499 5715 1722 5774 Cartim-

153 5779 334 5851 sieusi,
364 5798 546 5861 aptum
578 5797 763 5874 utique
801 5779 904 5858 hoc
933 5809 1049 5870 cst,
1081 5811 1135 5858 et
1166 5803 1475 5878 pulchrum.
1501 5803 1570 5860 Ut
1594 5809 1720 5881 quid

1829 4621 2062 4691 elegeris
2091 4661 2107 4687 ,
2140 4621 2232 4677 sed
2263 4621 2406 4692 quod
2446 4621 2541 4677 tibi
2568 4638 2598 4676 a
2627 4625 2734 4679 tuis
2773 4623 2936 4680 fuerit
2967 4622 3205 4694 praelatis
3231 4622 3415 4693 injun-

1827 4717 1997 4777 ctum,
2027 4711 2277 4767 hilariter
2297 4721 2358 4768 et
2383 4713 2637 4769 ordinate
2656 4754 2673 4780 ,
2705 4729 2806 4786 pro
2837 4722 2929 4770 tuo
2956 4714 3100 4776 scire
3125 4722 3180 4769 et
3208 4727 3369 4784 posse
3396 4753 3415 4780 ,

1827 4799 2078 4856 manibus
2113 4803 2220 4858 tuis
2263 4803 2528 4874 Opereris.
2581 4804 2848 4864 Memento
2891 4805 3035 4874 quod
3087 4801 3417 4862 venerabilis

1826 4890 1916 4946 lvo
1941 4930 1956 4954 ,
2007 4890 2264 4948 Ecclesiae
2313 4892 2671 4951 Carnotensis
2709 4895 2993 4968 episcopus
3042 4892 3417 4968 (opist.10),'

1827 4981 2128 5052 virginibus
2155 4982 2208 5038 in
2259 4981 2499 5044 Dunensi
2548 4986 2880 5042 monasterio
2929 4986 3308 5054 manentibus,
3345 4985 3416 5042 de

1828 5073 1932 5128 hoc
1962 5072 2105 5131 inter
2124 5082 2323 5133 caetera
2355 5075 2437 5130 sic
2462 5073 2657 5132 scribit
2684 5092 2698 5130 :
2738 5095 2756 5128 ι
2793 5076 2862 5134 Ut
2888 5092 3104 5148 semper
3131 5117 3146 5144 ,
3197 5077 3414 5148 inquit,

1828 5167 2050 5222 intenta:
2077 5166 2197 5222 sitis
2219 5166 2476 5234 orationi,
2498 5178 2590 5223 aut
2619 5168 2860 5237 lectioni,
2884 5178 2978 5225 aut
2994 5170 3146 5242 operi
3173 5211 3189 5239 ,
3222 5179 3282 5236 ut
3298 5171 3413 5228 diae

1825 5257 1980 5314 holus
2018 5273 2119 5316 nec
2163 5273 2264 5316 vos
2310 5259 2553 5315 inveniat
2597 5261 2800 5317 otiosas
2833 5278 2934 5318 nec
2968 5273 3179 5320 mentes
3208 5273 3412 5320 vestras

1827 5350 2034 5406 nocivis
2058 5361 2114 5408 et
2145 5355 2295 5424 vagis
2316 5352 2731 5424 cogitationibus
2759 5355 3050 5426 expositas.
3084 5374 3100 5409 ι
3129 5357 3194 5410 Et
3219 5356 3412 5426 adjun-

1826 5443 1905 5516 git
1931 5461 1944 5498 :
1969 5462 1987 5496 ι
2011 5443 2114 5501 Iste
2140 5460 2256 5501 mos
2285 5445 2454 5502 fuisse
2473 5445 2672 5518 legitur
2689 5445 2740 5500 in
2767 5448 3115 5503 monasteriis
3127 5445 3412 5518 Βαγριὶοο

1828 5550 1968 5600 rum,
2000 5544 2058 5588 ιιι
2081 5535 2351 5590 neminem
2383 5539 2684 5608 reciperent
2706 5540 2798 5608 qui
2828 5539 2993 5595 nollet
3015 5539 3162 5609 operi
3189 5554 3411 5609 operam
3506 5557 3509 5559 ·

1825 5625 1971 5689 dare,
2012 5642 2120 5682 non
2163 5637 2386 5698 propter
2411 5631 2792 5686 necessitatem
2819 5672 2834 5696 ,
2860 5630 2953 5685 sed
2984 5639 3204 5700 pr0pter
3231 5631 3409 5685 vitan-

1825 5715 1952 5771 datu
1984 5717 2313 5775 otiosita'tem
2339 5759 2355 5785 ,
2389 5733 2510 5789 quae
2561 5719 2780 5775 inimica
2804 5728 2888 5774 est
2909 5719 3124 5774 animm.
3161 5739 3180 5771 ι
3219 5719 3325 5775 Sed
3353 5728 3411 5776 et
3469 5743 3472 5756 ί

1823 5807 2016 5868 beatus
2045 5809 2370 5870 Benedictus
2402 5810 2468 5867 de
2519 5810 2712 5867 hocin
2767 5809 2964 5883 Regula
3017 5810 3408 5875 monachum
3469 5833 3472 5898 ᾖ
