  <div class='ocr_page' id='page_1' title='image "/cluster/home/n/w/nwhite01/storage/ocr_20150623/153/hvd.32044015473812/448.png"; bbox 0 0 3984 6402; ppageno 0'>
   <div class='ocr_carea' id='block_1_1' title="bbox 746 378 2853 463">
    <p class='ocr_par' dir='ltr' id='par_1_1' title="bbox 746 378 2853 463">
     <span class='ocr_line' id='line_1_1' title="bbox 746 378 2853 463; baseline -0.006 -8"><span class='ocrx_word' id='word_1_1' title='bbox 746 378 1392 463; x_wconf 57' lang='lat' dir='ltr'><strong>assummum.</strong></span> <span class='ocrx_word' id='word_1_2' title='bbox 1452 386 1845 449; x_wconf 71' lang='lat' dir='ltr'><strong>ronrsnuu</strong></span> <span class='ocrx_word' id='word_1_3' title='bbox 1885 384 2160 446; x_wconf 73' lang='lat' dir='ltr'><strong>patente</strong></span> <span class='ocrx_word' id='word_1_4' title='bbox 2195 385 2219 443; x_wconf 84' lang='lat' dir='ltr'><strong>t</strong></span> <span class='ocrx_word' id='word_1_5' title='bbox 2253 382 2615 444; x_wconf 70' lang='lat' dir='ltr'><strong>EPISTOLE</strong></span> <span class='ocrx_word' id='word_1_6' title='bbox 2652 382 2853 444; x_wconf 72' lang='lat' dir='ltr'><strong>ruas.</strong></span> 
     </span>
    </p>
   </div>
   <div class='ocr_carea' id='block_1_2' title="bbox 170 571 3425 622">
    <p class='ocr_par' dir='ltr' id='par_1_2' title="bbox 170 571 3425 622">
     <span class='ocr_line' id='line_1_2' title="bbox 170 571 3425 622; baseline -0.004 -2"><span class='ocrx_word' id='word_1_7' title='bbox 170 571 3425 622; x_wconf 61' lang='lat' dir='ltr'>ww</span> 
     </span>
    </p>
   </div>
   <div class='ocr_carea' id='block_1_3' title="bbox 1268 701 2517 887">
    <p class='ocr_par' dir='ltr' id='par_1_3' title="bbox 1268 701 2517 887">
     <span class='ocr_line' id='line_1_3' title="bbox 1268 701 2517 887; baseline -0.012 -36"><span class='ocrx_word' id='word_1_8' title='bbox 1268 711 2337 887; x_wconf 56' lang='lat' dir='ltr'><strong>333N131}!</strong></span> <span class='ocrx_word' id='word_1_9' title='bbox 2370 701 2517 834; x_wconf 57' lang='grc' dir='ltr'><strong>(ΛΑ</strong></span> 
     </span>
    </p>
   </div>
   <div class='ocr_carea' id='block_1_4' title="bbox 2627 644 3327 859">
    <p class='ocr_par' dir='ltr' id='par_1_4' title="bbox 2627 644 3327 859">
     <span class='ocr_line' id='line_1_4' title="bbox 2627 644 3327 859; baseline -0.001 0"><span class='ocrx_word' id='word_1_10' title='bbox 2627 644 3327 859; x_wconf 50' lang='grc' dir='ltr'><strong>θαῖψὲ</strong></span> 
     </span>
    </p>
   </div>
   <div class='ocr_carea' id='block_1_5' title="bbox 2607 840 3053 862">
    <p class='ocr_par' dir='ltr' id='par_1_5' title="bbox 2607 840 3053 862">
     <span class='ocr_line' id='line_1_5' title="bbox 2607 840 3053 862; baseline -0.002 -3"><span class='ocrx_word' id='word_1_11' title='bbox 2607 840 3053 862; x_wconf 53' lang='grc' dir='ltr'><strong>Μ</strong></span> 
     </span>
    </p>
   </div>
   <div class='ocr_carea' id='block_1_6' title="bbox 3156 851 3378 867">
    <p class='ocr_par' dir='ltr' id='par_1_6' title="bbox 3156 851 3378 867">
     <span class='ocr_line' id='line_1_6' title="bbox 3156 851 3378 867; baseline -0.009 0"><span class='ocrx_word' id='word_1_12' title='bbox 3156 851 3378 867; x_wconf 57' lang='grc' dir='ltr'><em>Μ</em></span> 
     </span>
    </p>
   </div>
   <div class='ocr_carea' id='block_1_7' title="bbox 3328 387 3528 448">
    <p class='ocr_par' dir='ltr' id='par_1_7' title="bbox 3328 387 3528 448">
     <span class='ocr_line' id='line_1_7' title="bbox 3328 387 3528 448; baseline 0.005 -3"><span class='ocrx_word' id='word_1_13' title='bbox 3328 387 3439 448; x_wconf 66' lang='grc'><strong>886</strong></span> <span class='ocrx_word' id='word_1_14' title='bbox 3518 423 3528 431; x_wconf 75' lang='grc' dir='ltr'><strong><em>ο</em></strong></span> 
     </span>
    </p>
   </div>
   <div class='ocr_carea' id='block_1_8' title="bbox 3406 701 3826 901">
    <p class='ocr_par' dir='ltr' id='par_1_8' title="bbox 3406 701 3826 901">
     <span class='ocr_line' id='line_1_8' title="bbox 3406 701 3826 901; baseline -0.029 -1"><span class='ocrx_word' id='word_1_15' title='bbox 3406 701 3826 901; x_wconf 47' lang='grc' dir='ltr'><strong>ἐὰῆ</strong></span> 
     </span>
    </p>
   </div>
   <div class='ocr_carea' id='block_1_9' title="bbox 574 898 3575 1090">
    <p class='ocr_par' dir='ltr' id='par_1_9' title="bbox 574 898 3575 1090">
     <span class='ocr_line' id='line_1_9' title="bbox 574 898 3575 1090; baseline -0.003 -25"><span class='ocrx_word' id='word_1_16' title='bbox 574 900 1291 1065; x_wconf 16' lang='grc' dir='ltr'><strong>ρΑλιὶΤΗυδιλΕ</strong></span> <span class='ocrx_word' id='word_1_17' title='bbox 1343 898 2024 1061; x_wconf 66' lang='grc' dir='ltr'><strong>ῬΟΒΤΑιι-ΗΜ</strong></span> <span class='ocrx_word' id='word_1_18' title='bbox 2082 961 2444 1054; x_wconf 69' lang='grc' dir='ltr'><strong>ΡΜΜΙ</strong></span> <span class='ocrx_word' id='word_1_19' title='bbox 2510 956 3015 1087; x_wconf 29' lang='grc' dir='ltr'><strong>,Ριιιοιιιδ</strong></span> 
     </span>
    </p>
   </div>
   <div class='ocr_carea' id='block_1_10' title="bbox 1178 1168 2418 1293">
    <p class='ocr_par' dir='ltr' id='par_1_10' title="bbox 1178 1168 2418 1293">
     <span class='ocr_line' id='line_1_10' title="bbox 1178 1168 2418 1293; baseline -0.006 0"><span class='ocrx_word' id='word_1_20' title='bbox 1178 1172 1493 1293; x_wconf 89' lang='lat' dir='ltr'>EPIS</span> <span class='ocrx_word' id='word_1_21' title='bbox 1515 1171 1932 1290; x_wconf 58' lang='lat' dir='ltr'><strong>TOLIE</strong></span> <span class='ocrx_word' id='word_1_22' title='bbox 2013 1168 2418 1287; x_wconf 85' lang='lat' dir='ltr'><strong>TBES.</strong></span> 
     </span>
    </p>
   </div>
   <div class='ocr_carea' id='block_1_11' title="bbox 852 1388 2803 1476">
    <p class='ocr_par' dir='ltr' id='par_1_11' title="bbox 852 1388 2803 1476">
     <span class='ocr_line' id='line_1_11' title="bbox 852 1388 2803 1476; baseline -0.006 -17"><span class='ocrx_word' id='word_1_23' title='bbox 852 1402 962 1476; x_wconf 78' lang='lat' dir='ltr'><strong>(Ex</strong></span> <span class='ocrx_word' id='word_1_24' title='bbox 990 1401 1176 1460; x_wconf 85' lang='lat' dir='ltr'><strong>codice</strong></span> <span class='ocrx_word' id='word_1_25' title='bbox 1201 1413 1302 1457; x_wconf 85' lang='lat' dir='ltr'><strong>ms.</strong></span> <span class='ocrx_word' id='word_1_26' title='bbox 1340 1393 1661 1456; x_wconf 71' lang='lat' dir='ltr'><strong>monasterii</strong></span> <span class='ocrx_word' id='word_1_27' title='bbox 1690 1392 1754 1452; x_wconf 84' lang='lat' dir='ltr'><strong>S.</strong></span> <span class='ocrx_word' id='word_1_28' title='bbox 1778 1392 2028 1467; x_wconf 77' lang='lat' dir='ltr'><strong>Augendi</strong></span> <span class='ocrx_word' id='word_1_29' title='bbox 2060 1388 2309 1465; x_wconf 67' lang='lat' dir='ltr'><strong>lurensis</strong></span> <span class='ocrx_word' id='word_1_30' title='bbox 2340 1405 2436 1450; x_wconf 88' lang='lat' dir='ltr'><strong>seu</strong></span> <span class='ocrx_word' id='word_1_31' title='bbox 2457 1393 2518 1449; x_wconf 88' lang='lat' dir='ltr'><strong>S.</strong></span> <span class='ocrx_word' id='word_1_32' title='bbox 2547 1390 2803 1464; x_wconf 85' lang='lat' dir='ltr'><strong>Claudii.)</strong></span> 
     </span>
    </p>
   </div>
   <div class='ocr_carea' id='block_1_12' title="bbox 649 1678 1268 1740">
    <p class='ocr_par' dir='ltr' id='par_1_12' title="bbox 649 1678 1268 1740">
     <span class='ocr_line' id='line_1_12' title="bbox 649 1678 1268 1740; baseline -0.006 0"><span class='ocrx_word' id='word_1_33' title='bbox 649 1679 982 1740; x_wconf 80' lang='lat' dir='ltr'><strong>EPISTOLA</strong></span> <span class='ocrx_word' id='word_1_34' title='bbox 1032 1678 1268 1738; x_wconf 64' lang='lat' dir='ltr'><strong>PRIMA.</strong></span> 
     </span>
    </p>
   </div>
   <div class='ocr_carea' id='block_1_13' title="bbox 157 1786 1750 1841">
    <p class='ocr_par' dir='ltr' id='par_1_13' title="bbox 157 1786 1750 1841">
     <span class='ocr_line' id='line_1_13' title="bbox 157 1786 1750 1841; baseline -0.009 0"><span class='ocrx_word' id='word_1_35' title='bbox 157 1794 230 1841; x_wconf 62' lang='lat' dir='ltr'><strong>ID</strong></span> <span class='ocrx_word' id='word_1_36' title='bbox 265 1792 516 1839; x_wconf 60' lang='grc' dir='ltr'><strong>ΑΠΟΝΕΙ</strong></span> <span class='ocrx_word' id='word_1_37' title='bbox 560 1792 627 1834; x_wconf 71' lang='grc' dir='ltr'><strong>π</strong></span> <span class='ocrx_word' id='word_1_38' title='bbox 670 1789 946 1832; x_wconf 63' lang='grc' dir='ltr'><strong>νλκεκκεε</strong></span> <span class='ocrx_word' id='word_1_39' title='bbox 977 1791 1049 1832; x_wconf 74' lang='grc' dir='ltr'><strong>ΕΤ</strong></span> <span class='ocrx_word' id='word_1_40' title='bbox 1093 1786 1346 1832; x_wconf 67' lang='grc' dir='ltr'><strong>ΑἿΙΟΝΕΙ</strong></span> <span class='ocrx_word' id='word_1_41' title='bbox 1377 1786 1445 1828; x_wconf 71' lang='grc' dir='ltr'><strong>ΒΕ</strong></span> <span class='ocrx_word' id='word_1_42' title='bbox 1495 1786 1750 1830; x_wconf 68' lang='grc' dir='ltr'><strong>ιοιιοιιλ.</strong></span> 
     </span>
    </p>
   </div>
   <div class='ocr_carea' id='block_1_14' title="bbox 682 1866 1197 1943">
    <p class='ocr_par' dir='ltr' id='par_1_14' title="bbox 682 1866 1197 1943">
     <span class='ocr_line' id='line_1_14' title="bbox 682 1866 1197 1943; baseline -0.008 -15"><span class='ocrx_word' id='word_1_43' title='bbox 682 1900 685 1901; x_wconf 52' lang='grc' dir='ltr'><em>ν</em></span> <span class='ocrx_word' id='word_1_44' title='bbox 718 1871 794 1927; x_wconf 88' lang='lat' dir='ltr'><strong>De</strong></span> <span class='ocrx_word' id='word_1_45' title='bbox 828 1870 955 1943; x_wconf 77' lang='lat' dir='ltr'><strong>fuga</strong></span> <span class='ocrx_word' id='word_1_46' title='bbox 994 1866 1197 1924; x_wconf 73' lang='lat' dir='ltr'><strong>s&#39;a&#39;culi.</strong></span> 
     </span>
    </p>
   </div>
   <div class='ocr_carea' id='block_1_15' title="bbox 228 1954 1755 2032">
    <p class='ocr_par' dir='ltr' id='par_1_15' title="bbox 228 1954 1755 2032">
     <span class='ocr_line' id='line_1_15' title="bbox 228 1954 1755 2032; baseline -0.006 -11"><span class='ocrx_word' id='word_1_47' title='bbox 228 1964 552 2021; x_wconf 68' lang='lat' dir='ltr'><strong>BEBEIARDUS</strong></span> <span class='ocrx_word' id='word_1_48' title='bbox 583 1961 871 2019; x_wconf 84' lang='lat' dir='ltr'><strong>Portarum</strong></span> <span class='ocrx_word' id='word_1_49' title='bbox 905 1960 1089 2032; x_wconf 84' lang='lat' dir='ltr'><strong>prior,</strong></span> <span class='ocrx_word' id='word_1_50' title='bbox 1127 1965 1186 2015; x_wconf 87' lang='lat' dir='ltr'><strong>et</strong></span> <span class='ocrx_word' id='word_1_51' title='bbox 1211 1956 1307 2013; x_wconf 70' lang='lat' dir='ltr'><strong>ﬁlii</strong></span> <span class='ocrx_word' id='word_1_52' title='bbox 1328 1955 1477 2028; x_wconf 78' lang='lat' dir='ltr'><strong>eius,</strong></span> <span class='ocrx_word' id='word_1_53' title='bbox 1519 1954 1755 2014; x_wconf 68' lang='lat' dir='ltr'><strong>Joannes</strong></span> 
     </span>
    </p>
   </div>
   <div class='ocr_carea' id='block_1_16' title="bbox 160 2050 1757 2124">
    <p class='ocr_par' dir='ltr' id='par_1_16' title="bbox 160 2050 1757 2124">
     <span class='ocr_line' id='line_1_16' title="bbox 160 2050 1757 2124; baseline -0.004 -10"><span class='ocrx_word' id='word_1_54' title='bbox 160 2071 226 2113; x_wconf 74' lang='lat' dir='ltr'><strong>re</strong></span> <span class='ocrx_word' id='word_1_55' title='bbox 255 2056 642 2123; x_wconf 65' lang='lat' dir='ltr'><strong>Mommsenio,</strong></span> <span class='ocrx_word' id='word_1_56' title='bbox 692 2063 749 2111; x_wconf 90' lang='lat' dir='ltr'><strong>et</strong></span> <span class='ocrx_word' id='word_1_57' title='bbox 801 2053 1113 2124; x_wconf 86' lang='lat' dir='ltr'><strong>Stephanus</strong></span> <span class='ocrx_word' id='word_1_58' title='bbox 1149 2051 1218 2109; x_wconf 84' lang='lat' dir='ltr'><strong>de</strong></span> <span class='ocrx_word' id='word_1_59' title='bbox 1253 2050 1571 2119; x_wconf 65' lang='lat' dir='ltr'><strong>amanare,</strong></span> <span class='ocrx_word' id='word_1_60' title='bbox 1601 2064 1757 2107; x_wconf 75' lang='lat' dir='ltr'><strong>reve-</strong></span> 
     </span>
    </p>
   </div>
   <div class='ocr_carea' id='block_1_17' title="bbox 162 2141 1753 2205">
    <p class='ocr_par' dir='ltr' id='par_1_17' title="bbox 162 2141 1753 2205">
     <span class='ocr_line' id='line_1_17' title="bbox 162 2141 1753 2205; baseline -0.005 -2"><span class='ocrx_word' id='word_1_61' title='bbox 162 2148 506 2205; x_wconf 84' lang='lat' dir='ltr'><strong>rendissimis</strong></span> <span class='ocrx_word' id='word_1_62' title='bbox 533 2158 590 2203; x_wconf 92' lang='lat' dir='ltr'><strong>et</strong></span> <span class='ocrx_word' id='word_1_63' title='bbox 635 2146 691 2201; x_wconf 87' lang='lat' dir='ltr'><strong>in</strong></span> <span class='ocrx_word' id='word_1_64' title='bbox 735 2144 956 2202; x_wconf 88' lang='lat' dir='ltr'><strong>Christo</strong></span> <span class='ocrx_word' id='word_1_65' title='bbox 1005 2142 1374 2199; x_wconf 83' lang='lat' dir='ltr'><strong>dilectissimis</strong></span> <span class='ocrx_word' id='word_1_66' title='bbox 1418 2141 1633 2197; x_wconf 71' lang='lat' dir='ltr'><strong>Aurora</strong></span> <span class='ocrx_word' id='word_1_67' title='bbox 1685 2154 1753 2195; x_wconf 77' lang='lat' dir='ltr'><strong>ss</strong></span> 
     </span>
    </p>
   </div>
   <div class='ocr_carea' id='block_1_18' title="bbox 1752 1635 3440 1750">
    <p class='ocr_par' dir='ltr' id='par_1_18' title="bbox 1752 1635 3440 1750">
     <span class='ocr_line' id='line_1_18' title="bbox 1752 1635 3440 1750; baseline 0.001 -16"><span class='ocrx_word' id='word_1_68' title='bbox 1752 1688 1831 1749; x_wconf 52' lang='grc' dir='ltr'><em>Α</em></span> <span class='ocrx_word' id='word_1_69' title='bbox 1858 1676 2045 1734; x_wconf 86' lang='lat' dir='ltr'><strong>divino</strong></span> <span class='ocrx_word' id='word_1_70' title='bbox 2073 1635 2358 1744; x_wconf 71' lang='lat' dir='ltr'><strong>lamulatu,</strong></span> <span class='ocrx_word' id='word_1_71' title='bbox 2381 1690 2545 1749; x_wconf 84' lang='lat' dir='ltr'><strong>quam</strong></span> <span class='ocrx_word' id='word_1_72' title='bbox 2589 1676 2646 1734; x_wconf 91' lang='lat' dir='ltr'><strong>in</strong></span> <span class='ocrx_word' id='word_1_73' title='bbox 2695 1673 3048 1737; x_wconf 71' lang='lat' dir='ltr'><strong>molaribus</strong></span> <span class='ocrx_word' id='word_1_74' title='bbox 3089 1676 3300 1750; x_wconf 76' lang='lat' dir='ltr'><strong>gaudiis</strong></span> <span class='ocrx_word' id='word_1_75' title='bbox 3347 1693 3440 1750; x_wconf 82' lang='lat' dir='ltr'><strong>po-</strong></span> 
     </span>
    </p>
   </div>
   <div class='ocr_carea' id='block_1_19' title="bbox 1853 1765 3442 1839">
    <p class='ocr_par' dir='ltr' id='par_1_19' title="bbox 1853 1765 3442 1839">
     <span class='ocr_line' id='line_1_19' title="bbox 1853 1765 3442 1839; baseline 0.001 -15"><span class='ocrx_word' id='word_1_76' title='bbox 1853 1777 2075 1824; x_wconf 86' lang='lat' dir='ltr'><strong>tuerunt</strong></span> <span class='ocrx_word' id='word_1_77' title='bbox 2122 1767 2379 1839; x_wconf 86' lang='lat' dir='ltr'><strong>experiri,</strong></span> <span class='ocrx_word' id='word_1_78' title='bbox 2421 1766 2851 1838; x_wconf 74' lang='lat' dir='ltr'><strong>iucunditatem,</strong></span> <span class='ocrx_word' id='word_1_79' title='bbox 2896 1774 2952 1824; x_wconf 91' lang='lat' dir='ltr'><strong>et</strong></span> <span class='ocrx_word' id='word_1_80' title='bbox 3004 1765 3442 1825; x_wconf 85' lang='lat' dir='ltr'><strong>delectationem.</strong></span> 
     </span>
    </p>
   </div>
   <div class='ocr_carea' id='block_1_20' title="bbox 1749 1857 3445 1932">
    <p class='ocr_par' dir='ltr' id='par_1_20' title="bbox 1749 1857 3445 1932">
     <span class='ocr_line' id='line_1_20' title="bbox 1749 1857 3445 1932; baseline -0.003 -16"><span class='ocrx_word' id='word_1_81' title='bbox 1749 1909 1758 1916; x_wconf 92' lang='lat'><strong>.</strong></span> <span class='ocrx_word' id='word_1_82' title='bbox 1853 1858 1971 1916; x_wconf 84' lang='lat' dir='ltr'><strong>Non</strong></span> <span class='ocrx_word' id='word_1_83' title='bbox 1999 1859 2145 1917; x_wconf 79' lang='lat' dir='ltr'><strong>enirn</strong></span> <span class='ocrx_word' id='word_1_84' title='bbox 2169 1861 2290 1918; x_wconf 85' lang='lat' dir='ltr'><strong>sine</strong></span> <span class='ocrx_word' id='word_1_85' title='bbox 2310 1859 2654 1932; x_wconf 79' lang='lat' dir='ltr'><strong>jucunditate</strong></span> <span class='ocrx_word' id='word_1_86' title='bbox 2699 1866 2846 1926; x_wconf 82' lang='lat' dir='ltr'><strong>sunt,</strong></span> <span class='ocrx_word' id='word_1_87' title='bbox 2871 1859 2966 1929; x_wconf 79' lang='lat' dir='ltr'><strong>qui</strong></span> <span class='ocrx_word' id='word_1_88' title='bbox 3006 1857 3237 1915; x_wconf 86' lang='lat' dir='ltr'><strong>dicunt:</strong></span> <span class='ocrx_word' id='word_1_89' title='bbox 3264 1857 3332 1912; x_wconf 80' lang='lat' dir='ltr'><strong>In</strong></span> <span class='ocrx_word' id='word_1_90' title='bbox 3358 1860 3445 1913; x_wconf 84' lang='lat' dir='ltr'><strong>via</strong></span> 
     </span>
    </p>
   </div>
   <div class='ocr_carea' id='block_1_21' title="bbox 1852 1949 3443 2018">
    <p class='ocr_par' dir='ltr' id='par_1_21' title="bbox 1852 1949 3443 2018">
     <span class='ocr_line' id='line_1_21' title="bbox 1852 1949 3443 2018; baseline -0.004 -10"><span class='ocrx_word' id='word_1_91' title='bbox 1852 1952 2267 2009; x_wconf 67' lang='lat' dir='ltr'><strong>testimoniorum</strong></span> <span class='ocrx_word' id='word_1_92' title='bbox 2295 1963 2509 2008; x_wconf 85' lang='lat' dir='ltr'><strong>tuorum</strong></span> <span class='ocrx_word' id='word_1_93' title='bbox 2549 1950 2838 2007; x_wconf 83' lang='lat' dir='ltr'><strong>delectatus</strong></span> <span class='ocrx_word' id='word_1_94' title='bbox 2864 1966 3003 2018; x_wconf 76' lang='lat' dir='ltr'><strong>sunt,</strong></span> <span class='ocrx_word' id='word_1_95' title='bbox 3035 1950 3170 2005; x_wconf 82' lang='lat' dir='ltr'><strong>sicut</strong></span> <span class='ocrx_word' id='word_1_96' title='bbox 3192 1950 3248 2005; x_wconf 86' lang='lat' dir='ltr'><strong>in</strong></span> <span class='ocrx_word' id='word_1_97' title='bbox 3274 1949 3443 2004; x_wconf 75' lang='lat' dir='ltr'><strong>omni-</strong></span> 
     </span>
    </p>
   </div>
   <div class='ocr_carea' id='block_1_22' title="bbox 1853 2039 3450 2117">
    <p class='ocr_par' dir='ltr' id='par_1_22' title="bbox 1853 2039 3450 2117">
     <span class='ocr_line' id='line_1_22' title="bbox 1853 2039 3450 2117; baseline -0.004 -17"><span class='ocrx_word' id='word_1_98' title='bbox 1853 2046 1948 2100; x_wconf 80' lang='lat' dir='ltr'><strong>bus</strong></span> <span class='ocrx_word' id='word_1_99' title='bbox 1986 2044 2180 2100; x_wconf 69' lang='lat' dir='ltr'><strong>diuitiis</strong></span> <span class='ocrx_word' id='word_1_100' title='bbox 2209 2042 2384 2117; x_wconf 85' lang='lat' dir='ltr'><strong>(Psal.</strong></span> <span class='ocrx_word' id='word_1_101' title='bbox 2424 2059 2594 2108; x_wconf 76' lang='grc' dir='ltr'><strong>ωιιιι,</strong></span> <span class='ocrx_word' id='word_1_102' title='bbox 2650 2042 2759 2115; x_wconf 75' lang='grc' dir='ltr'><strong>ιι).</strong></span> <span class='ocrx_word' id='word_1_103' title='bbox 2794 2041 2864 2098; x_wconf 86' lang='lat' dir='ltr'><strong>Et</strong></span> <span class='ocrx_word' id='word_1_104' title='bbox 2889 2058 2907 2099; x_wconf 88' lang='lat'><strong>:</strong></span> <span class='ocrx_word' id='word_1_105' title='bbox 2937 2039 3147 2096; x_wconf 81' lang='lat' dir='ltr'><strong>Bonum</strong></span> <span class='ocrx_word' id='word_1_106' title='bbox 3180 2040 3308 2095; x_wconf 77' lang='lat' dir='ltr'><strong>milii</strong></span> <span class='ocrx_word' id='word_1_107' title='bbox 3360 2039 3450 2094; x_wconf 64' lang='lat' dir='ltr'><strong>les</strong></span> 
     </span>
    </p>
   </div>
   <div class='ocr_carea' id='block_1_23' title="bbox 1798 2130 3447 2207">
    <p class='ocr_par' dir='ltr' id='par_1_23' title="bbox 1798 2130 3447 2207">
     <span class='ocr_line' id='line_1_23' title="bbox 1798 2130 3447 2207; baseline -0.001 -16"><span class='ocrx_word' id='word_1_108' title='bbox 1798 2184 1811 2191; x_wconf 90' lang='lat'><strong>-</strong></span> <span class='ocrx_word' id='word_1_109' title='bbox 1852 2137 1961 2191; x_wconf 87' lang='lat' dir='ltr'><strong>oris</strong></span> <span class='ocrx_word' id='word_1_110' title='bbox 1991 2137 2088 2205; x_wconf 88' lang='lat' dir='ltr'><strong>tui,</strong></span> <span class='ocrx_word' id='word_1_111' title='bbox 2110 2153 2266 2207; x_wconf 83' lang='lat' dir='ltr'><strong>super</strong></span> <span class='ocrx_word' id='word_1_112' title='bbox 2286 2134 2454 2191; x_wconf 71' lang='lat' dir='ltr'><strong>millia</strong></span> <span class='ocrx_word' id='word_1_113' title='bbox 2491 2136 2640 2197; x_wconf 85' lang='lat' dir='ltr'><strong>auri,</strong></span> <span class='ocrx_word' id='word_1_114' title='bbox 2667 2144 2718 2190; x_wconf 83' lang='lat' dir='ltr'><strong>et</strong></span> <span class='ocrx_word' id='word_1_115' title='bbox 2752 2132 2959 2206; x_wconf 75' lang='lat' dir='ltr'><strong>argenti</strong></span> <span class='ocrx_word' id='word_1_116' title='bbox 2990 2131 3175 2206; x_wconf 81' lang='lat' dir='ltr'><strong>(ibid.,</strong></span> <span class='ocrx_word' id='word_1_117' title='bbox 3206 2130 3297 2204; x_wconf 64' lang='lat' dir='ltr'><strong>7i)</strong></span> <span class='ocrx_word' id='word_1_118' title='bbox 3329 2130 3396 2186; x_wconf 85' lang='lat' dir='ltr'><strong>Et</strong></span> <span class='ocrx_word' id='word_1_119' title='bbox 3426 2149 3447 2189; x_wconf 65' lang='grc' dir='ltr'>ξ</span> 
     </span>
    </p>
   </div>
   <div class='ocr_carea' id='block_1_24' title="bbox 159 2223 3444 2310">
    <p class='ocr_par' dir='ltr' id='par_1_24' title="bbox 159 2223 3444 2310">
     <span class='ocr_line' id='line_1_24' title="bbox 159 2223 3444 2310; baseline -0.006 -12"><span class='ocrx_word' id='word_1_120' title='bbox 159 2242 467 2308; x_wconf 70' lang='lat' dir='ltr'><strong>Vsnsnuss,</strong></span> <span class='ocrx_word' id='word_1_121' title='bbox 494 2250 658 2310; x_wconf 86' lang='lat' dir='ltr'><strong>atque</strong></span> <span class='ocrx_word' id='word_1_122' title='bbox 680 2239 907 2294; x_wconf 60' lang='grc' dir='ltr'><strong>ηΔῑιιοιη</strong></span> <span class='ocrx_word' id='word_1_123' title='bbox 952 2252 1022 2293; x_wconf 71' lang='lat' dir='ltr'><strong>an</strong></span> <span class='ocrx_word' id='word_1_124' title='bbox 1050 2234 1331 2300; x_wconf 68' lang='lat' dir='ltr'><strong>Bonosus.</strong></span> <span class='ocrx_word' id='word_1_125' title='bbox 1354 2232 1611 2302; x_wconf 65' lang='lat' dir='ltr'><strong>Quaerere</strong></span> <span class='ocrx_word' id='word_1_126' title='bbox 1644 2232 1765 2288; x_wconf 83' lang='lat' dir='ltr'><strong>Do-.</strong></span> <span class='ocrx_word' id='word_1_127' title='bbox 1844 2226 2052 2299; x_wconf 84' lang='lat' dir='ltr'><strong>judicia</strong></span> <span class='ocrx_word' id='word_1_128' title='bbox 2079 2226 2294 2284; x_wconf 81' lang='lat' dir='ltr'><strong>Domini</strong></span> <span class='ocrx_word' id='word_1_129' title='bbox 2316 2245 2457 2295; x_wconf 82' lang='lat' dir='ltr'><strong>vera,</strong></span> <span class='ocrx_word' id='word_1_130' title='bbox 2492 2227 2789 2299; x_wconf 74' lang='lat' dir='ltr'><strong>justi/icata</strong></span> <span class='ocrx_word' id='word_1_131' title='bbox 2823 2225 2879 2281; x_wconf 89' lang='lat' dir='ltr'><strong>in</strong></span> <span class='ocrx_word' id='word_1_132' title='bbox 2905 2226 3218 2296; x_wconf 73' lang='lat' dir='ltr'><strong>semetipsa:</strong></span> <span class='ocrx_word' id='word_1_133' title='bbox 3241 2223 3444 2279; x_wconf 72' lang='lat' dir='ltr'><strong>deside~</strong></span> 
     </span>
    </p>
   </div>
   <div class='ocr_carea' id='block_1_25' title="bbox 157 2325 1751 2400">
    <p class='ocr_par' dir='ltr' id='par_1_25' title="bbox 157 2325 1751 2400">
     <span class='ocr_line' id='line_1_25' title="bbox 157 2325 1751 2400; baseline -0.008 -11"><span class='ocrx_word' id='word_1_134' title='bbox 157 2332 368 2390; x_wconf 82' lang='lat' dir='ltr'><strong>minum</strong></span> <span class='ocrx_word' id='word_1_135' title='bbox 391 2332 521 2386; x_wconf 86' lang='lat' dir='ltr'><strong>dum</strong></span> <span class='ocrx_word' id='word_1_136' title='bbox 550 2328 781 2386; x_wconf 85' lang='lat' dir='ltr'><strong>inveniri</strong></span> <span class='ocrx_word' id='word_1_137' title='bbox 799 2337 1016 2400; x_wconf 84' lang='lat' dir='ltr'><strong>potest;</strong></span> <span class='ocrx_word' id='word_1_138' title='bbox 1051 2326 1119 2383; x_wconf 88' lang='lat' dir='ltr'><strong>ad</strong></span> <span class='ocrx_word' id='word_1_139' title='bbox 1143 2325 1288 2397; x_wconf 91' lang='lat' dir='ltr'><strong>quod</strong></span> <span class='ocrx_word' id='word_1_140' title='bbox 1315 2325 1626 2380; x_wconf 79' lang='lat' dir='ltr'><strong>curavimus</strong></span> <span class='ocrx_word' id='word_1_141' title='bbox 1645 2338 1751 2394; x_wconf 88' lang='lat' dir='ltr'><strong>qua</strong></span> 
     </span>
    </p>
   </div>
   <div class='ocr_carea' id='block_1_26' title="bbox 160 2409 1771 2485">
    <p class='ocr_par' dir='ltr' id='par_1_26' title="bbox 160 2409 1771 2485">
     <span class='ocr_line' id='line_1_26' title="bbox 160 2409 1771 2485; baseline -0.009 -12"><span class='ocrx_word' id='word_1_142' title='bbox 160 2417 390 2473; x_wconf 74' lang='lat' dir='ltr'><strong>Domino</strong></span> <span class='ocrx_word' id='word_1_143' title='bbox 411 2419 659 2473; x_wconf 81' lang='lat' dir='ltr'><strong>donante</strong></span> <span class='ocrx_word' id='word_1_144' title='bbox 671 2414 962 2485; x_wconf 80' lang='lat' dir='ltr'><strong>potuimus,</strong></span> <span class='ocrx_word' id='word_1_145' title='bbox 979 2409 1593 2469; x_wconf 81' lang='lat' dir='ltr'><strong>invitationeexhortari</strong></span> <span class='ocrx_word' id='word_1_146' title='bbox 1619 2424 1771 2480; x_wconf 59' lang='lat' dir='ltr'><strong>prae.</strong></span> 
     </span>
    </p>
   </div>
   <div class='ocr_carea' id='block_1_27' title="bbox 158 2494 1766 2577">
    <p class='ocr_par' dir='ltr' id='par_1_27' title="bbox 158 2494 1766 2577">
     <span class='ocr_line' id='line_1_27' title="bbox 158 2494 1766 2577; baseline -0.009 -12"><span class='ocrx_word' id='word_1_147' title='bbox 158 2517 359 2575; x_wconf 78' lang='lat' dir='ltr'><strong>sentes,</strong></span> <span class='ocrx_word' id='word_1_148' title='bbox 393 2494 462 2563; x_wconf 82' lang='lat' dir='ltr'><strong>ad</strong></span> <span class='ocrx_word' id='word_1_149' title='bbox 493 2506 728 2577; x_wconf 87' lang='lat' dir='ltr'><strong>idipsum</strong></span> <span class='ocrx_word' id='word_1_150' title='bbox 754 2504 1115 2576; x_wconf 66' lang='lat' dir='ltr'><strong>praesentibus</strong></span> <span class='ocrx_word' id='word_1_151' title='bbox 1155 2502 1303 2560; x_wconf 89' lang='lat' dir='ltr'><strong>notis</strong></span> <span class='ocrx_word' id='word_1_152' title='bbox 1335 2500 1585 2573; x_wconf 87' lang='lat' dir='ltr'><strong>cupimus</strong></span> <span class='ocrx_word' id='word_1_153' title='bbox 1610 2499 1766 2557; x_wconf 83' lang='lat' dir='ltr'><strong>invi-.</strong></span> 
     </span>
    </p>
   </div>
   <div class='ocr_carea' id='block_1_28' title="bbox 162 2594 964 2667">
    <p class='ocr_par' dir='ltr' id='par_1_28' title="bbox 162 2594 964 2667">
     <span class='ocr_line' id='line_1_28' title="bbox 162 2594 964 2667; baseline -0.002 -14"><span class='ocrx_word' id='word_1_154' title='bbox 162 2607 295 2664; x_wconf 89' lang='lat' dir='ltr'><strong>tare,</strong></span> <span class='ocrx_word' id='word_1_155' title='bbox 324 2605 383 2667; x_wconf 83' lang='lat' dir='ltr'><strong>et</strong></span> <span class='ocrx_word' id='word_1_156' title='bbox 417 2596 660 2652; x_wconf 83' lang='lat' dir='ltr'><strong>excitare</strong></span> <span class='ocrx_word' id='word_1_157' title='bbox 688 2594 964 2651; x_wconf 77' lang='lat' dir='ltr'><strong>absentes.</strong></span> 
     </span>
    </p>
   </div>
   <div class='ocr_carea' id='block_1_29' title="bbox 227 2684 1748 2759">
    <p class='ocr_par' dir='ltr' id='par_1_29' title="bbox 227 2684 1748 2759">
     <span class='ocr_line' id='line_1_29' title="bbox 227 2684 1748 2759; baseline -0.003 -14"><span class='ocrx_word' id='word_1_158' title='bbox 227 2688 648 2759; x_wconf 80' lang='lat' dir='ltr'><strong>Qualescunqne</strong></span> <span class='ocrx_word' id='word_1_159' title='bbox 684 2687 850 2759; x_wconf 85' lang='lat' dir='ltr'><strong>igitur</strong></span> <span class='ocrx_word' id='word_1_160' title='bbox 892 2687 1091 2743; x_wconf 88' lang='lat' dir='ltr'><strong>summi</strong></span> <span class='ocrx_word' id='word_1_161' title='bbox 1140 2684 1552 2758; x_wconf 77' lang='lat' dir='ltr'><strong>patrisfamilias</strong></span> <span class='ocrx_word' id='word_1_162' title='bbox 1580 2686 1748 2752; x_wconf 83' lang='lat' dir='ltr'><strong>servi,</strong></span> 
     </span>
    </p>
   </div>
   <div class='ocr_carea' id='block_1_30' title="bbox 164 2777 1753 2854">
    <p class='ocr_par' dir='ltr' id='par_1_30' title="bbox 164 2777 1753 2854">
     <span class='ocr_line' id='line_1_30' title="bbox 164 2777 1753 2854; baseline -0.003 -16"><span class='ocrx_word' id='word_1_163' title='bbox 164 2783 327 2854; x_wconf 84' lang='lat' dir='ltr'><strong>ipsius</strong></span> <span class='ocrx_word' id='word_1_164' title='bbox 354 2781 424 2837; x_wconf 82' lang='lat' dir='ltr'><strong>ad</strong></span> <span class='ocrx_word' id='word_1_165' title='bbox 452 2794 552 2837; x_wconf 84' lang='lat' dir='ltr'><strong>vos</strong></span> <span class='ocrx_word' id='word_1_166' title='bbox 582 2779 852 2851; x_wconf 72' lang='lat' dir='ltr'><strong>legatione</strong></span> <span class='ocrx_word' id='word_1_167' title='bbox 871 2777 1177 2851; x_wconf 82' lang='lat' dir='ltr'><strong>fungentes,</strong></span> <span class='ocrx_word' id='word_1_168' title='bbox 1203 2779 1271 2834; x_wconf 87' lang='lat' dir='ltr'><strong>ad</strong></span> <span class='ocrx_word' id='word_1_169' title='bbox 1286 2791 1508 2835; x_wconf 70' lang='lat' dir='ltr'><strong>orenam</strong></span> <span class='ocrx_word' id='word_1_170' title='bbox 1532 2777 1672 2850; x_wconf 86' lang='lat' dir='ltr'><strong>ejus,</strong></span> <span class='ocrx_word' id='word_1_171' title='bbox 1695 2789 1753 2834; x_wconf 89' lang='lat' dir='ltr'><strong>et</strong></span> 
     </span>
    </p>
   </div>
   <div class='ocr_carea' id='block_1_31' title="bbox 164 2868 1752 2944">
    <p class='ocr_par' dir='ltr' id='par_1_31' title="bbox 164 2868 1752 2944">
     <span class='ocr_line' id='line_1_31' title="bbox 164 2868 1752 2944; baseline -0.003 -16"><span class='ocrx_word' id='word_1_172' title='bbox 164 2873 229 2929; x_wconf 88' lang='lat' dir='ltr'><strong>ad</strong></span> <span class='ocrx_word' id='word_1_173' title='bbox 248 2873 466 2944; x_wconf 85' lang='lat' dir='ltr'><strong>nuptias</strong></span> <span class='ocrx_word' id='word_1_174' title='bbox 488 2884 588 2927; x_wconf 86' lang='lat' dir='ltr'><strong>vos</strong></span> <span class='ocrx_word' id='word_1_175' title='bbox 614 2871 945 2936; x_wconf 81' lang='lat' dir='ltr'><strong>invitamas;</strong></span> <span class='ocrx_word' id='word_1_176' title='bbox 996 2870 1118 2941; x_wconf 84' lang='lat' dir='ltr'><strong>ipso</strong></span> <span class='ocrx_word' id='word_1_177' title='bbox 1157 2868 1470 2940; x_wconf 81' lang='lat' dir='ltr'><strong>iujnngente</strong></span> <span class='ocrx_word' id='word_1_178' title='bbox 1495 2868 1752 2941; x_wconf 87' lang='lat' dir='ltr'><strong>adjicien-</strong></span> 
     </span>
    </p>
   </div>
   <div class='ocr_carea' id='block_1_32' title="bbox 166 2961 1748 3035">
    <p class='ocr_par' dir='ltr' id='par_1_32' title="bbox 166 2961 1748 3035">
     <span class='ocr_line' id='line_1_32' title="bbox 166 2961 1748 3035; baseline -0.005 -12"><span class='ocrx_word' id='word_1_179' title='bbox 166 2975 264 3033; x_wconf 87' lang='lat' dir='ltr'><strong>tes,</strong></span> <span class='ocrx_word' id='word_1_180' title='bbox 286 2974 476 3023; x_wconf 87' lang='lat' dir='ltr'><strong>tauros</strong></span> <span class='ocrx_word' id='word_1_181' title='bbox 504 2973 562 3022; x_wconf 86' lang='lat' dir='ltr'><strong>et</strong></span> <span class='ocrx_word' id='word_1_182' title='bbox 607 2963 778 3020; x_wconf 83' lang='lat' dir='ltr'><strong>altilia</strong></span> <span class='ocrx_word' id='word_1_183' title='bbox 808 2962 930 3035; x_wconf 83' lang='lat' dir='ltr'><strong>ejus</strong></span> <span class='ocrx_word' id='word_1_184' title='bbox 971 2978 1094 3020; x_wconf 87' lang='lat' dir='ltr'><strong>esse</strong></span> <span class='ocrx_word' id='word_1_185' title='bbox 1140 2962 1343 3029; x_wconf 87' lang='lat' dir='ltr'><strong>occisa,</strong></span> <span class='ocrx_word' id='word_1_186' title='bbox 1378 2970 1543 3033; x_wconf 88' lang='lat' dir='ltr'><strong>atque</strong></span> <span class='ocrx_word' id='word_1_187' title='bbox 1565 2961 1748 3017; x_wconf 87' lang='lat' dir='ltr'><strong>omnia</strong></span> 
     </span>
    </p>
   </div>
   <div class='ocr_carea' id='block_1_33' title="bbox 1853 2310 3448 2389">
    <p class='ocr_par' dir='ltr' id='par_1_33' title="bbox 1853 2310 3448 2389">
     <span class='ocr_line' id='line_1_33' title="bbox 1853 2310 3448 2389; baseline -0.004 -18"><span class='ocrx_word' id='word_1_188' title='bbox 1853 2316 2046 2372; x_wconf 84' lang='lat' dir='ltr'><strong>rabilia</strong></span> <span class='ocrx_word' id='word_1_189' title='bbox 2071 2334 2235 2389; x_wconf 78' lang='lat' dir='ltr'><strong>super</strong></span> <span class='ocrx_word' id='word_1_190' title='bbox 2249 2333 2462 2383; x_wconf 81' lang='lat' dir='ltr'><strong>aurum,</strong></span> <span class='ocrx_word' id='word_1_191' title='bbox 2492 2326 2540 2372; x_wconf 87' lang='lat' dir='ltr'><strong>ct</strong></span> <span class='ocrx_word' id='word_1_192' title='bbox 2560 2316 2791 2387; x_wconf 80' lang='lat' dir='ltr'><strong>lapidem</strong></span> <span class='ocrx_word' id='word_1_193' title='bbox 2820 2313 3105 2386; x_wconf 78' lang='lat' dir='ltr'><strong>pretiosum</strong></span> <span class='ocrx_word' id='word_1_194' title='bbox 3127 2310 3371 2373; x_wconf 86' lang='lat' dir='ltr'><strong>multum,</strong></span> <span class='ocrx_word' id='word_1_195' title='bbox 3394 2321 3448 2365; x_wconf 82' lang='lat' dir='ltr'><strong>ct</strong></span> 
     </span>
    </p>
   </div>
   <div class='ocr_carea' id='block_1_34' title="bbox 1851 2400 3451 2478">
    <p class='ocr_par' dir='ltr' id='par_1_34' title="bbox 1851 2400 3451 2478">
     <span class='ocr_line' id='line_1_34' title="bbox 1851 2400 3451 2478; baseline -0.001 -16"><span class='ocrx_word' id='word_1_196' title='bbox 1851 2407 2095 2462; x_wconf 79' lang='lat' dir='ltr'><strong>dulciora</strong></span> <span class='ocrx_word' id='word_1_197' title='bbox 2116 2424 2276 2478; x_wconf 82' lang='lat' dir='ltr'><strong>super</strong></span> <span class='ocrx_word' id='word_1_198' title='bbox 2308 2406 2413 2462; x_wconf 83' lang='lat' dir='ltr'><strong>mel</strong></span> <span class='ocrx_word' id='word_1_199' title='bbox 2432 2416 2480 2462; x_wconf 88' lang='lat' dir='ltr'><strong>et</strong></span> <span class='ocrx_word' id='word_1_200' title='bbox 2507 2407 2688 2478; x_wconf 79' lang='lat' dir='ltr'><strong>favum</strong></span> <span class='ocrx_word' id='word_1_201' title='bbox 2726 2404 2898 2477; x_wconf 85' lang='lat' dir='ltr'><strong>(Psal.</strong></span> <span class='ocrx_word' id='word_1_202' title='bbox 2930 2419 3088 2469; x_wconf 80' lang='lat' dir='ltr'><strong>xvm,</strong></span> <span class='ocrx_word' id='word_1_203' title='bbox 3121 2404 3204 2467; x_wconf 86' lang='lat' dir='ltr'><strong>l0,</strong></span> <span class='ocrx_word' id='word_1_204' title='bbox 3236 2402 3344 2471; x_wconf 81' lang='lat' dir='ltr'><strong>li).</strong></span> <span class='ocrx_word' id='word_1_205' title='bbox 3379 2400 3451 2461; x_wconf 75' lang='grc' dir='ltr'><strong>Βι</strong></span> 
     </span>
    </p>
   </div>
   <div class='ocr_carea' id='block_1_35' title="bbox 1852 2491 3450 2569">
    <p class='ocr_par' dir='ltr' id='par_1_35' title="bbox 1852 2491 3450 2569">
     <span class='ocr_line' id='line_1_35' title="bbox 1852 2491 3450 2569; baseline -0.004 -18"><span class='ocrx_word' id='word_1_206' title='bbox 1852 2495 1957 2552; x_wconf 86' lang='lat' dir='ltr'><strong>alia</strong></span> <span class='ocrx_word' id='word_1_207' title='bbox 1997 2511 2119 2568; x_wconf 65' lang='lat' dir='ltr'><strong>quae</strong></span> <span class='ocrx_word' id='word_1_208' title='bbox 2174 2497 2393 2568; x_wconf 77' lang='lat' dir='ltr'><strong>longum</strong></span> <span class='ocrx_word' id='word_1_209' title='bbox 2438 2505 2584 2552; x_wconf 79' lang='lat' dir='ltr'><strong>esset</strong></span> <span class='ocrx_word' id='word_1_210' title='bbox 2636 2509 2946 2552; x_wconf 85' lang='lat' dir='ltr'><strong>numerare.</strong></span> <span class='ocrx_word' id='word_1_211' title='bbox 2973 2493 3080 2552; x_wconf 86' lang='lat' dir='ltr'><strong>Eos</strong></span> <span class='ocrx_word' id='word_1_212' title='bbox 3108 2495 3324 2569; x_wconf 80' lang='lat' dir='ltr'><strong>quippe,</strong></span> <span class='ocrx_word' id='word_1_213' title='bbox 3353 2491 3450 2562; x_wconf 85' lang='lat' dir='ltr'><strong>qui</strong></span> 
     </span>
    </p>
   </div>
   <div class='ocr_carea' id='block_1_36' title="bbox 1758 2586 3450 2662">
    <p class='ocr_par' dir='ltr' id='par_1_36' title="bbox 1758 2586 3450 2662">
     <span class='ocr_line' id='line_1_36' title="bbox 1758 2586 3450 2662; baseline -0.004 -17"><span class='ocrx_word' id='word_1_214' title='bbox 1758 2642 1761 2645; x_wconf 35' lang='grc' dir='ltr'><strong><em>λ</em></strong></span> <span class='ocrx_word' id='word_1_215' title='bbox 1850 2604 1952 2662; x_wconf 90' lang='lat' dir='ltr'><strong>pro</strong></span> <span class='ocrx_word' id='word_1_216' title='bbox 1989 2589 2303 2647; x_wconf 71' lang='lat' dir='ltr'><strong>cmlestibus</strong></span> <span class='ocrx_word' id='word_1_217' title='bbox 2333 2600 2574 2655; x_wconf 84' lang='lat' dir='ltr'><strong>terrena,</strong></span> <span class='ocrx_word' id='word_1_218' title='bbox 2614 2603 2713 2660; x_wconf 90' lang='lat' dir='ltr'><strong>pro</strong></span> <span class='ocrx_word' id='word_1_219' title='bbox 2752 2586 3102 2658; x_wconf 85' lang='lat' dir='ltr'><strong>sempiternis</strong></span> <span class='ocrx_word' id='word_1_220' title='bbox 3123 2586 3366 2659; x_wconf 87' lang='lat' dir='ltr'><strong>peritura</strong></span> <span class='ocrx_word' id='word_1_221' title='bbox 3391 2593 3450 2640; x_wconf 83' lang='lat' dir='ltr'><strong>et</strong></span> 
     </span>
    </p>
   </div>
   <div class='ocr_carea' id='block_1_37' title="bbox 1853 2676 3460 2751">
    <p class='ocr_par' dir='ltr' id='par_1_37' title="bbox 1853 2676 3460 2751">
     <span class='ocr_line' id='line_1_37' title="bbox 1853 2676 3460 2751; baseline -0.006 -14"><span class='ocrx_word' id='word_1_222' title='bbox 1853 2681 2132 2737; x_wconf 88' lang='lat' dir='ltr'><strong>immunda</strong></span> <span class='ocrx_word' id='word_1_223' title='bbox 2183 2680 2582 2738; x_wconf 86' lang='lat' dir='ltr'><strong>oblectamenta</strong></span> <span class='ocrx_word' id='word_1_224' title='bbox 2632 2686 3099 2751; x_wconf 88' lang='lat' dir='ltr'><strong>contempserunt,</strong></span> <span class='ocrx_word' id='word_1_225' title='bbox 3151 2692 3260 2733; x_wconf 88' lang='lat' dir='ltr'><strong>non</strong></span> <span class='ocrx_word' id='word_1_226' title='bbox 3317 2676 3460 2733; x_wconf 85' lang='lat' dir='ltr'><strong>sinit.</strong></span> 
     </span>
    </p>
   </div>
   <div class='ocr_carea' id='block_1_38' title="bbox 1853 2772 3453 2847">
    <p class='ocr_par' dir='ltr' id='par_1_38' title="bbox 1853 2772 3453 2847">
     <span class='ocr_line' id='line_1_38' title="bbox 1853 2772 3453 2847; baseline -0.003 -15"><span class='ocrx_word' id='word_1_227' title='bbox 1853 2775 2090 2847; x_wconf 89' lang='lat' dir='ltr'><strong>Spiritus</strong></span> <span class='ocrx_word' id='word_1_228' title='bbox 2124 2785 2368 2843; x_wconf 85' lang='lat' dir='ltr'><strong>sanctus,</strong></span> <span class='ocrx_word' id='word_1_229' title='bbox 2401 2778 2496 2847; x_wconf 92' lang='lat' dir='ltr'><strong>qui</strong></span> <span class='ocrx_word' id='word_1_230' title='bbox 2550 2776 2668 2832; x_wconf 67' lang='lat' dir='ltr'><strong>haec</strong></span> <span class='ocrx_word' id='word_1_231' title='bbox 2699 2775 3012 2831; x_wconf 87' lang='lat' dir='ltr'><strong>testimonia</strong></span> <span class='ocrx_word' id='word_1_232' title='bbox 3040 2773 3093 2828; x_wconf 89' lang='lat' dir='ltr'><strong>in</strong></span> <span class='ocrx_word' id='word_1_233' title='bbox 3149 2772 3453 2844; x_wconf 86' lang='lat' dir='ltr'><strong>Scripturis</strong></span> 
     </span>
    </p>
   </div>
   <div class='ocr_carea' id='block_1_39' title="bbox 1852 2865 3451 2940">
    <p class='ocr_par' dir='ltr' id='par_1_39' title="bbox 1852 2865 3451 2940">
     <span class='ocr_line' id='line_1_39' title="bbox 1852 2865 3451 2940; baseline -0.004 -16"><span class='ocrx_word' id='word_1_234' title='bbox 1852 2867 2094 2940; x_wconf 74' lang='lat' dir='ltr'><strong>digessit,</strong></span> <span class='ocrx_word' id='word_1_235' title='bbox 2140 2876 2410 2938; x_wconf 78' lang='lat' dir='ltr'><strong>expertes,</strong></span> <span class='ocrx_word' id='word_1_236' title='bbox 2456 2875 2513 2922; x_wconf 88' lang='lat' dir='ltr'><strong>et</strong></span> <span class='ocrx_word' id='word_1_237' title='bbox 2563 2867 2873 2938; x_wconf 84' lang='lat' dir='ltr'><strong>inexpertos</strong></span> <span class='ocrx_word' id='word_1_238' title='bbox 2925 2880 3050 2922; x_wconf 84' lang='lat' dir='ltr'><strong>esse</strong></span> <span class='ocrx_word' id='word_1_239' title='bbox 3096 2865 3291 2921; x_wconf 87' lang='lat' dir='ltr'><strong>harum</strong></span> <span class='ocrx_word' id='word_1_240' title='bbox 3327 2880 3451 2936; x_wconf 68' lang='lat' dir='ltr'><strong>quae</strong></span> 
     </span>
    </p>
   </div>
   <div class='ocr_carea' id='block_1_40' title="bbox 1852 2954 3450 3029">
    <p class='ocr_par' dir='ltr' id='par_1_40' title="bbox 1852 2954 3450 3029">
     <span class='ocr_line' id='line_1_40' title="bbox 1852 2954 3450 3029; baseline -0.001 -16"><span class='ocrx_word' id='word_1_241' title='bbox 1852 2960 1907 3014; x_wconf 91' lang='lat' dir='ltr'><strong>in</strong></span> <span class='ocrx_word' id='word_1_242' title='bbox 1932 2958 2130 3015; x_wconf 85' lang='lat' dir='ltr'><strong>divinis</strong></span> <span class='ocrx_word' id='word_1_243' title='bbox 2155 2958 2386 3029; x_wconf 89' lang='lat' dir='ltr'><strong>eloquiis</strong></span> <span class='ocrx_word' id='word_1_244' title='bbox 2421 2957 2795 3029; x_wconf 80' lang='lat' dir='ltr'><strong>signiﬁcantur</strong></span> <span class='ocrx_word' id='word_1_245' title='bbox 2835 2954 3250 3013; x_wconf 77' lang='lat' dir='ltr'><strong>delectationuni</strong></span> <span class='ocrx_word' id='word_1_246' title='bbox 3277 2972 3296 3022; x_wconf 89' lang='lat'><strong>;</strong></span> <span class='ocrx_word' id='word_1_247' title='bbox 3329 2970 3450 3025; x_wconf 62' lang='lat' dir='ltr'><strong>qua</strong></span> 
     </span>
    </p>
   </div>
   <div class='ocr_carea' id='block_1_41' title="bbox 105 3038 3450 3134">
    <p class='ocr_par' dir='ltr' id='par_1_41' title="bbox 105 3038 3450 3134">
     <span class='ocr_line' id='line_1_41' title="bbox 105 3038 3450 3134; baseline -0.003 -22"><span class='ocrx_word' id='word_1_248' title='bbox 105 3125 116 3134; x_wconf 32' lang='lat'><strong>~</strong></span> <span class='ocrx_word' id='word_1_249' title='bbox 164 3065 372 3127; x_wconf 86' lang='lat' dir='ltr'><strong>parata,</strong></span> <span class='ocrx_word' id='word_1_250' title='bbox 414 3064 477 3112; x_wconf 90' lang='lat' dir='ltr'><strong>et</strong></span> <span class='ocrx_word' id='word_1_251' title='bbox 507 3055 626 3111; x_wconf 89' lang='lat' dir='ltr'><strong>sine</strong></span> <span class='ocrx_word' id='word_1_252' title='bbox 657 3054 919 3111; x_wconf 85' lang='lat' dir='ltr'><strong>dilatione</strong></span> <span class='ocrx_word' id='word_1_253' title='bbox 948 3052 1273 3110; x_wconf 87' lang='lat' dir='ltr'><strong>veniendum</strong></span> <span class='ocrx_word' id='word_1_254' title='bbox 1297 3068 1420 3110; x_wconf 87' lang='lat' dir='ltr'><strong>esse</strong></span> <span class='ocrx_word' id='word_1_255' title='bbox 1433 3053 1503 3108; x_wconf 89' lang='lat' dir='ltr'><strong>ad</strong></span> <span class='ocrx_word' id='word_1_256' title='bbox 1533 3051 1752 3124; x_wconf 81' lang='lat' dir='ltr'><strong>nuptias</strong></span> <span class='ocrx_word' id='word_1_257' title='bbox 1782 3038 1831 3100; x_wconf 78' lang='grc' dir='ltr'><strong>Β</strong></span> <span class='ocrx_word' id='word_1_258' title='bbox 1855 3060 2060 3122; x_wconf 79' lang='lat' dir='ltr'><strong>quanto</strong></span> <span class='ocrx_word' id='word_1_259' title='bbox 2088 3050 2321 3121; x_wconf 79' lang='lat' dir='ltr'><strong>majores</strong></span> <span class='ocrx_word' id='word_1_260' title='bbox 2348 3050 2458 3107; x_wconf 89' lang='lat' dir='ltr'><strong>sint</strong></span> <span class='ocrx_word' id='word_1_261' title='bbox 2483 3049 2703 3117; x_wconf 86' lang='lat' dir='ltr'><strong>mentis,</strong></span> <span class='ocrx_word' id='word_1_262' title='bbox 2726 3064 2889 3120; x_wconf 89' lang='lat' dir='ltr'><strong>quam</strong></span> <span class='ocrx_word' id='word_1_263' title='bbox 2917 3050 3156 3115; x_wconf 87' lang='lat' dir='ltr'><strong>ventris;</strong></span> <span class='ocrx_word' id='word_1_264' title='bbox 3184 3054 3450 3118; x_wconf 84' lang='lat' dir='ltr'><strong>quantum</strong></span> 
     </span>
    </p>
   </div>
   <div class='ocr_carea' id='block_1_42' title="bbox 166 3145 1754 3220">
    <p class='ocr_par' dir='ltr' id='par_1_42' title="bbox 166 3145 1754 3220">
     <span class='ocr_line' id='line_1_42' title="bbox 166 3145 1754 3220; baseline -0.001 -19"><span class='ocrx_word' id='word_1_265' title='bbox 166 3146 309 3216; x_wconf 61' lang='lat' dir='ltr'><strong>(Luc.</strong></span> <span class='ocrx_word' id='word_1_266' title='bbox 361 3147 502 3220; x_wconf 73' lang='lat' dir='ltr'><strong>xxv).</strong></span> <span class='ocrx_word' id='word_1_267' title='bbox 546 3146 910 3204; x_wconf 89' lang='lat' dir='ltr'><strong>Obsecramus</strong></span> <span class='ocrx_word' id='word_1_268' title='bbox 959 3161 1111 3218; x_wconf 84' lang='lat' dir='ltr'><strong>ergo,</strong></span> <span class='ocrx_word' id='word_1_269' title='bbox 1163 3146 1411 3217; x_wconf 82' lang='lat' dir='ltr'><strong>seponite</strong></span> <span class='ocrx_word' id='word_1_270' title='bbox 1438 3145 1754 3201; x_wconf 86' lang='lat' dir='ltr'><strong>occasiones</strong></span> 
     </span>
    </p>
   </div>
   <div class='ocr_carea' id='block_1_43' title="bbox 165 3235 1750 3309">
    <p class='ocr_par' dir='ltr' id='par_1_43' title="bbox 165 3235 1750 3309">
     <span class='ocr_line' id='line_1_43' title="bbox 165 3235 1750 3309; baseline -0.002 -16"><span class='ocrx_word' id='word_1_271' title='bbox 165 3237 279 3294; x_wconf 74' lang='lat' dir='ltr'><strong>illas</strong></span> <span class='ocrx_word' id='word_1_272' title='bbox 308 3238 514 3309; x_wconf 81' lang='lat' dir='ltr'><strong>quibus</strong></span> <span class='ocrx_word' id='word_1_273' title='bbox 539 3238 762 3309; x_wconf 89' lang='lat' dir='ltr'><strong>quidam</strong></span> <span class='ocrx_word' id='word_1_274' title='bbox 801 3251 1068 3293; x_wconf 87' lang='lat' dir='ltr'><strong>excusare</strong></span> <span class='ocrx_word' id='word_1_275' title='bbox 1095 3236 1291 3302; x_wconf 88' lang='lat' dir='ltr'><strong>solent,</strong></span> <span class='ocrx_word' id='word_1_276' title='bbox 1322 3237 1462 3292; x_wconf 90' lang='lat' dir='ltr'><strong>alius</strong></span> <span class='ocrx_word' id='word_1_277' title='bbox 1483 3235 1750 3294; x_wconf 87' lang='lat' dir='ltr'><strong>dicendo:</strong></span> 
     </span>
    </p>
   </div>
   <div class='ocr_carea' id='block_1_44' title="bbox 167 3324 1754 3400">
    <p class='ocr_par' dir='ltr' id='par_1_44' title="bbox 167 3324 1754 3400">
     <span class='ocr_line' id='line_1_44' title="bbox 167 3324 1754 3400; baseline 0.001 -15"><span class='ocrx_word' id='word_1_278' title='bbox 167 3324 386 3386; x_wconf 63' lang='lat' dir='ltr'><strong>Uxorem</strong></span> <span class='ocrx_word' id='word_1_279' title='bbox 414 3330 572 3396; x_wconf 75' lang='lat' dir='ltr'><strong>duxi,</strong></span> <span class='ocrx_word' id='word_1_280' title='bbox 610 3339 662 3384; x_wconf 91' lang='lat' dir='ltr'><strong>et</strong></span> <span class='ocrx_word' id='word_1_281' title='bbox 700 3328 819 3383; x_wconf 80' lang='lat' dir='ltr'><strong>ideo</strong></span> <span class='ocrx_word' id='word_1_282' title='bbox 840 3344 949 3384; x_wconf 88' lang='lat' dir='ltr'><strong>non</strong></span> <span class='ocrx_word' id='word_1_283' title='bbox 972 3344 1185 3400; x_wconf 78' lang='lat' dir='ltr'><strong>possunt</strong></span> <span class='ocrx_word' id='word_1_284' title='bbox 1213 3329 1418 3395; x_wconf 75' lang='lat' dir='ltr'><strong>venire;</strong></span> <span class='ocrx_word' id='word_1_285' title='bbox 1447 3328 1588 3384; x_wconf 91' lang='lat' dir='ltr'><strong>alius</strong></span> <span class='ocrx_word' id='word_1_286' title='bbox 1621 3344 1754 3386; x_wconf 88' lang='lat' dir='ltr'><strong>vero</strong></span> 
     </span>
    </p>
   </div>
   <div class='ocr_carea' id='block_1_45' title="bbox 169 3419 1757 3493">
    <p class='ocr_par' dir='ltr' id='par_1_45' title="bbox 169 3419 1757 3493">
     <span class='ocr_line' id='line_1_45' title="bbox 169 3419 1757 3493; baseline 0 -18"><span class='ocrx_word' id='word_1_287' title='bbox 169 3421 385 3478; x_wconf 81' lang='lat' dir='ltr'><strong>dicendo</strong></span> <span class='ocrx_word' id='word_1_288' title='bbox 423 3439 443 3478; x_wconf 86' lang='lat'><strong>:</strong></span> <span class='ocrx_word' id='word_1_289' title='bbox 479 3419 625 3493; x_wconf 74' lang='lat' dir='ltr'><strong>lugu</strong></span> <span class='ocrx_word' id='word_1_290' title='bbox 678 3421 835 3475; x_wconf 70' lang='lat' dir='ltr'><strong>boum</strong></span> <span class='ocrx_word' id='word_1_291' title='bbox 884 3421 989 3476; x_wconf 85' lang='lat' dir='ltr'><strong>emi</strong></span> <span class='ocrx_word' id='word_1_292' title='bbox 1035 3420 1283 3492; x_wconf 83' lang='lat' dir='ltr'><strong>quinque,</strong></span> <span class='ocrx_word' id='word_1_293' title='bbox 1326 3430 1374 3476; x_wconf 89' lang='lat' dir='ltr'><strong>et</strong></span> <span class='ocrx_word' id='word_1_294' title='bbox 1423 3437 1486 3476; x_wconf 86' lang='lat' dir='ltr'><strong>eo</strong></span> <span class='ocrx_word' id='word_1_295' title='bbox 1532 3420 1757 3492; x_wconf 84' lang='lat' dir='ltr'><strong>probare</strong></span> 
     </span>
    </p>
   </div>
   <div class='ocr_carea' id='block_1_46' title="bbox 169 3514 1754 3582">
    <p class='ocr_par' dir='ltr' id='par_1_46' title="bbox 169 3514 1754 3582">
     <span class='ocr_line' id='line_1_46' title="bbox 169 3514 1754 3582; baseline 0 -13"><span class='ocrx_word' id='word_1_296' title='bbox 169 3514 284 3581; x_wconf 74' lang='lat' dir='ltr'><strong>illa;</strong></span> <span class='ocrx_word' id='word_1_297' title='bbox 309 3516 453 3572; x_wconf 88' lang='lat' dir='ltr'><strong>alius</strong></span> <span class='ocrx_word' id='word_1_298' title='bbox 482 3525 663 3573; x_wconf 90' lang='lat' dir='ltr'><strong>autem</strong></span> <span class='ocrx_word' id='word_1_299' title='bbox 687 3534 703 3574; x_wconf 91' lang='lat'><strong>:</strong></span> <span class='ocrx_word' id='word_1_300' title='bbox 730 3514 925 3572; x_wconf 76' lang='lat' dir='ltr'><strong>Villam</strong></span> <span class='ocrx_word' id='word_1_301' title='bbox 952 3515 1074 3580; x_wconf 89' lang='lat' dir='ltr'><strong>emi,</strong></span> <span class='ocrx_word' id='word_1_302' title='bbox 1097 3525 1150 3571; x_wconf 86' lang='lat' dir='ltr'><strong>et</strong></span> <span class='ocrx_word' id='word_1_303' title='bbox 1179 3531 1385 3571; x_wconf 84' lang='lat' dir='ltr'><strong>necesse</strong></span> <span class='ocrx_word' id='word_1_304' title='bbox 1402 3514 1568 3571; x_wconf 78' lang='lat' dir='ltr'><strong>habeo</strong></span> <span class='ocrx_word' id='word_1_305' title='bbox 1587 3517 1754 3582; x_wconf 74' lang='lat' dir='ltr'><strong>exire,</strong></span> 
     </span>
    </p>
   </div>
   <div class='ocr_carea' id='block_1_47' title="bbox 167 3606 1757 3677">
    <p class='ocr_par' dir='ltr' id='par_1_47' title="bbox 167 3606 1757 3677">
     <span class='ocr_line' id='line_1_47' title="bbox 167 3606 1757 3677; baseline 0.002 -19"><span class='ocrx_word' id='word_1_306' title='bbox 167 3615 213 3659; x_wconf 87' lang='lat' dir='ltr'><strong>et</strong></span> <span class='ocrx_word' id='word_1_307' title='bbox 253 3608 425 3665; x_wconf 69' lang='lat' dir='ltr'><strong>sidere</strong></span> <span class='ocrx_word' id='word_1_308' title='bbox 470 3608 641 3663; x_wconf 68' lang='lat' dir='ltr'><strong>illam.</strong></span> <span class='ocrx_word' id='word_1_309' title='bbox 678 3607 780 3677; x_wconf 82' lang='lat' dir='ltr'><strong>Qui</strong></span> <span class='ocrx_word' id='word_1_310' title='bbox 811 3608 957 3664; x_wconf 84' lang='lat' dir='ltr'><strong>enim</strong></span> <span class='ocrx_word' id='word_1_311' title='bbox 984 3608 1062 3663; x_wconf 89' lang='lat' dir='ltr'><strong>sic</strong></span> <span class='ocrx_word' id='word_1_312' title='bbox 1111 3616 1395 3673; x_wconf 84' lang='lat' dir='ltr'><strong>excusant,</strong></span> <span class='ocrx_word' id='word_1_313' title='bbox 1426 3620 1533 3661; x_wconf 89' lang='lat' dir='ltr'><strong>non</strong></span> <span class='ocrx_word' id='word_1_314' title='bbox 1573 3620 1633 3661; x_wconf 87' lang='lat' dir='ltr'><strong>se</strong></span> <span class='ocrx_word' id='word_1_315' title='bbox 1662 3606 1757 3662; x_wconf 63' lang='lat' dir='ltr'><strong>deo</strong></span> 
     </span>
    </p>
   </div>
   <div class='ocr_carea' id='block_1_48' title="bbox 171 3693 1753 3770">
    <p class='ocr_par' dir='ltr' id='par_1_48' title="bbox 171 3693 1753 3770">
     <span class='ocr_line' id='line_1_48' title="bbox 171 3693 1753 3770; baseline 0 -17"><span class='ocrx_word' id='word_1_316' title='bbox 171 3693 403 3766; x_wconf 66' lang='lat' dir='ltr'><strong>tendunt,</strong></span> <span class='ocrx_word' id='word_1_317' title='bbox 439 3699 549 3755; x_wconf 82' lang='lat' dir='ltr'><strong>sed</strong></span> <span class='ocrx_word' id='word_1_318' title='bbox 588 3697 1058 3770; x_wconf 74' lang='lat' dir='ltr'><strong>patremfamilias,</strong></span> <span class='ocrx_word' id='word_1_319' title='bbox 1089 3698 1183 3768; x_wconf 90' lang='lat' dir='ltr'><strong>qui</strong></span> <span class='ocrx_word' id='word_1_320' title='bbox 1233 3712 1329 3754; x_wconf 89' lang='lat' dir='ltr'><strong>eos</strong></span> <span class='ocrx_word' id='word_1_321' title='bbox 1355 3697 1630 3765; x_wconf 88' lang='lat' dir='ltr'><strong>invitavit,</strong></span> <span class='ocrx_word' id='word_1_322' title='bbox 1666 3695 1753 3753; x_wconf 76' lang='lat' dir='ltr'><strong>of-</strong></span> 
     </span>
    </p>
   </div>
   <div class='ocr_carea' id='block_1_49' title="bbox 174 3776 1759 3862">
    <p class='ocr_par' dir='ltr' id='par_1_49' title="bbox 174 3776 1759 3862">
     <span class='ocr_line' id='line_1_49' title="bbox 174 3776 1759 3862; baseline 0.003 -20"><span class='ocrx_word' id='word_1_323' title='bbox 174 3786 401 3846; x_wconf 77' lang='lat' dir='ltr'><strong>fendunt.</strong></span> <span class='ocrx_word' id='word_1_324' title='bbox 431 3776 707 3862; x_wconf 85' lang='lat' dir='ltr'><strong>Sepositis</strong></span> <span class='ocrx_word' id='word_1_325' title='bbox 734 3790 898 3862; x_wconf 79' lang='lat' dir='ltr'><strong>igitur</strong></span> <span class='ocrx_word' id='word_1_326' title='bbox 928 3789 1013 3846; x_wconf 88' lang='lat' dir='ltr'><strong>his</strong></span> <span class='ocrx_word' id='word_1_327' title='bbox 1059 3798 1117 3846; x_wconf 91' lang='lat' dir='ltr'><strong>et</strong></span> <span class='ocrx_word' id='word_1_328' title='bbox 1155 3790 1408 3846; x_wconf 85' lang='lat' dir='ltr'><strong>omnibus</strong></span> <span class='ocrx_word' id='word_1_329' title='bbox 1449 3789 1759 3846; x_wconf 88' lang='lat' dir='ltr'><strong>excusatio-</strong></span> 
     </span>
    </p>
   </div>
   <div class='ocr_carea' id='block_1_50' title="bbox 172 3878 1759 3953">
    <p class='ocr_par' dir='ltr' id='par_1_50' title="bbox 172 3878 1759 3953">
     <span class='ocr_line' id='line_1_50' title="bbox 172 3878 1759 3953; baseline 0.002 -20"><span class='ocrx_word' id='word_1_330' title='bbox 172 3879 340 3949; x_wconf 82' lang='lat' dir='ltr'><strong>uibus,</strong></span> <span class='ocrx_word' id='word_1_331' title='bbox 382 3881 749 3939; x_wconf 85' lang='lat' dir='ltr'><strong>accelerando</strong></span> <span class='ocrx_word' id='word_1_332' title='bbox 779 3881 973 3937; x_wconf 85' lang='lat' dir='ltr'><strong>venite.</strong></span> <span class='ocrx_word' id='word_1_333' title='bbox 1002 3882 1227 3937; x_wconf 87' lang='lat' dir='ltr'><strong>Dicente</strong></span> <span class='ocrx_word' id='word_1_334' title='bbox 1256 3880 1402 3936; x_wconf 89' lang='lat' dir='ltr'><strong>enim</strong></span> <span class='ocrx_word' id='word_1_335' title='bbox 1442 3878 1638 3953; x_wconf 79' lang='lat' dir='ltr'><strong>angelo</strong></span> <span class='ocrx_word' id='word_1_336' title='bbox 1687 3879 1759 3936; x_wconf 88' lang='lat' dir='ltr'><strong>ad</strong></span> 
     </span>
    </p>
   </div>
   <div class='ocr_carea' id='block_1_51' title="bbox 170 3966 1759 4044">
    <p class='ocr_par' dir='ltr' id='par_1_51' title="bbox 170 3966 1759 4044">
     <span class='ocr_line' id='line_1_51' title="bbox 170 3966 1759 4044; baseline 0.003 -20"><span class='ocrx_word' id='word_1_337' title='bbox 170 3966 417 4028; x_wconf 71' lang='lat' dir='ltr'><strong>Joannem</strong></span> <span class='ocrx_word' id='word_1_338' title='bbox 450 3973 758 4043; x_wconf 80' lang='lat' dir='ltr'><strong>apostolum</strong></span> <span class='ocrx_word' id='word_1_339' title='bbox 786 3989 803 4028; x_wconf 90' lang='lat'><strong>:</strong></span> <span class='ocrx_word' id='word_1_340' title='bbox 825 3971 978 4028; x_wconf 84' lang='lat' dir='ltr'><strong>Beati</strong></span> <span class='ocrx_word' id='word_1_341' title='bbox 1004 3972 1117 4044; x_wconf 34' lang='lat' dir='ltr'><strong>quit</strong></span> <span class='ocrx_word' id='word_1_342' title='bbox 1133 3973 1204 4027; x_wconf 87' lang='lat' dir='ltr'><strong>ad</strong></span> <span class='ocrx_word' id='word_1_343' title='bbox 1230 3988 1430 4027; x_wconf 61' lang='lat' dir='ltr'><strong>canam</strong></span> <span class='ocrx_word' id='word_1_344' title='bbox 1453 3972 1759 4043; x_wconf 76' lang='lat' dir='ltr'><strong>nuptiarum</strong></span> 
     </span>
    </p>
   </div>
   <div class='ocr_carea' id='block_1_52' title="bbox 171 4062 1760 4137">
    <p class='ocr_par' dir='ltr' id='par_1_52' title="bbox 171 4062 1760 4137">
     <span class='ocr_line' id='line_1_52' title="bbox 171 4062 1760 4137; baseline 0.005 -24"><span class='ocrx_word' id='word_1_345' title='bbox 171 4062 282 4132; x_wconf 73' lang='lat' dir='ltr'><strong>agni</strong></span> <span class='ocrx_word' id='word_1_346' title='bbox 304 4064 482 4119; x_wconf 71' lang='lat' dir='ltr'><strong>mosi</strong></span> <span class='ocrx_word' id='word_1_347' title='bbox 520 4073 642 4119; x_wconf 82' lang='lat' dir='ltr'><strong>sunt</strong></span> <span class='ocrx_word' id='word_1_348' title='bbox 675 4063 866 4136; x_wconf 79' lang='lat' dir='ltr'><strong>(Apoc.</strong></span> <span class='ocrx_word' id='word_1_349' title='bbox 898 4079 1012 4131; x_wconf 79' lang='lat' dir='ltr'><strong>xix,</strong></span> <span class='ocrx_word' id='word_1_350' title='bbox 1039 4063 1094 4133; x_wconf 89' lang='lat'><strong>9)</strong></span> <span class='ocrx_word' id='word_1_351' title='bbox 1122 4080 1137 4130; x_wconf 88' lang='lat'><strong>;</strong></span> <span class='ocrx_word' id='word_1_352' title='bbox 1177 4078 1247 4119; x_wconf 90' lang='lat' dir='ltr'><strong>ne</strong></span> <span class='ocrx_word' id='word_1_353' title='bbox 1288 4062 1429 4120; x_wconf 81' lang='lat' dir='ltr'><strong>forte</strong></span> <span class='ocrx_word' id='word_1_354' title='bbox 1455 4063 1571 4135; x_wconf 86' lang='lat' dir='ltr'><strong>ipse</strong></span> <span class='ocrx_word' id='word_1_355' title='bbox 1593 4064 1760 4137; x_wconf 89' lang='lat' dir='ltr'><strong>(quod</strong></span> 
     </span>
    </p>
   </div>
   <div class='ocr_carea' id='block_1_53' title="bbox 171 4152 1762 4228">
    <p class='ocr_par' dir='ltr' id='par_1_53' title="bbox 171 4152 1762 4228">
     <span class='ocr_line' id='line_1_53' title="bbox 171 4152 1762 4228; baseline 0.001 -19"><span class='ocrx_word' id='word_1_356' title='bbox 171 4152 341 4228; x_wconf 70' lang='lat' dir='ltr'><strong>absit)</strong></span> <span class='ocrx_word' id='word_1_357' title='bbox 368 4154 577 4211; x_wconf 84' lang='lat' dir='ltr'><strong>merito</strong></span> <span class='ocrx_word' id='word_1_358' title='bbox 616 4153 928 4226; x_wconf 83' lang='lat' dir='ltr'><strong>indignatus</strong></span> <span class='ocrx_word' id='word_1_359' title='bbox 955 4155 1138 4212; x_wconf 84' lang='lat' dir='ltr'><strong>dicat:</strong></span> <span class='ocrx_word' id='word_1_360' title='bbox 1170 4154 1386 4226; x_wconf 73' lang='lat' dir='ltr'><strong>Nuptite</strong></span> <span class='ocrx_word' id='word_1_361' title='bbox 1406 4156 1616 4227; x_wconf 77' lang='lat' dir='ltr'><strong>quidem</strong></span> <span class='ocrx_word' id='word_1_362' title='bbox 1660 4171 1762 4228; x_wconf 60' lang='lat' dir='ltr'><strong>pao</strong></span> 
     </span>
    </p>
   </div>
   <div class='ocr_carea' id='block_1_54' title="bbox 171 4246 1758 4318">
    <p class='ocr_par' dir='ltr' id='par_1_54' title="bbox 171 4246 1758 4318">
     <span class='ocr_line' id='line_1_54' title="bbox 171 4246 1758 4318; baseline 0.001 -19"><span class='ocrx_word' id='word_1_363' title='bbox 171 4253 291 4302; x_wconf 64' lang='grc' dir='ltr'><strong>τι.</strong></span> <span class='ocrx_word' id='word_1_364' title='bbox 331 4257 486 4313; x_wconf 72' lang='lat' dir='ltr'><strong>sunt,</strong></span> <span class='ocrx_word' id='word_1_365' title='bbox 516 4247 609 4302; x_wconf 82' lang='lat' dir='ltr'><strong>sed</strong></span> <span class='ocrx_word' id='word_1_366' title='bbox 650 4247 742 4318; x_wconf 89' lang='lat' dir='ltr'><strong>qui</strong></span> <span class='ocrx_word' id='word_1_367' title='bbox 766 4247 974 4302; x_wconf 82' lang='lat' dir='ltr'><strong>invitati</strong></span> <span class='ocrx_word' id='word_1_368' title='bbox 1012 4258 1184 4315; x_wconf 83' lang='lat' dir='ltr'><strong>erant,</strong></span> <span class='ocrx_word' id='word_1_369' title='bbox 1228 4263 1332 4303; x_wconf 88' lang='lat' dir='ltr'><strong>non</strong></span> <span class='ocrx_word' id='word_1_370' title='bbox 1354 4246 1565 4317; x_wconf 80' lang='lat' dir='ltr'><strong>fuerant</strong></span> <span class='ocrx_word' id='word_1_371' title='bbox 1610 4246 1758 4317; x_wconf 81' lang='lat' dir='ltr'><strong>digni</strong></span> 
     </span>
    </p>
   </div>
   <div class='ocr_carea' id='block_1_55' title="bbox 171 4334 1756 4410">
    <p class='ocr_par' dir='ltr' id='par_1_55' title="bbox 171 4334 1756 4410">
     <span class='ocr_line' id='line_1_55' title="bbox 171 4334 1756 4410; baseline 0.003 -20"><span class='ocrx_word' id='word_1_372' title='bbox 171 4334 375 4405; x_wconf 64' lang='lat' dir='ltr'><strong>(Heruli.</strong></span> <span class='ocrx_word' id='word_1_373' title='bbox 414 4354 567 4405; x_wconf 73' lang='lat' dir='ltr'><strong>:xn,</strong></span> <span class='ocrx_word' id='word_1_374' title='bbox 589 4337 677 4409; x_wconf 85' lang='lat'><strong>8);</strong></span> <span class='ocrx_word' id='word_1_375' title='bbox 714 4347 808 4394; x_wconf 90' lang='lat' dir='ltr'><strong>aut</strong></span> <span class='ocrx_word' id='word_1_376' title='bbox 833 4348 982 4395; x_wconf 89' lang='lat' dir='ltr'><strong>certe</strong></span> <span class='ocrx_word' id='word_1_377' title='bbox 1017 4339 1147 4395; x_wconf 90' lang='lat' dir='ltr'><strong>illud</strong></span> <span class='ocrx_word' id='word_1_378' title='bbox 1181 4340 1325 4410; x_wconf 89' lang='lat' dir='ltr'><strong>quod</strong></span> <span class='ocrx_word' id='word_1_379' title='bbox 1349 4338 1756 4407; x_wconf 84' lang='lat' dir='ltr'><strong>terribiliusso-</strong></span> 
     </span>
    </p>
   </div>
   <div class='ocr_carea' id='block_1_56' title="bbox 172 4429 1758 4502">
    <p class='ocr_par' dir='ltr' id='par_1_56' title="bbox 172 4429 1758 4502">
     <span class='ocr_line' id='line_1_56' title="bbox 172 4429 1758 4502; baseline 0.003 -22"><span class='ocrx_word' id='word_1_380' title='bbox 172 4439 292 4485; x_wconf 69' lang='lat' dir='ltr'><strong>sane</strong></span> <span class='ocrx_word' id='word_1_381' title='bbox 315 4430 547 4487; x_wconf 75' lang='lat' dir='ltr'><strong>videtur</strong></span> <span class='ocrx_word' id='word_1_382' title='bbox 574 4447 588 4483; x_wconf 90' lang='lat'><strong>:</strong></span> <span class='ocrx_word' id='word_1_383' title='bbox 621 4429 786 4484; x_wconf 80' lang='lat' dir='ltr'><strong>Amen</strong></span> <span class='ocrx_word' id='word_1_384' title='bbox 822 4430 943 4483; x_wconf 82' lang='lat' dir='ltr'><strong>dico</strong></span> <span class='ocrx_word' id='word_1_385' title='bbox 968 4430 1130 4496; x_wconf 74' lang='lat' dir='ltr'><strong>vobis,</strong></span> <span class='ocrx_word' id='word_1_386' title='bbox 1160 4430 1301 4502; x_wconf 84' lang='lat' dir='ltr'><strong>quod</strong></span> <span class='ocrx_word' id='word_1_387' title='bbox 1335 4446 1485 4486; x_wconf 79' lang='lat' dir='ltr'><strong>nemo</strong></span> <span class='ocrx_word' id='word_1_388' title='bbox 1526 4432 1758 4486; x_wconf 72' lang='lat' dir='ltr'><strong>virorum</strong></span> 
     </span>
    </p>
   </div>
   <div class='ocr_carea' id='block_1_57' title="bbox 174 4516 1754 4596">
    <p class='ocr_par' dir='ltr' id='par_1_57' title="bbox 174 4516 1754 4596">
     <span class='ocr_line' id='line_1_57' title="bbox 174 4516 1754 4596; baseline 0.002 -22"><span class='ocrx_word' id='word_1_389' title='bbox 174 4516 374 4576; x_wconf 79' lang='lat' dir='ltr'><strong>illorum</strong></span> <span class='ocrx_word' id='word_1_390' title='bbox 398 4522 497 4596; x_wconf 74' lang='lat' dir='ltr'><strong>qui</strong></span> <span class='ocrx_word' id='word_1_391' title='bbox 526 4524 696 4578; x_wconf 80' lang='lat' dir='ltr'><strong>uocati</strong></span> <span class='ocrx_word' id='word_1_392' title='bbox 730 4531 880 4589; x_wconf 88' lang='lat' dir='ltr'><strong>sunt,</strong></span> <span class='ocrx_word' id='word_1_393' title='bbox 916 4524 1147 4594; x_wconf 80' lang='lat' dir='ltr'><strong>gustabit</strong></span> <span class='ocrx_word' id='word_1_394' title='bbox 1180 4540 1380 4578; x_wconf 67' lang='lat' dir='ltr'><strong>canam</strong></span> <span class='ocrx_word' id='word_1_395' title='bbox 1408 4540 1578 4579; x_wconf 81' lang='lat' dir='ltr'><strong>meant</strong></span> <span class='ocrx_word' id='word_1_396' title='bbox 1603 4523 1754 4596; x_wconf 83' lang='lat' dir='ltr'><strong>(Luc.</strong></span> 
     </span>
    </p>
   </div>
   <div class='ocr_carea' id='block_1_58' title="bbox 180 4612 1762 4687">
    <p class='ocr_par' dir='ltr' id='par_1_58' title="bbox 180 4612 1762 4687">
     <span class='ocr_line' id='line_1_58' title="bbox 180 4612 1762 4687; baseline 0.003 -22"><span class='ocrx_word' id='word_1_397' title='bbox 180 4623 284 4679; x_wconf 71' lang='lat' dir='ltr'><strong>xw,</strong></span> <span class='ocrx_word' id='word_1_398' title='bbox 304 4612 421 4687; x_wconf 67' lang='grc'><strong>24).</strong></span> <span class='ocrx_word' id='word_1_399' title='bbox 452 4616 593 4671; x_wconf 86' lang='lat' dir='ltr'><strong>Cum</strong></span> <span class='ocrx_word' id='word_1_400' title='bbox 624 4614 770 4670; x_wconf 85' lang='lat' dir='ltr'><strong>dicat</strong></span> <span class='ocrx_word' id='word_1_401' title='bbox 799 4613 1080 4685; x_wconf 87' lang='lat' dir='ltr'><strong>Scriptura</strong></span> <span class='ocrx_word' id='word_1_402' title='bbox 1114 4632 1131 4670; x_wconf 90' lang='lat'><strong>:</strong></span> <span class='ocrx_word' id='word_1_403' title='bbox 1161 4613 1357 4679; x_wconf 68' lang='lat' dir='ltr'><strong>Beatus</strong></span> <span class='ocrx_word' id='word_1_404' title='bbox 1396 4615 1488 4685; x_wconf 86' lang='lat' dir='ltr'><strong>qui</strong></span> <span class='ocrx_word' id='word_1_405' title='bbox 1525 4615 1762 4686; x_wconf 84' lang='lat' dir='ltr'><strong>loquitur</strong></span> 
     </span>
    </p>
   </div>
   <div class='ocr_carea' id='block_1_59' title="bbox 182 4702 1763 4781">
    <p class='ocr_par' dir='ltr' id='par_1_59' title="bbox 182 4702 1763 4781">
     <span class='ocr_line' id='line_1_59' title="bbox 182 4702 1763 4781; baseline 0.005 -26"><span class='ocrx_word' id='word_1_406' title='bbox 182 4702 234 4756; x_wconf 77' lang='lat' dir='ltr'><strong>in</strong></span> <span class='ocrx_word' id='word_1_407' title='bbox 259 4707 473 4764; x_wconf 80' lang='lat' dir='ltr'><strong>auribus</strong></span> <span class='ocrx_word' id='word_1_408' title='bbox 499 4709 764 4763; x_wconf 83' lang='lat' dir='ltr'><strong>audientis</strong></span> <span class='ocrx_word' id='word_1_409' title='bbox 791 4707 983 4779; x_wconf 85' lang='lat' dir='ltr'><strong>(Eccli.</strong></span> <span class='ocrx_word' id='word_1_410' title='bbox 1000 4723 1127 4772; x_wconf 85' lang='lat' dir='ltr'><strong>xxv,</strong></span> <span class='ocrx_word' id='word_1_411' title='bbox 1151 4707 1266 4781; x_wconf 73' lang='grc'><strong>12),</strong></span> <span class='ocrx_word' id='word_1_412' title='bbox 1294 4708 1349 4763; x_wconf 86' lang='lat' dir='ltr'><strong>id</strong></span> <span class='ocrx_word' id='word_1_413' title='bbox 1371 4707 1763 4779; x_wconf 76' lang='lat' dir='ltr'><strong>estiutelligen-</strong></span> 
     </span>
    </p>
   </div>
   <div class='ocr_carea' id='block_1_60' title="bbox 184 4795 1764 4873">
    <p class='ocr_par' dir='ltr' id='par_1_60' title="bbox 184 4795 1764 4873">
     <span class='ocr_line' id='line_1_60' title="bbox 184 4795 1764 4873; baseline 0.004 -22"><span class='ocrx_word' id='word_1_414' title='bbox 184 4795 276 4863; x_wconf 86' lang='lat' dir='ltr'><strong>tis;</strong></span> <span class='ocrx_word' id='word_1_415' title='bbox 302 4800 545 4857; x_wconf 86' lang='lat' dir='ltr'><strong>scientes</strong></span> <span class='ocrx_word' id='word_1_416' title='bbox 571 4816 671 4858; x_wconf 89' lang='lat' dir='ltr'><strong>nos</strong></span> <span class='ocrx_word' id='word_1_417' title='bbox 698 4815 1038 4873; x_wconf 89' lang='lat' dir='ltr'><strong>nequaquam</strong></span> <span class='ocrx_word' id='word_1_418' title='bbox 1068 4800 1364 4873; x_wconf 89' lang='lat' dir='ltr'><strong>imperitis,</strong></span> <span class='ocrx_word' id='word_1_419' title='bbox 1395 4800 1491 4858; x_wconf 89' lang='lat' dir='ltr'><strong>sed</strong></span> <span class='ocrx_word' id='word_1_420' title='bbox 1533 4800 1764 4857; x_wconf 89' lang='lat' dir='ltr'><strong>eruditis</strong></span> 
     </span>
    </p>
   </div>
   <div class='ocr_carea' id='block_1_61' title="bbox 183 4887 1763 4963">
    <p class='ocr_par' dir='ltr' id='par_1_61' title="bbox 183 4887 1763 4963">
     <span class='ocr_line' id='line_1_61' title="bbox 183 4887 1763 4963; baseline 0.006 -25"><span class='ocrx_word' id='word_1_421' title='bbox 183 4887 394 4947; x_wconf 84' lang='lat' dir='ltr'><strong>auribus</strong></span> <span class='ocrx_word' id='word_1_422' title='bbox 432 4890 617 4962; x_wconf 87' lang='lat' dir='ltr'><strong>loqui;</strong></span> <span class='ocrx_word' id='word_1_423' title='bbox 654 4891 1061 4963; x_wconf 62' lang='lat' dir='ltr'><strong>praemissarum</strong></span> <span class='ocrx_word' id='word_1_424' title='bbox 1098 4892 1486 4947; x_wconf 88' lang='lat' dir='ltr'><strong>sententiarum</strong></span> <span class='ocrx_word' id='word_1_425' title='bbox 1524 4892 1763 4962; x_wconf 86' lang='lat' dir='ltr'><strong>pondus,-</strong></span> 
     </span>
    </p>
   </div>
   <div class='ocr_carea' id='block_1_62' title="bbox 183 4983 1762 5054">
    <p class='ocr_par' dir='ltr' id='par_1_62' title="bbox 183 4983 1762 5054">
     <span class='ocr_line' id='line_1_62' title="bbox 183 4983 1762 5054; baseline 0.006 -22"><span class='ocrx_word' id='word_1_426' title='bbox 183 4984 336 5050; x_wconf 87' lang='lat' dir='ltr'><strong>atque</strong></span> <span class='ocrx_word' id='word_1_427' title='bbox 363 4984 710 5054; x_wconf 79' lang='lat' dir='ltr'><strong>gravitatem,</strong></span> <span class='ocrx_word' id='word_1_428' title='bbox 739 4983 1032 5040; x_wconf 85' lang='lat' dir='ltr'><strong>verborum</strong></span> <span class='ocrx_word' id='word_1_429' title='bbox 1073 4992 1384 5043; x_wconf 84' lang='lat' dir='ltr'><strong>nostrorum</strong></span> <span class='ocrx_word' id='word_1_430' title='bbox 1421 4984 1762 5054; x_wconf 80' lang='lat' dir='ltr'><strong>expositione</strong></span> 
     </span>
    </p>
   </div>
   <div class='ocr_carea' id='block_1_63' title="bbox 185 5069 1763 5142">
    <p class='ocr_par' dir='ltr' id='par_1_63' title="bbox 185 5069 1763 5142">
     <span class='ocr_line' id='line_1_63' title="bbox 185 5069 1763 5142; baseline 0.006 -22"><span class='ocrx_word' id='word_1_431' title='bbox 185 5073 570 5129; x_wconf 76' lang='lat' dir='ltr'><strong>extenuandam</strong></span> <span class='ocrx_word' id='word_1_432' title='bbox 599 5071 820 5129; x_wconf 87' lang='lat' dir='ltr'><strong>minime</strong></span> <span class='ocrx_word' id='word_1_433' title='bbox 840 5069 1168 5140; x_wconf 71' lang='lat' dir='ltr'><strong>iudicamus.</strong></span> <span class='ocrx_word' id='word_1_434' title='bbox 1206 5071 1324 5138; x_wconf 82' lang='lat' dir='ltr'><strong>Quo</strong></span> <span class='ocrx_word' id='word_1_435' title='bbox 1349 5072 1633 5142; x_wconf 65' lang='lat' dir='ltr'><strong>prmiiilssa</strong></span> <span class='ocrx_word' id='word_1_436' title='bbox 1678 5074 1763 5129; x_wconf 86' lang='lat' dir='ltr'><strong>in-</strong></span> 
     </span>
    </p>
   </div>
   <div class='ocr_carea' id='block_1_64' title="bbox 188 5156 1762 5235">
    <p class='ocr_par' dir='ltr' id='par_1_64' title="bbox 188 5156 1762 5235">
     <span class='ocr_line' id='line_1_64' title="bbox 188 5156 1762 5235; baseline 0.006 -25"><span class='ocrx_word' id='word_1_437' title='bbox 188 5156 365 5217; x_wconf 87' lang='lat' dir='ltr'><strong>vitatio</strong></span> <span class='ocrx_word' id='word_1_438' title='bbox 401 5163 586 5230; x_wconf 87' lang='lat' dir='ltr'><strong>trahit,</strong></span> <span class='ocrx_word' id='word_1_439' title='bbox 613 5170 698 5230; x_wconf 90' lang='lat' dir='ltr'><strong>ut,</strong></span> <span class='ocrx_word' id='word_1_440' title='bbox 724 5171 1036 5234; x_wconf 87' lang='lat' dir='ltr'><strong>contempta</strong></span> <span class='ocrx_word' id='word_1_441' title='bbox 1060 5162 1351 5219; x_wconf 75' lang='lat' dir='ltr'><strong>mundanae</strong></span> <span class='ocrx_word' id='word_1_442' title='bbox 1375 5162 1644 5235; x_wconf 67' lang='lat' dir='ltr'><strong>superbiat</strong></span> <span class='ocrx_word' id='word_1_443' title='bbox 1665 5178 1762 5219; x_wconf 89' lang='lat' dir='ltr'><strong>va-</strong></span> 
     </span>
    </p>
   </div>
   <div class='ocr_carea' id='block_1_65' title="bbox 189 5249 1758 5327">
    <p class='ocr_par' dir='ltr' id='par_1_65' title="bbox 189 5249 1758 5327">
     <span class='ocr_line' id='line_1_65' title="bbox 189 5249 1758 5327; baseline 0.004 -22"><span class='ocrx_word' id='word_1_444' title='bbox 189 5249 368 5321; x_wconf 84' lang='lat' dir='ltr'><strong>nitate,</strong></span> <span class='ocrx_word' id='word_1_445' title='bbox 410 5254 617 5313; x_wconf 85' lang='lat' dir='ltr'><strong>Christi</strong></span> <span class='ocrx_word' id='word_1_446' title='bbox 668 5255 1035 5311; x_wconf 84' lang='lat' dir='ltr'><strong>humilitatem</strong></span> <span class='ocrx_word' id='word_1_447' title='bbox 1083 5264 1430 5326; x_wconf 86' lang='lat' dir='ltr'><strong>sequantur;</strong></span> <span class='ocrx_word' id='word_1_448' title='bbox 1465 5264 1758 5327; x_wconf 88' lang='lat' dir='ltr'><strong>quantum-</strong></span> 
     </span>
    </p>
   </div>
   <div class='ocr_carea' id='block_1_66' title="bbox 189 5344 1762 5415">
    <p class='ocr_par' dir='ltr' id='par_1_66' title="bbox 189 5344 1762 5415">
     <span class='ocr_line' id='line_1_66' title="bbox 189 5344 1762 5415; baseline 0.003 -17"><span class='ocrx_word' id='word_1_449' title='bbox 189 5353 391 5415; x_wconf 76' lang='lat' dir='ltr'><strong>cunque</strong></span> <span class='ocrx_word' id='word_1_450' title='bbox 422 5346 650 5413; x_wconf 85' lang='lat' dir='ltr'><strong>divitiis,</strong></span> <span class='ocrx_word' id='word_1_451' title='bbox 685 5346 771 5402; x_wconf 89' lang='lat' dir='ltr'><strong>vel</strong></span> <span class='ocrx_word' id='word_1_452' title='bbox 799 5344 1012 5403; x_wconf 85' lang='lat' dir='ltr'><strong>deliciis</strong></span> <span class='ocrx_word' id='word_1_453' title='bbox 1061 5346 1117 5402; x_wconf 91' lang='lat' dir='ltr'><strong>in</strong></span> <span class='ocrx_word' id='word_1_454' title='bbox 1147 5345 1423 5403; x_wconf 90' lang='lat' dir='ltr'><strong>mundana</strong></span> <span class='ocrx_word' id='word_1_455' title='bbox 1467 5360 1762 5402; x_wconf 55' lang='lat' dir='ltr'><strong>conversa-2</strong></span> 
     </span>
    </p>
   </div>
   <div class='ocr_carea' id='block_1_67' title="bbox 191 5431 1760 5510">
    <p class='ocr_par' dir='ltr' id='par_1_67' title="bbox 191 5431 1760 5510">
     <span class='ocr_line' id='line_1_67' title="bbox 191 5431 1760 5510; baseline 0.008 -23"><span class='ocrx_word' id='word_1_456' title='bbox 191 5431 327 5491; x_wconf 86' lang='lat' dir='ltr'><strong>tione</strong></span> <span class='ocrx_word' id='word_1_457' title='bbox 351 5435 676 5504; x_wconf 73' lang='lat' dir='ltr'><strong>aﬂuxesint,</strong></span> <span class='ocrx_word' id='word_1_458' title='bbox 699 5438 894 5510; x_wconf 87' lang='lat' dir='ltr'><strong>gaudia</strong></span> <span class='ocrx_word' id='word_1_459' title='bbox 923 5452 1031 5494; x_wconf 89' lang='lat' dir='ltr'><strong>non</strong></span> <span class='ocrx_word' id='word_1_460' title='bbox 1078 5438 1359 5505; x_wconf 84' lang='lat' dir='ltr'><strong>amittunt,</strong></span> <span class='ocrx_word' id='word_1_461' title='bbox 1387 5435 1480 5496; x_wconf 82' lang='lat' dir='ltr'><strong>sed</strong></span> <span class='ocrx_word' id='word_1_462' title='bbox 1527 5443 1760 5503; x_wconf 61' lang='lat' dir='ltr'><strong>mutant.</strong></span> 
     </span>
    </p>
   </div>
   <div class='ocr_carea' id='block_1_68' title="bbox 188 5520 1762 5603">
    <p class='ocr_par' dir='ltr' id='par_1_68' title="bbox 188 5520 1762 5603">
     <span class='ocr_line' id='line_1_68' title="bbox 188 5520 1762 5603; baseline 0.004 -27"><span class='ocrx_word' id='word_1_463' title='bbox 188 5520 294 5581; x_wconf 70' lang='lat' dir='ltr'><strong>lino</strong></span> <span class='ocrx_word' id='word_1_464' title='bbox 336 5542 464 5585; x_wconf 81' lang='lat' dir='ltr'><strong>vero</strong></span> <span class='ocrx_word' id='word_1_465' title='bbox 492 5529 758 5603; x_wconf 88' lang='lat' dir='ltr'><strong>(exceptis</strong></span> <span class='ocrx_word' id='word_1_466' title='bbox 801 5529 1232 5597; x_wconf 65' lang='lat' dir='ltr'><strong>aeternisbonis,</strong></span> <span class='ocrx_word' id='word_1_467' title='bbox 1261 5545 1385 5602; x_wconf 62' lang='lat' dir='ltr'><strong>quae</strong></span> <span class='ocrx_word' id='word_1_468' title='bbox 1437 5543 1541 5589; x_wconf 87' lang='lat' dir='ltr'><strong>nec</strong></span> <span class='ocrx_word' id='word_1_469' title='bbox 1571 5527 1762 5599; x_wconf 83' lang='lat' dir='ltr'><strong>oculus</strong></span> 
     </span>
    </p>
   </div>
   <div class='ocr_carea' id='block_1_69' title="bbox 189 5612 1762 5687">
    <p class='ocr_par' dir='ltr' id='par_1_69' title="bbox 189 5612 1762 5687">
     <span class='ocr_line' id='line_1_69' title="bbox 189 5612 1762 5687; baseline 0.004 -18"><span class='ocrx_word' id='word_1_470' title='bbox 189 5612 334 5683; x_wconf 86' lang='lat' dir='ltr'><strong>vidit,</strong></span> <span class='ocrx_word' id='word_1_471' title='bbox 381 5636 482 5678; x_wconf 87' lang='lat' dir='ltr'><strong>nec</strong></span> <span class='ocrx_word' id='word_1_472' title='bbox 524 5624 676 5680; x_wconf 82' lang='lat' dir='ltr'><strong>auris</strong></span> <span class='ocrx_word' id='word_1_473' title='bbox 695 5623 1038 5687; x_wconf 87' lang='lat' dir='ltr'><strong>audivit,nec</strong></span> <span class='ocrx_word' id='word_1_474' title='bbox 1079 5623 1135 5680; x_wconf 90' lang='lat' dir='ltr'><strong>iu</strong></span> <span class='ocrx_word' id='word_1_475' title='bbox 1164 5621 1521 5683; x_wconf 80' lang='lat' dir='ltr'><strong>corbaminis</strong></span> <span class='ocrx_word' id='word_1_476' title='bbox 1569 5634 1762 5678; x_wconf 85' lang='lat' dir='ltr'><strong>ascen-</strong></span> 
     </span>
    </p>
   </div>
   <div class='ocr_carea' id='block_1_70' title="bbox 1856 3139 3457 3214">
    <p class='ocr_par' dir='ltr' id='par_1_70' title="bbox 1856 3139 3457 3214">
     <span class='ocr_line' id='line_1_70' title="bbox 1856 3139 3457 3214; baseline -0.002 -16"><span class='ocrx_word' id='word_1_477' title='bbox 1856 3142 2096 3212; x_wconf 85' lang='lat' dir='ltr'><strong>potiores</strong></span> <span class='ocrx_word' id='word_1_478' title='bbox 2125 3141 2456 3214; x_wconf 87' lang='lat' dir='ltr'><strong>spirituales,</strong></span> <span class='ocrx_word' id='word_1_479' title='bbox 2480 3156 2645 3213; x_wconf 86' lang='lat' dir='ltr'><strong>quam</strong></span> <span class='ocrx_word' id='word_1_480' title='bbox 2665 3141 2937 3210; x_wconf 85' lang='lat' dir='ltr'><strong>carnales,</strong></span> <span class='ocrx_word' id='word_1_481' title='bbox 2967 3140 3234 3214; x_wconf 80' lang='lat' dir='ltr'><strong>inexperti</strong></span> <span class='ocrx_word' id='word_1_482' title='bbox 3262 3139 3457 3195; x_wconf 87' lang='lat' dir='ltr'><strong>audire</strong></span> 
     </span>
    </p>
   </div>
   <div class='ocr_carea' id='block_1_71' title="bbox 1852 3231 3451 3306">
    <p class='ocr_par' dir='ltr' id='par_1_71' title="bbox 1852 3231 3451 3306">
     <span class='ocr_line' id='line_1_71' title="bbox 1852 3231 3451 3306; baseline -0.003 -17"><span class='ocrx_word' id='word_1_483' title='bbox 1852 3242 2097 3305; x_wconf 85' lang='lat' dir='ltr'><strong>possunt,</strong></span> <span class='ocrx_word' id='word_1_484' title='bbox 2129 3232 2431 3306; x_wconf 88' lang='lat' dir='ltr'><strong>intelligere</strong></span> <span class='ocrx_word' id='word_1_485' title='bbox 2479 3240 2684 3302; x_wconf 86' lang='lat' dir='ltr'><strong>autem,</strong></span> <span class='ocrx_word' id='word_1_486' title='bbox 2715 3232 2802 3290; x_wconf 82' lang='lat' dir='ltr'><strong>vel</strong></span> <span class='ocrx_word' id='word_1_487' title='bbox 2851 3246 3033 3299; x_wconf 90' lang='lat' dir='ltr'><strong>nosse,</strong></span> <span class='ocrx_word' id='word_1_488' title='bbox 3076 3231 3301 3288; x_wconf 88' lang='lat' dir='ltr'><strong>omnino</strong></span> <span class='ocrx_word' id='word_1_489' title='bbox 3343 3245 3451 3285; x_wconf 90' lang='lat' dir='ltr'><strong>non</strong></span> 
     </span>
    </p>
   </div>
   <div class='ocr_carea' id='block_1_72' title="bbox 1857 3308 3459 3398">
    <p class='ocr_par' dir='ltr' id='par_1_72' title="bbox 1857 3308 3459 3398">
     <span class='ocr_line' id='line_1_72' title="bbox 1857 3308 3459 3398; baseline -0.004 -16"><span class='ocrx_word' id='word_1_490' title='bbox 1857 3332 2102 3397; x_wconf 88' lang='lat' dir='ltr'><strong>possunt.</strong></span> <span class='ocrx_word' id='word_1_491' title='bbox 2133 3325 2369 3382; x_wconf 77' lang='lat' dir='ltr'><strong>Noverat</strong></span> <span class='ocrx_word' id='word_1_492' title='bbox 2398 3334 2596 3389; x_wconf 84' lang='lat' dir='ltr'><strong>autem</strong></span> <span class='ocrx_word' id='word_1_493' title='bbox 2625 3323 2911 3398; x_wconf 83' lang='lat' dir='ltr'><strong>Apotolus,</strong></span> <span class='ocrx_word' id='word_1_494' title='bbox 2938 3324 3030 3396; x_wconf 88' lang='lat' dir='ltr'><strong>qui</strong></span> <span class='ocrx_word' id='word_1_495' title='bbox 3052 3321 3270 3380; x_wconf 89' lang='lat' dir='ltr'><strong>dicebat</strong></span> <span class='ocrx_word' id='word_1_496' title='bbox 3302 3339 3317 3378; x_wconf 92' lang='lat'><strong>:</strong></span> <span class='ocrx_word' id='word_1_497' title='bbox 3348 3308 3459 3376; x_wconf 65' lang='grc' dir='ltr'><strong>Ῐίε-</strong></span> 
     </span>
    </p>
   </div>
   <div class='ocr_carea' id='block_1_73' title="bbox 1855 3415 3459 3490">
    <p class='ocr_par' dir='ltr' id='par_1_73' title="bbox 1855 3415 3459 3490">
     <span class='ocr_line' id='line_1_73' title="bbox 1855 3415 3459 3490; baseline -0.001 -19"><span class='ocrx_word' id='word_1_498' title='bbox 1855 3418 2024 3489; x_wconf 79' lang='lat' dir='ltr'><strong>pletus</strong></span> <span class='ocrx_word' id='word_1_499' title='bbox 2051 3435 2170 3474; x_wconf 86' lang='lat' dir='ltr'><strong>sum</strong></span> <span class='ocrx_word' id='word_1_500' title='bbox 2195 3418 2570 3488; x_wconf 85' lang='lat' dir='ltr'><strong>consolatione,</strong></span> <span class='ocrx_word' id='word_1_501' title='bbox 2605 3417 2972 3490; x_wconf 82' lang='lat' dir='ltr'><strong>superabundo</strong></span> <span class='ocrx_word' id='word_1_502' title='bbox 3008 3418 3205 3489; x_wconf 82' lang='lat' dir='ltr'><strong>gaudio</strong></span> <span class='ocrx_word' id='word_1_503' title='bbox 3232 3417 3288 3472; x_wconf 87' lang='lat' dir='ltr'><strong>in</strong></span> <span class='ocrx_word' id='word_1_504' title='bbox 3310 3415 3459 3473; x_wconf 79' lang='lat' dir='ltr'><strong>omni</strong></span> 
     </span>
    </p>
   </div>
   <div class='ocr_carea' id='block_1_74' title="bbox 1857 3508 3457 3584">
    <p class='ocr_par' dir='ltr' id='par_1_74' title="bbox 1857 3508 3457 3584">
     <span class='ocr_line' id='line_1_74' title="bbox 1857 3508 3457 3584; baseline 0 -19"><span class='ocrx_word' id='word_1_505' title='bbox 1857 3511 2198 3568; x_wconf 86' lang='lat' dir='ltr'><strong>tribulatione</strong></span> <span class='ocrx_word' id='word_1_506' title='bbox 2225 3522 2406 3567; x_wconf 85' lang='lat' dir='ltr'><strong>nostra</strong></span> <span class='ocrx_word' id='word_1_507' title='bbox 2429 3511 2519 3584; x_wconf 86' lang='grc' dir='ltr'><strong>(ΙΙ</strong></span> <span class='ocrx_word' id='word_1_508' title='bbox 2545 3508 2672 3567; x_wconf 86' lang='lat' dir='ltr'><strong>Cor.</strong></span> <span class='ocrx_word' id='word_1_509' title='bbox 2693 3510 2880 3583; x_wconf 61' lang='lat' dir='ltr'><strong>Vll,‘).</strong></span> <span class='ocrx_word' id='word_1_510' title='bbox 2915 3509 3031 3567; x_wconf 85' lang='lat' dir='ltr'><strong>Non</strong></span> <span class='ocrx_word' id='word_1_511' title='bbox 3055 3511 3216 3578; x_wconf 78' lang='lat' dir='ltr'><strong>dixit,</strong></span> <span class='ocrx_word' id='word_1_512' title='bbox 3253 3510 3307 3566; x_wconf 94' lang='lat' dir='ltr'><strong>in</strong></span> <span class='ocrx_word' id='word_1_513' title='bbox 3327 3524 3457 3580; x_wconf 62' lang='lat' dir='ltr'><strong>proa</strong></span> 
     </span>
    </p>
   </div>
   <div class='ocr_carea' id='block_1_75' title="bbox 1857 3601 3459 3675">
    <p class='ocr_par' dir='ltr' id='par_1_75' title="bbox 1857 3601 3459 3675">
     <span class='ocr_line' id='line_1_75' title="bbox 1857 3601 3459 3675; baseline 0 -18"><span class='ocrx_word' id='word_1_514' title='bbox 1857 3603 2139 3675; x_wconf 85' lang='lat' dir='ltr'><strong>speritate,</strong></span> <span class='ocrx_word' id='word_1_515' title='bbox 2169 3604 2263 3660; x_wconf 88' lang='lat' dir='ltr'><strong>sed</strong></span> <span class='ocrx_word' id='word_1_516' title='bbox 2297 3604 2350 3660; x_wconf 89' lang='lat' dir='ltr'><strong>in</strong></span> <span class='ocrx_word' id='word_1_517' title='bbox 2376 3603 2753 3673; x_wconf 85' lang='lat' dir='ltr'><strong>tribulatione;</strong></span> <span class='ocrx_word' id='word_1_518' title='bbox 2806 3618 2908 3660; x_wconf 91' lang='lat' dir='ltr'><strong>nec</strong></span> <span class='ocrx_word' id='word_1_519' title='bbox 2938 3603 2991 3659; x_wconf 91' lang='lat' dir='ltr'><strong>in</strong></span> <span class='ocrx_word' id='word_1_520' title='bbox 3024 3601 3228 3674; x_wconf 85' lang='lat' dir='ltr'><strong>aliqua,</strong></span> <span class='ocrx_word' id='word_1_521' title='bbox 3254 3602 3349 3660; x_wconf 88' lang='lat' dir='ltr'><strong>sed</strong></span> <span class='ocrx_word' id='word_1_522' title='bbox 3395 3601 3459 3657; x_wconf 75' lang='lat' dir='ltr'><strong>in-</strong></span> 
     </span>
    </p>
   </div>
   <div class='ocr_carea' id='block_1_76' title="bbox 1857 3695 3455 3769">
    <p class='ocr_par' dir='ltr' id='par_1_76' title="bbox 1857 3695 3455 3769">
     <span class='ocr_line' id='line_1_76' title="bbox 1857 3695 3455 3769; baseline 0 -18"><span class='ocrx_word' id='word_1_523' title='bbox 1857 3695 2028 3751; x_wconf 89' lang='lat' dir='ltr'><strong>omni.</strong></span> <span class='ocrx_word' id='word_1_524' title='bbox 2051 3695 2153 3764; x_wconf 89' lang='lat' dir='ltr'><strong>Qui</strong></span> <span class='ocrx_word' id='word_1_525' title='bbox 2178 3697 2223 3753; x_wconf 90' lang='lat' dir='ltr'><strong>si</strong></span> <span class='ocrx_word' id='word_1_526' title='bbox 2244 3697 2450 3754; x_wconf 90' lang='lat' dir='ltr'><strong>diceret</strong></span> <span class='ocrx_word' id='word_1_527' title='bbox 2466 3714 2480 3752; x_wconf 88' lang='lat'><strong>:</strong></span> <span class='ocrx_word' id='word_1_528' title='bbox 2496 3695 2718 3753; x_wconf 87' lang='lat' dir='ltr'><strong>Gaudeo</strong></span> <span class='ocrx_word' id='word_1_529' title='bbox 2740 3697 2792 3753; x_wconf 91' lang='lat' dir='ltr'><strong>in</strong></span> <span class='ocrx_word' id='word_1_530' title='bbox 2813 3696 3177 3763; x_wconf 87' lang='lat' dir='ltr'><strong>tribulatione,</strong></span> <span class='ocrx_word' id='word_1_531' title='bbox 3198 3710 3455 3769; x_wconf 81' lang='lat' dir='ltr'><strong>magnum</strong></span> 
     </span>
    </p>
   </div>
   <div class='ocr_carea' id='block_1_77' title="bbox 1858 3785 3452 3857">
    <p class='ocr_par' dir='ltr' id='par_1_77' title="bbox 1858 3785 3452 3857">
     <span class='ocr_line' id='line_1_77' title="bbox 1858 3785 3452 3857; baseline 0 -16"><span class='ocrx_word' id='word_1_532' title='bbox 1858 3785 1991 3857; x_wconf 89' lang='lat' dir='ltr'><strong>quid</strong></span> <span class='ocrx_word' id='word_1_533' title='bbox 2019 3793 2077 3843; x_wconf 91' lang='lat' dir='ltr'><strong>et</strong></span> <span class='ocrx_word' id='word_1_534' title='bbox 2113 3801 2228 3843; x_wconf 87' lang='lat' dir='ltr'><strong>rem</strong></span> <span class='ocrx_word' id='word_1_535' title='bbox 2281 3785 2584 3843; x_wconf 86' lang='lat' dir='ltr'><strong>mirandam</strong></span> <span class='ocrx_word' id='word_1_536' title='bbox 2628 3786 2878 3843; x_wconf 79' lang='lat' dir='ltr'><strong>dixisset.</strong></span> <span class='ocrx_word' id='word_1_537' title='bbox 2916 3785 2980 3842; x_wconf 83' lang='lat' dir='ltr'><strong>Si</strong></span> <span class='ocrx_word' id='word_1_538' title='bbox 3005 3786 3175 3843; x_wconf 87' lang='lat' dir='ltr'><strong>etiam</strong></span> <span class='ocrx_word' id='word_1_539' title='bbox 3221 3786 3452 3850; x_wconf 86' lang='lat' dir='ltr'><strong>diceret,</strong></span> 
     </span>
    </p>
   </div>
   <div class='ocr_carea' id='block_1_78' title="bbox 1862 3877 3454 3951">
    <p class='ocr_par' dir='ltr' id='par_1_78' title="bbox 1862 3877 3454 3951">
     <span class='ocr_line' id='line_1_78' title="bbox 1862 3877 3454 3951; baseline 0 -17"><span class='ocrx_word' id='word_1_540' title='bbox 1862 3877 2077 3934; x_wconf 87' lang='lat' dir='ltr'><strong>abundo</strong></span> <span class='ocrx_word' id='word_1_541' title='bbox 2104 3878 2301 3950; x_wconf 87' lang='lat' dir='ltr'><strong>gaudio</strong></span> <span class='ocrx_word' id='word_1_542' title='bbox 2332 3879 2385 3935; x_wconf 92' lang='lat' dir='ltr'><strong>in</strong></span> <span class='ocrx_word' id='word_1_543' title='bbox 2432 3878 2804 3948; x_wconf 89' lang='lat' dir='ltr'><strong>tribulatione,</strong></span> <span class='ocrx_word' id='word_1_544' title='bbox 2836 3893 2951 3935; x_wconf 89' lang='lat' dir='ltr'><strong>rem</strong></span> <span class='ocrx_word' id='word_1_545' title='bbox 2981 3877 3103 3951; x_wconf 83' lang='lat' dir='ltr'><strong>plus</strong></span> <span class='ocrx_word' id='word_1_546' title='bbox 3149 3877 3454 3934; x_wconf 78' lang='lat' dir='ltr'><strong>mirandam</strong></span> 
     </span>
    </p>
   </div>
   <div class='ocr_carea' id='block_1_79' title="bbox 1860 3968 3456 4042">
    <p class='ocr_par' dir='ltr' id='par_1_79' title="bbox 1860 3968 3456 4042">
     <span class='ocr_line' id='line_1_79' title="bbox 1860 3968 3456 4042; baseline -0.001 -17"><span class='ocrx_word' id='word_1_547' title='bbox 1860 3970 2250 4042; x_wconf 85' lang='lat' dir='ltr'><strong>proposuisset.</strong></span> <span class='ocrx_word' id='word_1_548' title='bbox 2276 3969 2516 4027; x_wconf 87' lang='lat' dir='ltr'><strong>Dicendo</strong></span> <span class='ocrx_word' id='word_1_549' title='bbox 2546 3985 2677 4027; x_wconf 87' lang='lat' dir='ltr'><strong>vero</strong></span> <span class='ocrx_word' id='word_1_550' title='bbox 2715 3988 2730 4025; x_wconf 89' lang='lat'>:</span> <span class='ocrx_word' id='word_1_551' title='bbox 2769 3968 3152 4041; x_wconf 83' lang='lat' dir='ltr'><strong>Superabumlo</strong></span> <span class='ocrx_word' id='word_1_552' title='bbox 3176 3969 3374 4042; x_wconf 82' lang='lat' dir='ltr'><strong>gaudio</strong></span> <span class='ocrx_word' id='word_1_553' title='bbox 3399 3969 3456 4025; x_wconf 87' lang='lat' dir='ltr'><strong>in</strong></span> 
     </span>
    </p>
   </div>
   <div class='ocr_carea' id='block_1_80' title="bbox 1860 4060 3456 4133">
    <p class='ocr_par' dir='ltr' id='par_1_80' title="bbox 1860 4060 3456 4133">
     <span class='ocr_line' id='line_1_80' title="bbox 1860 4060 3456 4133; baseline -0.001 -15"><span class='ocrx_word' id='word_1_554' title='bbox 1860 4062 2004 4118; x_wconf 84' lang='lat' dir='ltr'><strong>omni</strong></span> <span class='ocrx_word' id='word_1_555' title='bbox 2025 4062 2365 4118; x_wconf 83' lang='lat' dir='ltr'><strong>tribulatione</strong></span> <span class='ocrx_word' id='word_1_556' title='bbox 2401 4074 2605 4130; x_wconf 87' lang='lat' dir='ltr'><strong>nostra,</strong></span> <span class='ocrx_word' id='word_1_557' title='bbox 2624 4060 3000 4120; x_wconf 84' lang='lat' dir='ltr'><strong>excellentiam</strong></span> <span class='ocrx_word' id='word_1_558' title='bbox 3030 4061 3213 4133; x_wconf 83' lang='lat' dir='ltr'><strong>gaudii</strong></span> <span class='ocrx_word' id='word_1_559' title='bbox 3235 4060 3320 4118; x_wconf 91' lang='lat' dir='ltr'><strong>sui</strong></span> <span class='ocrx_word' id='word_1_560' title='bbox 3353 4076 3456 4117; x_wconf 58' lang='lat' dir='ltr'><strong>exn</strong></span> 
     </span>
    </p>
   </div>
   <div class='ocr_carea' id='block_1_81' title="bbox 1860 4153 3458 4228">
    <p class='ocr_par' dir='ltr' id='par_1_81' title="bbox 1860 4153 3458 4228">
     <span class='ocr_line' id='line_1_81' title="bbox 1860 4153 3458 4228; baseline -0.002 -16"><span class='ocrx_word' id='word_1_561' title='bbox 1860 4153 2102 4226; x_wconf 85' lang='lat' dir='ltr'><strong>pressius</strong></span> <span class='ocrx_word' id='word_1_562' title='bbox 2126 4154 2436 4228; x_wconf 77' lang='lat' dir='ltr'><strong>signiﬁcare</strong></span> <span class='ocrx_word' id='word_1_563' title='bbox 2458 4171 2564 4212; x_wconf 90' lang='lat' dir='ltr'><strong>non</strong></span> <span class='ocrx_word' id='word_1_564' title='bbox 2587 4156 2780 4227; x_wconf 90' lang='lat' dir='ltr'><strong>potuit.</strong></span> <span class='ocrx_word' id='word_1_565' title='bbox 2802 4153 2906 4224; x_wconf 85' lang='lat' dir='ltr'><strong>Qui</strong></span> <span class='ocrx_word' id='word_1_566' title='bbox 2923 4169 3056 4227; x_wconf 86' lang='lat' dir='ltr'><strong>ergo</strong></span> <span class='ocrx_word' id='word_1_567' title='bbox 3084 4169 3213 4212; x_wconf 86' lang='lat' dir='ltr'><strong>suos</strong></span> <span class='ocrx_word' id='word_1_568' title='bbox 3259 4154 3349 4210; x_wconf 90' lang='lat' dir='ltr'><strong>hic</strong></span> <span class='ocrx_word' id='word_1_569' title='bbox 3377 4154 3458 4209; x_wconf 79' lang='lat' dir='ltr'><strong>ita</strong></span> 
     </span>
    </p>
   </div>
   <div class='ocr_carea' id='block_1_82' title="bbox 1864 4243 3457 4321">
    <p class='ocr_par' dir='ltr' id='par_1_82' title="bbox 1864 4243 3457 4321">
     <span class='ocr_line' id='line_1_82' title="bbox 1864 4243 3457 4321; baseline -0.002 -18"><span class='ocrx_word' id='word_1_570' title='bbox 1864 4244 2178 4304; x_wconf 84' lang='lat' dir='ltr'><strong>consolatur</strong></span> <span class='ocrx_word' id='word_1_571' title='bbox 2202 4245 2260 4302; x_wconf 90' lang='lat' dir='ltr'><strong>in</strong></span> <span class='ocrx_word' id='word_1_572' title='bbox 2295 4246 2443 4303; x_wconf 91' lang='lat' dir='ltr'><strong>omni</strong></span> <span class='ocrx_word' id='word_1_573' title='bbox 2473 4244 2824 4303; x_wconf 85' lang='lat' dir='ltr'><strong>tribulatione</strong></span> <span class='ocrx_word' id='word_1_574' title='bbox 2843 4245 3109 4321; x_wconf 79' lang='lat' dir='ltr'><strong>ipsorum,</strong></span> <span class='ocrx_word' id='word_1_575' title='bbox 3131 4251 3348 4316; x_wconf 71' lang='lat' dir='ltr'><strong>quanta:</strong></span> <span class='ocrx_word' id='word_1_576' title='bbox 3374 4243 3457 4301; x_wconf 90' lang='lat' dir='ltr'><strong>eis</strong></span> 
     </span>
    </p>
   </div>
   <div class='ocr_carea' id='block_1_83' title="bbox 1860 4333 3457 4408">
    <p class='ocr_par' dir='ltr' id='par_1_83' title="bbox 1860 4333 3457 4408">
     <span class='ocr_line' id='line_1_83' title="bbox 1860 4333 3457 4408; baseline -0.004 -14"><span class='ocrx_word' id='word_1_577' title='bbox 1860 4334 2249 4394; x_wconf 83' lang='lat' dir='ltr'><strong>consolationis</strong></span> <span class='ocrx_word' id='word_1_578' title='bbox 2278 4335 2473 4408; x_wconf 86' lang='lat' dir='ltr'><strong>gaudia</strong></span> <span class='ocrx_word' id='word_1_579' title='bbox 2524 4335 2740 4407; x_wconf 89' lang='lat' dir='ltr'><strong>paravit</strong></span> <span class='ocrx_word' id='word_1_580' title='bbox 2768 4334 2898 4404; x_wconf 88' lang='lat' dir='ltr'><strong>illic,</strong></span> <span class='ocrx_word' id='word_1_581' title='bbox 2929 4334 3023 4392; x_wconf 89' lang='lat' dir='ltr'><strong>ubi</strong></span> <span class='ocrx_word' id='word_1_582' title='bbox 3069 4333 3218 4391; x_wconf 86' lang='lat' dir='ltr'><strong>nulla</strong></span> <span class='ocrx_word' id='word_1_583' title='bbox 3253 4334 3457 4406; x_wconf 87' lang='lat' dir='ltr'><strong>poterit</strong></span> 
     </span>
    </p>
   </div>
   <div class='ocr_carea' id='block_1_84' title="bbox 1863 4427 3455 4498">
    <p class='ocr_par' dir='ltr' id='par_1_84' title="bbox 1863 4427 3455 4498">
     <span class='ocr_line' id='line_1_84' title="bbox 1863 4427 3455 4498; baseline -0.003 -12"><span class='ocrx_word' id='word_1_584' title='bbox 1863 4444 1984 4487; x_wconf 89' lang='lat' dir='ltr'><strong>esse</strong></span> <span class='ocrx_word' id='word_1_585' title='bbox 2017 4428 2294 4486; x_wconf 91' lang='lat' dir='ltr'><strong>tribulatio</strong></span> <span class='ocrx_word' id='word_1_586' title='bbox 2311 4430 2344 4484; x_wconf 70' lang='lat'><strong>.2</strong></span> <span class='ocrx_word' id='word_1_587' title='bbox 2368 4427 2471 4496; x_wconf 88' lang='lat' dir='ltr'><strong>Qui</strong></span> <span class='ocrx_word' id='word_1_588' title='bbox 2515 4443 2610 4485; x_wconf 87' lang='lat' dir='ltr'><strong>eos</strong></span> <span class='ocrx_word' id='word_1_589' title='bbox 2658 4427 2738 4486; x_wconf 87' lang='lat' dir='ltr'><strong>sic</strong></span> <span class='ocrx_word' id='word_1_590' title='bbox 2793 4427 3053 4498; x_wconf 69' lang='lat' dir='ltr'><strong>laetioat,</strong></span> <span class='ocrx_word' id='word_1_591' title='bbox 3082 4436 3138 4485; x_wconf 89' lang='lat' dir='ltr'><strong>et</strong></span> <span class='ocrx_word' id='word_1_592' title='bbox 3187 4428 3365 4485; x_wconf 79' lang='lat' dir='ltr'><strong>reiicit</strong></span> <span class='ocrx_word' id='word_1_593' title='bbox 3400 4428 3455 4483; x_wconf 87' lang='lat' dir='ltr'><strong>in</strong></span> 
     </span>
    </p>
   </div>
   <div class='ocr_carea' id='block_1_85' title="bbox 1861 4518 3459 4592">
    <p class='ocr_par' dir='ltr' id='par_1_85' title="bbox 1861 4518 3459 4592">
     <span class='ocr_line' id='line_1_85' title="bbox 1861 4518 3459 4592; baseline -0.002 -17"><span class='ocrx_word' id='word_1_594' title='bbox 1861 4520 2319 4592; x_wconf 87' lang='lat' dir='ltr'><strong>peregrinationis</strong></span> <span class='ocrx_word' id='word_1_595' title='bbox 2347 4519 2465 4588; x_wconf 87' lang='lat' dir='ltr'><strong>via,</strong></span> <span class='ocrx_word' id='word_1_596' title='bbox 2497 4519 2770 4591; x_wconf 81' lang='lat' dir='ltr'><strong>quomodo</strong></span> <span class='ocrx_word' id='word_1_597' title='bbox 2788 4578 2793 4583; x_wconf 60' lang='grc'><em>,</em></span> <span class='ocrx_word' id='word_1_598' title='bbox 2811 4518 3111 4575; x_wconf 71' lang='lat' dir='ltr'><strong>laetiﬁcabit</strong></span> <span class='ocrx_word' id='word_1_599' title='bbox 3138 4534 3259 4585; x_wconf 84' lang='lat' dir='ltr'><strong>eos,-</strong></span> <span class='ocrx_word' id='word_1_600' title='bbox 3285 4528 3343 4575; x_wconf 92' lang='lat' dir='ltr'><strong>et</strong></span> <span class='ocrx_word' id='word_1_601' title='bbox 3370 4533 3459 4573; x_wconf 70' lang='lat' dir='ltr'><strong>sa-</strong></span> 
     </span>
    </p>
   </div>
   <div class='ocr_carea' id='block_1_86' title="bbox 1864 4604 3460 4680">
    <p class='ocr_par' dir='ltr' id='par_1_86' title="bbox 1864 4604 3460 4680">
     <span class='ocr_line' id='line_1_86' title="bbox 1864 4604 3460 4680; baseline -0.004 -14"><span class='ocrx_word' id='word_1_602' title='bbox 1864 4610 2023 4666; x_wconf 89' lang='lat' dir='ltr'><strong>tiabit</strong></span> <span class='ocrx_word' id='word_1_603' title='bbox 2050 4609 2105 4665; x_wconf 90' lang='lat' dir='ltr'><strong>in</strong></span> <span class='ocrx_word' id='word_1_604' title='bbox 2146 4619 2367 4668; x_wconf 60' lang='lat' dir='ltr'><strong>attenta:</strong></span> <span class='ocrx_word' id='word_1_605' title='bbox 2415 4607 2715 4667; x_wconf 86' lang='lat' dir='ltr'><strong>mansionis</strong></span> <span class='ocrx_word' id='word_1_606' title='bbox 2753 4609 2933 4680; x_wconf 87' lang='lat' dir='ltr'><strong>patria</strong></span> <span class='ocrx_word' id='word_1_607' title='bbox 2961 4609 2985 4664; x_wconf 81' lang='lat'><strong>?</strong></span> <span class='ocrx_word' id='word_1_608' title='bbox 3014 4608 3122 4664; x_wconf 87' lang='lat' dir='ltr'><strong>Sed</strong></span> <span class='ocrx_word' id='word_1_609' title='bbox 3149 4607 3219 4664; x_wconf 90' lang='lat' dir='ltr'><strong>de</strong></span> <span class='ocrx_word' id='word_1_610' title='bbox 3240 4607 3327 4663; x_wconf 92' lang='lat' dir='ltr'><strong>bis</strong></span> <span class='ocrx_word' id='word_1_611' title='bbox 3360 4604 3460 4661; x_wconf 79' lang='lat' dir='ltr'><strong>ha—</strong></span> 
     </span>
    </p>
   </div>
   <div class='ocr_carea' id='block_1_87' title="bbox 1860 4697 3455 4775">
    <p class='ocr_par' dir='ltr' id='par_1_87' title="bbox 1860 4697 3455 4775">
     <span class='ocr_line' id='line_1_87' title="bbox 1860 4697 3455 4775; baseline -0.003 -19"><span class='ocrx_word' id='word_1_612' title='bbox 1860 4708 2069 4757; x_wconf 88' lang='lat' dir='ltr'><strong>ctenus.</strong></span> <span class='ocrx_word' id='word_1_613' title='bbox 2111 4699 2568 4775; x_wconf 22' lang='lat' dir='ltr'><strong>Quidamiantem</strong></span> <span class='ocrx_word' id='word_1_614' title='bbox 2595 4698 2889 4771; x_wconf 63' lang='lat' dir='ltr'><strong>praemissa</strong></span> <span class='ocrx_word' id='word_1_615' title='bbox 2920 4712 3096 4755; x_wconf 66' lang='lat' dir='ltr'><strong>cinna:</strong></span> <span class='ocrx_word' id='word_1_616' title='bbox 3140 4697 3455 4763; x_wconf 70' lang='lat' dir='ltr'><strong>Dominieae,</strong></span> 
     </span>
    </p>
   </div>
   <div class='ocr_carea' id='block_1_88' title="bbox 1861 4791 3457 4864">
    <p class='ocr_par' dir='ltr' id='par_1_88' title="bbox 1861 4791 3457 4864">
     <span class='ocr_line' id='line_1_88' title="bbox 1861 4791 3457 4864; baseline -0.003 -15"><span class='ocrx_word' id='word_1_617' title='bbox 1861 4793 2285 4864; x_wconf 82' lang='lat' dir='ltr'><strong>nuptiarumque</strong></span> <span class='ocrx_word' id='word_1_618' title='bbox 2324 4791 2701 4849; x_wconf 88' lang='lat' dir='ltr'><strong>invitationem</strong></span> <span class='ocrx_word' id='word_1_619' title='bbox 2750 4798 3181 4857; x_wconf 87' lang='lat' dir='ltr'><strong>contemnentes,</strong></span> <span class='ocrx_word' id='word_1_620' title='bbox 3228 4802 3285 4847; x_wconf 89' lang='lat' dir='ltr'><strong>et</strong></span> <span class='ocrx_word' id='word_1_621' title='bbox 3324 4804 3457 4845; x_wconf 85' lang='lat' dir='ltr'><strong>san-</strong></span> 
     </span>
    </p>
   </div>
   <div class='ocr_carea' id='block_1_89' title="bbox 1858 4880 3460 4958">
    <p class='ocr_par' dir='ltr' id='par_1_89' title="bbox 1858 4880 3460 4958">
     <span class='ocr_line' id='line_1_89' title="bbox 1858 4880 3460 4958; baseline -0.004 -16"><span class='ocrx_word' id='word_1_622' title='bbox 1858 4894 2071 4942; x_wconf 83' lang='lat' dir='ltr'><strong>ctorum</strong></span> <span class='ocrx_word' id='word_1_623' title='bbox 2099 4885 2324 4958; x_wconf 78' lang='lat' dir='ltr'><strong>gaudia,</strong></span> <span class='ocrx_word' id='word_1_624' title='bbox 2355 4883 2442 4940; x_wconf 89' lang='lat' dir='ltr'><strong>vel</strong></span> <span class='ocrx_word' id='word_1_625' title='bbox 2470 4898 2591 4954; x_wconf 62' lang='lat' dir='ltr'><strong>qua</strong></span> <span class='ocrx_word' id='word_1_626' title='bbox 2627 4882 2719 4941; x_wconf 85' lang='lat' dir='ltr'><strong>hic</strong></span> <span class='ocrx_word' id='word_1_627' title='bbox 2764 4883 2989 4955; x_wconf 69' lang='lat' dir='ltr'><strong>nabant,</strong></span> <span class='ocrx_word' id='word_1_628' title='bbox 3016 4881 3102 4938; x_wconf 89' lang='lat' dir='ltr'><strong>vel</strong></span> <span class='ocrx_word' id='word_1_629' title='bbox 3121 4896 3242 4953; x_wconf 68' lang='lat' dir='ltr'><strong>qua:</strong></span> <span class='ocrx_word' id='word_1_630' title='bbox 3271 4884 3326 4937; x_wconf 91' lang='lat' dir='ltr'><strong>in</strong></span> <span class='ocrx_word' id='word_1_631' title='bbox 3375 4880 3460 4936; x_wconf 81' lang='lat' dir='ltr'><strong>fu-</strong></span> 
     </span>
    </p>
   </div>
   <div class='ocr_carea' id='block_1_90' title="bbox 1864 4973 3457 5048">
    <p class='ocr_par' dir='ltr' id='par_1_90' title="bbox 1864 4973 3457 5048">
     <span class='ocr_line' id='line_1_90' title="bbox 1864 4973 3457 5048; baseline -0.002 -14"><span class='ocrx_word' id='word_1_632' title='bbox 1864 4989 1986 5034; x_wconf 87' lang='lat' dir='ltr'><strong>turo</strong></span> <span class='ocrx_word' id='word_1_633' title='bbox 2015 4975 2098 5033; x_wconf 89' lang='lat' dir='ltr'><strong>eis</strong></span> <span class='ocrx_word' id='word_1_634' title='bbox 2122 4974 2396 5048; x_wconf 79' lang='lat' dir='ltr'><strong>promissa</strong></span> <span class='ocrx_word' id='word_1_635' title='bbox 2448 4982 2597 5041; x_wconf 87' lang='lat' dir='ltr'><strong>sunt,</strong></span> <span class='ocrx_word' id='word_1_636' title='bbox 2626 4982 2720 5031; x_wconf 88' lang='lat' dir='ltr'><strong>aut</strong></span> <span class='ocrx_word' id='word_1_637' title='bbox 2747 4989 2855 5030; x_wconf 90' lang='lat' dir='ltr'><strong>non</strong></span> <span class='ocrx_word' id='word_1_638' title='bbox 2895 4973 3198 5037; x_wconf 89' lang='lat' dir='ltr'><strong>credentes,</strong></span> <span class='ocrx_word' id='word_1_639' title='bbox 3229 4982 3323 5029; x_wconf 88' lang='lat' dir='ltr'><strong>aut</strong></span> <span class='ocrx_word' id='word_1_640' title='bbox 3356 4989 3457 5031; x_wconf 72' lang='lat' dir='ltr'><strong>ne-</strong></span> 
     </span>
    </p>
   </div>
   <div class='ocr_carea' id='block_1_91' title="bbox 1860 5063 3565 5140">
    <p class='ocr_par' dir='ltr' id='par_1_91' title="bbox 1860 5063 3565 5140">
     <span class='ocr_line' id='line_1_91' title="bbox 1860 5063 3565 5140; baseline 0.001 -19"><span class='ocrx_word' id='word_1_641' title='bbox 1860 5067 2174 5140; x_wconf 73' lang='lat' dir='ltr'><strong>gligentes:</strong></span> <span class='ocrx_word' id='word_1_642' title='bbox 2223 5067 2381 5139; x_wconf 86' lang='lat' dir='ltr'><strong>juxta</strong></span> <span class='ocrx_word' id='word_1_643' title='bbox 2441 5067 2588 5137; x_wconf 93' lang='lat' dir='ltr'><strong>quod</strong></span> <span class='ocrx_word' id='word_1_644' title='bbox 2638 5066 2901 5138; x_wconf 87' lang='lat' dir='ltr'><strong>scriptum</strong></span> <span class='ocrx_word' id='word_1_645' title='bbox 2951 5074 3091 5121; x_wconf 88' lang='lat' dir='ltr'><strong>est:</strong></span> <span class='ocrx_word' id='word_1_646' title='bbox 3133 5063 3345 5122; x_wconf 83' lang='lat' dir='ltr'><strong>Ducunt</strong></span> <span class='ocrx_word' id='word_1_647' title='bbox 3401 5068 3459 5122; x_wconf 77' lang='lat' dir='ltr'><strong>in</strong></span> <span class='ocrx_word' id='word_1_648' title='bbox 3552 5090 3565 5102; x_wconf 74' lang='grc' dir='ltr'><strong><em>ο</em></strong></span> 
     </span>
    </p>
   </div>
   <div class='ocr_carea' id='block_1_92' title="bbox 1861 5155 3460 5227">
    <p class='ocr_par' dir='ltr' id='par_1_92' title="bbox 1861 5155 3460 5227">
     <span class='ocr_line' id='line_1_92' title="bbox 1861 5155 3460 5227; baseline -0.003 -11"><span class='ocrx_word' id='word_1_649' title='bbox 1861 5160 2010 5216; x_wconf 88' lang='lat' dir='ltr'><strong>bonis</strong></span> <span class='ocrx_word' id='word_1_650' title='bbox 2038 5160 2150 5217; x_wconf 86' lang='lat' dir='ltr'><strong>dies</strong></span> <span class='ocrx_word' id='word_1_651' title='bbox 2172 5174 2322 5224; x_wconf 82' lang='lat' dir='ltr'><strong>suos,</strong></span> <span class='ocrx_word' id='word_1_652' title='bbox 2346 5167 2395 5213; x_wconf 91' lang='lat' dir='ltr'><strong>et</strong></span> <span class='ocrx_word' id='word_1_653' title='bbox 2432 5158 2490 5212; x_wconf 88' lang='lat' dir='ltr'><strong>in</strong></span> <span class='ocrx_word' id='word_1_654' title='bbox 2532 5165 2725 5227; x_wconf 84' lang='lat' dir='ltr'><strong>puncto</strong></span> <span class='ocrx_word' id='word_1_655' title='bbox 2766 5155 2838 5213; x_wconf 80' lang='lat' dir='ltr'><strong>ad</strong></span> <span class='ocrx_word' id='word_1_656' title='bbox 2877 5156 3088 5227; x_wconf 81' lang='lat' dir='ltr'><strong>inferna</strong></span> <span class='ocrx_word' id='word_1_657' title='bbox 3140 5156 3460 5213; x_wconf 81' lang='lat' dir='ltr'><strong>descendunt</strong></span> 
     </span>
    </p>
   </div>
   <div class='ocr_carea' id='block_1_93' title="bbox 1862 5238 3460 5324">
    <p class='ocr_par' dir='ltr' id='par_1_93' title="bbox 1862 5238 3460 5324">
     <span class='ocr_line' id='line_1_93' title="bbox 1862 5238 3460 5324; baseline -0.001 -18"><span class='ocrx_word' id='word_1_658' title='bbox 1862 5249 1986 5324; x_wconf 78' lang='lat' dir='ltr'><strong>(Job</strong></span> <span class='ocrx_word' id='word_1_659' title='bbox 2029 5238 2154 5319; x_wconf 36' lang='lat' dir='ltr'><strong>.xxt,</strong></span> <span class='ocrx_word' id='word_1_660' title='bbox 2181 5249 2292 5323; x_wconf 77' lang='lat' dir='ltr'><strong>l3).</strong></span> <span class='ocrx_word' id='word_1_661' title='bbox 2327 5249 2430 5317; x_wconf 86' lang='lat' dir='ltr'><strong>Qui</strong></span> <span class='ocrx_word' id='word_1_662' title='bbox 2488 5249 2619 5321; x_wconf 87' lang='lat' dir='ltr'><strong>quia</strong></span> <span class='ocrx_word' id='word_1_663' title='bbox 2675 5248 2818 5306; x_wconf 85' lang='lat' dir='ltr'><strong>mala</strong></span> <span class='ocrx_word' id='word_1_664' title='bbox 2861 5264 2957 5307; x_wconf 87' lang='lat' dir='ltr'><strong>sua</strong></span> <span class='ocrx_word' id='word_1_665' title='bbox 3008 5249 3314 5321; x_wconf 86' lang='lat' dir='ltr'><strong>relinquere</strong></span> <span class='ocrx_word' id='word_1_666' title='bbox 3359 5265 3460 5306; x_wconf 82' lang='lat' dir='ltr'><strong>no-</strong></span> 
     </span>
    </p>
   </div>
   <div class='ocr_carea' id='block_1_94' title="bbox 1861 5339 3461 5413">
    <p class='ocr_par' dir='ltr' id='par_1_94' title="bbox 1861 5339 3461 5413">
     <span class='ocr_line' id='line_1_94' title="bbox 1861 5339 3461 5413; baseline -0.002 -15"><span class='ocrx_word' id='word_1_667' title='bbox 1861 5343 1998 5409; x_wconf 89' lang='lat' dir='ltr'><strong>lunt,</strong></span> <span class='ocrx_word' id='word_1_668' title='bbox 2021 5342 2067 5399; x_wconf 92' lang='lat' dir='ltr'><strong>si</strong></span> <span class='ocrx_word' id='word_1_669' title='bbox 2104 5341 2283 5413; x_wconf 83' lang='lat' dir='ltr'><strong>aliqua</strong></span> <span class='ocrx_word' id='word_1_670' title='bbox 2328 5341 2468 5397; x_wconf 77' lang='lat' dir='ltr'><strong>forte</strong></span> <span class='ocrx_word' id='word_1_671' title='bbox 2524 5342 2666 5397; x_wconf 88' lang='lat' dir='ltr'><strong>bona</strong></span> <span class='ocrx_word' id='word_1_672' title='bbox 2716 5356 2881 5413; x_wconf 87' lang='lat' dir='ltr'><strong>opera</strong></span> <span class='ocrx_word' id='word_1_673' title='bbox 2928 5339 3155 5408; x_wconf 75' lang='lat' dir='ltr'><strong>faciunt,</strong></span> <span class='ocrx_word' id='word_1_674' title='bbox 3185 5356 3292 5396; x_wconf 90' lang='lat' dir='ltr'><strong>non</strong></span> <span class='ocrx_word' id='word_1_675' title='bbox 3331 5349 3461 5396; x_wconf 90' lang='lat' dir='ltr'><strong>sunt</strong></span> 
     </span>
    </p>
   </div>
   <div class='ocr_carea' id='block_1_95' title="bbox 1861 5431 3456 5506">
    <p class='ocr_par' dir='ltr' id='par_1_95' title="bbox 1861 5431 3456 5506">
     <span class='ocr_line' id='line_1_95' title="bbox 1861 5431 3456 5506; baseline -0.004 -14"><span class='ocrx_word' id='word_1_676' title='bbox 1861 5440 2087 5506; x_wconf 74' lang='lat' dir='ltr'><strong>accepta</strong></span> <span class='ocrx_word' id='word_1_677' title='bbox 2115 5447 2300 5489; x_wconf 76' lang='lat' dir='ltr'><strong>coram</strong></span> <span class='ocrx_word' id='word_1_678' title='bbox 2341 5433 2495 5499; x_wconf 88' lang='lat' dir='ltr'><strong>Deo;</strong></span> <span class='ocrx_word' id='word_1_679' title='bbox 2546 5432 2674 5504; x_wconf 88' lang='lat' dir='ltr'><strong>quia</strong></span> <span class='ocrx_word' id='word_1_680' title='bbox 2712 5432 2856 5490; x_wconf 89' lang='lat' dir='ltr'><strong>sicut</strong></span> <span class='ocrx_word' id='word_1_681' title='bbox 2874 5431 3137 5503; x_wconf 84' lang='lat' dir='ltr'><strong>scriptum</strong></span> <span class='ocrx_word' id='word_1_682' title='bbox 3180 5441 3288 5496; x_wconf 86' lang='lat' dir='ltr'><strong>est,</strong></span> <span class='ocrx_word' id='word_1_683' title='bbox 3331 5445 3456 5486; x_wconf 87' lang='lat' dir='ltr'><strong>cum</strong></span> 
     </span>
    </p>
   </div>
   <div class='ocr_carea' id='block_1_96' title="bbox 1860 5524 3457 5601">
    <p class='ocr_par' dir='ltr' id='par_1_96' title="bbox 1860 5524 3457 5601">
     <span class='ocr_line' id='line_1_96' title="bbox 1860 5524 3457 5601; baseline -0.003 -18"><span class='ocrx_word' id='word_1_684' title='bbox 1860 5525 2075 5601; x_wconf 79' lang='lat' dir='ltr'><strong>dederit</strong></span> <span class='ocrx_word' id='word_1_685' title='bbox 2100 5525 2209 5582; x_wconf 89' lang='lat' dir='ltr'><strong>illis</strong></span> <span class='ocrx_word' id='word_1_686' title='bbox 2241 5526 2381 5582; x_wconf 88' lang='lat' dir='ltr'><strong>Deus</strong></span> <span class='ocrx_word' id='word_1_687' title='bbox 2410 5534 2620 5596; x_wconf 89' lang='lat' dir='ltr'><strong>tempus</strong></span> <span class='ocrx_word' id='word_1_688' title='bbox 2641 5526 3010 5596; x_wconf 69' lang='lat' dir='ltr'><strong>paenitentiae,</strong></span> <span class='ocrx_word' id='word_1_689' title='bbox 3036 5524 3135 5595; x_wconf 90' lang='lat' dir='ltr'><strong>ipsi</strong></span> <span class='ocrx_word' id='word_1_690' title='bbox 3159 5524 3457 5578; x_wconf 86' lang='lat' dir='ltr'><strong>abutuntur</strong></span> 
     </span>
    </p>
   </div>
   <div class='ocr_carea' id='block_1_97' title="bbox 1860 5614 3455 5693">
    <p class='ocr_par' dir='ltr' id='par_1_97' title="bbox 1860 5614 3455 5693">
     <span class='ocr_line' id='line_1_97' title="bbox 1860 5614 3455 5693; baseline -0.006 -16"><span class='ocrx_word' id='word_1_691' title='bbox 1860 5634 1928 5677; x_wconf 88' lang='lat' dir='ltr'><strong>eo</strong></span> <span class='ocrx_word' id='word_1_692' title='bbox 1953 5619 2007 5675; x_wconf 89' lang='lat' dir='ltr'><strong>in</strong></span> <span class='ocrx_word' id='word_1_693' title='bbox 2032 5617 2304 5690; x_wconf 85' lang='lat' dir='ltr'><strong>superbia,</strong></span> <span class='ocrx_word' id='word_1_694' title='bbox 2327 5626 2382 5673; x_wconf 90' lang='lat' dir='ltr'><strong>et</strong></span> <span class='ocrx_word' id='word_1_695' title='bbox 2405 5626 2628 5693; x_wconf 73' lang='lat' dir='ltr'><strong>peccata</strong></span> <span class='ocrx_word' id='word_1_696' title='bbox 2653 5617 3061 5688; x_wconf 84' lang='lat' dir='ltr'><strong>multiplicando</strong></span> <span class='ocrx_word' id='word_1_697' title='bbox 3093 5614 3455 5685; x_wconf 72' lang='lat' dir='ltr'><strong>thesaurisant</strong></span> 
     </span>
    </p>
   </div>
   <div class='ocr_carea' id='block_1_98' title="bbox 188 5702 3455 5809">
    <p class='ocr_par' dir='ltr' id='par_1_98' title="bbox 188 5702 3455 5809">
     <span class='ocr_line' id='line_1_98' title="bbox 188 5702 3455 5809; baseline -0.005 -34"><span class='ocrx_word' id='word_1_698' title='bbox 401 5717 878 5791; x_wconf 67' lang='lat' dir='ltr'><strong>quae-praeparavit</strong></span> <span class='ocrx_word' id='word_1_699' title='bbox 906 5716 1417 5788; x_wconf 81' lang='lat' dir='ltr'><strong>Deusdiligentibus</strong></span> <span class='ocrx_word' id='word_1_700' title='bbox 1442 5714 1524 5787; x_wconf 87' lang='lat' dir='ltr'><strong>se)</strong></span> <span class='ocrx_word' id='word_1_701' title='bbox 1552 5715 1759 5775; x_wconf 50' lang='lat' dir='ltr'><strong>incomq</strong></span> <span class='ocrx_word' id='word_1_702' title='bbox 1790 5751 1836 5809; x_wconf 75' lang='lat' dir='ltr'><strong>D</strong></span> <span class='ocrx_word' id='word_1_703' title='bbox 1861 5711 1960 5769; x_wconf 81' lang='lat' dir='ltr'><strong>sibi</strong></span> <span class='ocrx_word' id='word_1_704' title='bbox 1980 5712 2117 5767; x_wconf 79' lang='lat' dir='ltr'><strong>iram</strong></span> <span class='ocrx_word' id='word_1_705' title='bbox 2142 5710 2199 5766; x_wconf 85' lang='lat' dir='ltr'><strong>in</strong></span> <span class='ocrx_word' id='word_1_706' title='bbox 2234 5709 2322 5781; x_wconf 79' lang='lat' dir='ltr'><strong>die</strong></span> <span class='ocrx_word' id='word_1_707' title='bbox 2350 5709 2536 5777; x_wconf 59' lang='lat' dir='ltr'><strong>im,“</strong></span> <span class='ocrx_word' id='word_1_708' title='bbox 2572 5707 2903 5809; x_wconf 57' lang='lat' dir='ltr'><strong>reuelationis</strong></span> <span class='ocrx_word' id='word_1_709' title='bbox 2942 5706 3086 5809; x_wconf 41' lang='lat' dir='ltr'><strong>.justi</strong></span> <span class='ocrx_word' id='word_1_710' title='bbox 3115 5703 3315 5809; x_wconf 64' lang='lat' dir='ltr'><strong>judicii</strong></span> <span class='ocrx_word' id='word_1_711' title='bbox 3351 5702 3455 5809; x_wconf 72' lang='lat' dir='ltr'><strong>Dei</strong></span> 
     </span>
    </p>
   </div>
   <div class='ocr_carea' id='block_1_99' title="bbox 185 5796 3459 5885">
    <p class='ocr_par' dir='ltr' id='par_1_99' title="bbox 185 5796 3459 5885">
     <span class='ocr_line' id='line_1_99' title="bbox 185 5796 3459 5885; baseline -0.004 -15"><span class='ocrx_word' id='word_1_712' title='bbox 185 5804 504 5879; x_wconf 63' lang='lat' dir='ltr'><strong>Ombib&#39;tcr,</strong></span> <span class='ocrx_word' id='word_1_713' title='bbox 543 5819 709 5884; x_wconf 83' lang='lat' dir='ltr'><strong>atque</strong></span> <span class='ocrx_word' id='word_1_714' title='bbox 744 5809 1083 5871; x_wconf 74' lang='lat' dir='ltr'><strong>inelabiliter</strong></span> <span class='ocrx_word' id='word_1_715' title='bbox 1111 5809 1372 5885; x_wconf 72' lang='lat' dir='ltr'><strong>majorem</strong></span> <span class='ocrx_word' id='word_1_716' title='bbox 1399 5809 1682 5871; x_wconf 86' lang='lat' dir='ltr'><strong>inveniunt</strong></span> <span class='ocrx_word' id='word_1_717' title='bbox 1701 5808 1758 5871; x_wconf 86' lang='lat' dir='ltr'><strong>in</strong></span> <span class='ocrx_word' id='word_1_718' title='bbox 1791 5796 1830 5809; x_wconf 82' lang='grc'>”</span> <span class='ocrx_word' id='word_1_719' title='bbox 1865 5805 2047 5880; x_wconf 79' lang='lat' dir='ltr'><strong>(Rom.</strong></span> <span class='ocrx_word' id='word_1_720' title='bbox 2076 5821 2137 5875; x_wconf 83' lang='grc' dir='ltr'><strong>ιι,</strong></span> <span class='ocrx_word' id='word_1_721' title='bbox 2166 5804 2244 5880; x_wconf 80' lang='lat'><strong>5).</strong></span> <span class='ocrx_word' id='word_1_722' title='bbox 2276 5803 2437 5863; x_wconf 83' lang='lat' dir='ltr'><strong>Tales</strong></span> <span class='ocrx_word' id='word_1_723' title='bbox 2462 5801 2681 5875; x_wconf 83' lang='lat' dir='ltr'><strong>quando</strong></span> <span class='ocrx_word' id='word_1_724' title='bbox 2721 5816 2827 5867; x_wconf 86' lang='lat' dir='ltr'><strong>non</strong></span> <span class='ocrx_word' id='word_1_725' title='bbox 2856 5800 2978 5874; x_wconf 88' lang='lat' dir='ltr'><strong>ipsi,</strong></span> <span class='ocrx_word' id='word_1_726' title='bbox 3009 5801 3106 5862; x_wconf 85' lang='lat' dir='ltr'><strong>sed</strong></span> <span class='ocrx_word' id='word_1_727' title='bbox 3153 5800 3294 5859; x_wconf 88' lang='lat' dir='ltr'><strong>Deus</strong></span> <span class='ocrx_word' id='word_1_728' title='bbox 3338 5796 3459 5857; x_wconf 83' lang='lat' dir='ltr'><strong>vult</strong></span> 
     </span>
    </p>
   </div>
   <div class='ocr_carea' id='block_1_100' title="bbox 3505 5902 3523 5934">
    <p class='ocr_par' dir='ltr' id='par_1_100' title="bbox 3505 5902 3523 5934">
     <span class='ocr_line' id='line_1_100' title="bbox 3505 5902 3523 5934; baseline 0 0"><span class='ocrx_word' id='word_1_729' title='bbox 3505 5902 3523 5934; x_wconf 66' lang='grc' dir='ltr'>ξ</span> 
     </span>
    </p>
   </div>
  </div>
