3984 6426
188 346 300 404 889

1507 346 1863 406 EPIS'I'OLIE
1894 349 2094 409 'IllES.

3363 360 3470 420 890

189 458 386 522 hieme,
413 455 494 522 vel
540 454 774 512 Sabbato
821 455 1035 528 (Matth.
1083 473 1231 526 ntv,
1265 457 1400 530 9.0):
1444 469 1500 515 et
1527 461 1775 530 quisnam

1883 467 2107 522 nitatem
2133 469 2411 538 peccandi,
2442 485 2604 542 quam
2633 469 2722 526 ille
2752 481 3014 543 prmparat
3057 475 3308 536 omnibus
3331 491 3468 547 quos

189 550 364 615 dicit;
404 547 609 604 Mecum
642 549 846 618 poteris
881 548 1066 620 fugere
1108 567 1251 606 anno
1284 553 1522 607 secundo
1551 553 1632 607 vel
1669 563 1780 607 ter-

192 640 319 698 tio!
356 638 520 708 Cujus
565 647 744 694 autem
778 654 873 694 cer
913 638 1161 696 Chrisuts
1209 640 1378 695 movit
1408 641 1582 696 tnodis
1606 641 1781 697 omni-

185 738 314 798 bus,
344 733 432 786 det
454 745 699 802 operam,
748 734 921 801 utqui
971 749 1077 788 non
1130 741 1215 788 est
1261 743 1439 788 motus
1476 743 1779 801 moveatur,

185 835 284 880 aut
324 839 516 896 parum
547 833 725 879 motus
772 824 1142 880 confirmetur.
1177 825 1431 895 Alioquin
1461 825 1645 880 audiat
1674 842 1780 881 non

185 917 341 973 itlum
371 924 738 981 revocantem,
766 915 860 972 sed
885 915 1161 973 Christum
1195 917 1462 973 dicentem
1505 934 1519 970 :
1558 917 1621 974 Si
1653 935 1778 973 ocu-

183 1009 268 1064 lu-s
293 1018 420 1063 tuus
441 1006 770 1062 scandalizat
815 1017 883 1075 le,
909 1024 1033 1062 erue
1080 1025 1222 1073 eum,
1262 1019 1312 1065 et
1339 1009 1540 1080 projice
1579 1009 1670 1064 abs
1710 1021 1778 1065 te.

185 1100 400 1161 Battum
422 1099 516 1153 tibi
536 1108 610 1157 est
627 1115 745 1154 cum
779 1115 883 1154 uno
925 1099 1076 1154 oculo
1103 1101 1173 1154 ad
1197 1103 1354 1155 vitam
1385 1103 1603 1169 intrare,
1623 1119 1780 1173 quant

182 1193 322 1245 duos
343 1191 528 1246 oculos
545 1191 817 1246 habentem
856 1191 990 1244 ntitti
1031 1191 1084 1246 in
1099 1193 1389 1260 gehennam
1415 1193 1776 1264 ignist'Mattlt.

181 1297 344 1346 svnt,
380 1282 458 1353 9).
497 1282 643 1339 Idem
682 1282 748 1339 de
796 1297 959 1337 manu
990 1283 1147 1349 dixit,
1177 1294 1231 1338 et
1268 1284 1333 1339 de
1358 1285 1516 1359 pede.
1549 1285 1780 1352 Quidam

182 1373 314 1426 dum
354 1387 474 1441 eos,
523 1388 662 1444 quos
710 1374 959 1432 Christus
1009 1385 1198 1440 vocat,
1251 1377 1406 1446 quasi
1453 1377 1780 1432 consulendo

181 1471 489 1530 revocant,
520 1464 606 1520 vel
660 1465 990 1532 retardant;
1038 1466 1256 1522 incaute
1299 1468 1516 1539 quidem
1545 1478 1599 1524 et
1653 1469 1780 1524 sim-

181 1554 426 1624 pliciter,
473 1555 568 1610 sed
611 1566 791 1614 tamen
844 1571 950 1611 non
1005 1555 1329 1613 innocenter
1382 1567 1552 1630 agunt
1597 1571 1782 1631 partes

179 1644 389 1700 diaboli
439 1655 628 1700 contra
660 1646 959 1702 Christum.
993 1644 1210 1702 Scimus
1241 1648 1526 1720 plerosque
1553 1651 1662 1720 qui,
1699 1666 1782 1704 rc-

181 1735 330 1790 lictis
357 1738 637 1802 omnibus,
666 1738 734 1792 ad
777 1739 1120 1794 serviendum
1154 1739 1266 1794 Deo
1296 1755 1356 1794 se
1392 1741 1736 1795 contulerunt
1763 1759 1776 1795 :

179 1827 479 1882 nonnullos
507 1827 669 1884 etiam
699 1827 790 1898 qui
818 1827 1048 1898 idipsum
1073 1843 1132 1884 se
1171 1829 1224 1884 in
1257 1831 1504 1899 proximo
1540 1830 1780 1886 facturos

179 1911 475 1988 voverunt,
510 1922 651 1977 hanc
679 1937 710 1976 a
755 1921 984 1978 Domino
1025 1922 1450 1978 consolationem
1506 1924 1778 1979 ardentis-

177 2012 318 2072 sime
372 2023 716 2083 exspectare,
765 2023 820 2068 et
870 2014 1372 2070 desiderantissime
1421 2014 1686 2086 ﬂagitare,
1719 2025 1779 2071 ut

177 2119 376 2165 nostro
427 2117 480 2165 et
536 2110 894 2166 instituantur
942 2112 1209 2183 exemplo,
1242 2123 1297 2168 ct
1325 2115 1640 2170 erudiantur
1667 2115 1777 2170 clo-

175 2200 330 2270 quio,
360 2213 418 2257 et
447 2202 742 2257 fulciantur
769 2203 1016 2258 consilio.
1041 2202 1406 2260 Obsecramus
1431 2220 1546 2268 vos,
1571 2206 1615 2261 si
1645 2209 1777 2262 estis

175 2293 332 2349 obliti
385 2295 577 2359 vestri,
626 2295 961 2350 miseremini
1018 2295 1263 2362 illorum;
1295 2314 1505 2355 necnen
1538 2308 1593 2355 et
1639 2302 1777 2355 mul-

177 2391 387 2446 terunt,
407 2385 604 2454 quibus
629 2384 912 2456 exemplo,
939 2395 993 2441 et
1023 2386 1327 2443 imitatione
1357 2400 1534 2444 vestra
1553 2389 1773 2457 januam

177 2472 402 2544 pietatis
430 2489 542 2528 sum
575 2474 791 2544 aperire
839 2486 1064 2545 paratus
1100 2483 1187 2531 est
1218 2475 1498 2534 Dominus.
1525 2479 1773 2550 Alioquin

176 2579 273 2620 vos
325 2565 577 2620 videritis
611 2581 774 2636 quam
823 2567 1091 2623 rationem
1122 2569 1190 2625 dc
1236 2569 1460 2634 talento,
1491 2570 1633 2641 quod
1680 2572 1775 2626 ha-

178 2669 371 2714 ctenus
423 2657 760 2714 reconditum
804 2660 858 2714 in
892 2669 1037 2716 terra
1070 2662 1337 2730 tenuistis,
1389 2663 1509 2718 sitis
1546 2663 1774 2719 Domino

181 2750 470 2817 reddituri,
507 2749 734 2820 jamjam
777 2767 904 2808 ecce
950 2762 1200 2810 venturo.
1233 2753 1358 2810 llaec
1387 2771 1507 2825 qua:
1559 2771 1667 2811 non
1721 2756 1773 2811 iu

181 2842 350 2897 doctis
388 2843 641 2899 humana:
685 2844 966 2914 sapientiae
1017 2846 1218 2914 verbis,
1271 2848 1366 2903 sed
1418 2848 1472 2902 in
1523 2847 1772 2904 doctrina

184 2931 439 3004 Spiritus,
473 2945 634 3004 prout
653 2935 855 2990 donare
878 2937 992 3006 ipse
1016 2937 1267 3008 dignatus
1290 2947 1396 3003 est,
1421 2939 1632 2994 calamo
1655 2955 1776 3010 per—

178 3034 430 3080 currente
451 3027 818 3092 exaravimus,
839 3026 1004 3084 faciat.
1045 3028 1301 3086 Dominus
1333 3031 1404 3084 ita
1437 3031 1490 3086 in
1523 3033 1775 3087 cordibus

181 3115 373 3170 vestris
409 3118 630 3186 operari
657 3133 672 3182 ;
703 3127 762 3170 ut
796 3118 847 3172 in
878 3119 1125 3187 proximo
1169 3129 1224 3175 et
1247 3134 1347 3176 nos
1375 3122 1440 3176 de
1463 3119 1656 3177 ell'ectu
1689 3125 1774 3176 in-

185 3208 438 3271 tentionis
477 3217 676 3264 nostra:
706 3211 910 3280 gratias
937 3211 985 3266 ei
1037 3227 1282 3280 agamus,
1314 3222 1371 3268 et
1412 3222 1641 3284 uterque
1686 3231 1776 3270 ve-

184 3305 346 3353 stram
375 3299 597 3355 sincera
628 3300 827 3369 pietate
855 3315 1038 3354 coram
1077 3301 1197 3372 ipso
1241 3301 1424 3358 dicere
1452 3312 1727 3359 mereatur
1759 3321 1774 3359 :

185 3387 411 3458 Cogitavi
429 3390 545 3444 eius
575 3406 738 3457 meas,
767 3401 815 3445 et
841 3394 1068 3446 converti
1095 3393 1250 3461 pedes
1278 3409 1419 3448 meos
1452 3394 1509 3449 in
1540 3397 1776 3449 testimo-

186 3484 268 3536 nia
313 3494 404 3537 tua
446 3481 627 3555 (l’sal.
676 3499 865 3550 cxvnt,
911 3483 1021 3549 59),
1047 3493 1148 3539 et:
1193 3486 1270 3540 Ab
1305 3488 1446 3541 omni
1501 3488 1588 3542 via
1635 3487 1778 3543 mala

183 3575 414 3642 prohibui
427 3575 605 3646 ‘pedes
635 3593 796 3644 meos,
838 3585 892 3630 ut
924 3577 1217 3632 custodiant
1261 3579 1412 3634 verba
1447 3588 1540 3634 tua
1587 3580 1776 3651 (ibid,

187 3665 325 3739 illi).
360 3667 584 3724 Valete.

763 3761 952 3818 EPIS'I
965 3762 1099 3820 οιΑ
1126 3762 1190 3818 ll.

606 3870 674 3908 AD
696 3867 955 3910 NONIALES
979 3870 1044 3908 DE
1081 3868 1342 3910 LUGDUNO.

192 3962 450 4023 Hortatur
483 3968 606 4023 illas
644 3970 713 4023 ad
760 3971 1134 4040 capessendam
1179 3988 1368 4040 ntagno
1393 3972 1592 4033 animo,
1621 3987 1780 4042 quam

320 4055 510 4094 recens
539 4051 895 4110 susceperant,
931 4041 1243 4094 strictiorem
1280 4042 1634 4110 disciplinam.

249 4126 578 4187 Pssumus
606 4131 889 4186 Portarum
917 4134 1066 4202 prior
1091 4143 1312 4188 vocatus
1331 4177 1343 4199 ,
1363 4147 1417 4189 et
1446 4135 1537 4206 qui
1568 4151 1689 4190 cutn
1717 4153 1782 4190 eo

188 4223 300 4268 sunt
327 4215 584 4283 fratres,’
611 4219 962 4283 venerandis,
991 4231 1048 4275 et
1079 4221 1131 4275 in
1183 4220 1400 4278 Christo
1441 4225 1780 4281 cltarissimis

189 4309 481 4376 sororibus,
523 4310 812 4365 abbatissae
834 4311 1203 4380 Lugdunensi,
1249 4323 1306 4369 et
1331 4314 1452 4370 aliis
1481 4318 1778 4373 sanctimo-

189 4395 405 4456 nialibus
444 4400 551 4455 sub
577 4399 698 4470 ejus
741 4402 1002 4471 regimine
1029 4403 1245 4460 Christo
1281 4406 1666 4476 servientibus,
1695 4410 1784 4464 de-

191 4488 519 4546 votissimam
548 4492 601 4546 in
632 4491 860 4547 Domino
890 4492 1140 4547 salutem.

257 4580 468 4641 Gratias
494 4585 707 4656 agimus
756 4585 887 4654 Deo,
921 4591 1064 4656 quod
1114 4585 1339 4644 tandem
1367 4589 1522 4645 vobis
1571 4591 1776 4645 donare

197 4673 433 4745 dignatus
457 4689 566 4744 est,
603 4688 663 4734 ut
703 4681 804 4734 sub
843 4680 1073 4752 regulari
1103 4681 1389 4751 disciplina
1445 4681 1695 4753 religiose
1725 4692 1780 4738 ct

198 4779 371 4827 sancte
389 4774 666 4829 viveretis.
689 4774 762 4829 Dc
777 4775 1078 4847 hocgratia-
1102 4775 1194 4830 Dei
1217 4775 1363 4830 circa
1396 4791 1492 4830 vos
1514 4776 1778 4832 beneficio

199 4861 359 4928 angeli
395 4865 754 4935 gratulantur,
780 4866 954 4922 sancti
988 4866 1268 4934 la-tantur,
1300 4866 1544 4922 Ecclesia
1574 4867 1778 4923 Christi

200 4949 448 5016 gloriatur
471 4965 526 5012 et
543 4956 796 5011 exsultat.
813 4955 932 5010 Jam
957 4957 1069 5026 ipse
1090 4956 1339 5011 Christus
1356 4973 1612 5013 coronam
1627 4958 1780 5013 vobis

203 5049 507 5112 praeparavit
523 5048 576 5103 in
591 5048 918 5120 ccclis,quia,
932 5050 1048 5118 ipso
1063 5049 1582 5115 donautc,mnndum
1601 5060 1655 5104 et
1671 5051 1782 5104 dia-

204 5128 370 5190 bolum
389 5139 613 5196 vicistis.
630 5131 884 5194 Mundam
910 5156 1142 5210 namque
1172 5141 1396 5207 vicistis,
1426 5143 1552 5210 quia
1588 5157 1780 5212 quam-

209 5221 281 5276 vis
305 5228 543 5288 adlmcin
576 5233 776 5286 mundo
801 5233 940 5298 sitis,
959 5231 1074 5301 jam
1103 5241 1282 5287 tamen
1305 5249 1404 5301 per
1435 5233 1526 5287 Dei
1551 5235 1780 5303 gr..tiam

207 5313 269 5368 de
290 5322 483 5379 mundo
506 5341 612 5380 non
633 5325 787 5380 estis.
815 5325 1090 5396 Apostolis
1111 5327 1255 5381 enim
1283 5325 1426 5380 Dixit
1448 5326 1698 5382 Christus
1727 5335 1782 5382 et

208 5417 320 5462 cum
339 5417 614 5485 apostolis,
631 5417 810 5474 vobis:
830 5416 906 5472 De
931 5417 1126 5471 mundo
1141 5433 1243 5472 non
1266 5418 1410 5484 estis,
1426 5419 1516 5472 sed
1531 5435 1623 5488 ego
1650 5420 1780 5489 elegi

209 5511 288 5550 eos
309 5502 368 5554 de
397 5509 588 5563 mundo
620 5508 804 5578 (Joan.
837 5525 922 5574 xv,
957 5509 1066 5577 l9).
1103 5510 1176 5565 De
1226 5512 1428 5565 tnttndo
1461 5511 1605 5566 enim
1653 5521 1780 5567 sunt.

213 5588 294 5653 Qui
319 5597 570 5654 mundum
599 5600 852 5672 diligunt,
880 5609 936 5655 et
959 5601 1257 5655 secundum
1291 5602 1472 5656 mundi
1496 5603 1780 5672 concupis-

211 5679 405 5738 centias
430 5688 639 5746 vivunt.
668 5691 947 5746 Diabolum
991 5699 1170 5746 autem
1214 5691 1451 5757 vicistis,
1476 5693 1600 5763 quia
1629 5709 1778 5748 arnta

214 5764 468 5843 in‘luibus
497 5787 804 5843 conﬁdebat
853 5785 1191 5843 abstulistis:
1236 5785 1488 5864 fugiendo
1527 5797 1780 5860 opportu-

1883 558 2142 614 seducere
2191 567 2416 629 potest;
2459 569 2516 616 et
2565 560 2787 631 laqueos
2825 577 2963 632 quos
3006 563 3161 620 vobis
3217 569 3468 626 tendebat

1883 645 2210 718 disrupistis.
2257 649 2375 705 Non
2436 661 2616 708 autem
2655 667 2778 717 vos,
2825 653 2918 708 sed
2966 653 3080 720 ille,
3127 655 3212 711 cui
3262 659 3466 728 gratias

1882 751 2125 810 agentes,
2159 742 2343 800 dicitis
2379 762 2394 800 :
2435 743 2696 815 Dirupisti
2738 746 2944 802 vincula
2990 765 3126 815 mea,
3171 749 3264 803 tibi
3304 751 3470 805 sacri-

1881 834 2051 903 ficabo
2095 836 2324 892 hostiant
2375 837 2560 894 laudis
2591 838 2766 909 (Psal.
2825 855 2946 907 cxv,
2997 841 3108 910 Π).
3143 841 3209 896 Et
3253 841 3320 898 de
3361 858 3470 915 quo

1883 926 2076 980 iterum
2103 928 2284 984 dicitis
2313 947 2326 984 :
2363 929 2653 986 Abscondit
2688 949 2768 987 me
2808 931 2862 986 in
2907 932 3242 988 tabernaculo
3267 951 3384 999 suo,
3412 935 3470 1010 in

1881 1017 1965 1070 die
1993 1017 2254 1073 malorum
2294 1021 2518 1090 proterit
2552 1039 2653 1089 me,
2695 1022 2752 1078 in
2797 1024 3100 1079 abscondito
3145 1022 3470 1080 tabernaculi

1882 1110 1966 1158 sui
1993 1103 2164 1177 (Psal.
2216 1124 2365 1176 xxvr,
2413 1111 2492 1182 5).
2515 1112 2632 1182 ipsa
2677 1130 2894 1185 quoque
2949 1115 3332 1187 gloriosissima
3373 1115 3470 1170 Dei

1882 1199 2114 1264 genitrix
2166 1199 2355 1266 Maria,
2389 1201 2503 1272 jam
2532 1219 2631 1272 pro
2661 1203 2816 1259 vobis
2849 1205 3154 1271 intercedit,
3178 1213 3233 1259 et
3278 1205 3474 1276 gaudet

1882 1307 1978 1346 vos
2010 1291 2065 1346 in
2103 1306 2332 1348 numero
2373 1302 2684 1348 sanctarum
2729 1297 3029 1366 computari
3061 1296 3401 1352 feminarum.
3424 1297 3472 1352 Α

1882 1383 2044 1438 modo
2087 1383 2329 1438 Ecclesia
2371 1383 2596 1449 Christi,
2648 1401 2769 1456 qua:
2817 1387 2884 1442 de
2935 1396 3113 1443 vestra
3166 1386 3475 1444 inordinata

1881 1474 2295 1530 conversatione
2329 1475 2479 1544 prius
2539 1475 3000 1531 deltoncstabatur
3028 1517 3043 1542 ,
3085 1477 3284 1531 vestris
3331 1474 3473 1546 apud

1882 1563 2052 1619 Deum
2091 1567 2432 1623 orationibus
2478 1566 2854 1638 adjuvabitur,
2909 1579 2965 1625 et
3010 1578 3272 1639 quantum
3321 1568 3475 1638 prius

1882 1657 2307 1714 contristabatur
2331 1659 2398 1714 de
2441 1670 2622 1715 vestra
2659 1659 2989 1730 irrcligione,
3023 1668 3232 1714 tantum
3274 1658 3473 1730 gloria‘

1882 1746 2048 1813 bitur,
2096 1756 2152 1802 et
2208 1747 2478 1803 lmtabitur
2530 1750 2596 1804 de
2648 1759 2827 1805 vestra
2893 1747 3292 1804 emendatione.
3339 1747 3472 1801 Cmn

1813 1821 1854 1876 Β
1880 1855 2010 1908 ergo
2035 1848 2090 1894 et
2134 1839 2340 1911 angelis
2372 1840 2425 1895 in
2457 1841 2615 1908 cado,
2640 1849 2696 1896 et
2742 1841 3053 1897 [nominibus
3081 1839 3134 1893 in
3164 1847 3305 1893 terra
3337 1852 3472 1908 ganc

1879 1929 2026 1985 dium
2055 1932 2125 1987 sit
2155 1929 2220 1986 de
2244 1943 2424 1988 vestra
2462 1933 2882 1988 conversatione
2908 1949 2923 1997 ;
2956 1941 3218 2001 quantum
3250 1945 3348 1985 vos
3378 1928 3474 1983 de-

1877 2021 2020 2076 betis
2048 2022 2114 2076 de
2136 2022 2355 2092 proliria
2382 2021 2556 2079 salute
2596 2039 2697 2092 gan
2722 2025 2831 2078 lere
2852 2023 2876 2076 ?
2897 2031 3131 2092 quantas
3177 2022 3288 2076 Deo
3345 2033 3470 2089 gra-

1881 2113 1983 2168 tias
2048 2129 2212 2184 agere
2279 2130 2376 2184 pro
2434 2125 2616 2170 vestra
2677 2113 3059 2169 liberatione?
3114 2109 3474 2166 Devotissime

1877 2220 2111 2280 namque
2165 2205 2346 2262 dicere
2406 2205 2614 2262 debetis
2659 2205 2786 2260 illud
2838 2205 2980 2275 quod
3026 2204 3078 2258 in
3125 2201 3334 2272 psalmo
3380 2214 3475 2255 ca-

1878 2298 2026 2352 nitur
2067 2296 2412 2367 :Conﬁtebor
2432 2297 2546 2362 tibi,
2612 2297 2831 2350 Domine
2885 2293 3025 2350 Deus
3075 2310 3242 2360 meus,
3267 2301 3316 2346 et
3360 2289 3472 2361 glo-

1877 2390 2095 2460 riﬁcabo
2152 2405 2339 2444 nomen
2398 2399 2546 2443 tuum
2611 2390 2669 2443 in
2727 2398 3000 2442 wternum.
3067 2384 3206 2452 Quia
3271 2382 3474 2438 miseri-

1875 2481 2058 2536 cordia
2103 2488 2196 2534 tua
2243 2497 2438 2550 magna
2482 2489 2556 2533 est
2596 2495 2754 2548 super
2783 2495 2884 2542 me,
2929 2487 2976 2531 et
3015 2475 3198 2530 eruisti
3241 2474 3474 2528 animum

1875 2589 2046 2628 meam
2076 2585 2141 2628 ea:
2164 2571 2370 2642 inferno
2396 2570 2637 2641 inferiori
2667 2567 2842 2640 (Psal.
2872 2581 3074 2632 Lxxxv,
3103 2564 3173 2620 ιε
3228 2563 3341 2635 15).
3363 2562 3475 2617 Hoc

1878 2675 2061 2720 autem
2093 2663 2310 2732 scitote,
2338 2663 2564 2717 multum
2609 2661 2869 2731 espedire
2907 2659 3083 2724 vobis,
3128 2667 3182 2713 et
3236 2655 3476 2710 salutare

1877 2772 2013 2821 esse,
2046 2764 2105 2809 ιιι
2131 2756 2331 2810 bonum
2361 2753 2505 2825 quod
2537 2751 2802 2822 cmpistis,
2831 2765 2954 2805 cum
2979 2747 3251 2802 hilaritate
3269 2752 3323 2798 et
3345 2757 3476 2814 gau-

1877 2850 1966 2906 dio
1990 2849 2222 2904 faciatis.
2255 2847 2348 2902 Sic
2375 2847 2520 2901 enim
2548 2860 2683 2915 opus
2713 2842 2912 2898 bonum
2953 2841 3150 2895 debere
3180 2837 3296 2891 ﬁeri
3319 2835 3477 2889 docet

1877 2940 2186 3010 Apostolus,
2212 2939 2399 2993 dicens
2423 2952 2438 2992 :
2471 2937 2594 2992 Non
2615 2952 2680 2990 ex
2702 2935 2936 3000 tristitia,
2961 2941 3050 2986 aut
3073 2948 3136 2986 ea:
3151 2927 3475 2991 necessitate,

1877 3033 2101 3086 hilarem
2129 3049 2267 3086 emm
2319 3031 2554 3084 datorem
2605 3027 2779 3095 diligit
2832 3025 2970 3078 Deus
3021 3021 3107 3094 (11
3133 3020 3258 3078 Cor.
3286 3034 3363 3081 ιχ,
3394 3016 3475 3088 7).

1886 3125 2035 3181 Unde
2064 3123 2117 3177 in
2146 3121 2363 3178 Psaltno
2395 3139 2408 3175 :
2457 3118 2657 3175 Servite
2690 3116 2916 3172 Domino
2955 3116 3012 3169 in
3055 3113 3241 3169 laetitia
3301 3108 3475 3182 (l’sal.

1883 3232 2028 3282 χαις,
2050 3218 2132 3286 2).
2164 3214 2319 3282 Quod
2350 3213 2394 3268 si
2419 3214 2556 3268 forte
2573 3212 2767 3282 aliqum
2790 3226 2857 3264 ex
2876 3209 3029 3264 vobis
3079 3205 3255 3260 adlmc
3292 3201 3481 3256 tristes

1880 3310 1990 3364 sint
2015 3307 2082 3362 dc
2104 3307 2208 3362 hac
2243 3314 2455 3372 sancta,
2491 3313 2546 3358 et
2569 3303 2679 3359 Deo
2702 3300 2929 3373 placita,
2955 3313 3076 3369 qua:
3101 3298 3180 3351 eis
3203 3294 3344 3348 facta
3371 3299 3472 3356 est,

1880 3400 2159 3465 violentia,
2191 3415 2286 3454 vos
2311 3415 2431 3468 qua:
2459 3395 2861 3468 prudentiores,
2910 3400 2968 3447 et
3017 3388 3270 3444 meliores
3319 3384 3473 3448 estis,

1881 3492 2086 3548 debetis
2111 3506 2204 3546 eas
2236 3493 2288 3544 in
2319 3489 2497 3545 Verbo
2521 3487 2616 3542 Dei
2640 3483 2912 3542 consolari
2932 3524 2947 3548 ,
2993 3491 3047 3536 et
3090 3481 3347 3535 intimare
3396 3475 3478 3530 eis

1879 3585 2022 3656 quod
2043 3593 2232 3640 saneta
2263 3582 2545 3652 Scriptura
2574 3580 2708 3635 dicit
2737 3596 2751 3633 :
2787 3577 2938 3633 Sicut
2962 3575 3103 3629 tinea
3151 3572 3475 3633 vestimento,

1879 3685 1927 3730 et
1953 3675 2136 3730 vermis
2159 3673 2324 3744 ligno,
2370 3674 2446 3726 ita
2477 3670 2694 3725 tristitia
2726 3676 2874 3722 nocet
2914 3665 3060 3719 cordi
3109 3662 3294 3727 (Prov.
3345 3673 3474 3724 xxv,

1878 3764 1992 3834 20).
2022 3764 2163 3819 Dicit
2191 3764 2358 3818 etiam
2389 3760 2678 3832 Apostolus
2732 3777 2745 3813 :
2801 3759 2934 3823 Qua:
2974 3753 3261 3810 secundum
3309 3750 3477 3804 Deum

1879 3858 2094 3913 tristitia
2116 3867 2211 3920 est,
2235 3853 2589 3925 paenitentiam
2615 3852 2670 3906 in
2700 3849 2922 3904 salutent
2941 3844 3181 3901 stabilem
3206 3852 3478 3912 operatur,

1881 3947 2060 4004 sa'culi
2084 3963 2205 4001 vero
2227 3945 2440 4000 tristitia
2470 3953 2686 3997 mortem
2709 3949 2957 4010 operatur
2977 3934 3063 4007 (ΙΙ
3090 3933 3212 3988 Cor.
3237 3947 3338 3996 vn,
3365 3928 3475 3998 lO).

1884 4037 2100 4094 Debetis
2127 4038 2291 4093 etiam
2322 4051 2421 4108 pro
2441 4036 2521 4091 eis
2543 4048 2726 4098 orare,
2749 4039 2804 4086 et
2828 4045 2922 4085 eas
2949 4028 3016 4084 ad
3043 4025 3307 4082 orandum
3341 4021 3483 4076 inv'i-.

1885 4139 2022 4195 tare,
2046 4137 2106 4183 ut
2136 4143 2232 4200 per
2254 4127 2484 4198 gratiam
2514 4124 2630 4188 Dei,
2658 4121 3038 4178 necessitatem
3068 4121 3393 4172 convertant
3423 4112 3482 4168 in

1883 4221 2234 4277 voluntatem.
2267 4220 2335 4275 Et
2355 4220 2495 4275 sicut
2519 4218 2712 4273 beatus
2729 4214 3091 4281 Hieronymus
3116 4209 3273 4264 docet
3292 4205 3483 4278 (epist.

1890 4318 1954 4372 t0
1977 4316 2046 4370 ad
2074 4312 2343 4384 Furiam),
2369 4312 2574 4367 faciant
2602 4310 2668 4365 de
2706 4306 3034 4364 necessitate
3060 4301 3339 4356 virtutem.
3367 4296 3488 4352 Hoc

1885 4424 1983 4479 pro
2009 4408 2088 4462 eis
2109 4407 2152 4462 si
2199 4422 2315 4472 vos,
2357 4414 2411 4460 et
2450 4404 2556 4458 illa:
2597 4417 2695 4472 pro
2742 4417 2802 4456 se
2857 4400 3128 4454 instanter
3170 4389 3485 4454 oraverint,

1813 4513 1859 4570 D
1886 4502 2128 4556 Charitas
2164 4500 2257 4554 Dei
2303 4513 2401 4568 per
2447 4495 2712 4568 Spiritum
2753 4501 3001 4548 sanctum
3045 4485 3376 4541 diﬁ‘undelur
3423 4481 3482 4536 itt

1879 4591 2135 4645 cordibus
2169 4605 2356 4643 earum
2389 4627 2403 4652 ,
2449 4597 2505 4642 et
2544 4598 2674 4641 tmte
2711 4585 2977 4640 veraciter
3028 4581 3209 4636 dicent
3255 4591 3270 4628 :
3327 4571 3486 4629 Viam

1880 4681 2252 4735 mandatorum
2279 4689 2486 4732 tuorum
2514 4678 2744 4742 cucurri,
2779 4690 2895 4727 cum
2923 4669 3159 4725 dilatasti
3184 4682 3276 4724 cor
3306 4677 3484 4719 meum

1882 4772 2052 4845 (Psal.
2085 4787 2274 4834 cxvnt,
2298 4770 2410 4842 5t).
2445 4768 2689 4824 Tristitia
2716 4766 2860 4821 enim
2907 4765 2959 4819 in
3010 4761 3176 4818 corde
3206 4757 3336 4813 facit
3383 4772 3478 4809 an-

1881 4863 2111 4935 gustias,
2145 4871 2203 4916 ut
2233 4863 2435 4918 bonum
2477 4877 2612 4932 opus
2640 4859 2794 4915 oneri
2831 4857 2902 4912 sit
2929 4865 2982 4910 et
3013 4851 3190 4909 taedio.
3227 4847 3491 4904 Charitas

1883 4963 2070 5010 autem
2103 4955 2300 5009 dilatet
2327 4969 2441 5017 cor,
2472 4963 2529 5007 ut
2550 4969 2686 5024 opus
2709 4953 2908 5007 bonum
2939 4964 3060 5006 cum
3099 4943 3391 5005 hilaritate,
3426 4950 3480 4994 et

1881 5048 2000 5104 sine
2025 5046 2338 5103 dillicultate
2362 5045 2473 5100 liat.
2490 5045 2689 5102 Omnes
2710 5056 2924 5114 quoque
2940 5037 3299 5096 communiter
3319 5033 3487 5089 facite

1883 5142 2027 5212 quod
2058 5142 2190 5196 dicit
2210 5139 2500 5210 Apostolus
2527 5154 2542 5193 :
2580 5137 2773 5194 Mulier
2797 5139 3038 5206 innupta,
3067 5143 3115 5190 et
3141 5133 3306 5202 virgo,
3335 5131 3481 5200 cogia

1883 5246 1960 5292 tot
1988 5252 2106 5307 qua:
2135 5244 2259 5290 sunt
2286 5233 2520 5296 Domini,
2549 5242 2604 5287 ttt
2625 5232 2691 5286 sit
2711 5239 2894 5285 sancta
2917 5243 3133 5298 corpore
3176 5241 3238 5279 ac
3291 5223 3481 5294 spiritu

1885 5327 1936 5399 (ι
1965 5326 2090 5382 Cor.
2130 5342 2225 5388 vn,
2249 5323 2366 5396 54).
2389 5323 2630 5395 Corpore
2660 5332 2850 5379 saneta
2884 5330 2964 5386 est
2995 5335 3116 5375 una:
3152 5316 3316 5372 habet
3357 5330 3490 5369 θοι-ι

1884 5437 1986 5491 pus
2008 5419 2439 5474 immaculatum.
2480 5416 2683 5487 Spiritu
2710 5424 2903 5470 sancta
2924 5420 3031 5478 est,
3053 5425 3172 5481 quae
3193 5407 3482 5479 cogitando

1885 5529 1946 5568 ea
1975 5528 2096 5583 qua:
2154 5511 2369 5566 Domini
2423 5521 2569 5578 sunt,
2611 5517 2915 5566 scrvatcor
2963 5504 3032 5559 ab
3063 5501 3375 5567 immundis,
3424 5509 3482 5554 et

1884 5606 2221 5663 illecebrosis
2267 5604 2693 5677 cogitationibus
2725 5599 3006 5684 .mundum
3032 5635 3048 5660 ,
3098 5598 3240 5652 unde
3301 5595 3478 5652 illud:

1885 5699 2044 5757 Omni
2071 5702 2312 5758 custodia
2340 5718 2488 5756 serva
2517 5717 2609 5756 cor
2637 5711 2812 5765 tuum,
2846 5696 3096 5769 quoniam
3132 5712 3197 5750 ea:
3227 5695 3340 5774 ipso
3375 5696 3484 5749 vita

1885 5794 2115 5864 procedit
2145 5791 2329 5866 (Prov.
2363 5808 2440 5861 tv,
2460 5792 2575 5861 ‘33).
2601 5790 2707 5849 Cor
2734 5801 2914 5850 autem
2953 5791 3023 5848 ita
3074 5790 3210 5846 hcnc
3237 5788 3480 5848 custodi-
