3984 6462
443 415 548 473 εθι

1379 395 1732 457 BERNARDI
1761 359 2018 452 (nuru.
2043 353 2447 448 ron'ranuu
2477 388 2753 448 PRIORIS
2778 390 2802 447 1

3649 387 3768 445 89?.

453 547 562 602 tur,
592 535 636 590 si
664 533 870 589 sanctis
893 544 1107 598 semper
1123 523 1561 596 cogitationibus,
1613 527 1873 589 quantum
1924 513 2037 570 fieri
2075 517 2113 573 Α
2145 511 2370 579 Quando
2395 521 2573 566 autem
2599 510 2665 565 de
2691 509 2796 566 hac
2822 509 2928 566 vita
2953 509 3194 578 exibitis,
3219 508 3466 568 liberata
3480 509 3553 567 ab
3582 520 3760 566 etcr-

449 637 651 696 potcs1,
678 631 1001 693 oecupatum
1034 628 1280 674 teneatur
1313 611 1498 680 :juxta
1525 611 1667 680 quod
1696 609 1921 678 legitur:
1943 604 2043 661 Co-

449 719 629 788 gi:atio
657 725 836 770 sancta
866 712 1085 766 servabit
1107 719 1154 762 te
1179 705 1357 774 (Prov.
1391 720 1449 768 ιι,
1471 704 1524 757 ll
1559 719 1662 755 sec.
1711 697 1901 771 LXX).
1930 697 2042 753 lloc

453 819 630 862 autem
659 805 964 876 vigilanter,
994 809 1049 854 et
1074 797 1315 853 studiose
1362 792 1543 848 facere
1596 791 1826 856 delictis,
1884 791 2042 846 modo

455 915 550 970 per
588 899 909 958 orationem,
949 877 1107 947 modo
1149 905 1244 960 per
1291 895 1536 944 sanctam
1596 883 2040 947 meditationem,

455 990 747 1061 aliquando
783 1003 876 1058 per
898 977 1151 1038 manuum
1179 983 1230 1038 iu
1281 979 1494 1036 silentio
1543 976 1932 1050 operationem,
1962 975 2042 1028 di-

455 1091 610 1140 cente
633 1077 885 1150 Apostolo
920 1094 932 1129 :
968 1074 1073 1141 Qui
1101 1091 1200 1128 non
1237 1071 1342 1126 vult
1373 1071 1619 1140 operari,
1662 1085 1766 1122 non
1813 1065 2040 1120 mandu-

457 1182 534 1228 ιιι
573 1169 658 1240 (ll
693 1169 870 1222 Thess.
905 1183 987 1230 111,
1021 1165 1130 1232 10).
1174 1163 1327 1232 Smpe
1375 1177 1503 1215 vero
1555 1175 1648 1227 [ter
1689 1155 2038 1228 psalmodiam

454 1261 707 1316 cordibus
732 1269 787 1316 et
819 1261 1042 1314 vocibus
1071 1255 1520 1322 consonantibus;
1544 1252 1680 1307 sicut
1709 1250 1848 1305 idem
1900 1249 2040 1318 Apo-

453 1355 624 1411 stolu.‘
651 1355 807 1408 docet
844 1337 864 1405 ;’
885 1351 1190 1416 Cantantes,
1223 1360 1268 1403 et
1300 1345 1578 1418 psallentes
1602 1345 1656 1398 ia
1687 1343 1927 1398 cordibus
1959 1359 2042 1396 ve-

450 1447 575 1501 stris
609 1445 832 1503 Domino
863 1443 1026 1515 (Eph.
1050 1457 1102 1506 v,
1128 1441 1236 1510 l9).
1270 1440 1401 1507 Quae
1447 1437 1576 1492 licet
1605 1433 1786 1488 omnia
1836 1431 2042 1487 studio-

453 1538 670 1594 sissime
719 1537 958 1602 faciatis,
1009 1532 1346 1605 impossibile
1394 1541 1574 1585 tamen
1622 1537 1706 1584 est
1750 1536 1808 1582 ut
1855 1525 2039 1597 pravis

449 1628 672 1684 omnino
703 1626 1140 1698 suggestionihus
1163 1623 1417 1679 carentis.
1446 1619 1643 1676 Tribus
1667 1627 1845 1672 autem
1867 1615 2041 1672 modis

450 1727 735 1789 peccatum
775 1725 1119 1788 perpetratur
1147 1731 1163 1770 :
1194 1702 1558 1784 suggestione,
1609 1725 1729 1780 quae
1759 1707 1817 1764 ﬁt
1845 1723 1875 1762 a
1922 1707 2040 1761 dia-

451 1809 577 1863 bolo
599 1824 695 1880 per
730 1808 1144 1880 cogitationem;
1173 1804 1554 1867 delectatione,
1579 1817 1698 1872 qua:
1723 1801 1780 1853 [ιι
1799 1814 1895 1870 per
1917 1814 2038 1852 car-

452 1915 599 1966 nem,
630 1867 827 1956 eodeni
854 1897 1068 1954 diabolo
1100 1894 1470 1952 inﬂammante
1496 1887 1993 1960 concupiscentiam
2023 1903 2038 1952 ;
2077 1867 2120 1927 Β

451 2007 746 2056 consensu,
774 1991 864 2060 qui
890 1990 950 2045 lit
976 2005 1073 2060 per
1098 1989 1360 2042 animum.
1385 1984 1491 2041 Sed
1525 1983 1728 2038 nullum
1774 1989 1858 2036 est
1901 1979 2045 2051 peri-

449 2084 650 2152 culum,
682 2084 884 2140 nullout
909 2093 992 2139 est
1011 2083 1231 2138 omnino
1261 2089 1562 2152 peccatum,
1595 2075 1639 2131 si
1667 2073 2044 2146 cogitationes,

450 2193 762 2234 muscarum
795 2191 966 2244 more,
989 2176 1297 2246 importune
1327 2173 1618 2236 irruentes,
1641 2169 1906 2223 instanter
1931 2165 2046 2221 abi-

451 2279 543 2344 gat
574 2271 812 2338 animus,
845 2285 1009 2341 super
1035 2269 1343 2325 custodiam
1371 2265 1453 2322 sui
1475 2261 1766 2333 vigilanter
1789 2259 2046 2316 excubias

459 2365 729 2438 agone-Si
752 2373 935 2420 autem
961 2380 1116 2420 mens
1141 2361 1430 2428 dormitat,
1453 2368 1508 2414 et
1528 2359 1729 2430 passim
1779 2353 2046 2426 quashhet

454 2459 848 2524 immundas,et
877 2456 1068 2510 noxias
1099 2454 1454 2523 cogitationes
1483 2467 1588 2506 non
1613 2451 1786 2506 solum
1809 2447 2042 2520 ingredi,

453 2553 550 2608 sed
578 2550 744 2604 etiam
771 2562 978 2604 moram
1009 2546 1268 2600 inanimo
1307 2542 1490 2598 facere
1529 2541 1816 2612 permittit,
1870 2540 2048 2593 incre-

454 2649 550 2712 pat
601 2655 701 2696 nos
748 2653 926 2694 sermo
969 2636 1182 2692 divinus
1207 2649 1303 2704 per
1332 2633 1660 2701 Prophetam
1703 2645 1719 2686 :
1773 2627 2046 2701 Usquequo

455 2732 802 2788 morabuntur
828 2731 884 2784 in
915 2739 963 2784 te
995 2728 1333 2800 cogitationes
1353 2727 1526 2782 noxia:
1545 2726 1570 2780 2
1589 2723 1723 2798 (Jer.
1755 2739 1828 2790 tv,
1855 2722 1965 2792 14.)
1989 2719 2046 2776 Si

456 2834 636 2878 autem
661 2832 780 2894 post
809 2837 1029 2892 pravam
1065 2819 1462 2890 suggestionem
1494 2832 1592 2888 per
1621 2815 1842 2872 nimiam
1875 2814 2045 2884 negli-

459 2915 723 2986 gentiam,
753 2913 1061 2977 delectatio,
1086 2911 1199 2966 sive
1228 2907 1671 2982 concupiscentia
1694 2915 1840 2962 mota
1864 2905 2045 2972 fuerit,

461 3015 588 3060 tunc
614 3004 802 3076 saltem
839 3003 1248 3074 expergiscatur
1271 3003 1505 3078 animus,
1534 3008 1589 3056 et
1617 3015 1714 3070 per
1745 2997 2044 3054 invocatio-

461 3111 587 3150 nem
611 3095 847 3150 nominis
869 3093 1071 3150 Christi
1105 3093 1280 3166 ignem
1307 3093 1600 3148 excitatum
1631 3087 2044 3162 exstinguendo,

462 3187 675 3250 hostes,
694 3185 805 3255 jam
843 3187 986 3240 intra
1033 3183 1251 3253 ianuam
1283 3173 1590 3244 admissos,
1641 3179 1873 3234 viriliter
1912 3178 2047 3233 resi-

461 3277 658 3334 stendo
681 3277 950 3344 excludat,
979 3293 1047 3333 ne
1072 3285 1126 3332 et
1149 3277 1263 3346 ipse
1291 3275 1456 3346 (quod
1482 3271 1646 3344 absit)
1691 3285 1788 3342 per
1837 3267 2042 3338 peccati

461 3383 789 3424 consensum
815 3369 1064 3438 captivus
1095 3367 1359 3430 trahatur,
1411 3365 1493 3421 vel
1517 3365 1682 3420 etiam
1728 3363 2044 3434 perimatur.

463 3457 524 3514 Si
556 3473 684 3513 vero
707 3468 830 3530 post
867 3458 1275 3514 delectationem
1326 3464 1586 3527 sequatur
1635 3467 1952 3516 consensus,
1989 3459 2046 3504 ut

461 3548 692 3613 scilicet,
721 3548 860 3618 quod
883 3539 1012 3602 caro
1040 3547 1396 3618 concupiscit,
1425 3545 1635 3600 animus
1662 3544 2050 3598 decernatesse

463 3638 794 3702 faciendum,
807 3637 919 3708 jam
943 3636 1164 3713 omnino
1185 3645 1464 3706 peccatum
1491 3635 1804 3704 imputatur,
1838 3631 2048 3686 etiamsi

464 3744 569 3788 non
633 3728 996 3798 subsequatur
1041 3724 1244 3782 factum
1291 3743 1304 3779 :
1353 3723 1609 3796 quoniam
1669 3737 1758 3776 rea
1817 3730 2046 3787 tenetur,

464 3819 626 3872 etiam
671 3818 792 3874 sine
837 3831 1000 3888 opere
1034 3816 1175 3872 malo
1211 3814 1461 3871 voluntas
1489 3813 1646 3868 mala.
1707 3810 1860 3865 Sicut
1905 3811 2048 3864 enim

463 3905 662 3962 bonam
685 3906 1012 3963 voluntatem
1039 3913 1256 3976 reputat
1274 3903 1416 3960 Deus
1438 3902 1641 3959 homini
1669 3901 1735 3956 ad
1759 3900 2047 3970 justitiam,

465 3997 814 4052 etiamsinon
865 3998 1065 4053 habeat
1113 3995 1427 4056 facultatem
1475 3995 1611 4050 bene
1645 3991 1927 4062 operandi,
1975 3989 2048 4042 ita

466 4087 798 4144 voluntatem
831 4087 1026 4142 malam
1087 4097 1302 4158 reputat
1341 4083 1407 4142 ad
1450 4093 1748 4155 peccatum,
1804 4080 2052 4152 quamvis

468 4191 574 4228 non
599 4175 796 4232 habeat
815 4177 1270 4245 opportunitatem
1298 4175 1579 4245 peccandi.
1631 4173 1756 4228 Haec
1776 4173 1842 4228 de
1873 4171 2052 4225 cordis

467 4266 712 4326 custodia
769 4267 1004 4320 breviter
1058 4267 1324 4330 diximus,
1371 4275 1427 4319 ut
1471 4263 1784 4340 intelligatis
1821 4261 2053 4334 qualiter

460 4357 616 4426 juxta
643 4358 994 4428 apostolicum
1012 4399 1028 4426 ,
1047 4358 1186 4428 quod
1203 4373 1364 4428 supra
1385 4357 1641 4421 diximus,
1663 4355 2048 4424 testimonium,

467 4463 574 4510 non
609 4457 814 4502 tantum
855 4449 1117 4518 corporis,
1172 4451 1264 4505 sed
1300 4457 1353 4505 et
1403 4448 1601 4504 mentis
1635 4448 2051 4503 sanctimoniam

2148 604 2230 657 nis
2266 603 2600 658 cruciatibus
2625 602 2940 672 impiorum,
2977 601 3330 671 perfruemini
3355 612 3566 658 aeterna
3627 601 3764 657 fcli-

2145 697 2306 752 citate
2327 698 2626 767 justorum,
2658 705 2712 751 et
2743 694 2996 750 videbitis
3017 694 3219 766 Regem
3271 697 3324 752 in
3372 697 3577 752 decore
3629 713 3762 758 suo,

2147 791 2198 845 in
2228 803 2387 860 quem
2413 789 2726 844 desiderant
2761 787 2940 859 angeli
2971 788 3284 858 prospicere
3324 787 3528 844 Audite
3559 788 3764 842 Domi-

2147 897 2272 934 mun
2303 881 2356 933 in
2385 877 2677 950 Evangelia
2709 877 2979 934 dicentem
3007 892 3021 931 :
3057 877 3280 950 Vigilate
3324 879 3468 932 omni
3518 887 3766 948 tempore

2144 981 2373 1035 orantes,
2405 978 2460 1023 ut
2488 968 2796 1023 mereamini
2827 967 3009 1039 fugere
3037 967 3178 1042 uiola
3207 985 3325 1039 quae
3369 979 3592 1022 rentum
3631 979 3762 1022 sunt

2143 1059 2198 1113 in
2226 1057 2521 1113 novissimis
2559 1057 2763 1120 diebus,
2817 1067 2864 1111 et
2911 1068 3052 1111 stare
3102 1068 3221 1112 ante
3273 1053 3482 1111 Filium
3520 1056 3760 1109 hominis

2144 1149 2296 1221 (Luc.
2323 1165 2435 1214 ιιι,
2457 1149 2570 1218 56).
2603 1150 2670 1205 Ει
2689 1148 2977 1218 Apostolus
3001 1166 3014 1202 :
3045 1147 3168 1202 Non
3191 1158 3311 1202 sunt
3335 1147 3762 1218 coudignarpas—

2141 1243 2311 1296 siones
2324 1243 2482 1312 hujus
2495 1243 2758 1308 temporis,
2784 1241 3094 1312 adgfnturam
3117 1239 3340 1310 gloriam
3360 1255 3482 1310 qua
3501 1237 3762 1292 revelari.

2143 1341 2232 1387 tur
2249 1334 2300 1387 in
2325 1331 2663 1402 nobis(Rom.
2692 1335 2936 1401 v11t,13).
2969 1333 3092 1388 ll;cc
3109 1331 3368 1402 cogitate,
3386 1331 3502 1384 lucc
3527 1329 3760 1384 assidua

2144 1427 2489 1481 meditatime
2514 1441 2601 1481 rce
2621 1427 2756 1481 dite:
2783 1437 2834 1482 et
2863 1425 2994 1482 nihil
3019 1409 3365 1488 laboriosum,
3393 1424 3528 1478 nihil
3559 1440 3762 1478 onera-

2142 1533 2260 1572 sum
2285 1518 2648 1586 aestimabitis,
2681 1533 2788 1588 quo
2813 1519 3030 1588 possitis
3063 1517 3202 1588 ignis
3241 1515 3434 1570 aeterni
3483 1513 3756 1584 suppl'c'a

2141 1607 2394 1676 evadere,
2416 1621 2470 1664 et
2490 1609 2839 1665 beatitudinis
2860 1617 3078 1664 aeternae
3117 1605 3339 1678 praemia
3370 1605 3652 1662 obtinere.

2725 1700 3054 1757 EPISTULA
3089 1686 3174 1755 ιιι.

2577 1809 2645 1848 ΑΙ)
2682 1808 2988 1848 ιιΑιΝΑιοωι
3018 1807 3300 1849 ιΝειυειιι.

2371 1882 2614 1948 Qualiter
2647 1899 2826 1936 coram
2863 1881 3084 1936 Domino
3117 1883 3182 1936 sit
3213 1881 3518 1939 vivendum.

2219 1995 2537 2052 BEBNARDUS
2569 1995 2854 2050 Portarum
2890 1994 3046 2050 Prior
3079 1992 3762 2060 vocatus,nstut.polra-

2149 2088 2215 2144 tri
2240 2088 2466 2154 incluso,
2495 2089 2548 2144 in
2575 2097 2765 2144 sancto
2791 2087 3068 2158 proposito
3102 2086 3332 2142 viriliter
3355 2099 3548 2157 agere.

2222 2181 2355 2236 Rem
2381 2180 2596 2252 quidem
2631 2180 2936 2242 honestam,
2963 2178 3058 2234 sed
3095 2177 3182 2248 cui
3215 2176 3358 2232 forte
3385 2177 3600 2248 1115mm
3625 2189 3756 2246 pos-

2148 2288 2332 2330 semus
2358 2272 2763 2328 excusationem
2791 2271 3111 2334 obtendere,
3147 2268 3428 2339 postulas;
3471 2277 3536 2322 ut
3581 2269 3758 2337 quali-

2151 2375 2233 2422 ter
2257 2363 2350 2422 tibi
2378 2379 2563 2418 coram
2599 2363 2828 2418 Domino
2855 2361 3144 2416 vivendum
3179 2361 3274 2424 sit,
3299 2360 3514 2430 scripto
3535 2360 3754 2430 digera-

2149 2472 2290 2512 mus.
2320 2455 2425 2512 Sed
2450 2471 2516 2511 ne
2533 2454 2705 2525 magis
2725 2455 3007 2510 videantur
3028 2452 3280 2508 charitati
3321 2451 3568 2508 defuisse
3585 2467 3752 2521 quam

2151 2548 2541 2604 rationabiliter
2569 2561 2880 2620 excusasse,
2917 2561 3022 2600 non
3059 2545 3274 2616 quidem
3301 2555 3468 2616 prout
3505 2545 3754 2614 expedit,

2148 2642 2242 2696 sed
2271 2641 2409 2696 sicut
2439 2641 2678 2695 charitas
2703 2638 2960 2708 suggerit,
2997 2648 3100 2692 tua:
3125 2636 3374 2706 petitioni
3429 2635 3758 2692 satisfacere

2148 2734 2512 2806 aggredimur.
2550 2731 2896 2788 Commoneri
2927 2739 3108 2784 autem
3141 2741 3192 2784 te
3213 2729 3486 2796 volumus,
3537 2743 3638 2784 nos
3657 2744 3760 2784 ne-

2148 2839 2416 2895 quaquam
2447 2823 2606 2878 lixam
2641 2821 2734 2876 tibi
2777 2830 2833 2876 et
2861 2829 3066 2876 certam
3110 2819 3326 2874 vivendi
3366 2819 3616 2892 regulam
3639 2827 3760 2874 sta-

2152 2926 2338 2982 tuere;
2365 2915 2460 2972 sed
2491 2931 2609 2985 quae
2634 2913 3018 2984 compendiosa
3043 2911 3322 2979 videntur,
3369 2926 3440 2965 ex
3487 2912 3578 2966 his
3623 2925 3754 2979 quae

2147 3008 2514 3066 ecclesiastica
2542 3005 2731 3077 religio
2753 3005 3042 3060 observare
3072 3002 3376 3070 consuevit,
3394 3001 3758 3058 tibibreviter

2153 3100 2454 3156 insinuare.
2481 3097 2540 3152 Si
2560 3112 2680 3167 quae
2708 3111 2836 3151 vero
2859 3093 3175 3157 dixerimus,
3209 3107 3331 3162 qua:
3359 3091 3446 3146 vel
3476 3091 3614 3146 dura
3663 3091 3754 3144 ni-

2073 3213 2114 3271 C
2151 3191 2252 3246 mis
2279 3191 2582 3254 videantur,
2609 3187 2690 3243 vel
2713 3187 2849 3243 levia
2875 3196 3054 3254 ;ιιιιιιιι
3077 3185 3179 3239 erit
3209 3184 3760 3240 velduralevioribns

2153 3291 2480 3351 temperare,
2535 3279 2618 3334 vel
2662 3278 2798 3334 levia
2851 3276 3249 3332 robustioribus
3287 3285 3534 3342 mutare;
3585 3285 3760 3345 prout

2150 3371 2408 3427 Dominus
2438 3369 2768 3438 voluntatem
2793 3367 2890 3422 tibi
2911 3366 3114 3422 dederit
3151 3365 3376 3435 pariter,
3422 3374 3478 3422 et
3511 3364 3758 3420 faculta-

2152 3471 2256 3518 tem
2291 3481 2304 3516 :
2335 3471 2546 3516 servata
2577 3470 2756 3515 tamen
2806 3459 3008 3530 ubique
3065 3457 3230 3530 (quod
3283 3456 3510 3512 multum
3559 3471 3758 3514 mone-

2151 3554 2290 3624 mus)
2324 3553 2670 3620 discretione,
2695 3567 2812 3621 qua:
2845 3550 2984 3607 etad
3016 3549 3346 3620 profectum,
3371 3558 3430 3602 et
3463 3549 3532 3601 ad
3563 3564 3758 3618 perse-

2149 3641 2453 3698 verantiam
2481 3639 2759 3712 religionis
2817 3638 3110 3710 plurimum
3163 3637 3346 3692 valere
3388 3636 3758 3707 dignoscitur.

2150 3733 2471 3803 Incipientes
2496 3730 2668 3795 enim,
2697 3744 2835 3800 quos
2879 3729 3114 3784 uovitios
3161 3735 3377 3792 vocant,
3427 3726 3760 3797 plerumque

2154 3822 2355 3888 majora
2388 3819 2593 3875 viribus
2619 3817 2858 3888 aggressi
2893 3816 2980 3890 (eo
3031 3816 3176 3886 quod
3227 3815 3494 3871 fervorem
3549 3830 3754 3870 eorum

2153 3911 2323 3968 soleat
2353 3909 2669 3965 indiscretio
2694 3908 2964 3978 comitari)
3015 3915 3128 3976 aut,
3168 3907 3313 3978 quod
3357 3905 3592 3977 graviter
3639 3907 3758 3960 do-

2153 4003 2366 4056 lendum
2397 4008 2502 4067 est,
2559 3999 3022 4070 perseverantiam
3067 3999 3332 4069 perdunt;
3379 4007 3474 4052 aut
3521 4013 3758 4068 gravem

2153 4094 2414 4164 corporis,
2455 4093 2779 4163 quandoque
2825 4107 2957 4146 vero
2987 4101 3042 4146 et
3077 4091 3279 4146 mentis
3335 4090 3760 4146 iuvalitmlinem

2153 4187 2509 4252 incurrentes,
2539 4185 2604 4238 ad
2635 4183 2858 4250 leviora,
2886 4193 2942 4238 et
2968 4183 3129 4237 nimis
3157 4181 3386 4238 remissa
3411 4197 3532 4252 quse
3557 4183 3772 4246 omui-l

2153 4294 2221 4331 no
2248 4275 2530 4345 reliquisse
2559 4274 2875 4338 debuerant,
2908 4273 3084 4329 redire
3111 4271 3526 4342 compelluntur.

2233 4365 2304 4420 De
2334 4365 2561 4418 silentio.
2592 4359 2774 4418 —-4llis
2826 4362 2990 4434 igitur
3047 4361 3365 4431 praemissis,
3417 4361 3483 4416 de
3529 4361 3760 4417 silentio

2156 4457 2308 4528 prius
2335 4455 2596 4510 dicamus.
2623 4453 2736 4508 Hoc
2761 4453 2984 4508 omnino
3012 4453 3104 4506 tibi
3137 4452 3537 4508 observandum
3593 4453 3754 4506 vade-

472 4541 672 4595 srctari
716 4539 980 4596 delzeatis.
1033 4539 1202 4608 Quam
1253 4549 1456 4612 quanto
1501 4539 1793 4596 studiosius
1835 4547 2054 4595 sectatae
2083 4549 2126 4608 ι)
2155 4557 2260 4612 tur,
2286 4553 2345 4599 ut
2372 4561 2400 4598 a
2427 4541 2794 4614 Completorio
2823 4558 2993 4620 usque
3023 4543 3088 4596 ad
3116 4541 3356 4598 Primam
3380 4543 3574 4596 :estivo
3604 4550 3748 4594 tem-

467 4631 699 4698 lucritis,
727 4642 878 4688 tanto
927 4633 1099 4701 magis
1129 4631 1342 4687 Christo
1393 4631 1638 4696 Domino,
1692 4631 1778 4686 cui
1821 4631 2049 4700 despon-

468 4733 600 4779 sata:
620 4725 750 4780 estis
779 4723 1087 4796 placehitis,
1120 4735 1174 4778 et
1201 4725 1270 4778 ah
1317 4725 1436 4793 ipso
1481 4723 1667 4778 audire
1709 4723 2049 4777 merebimini

469 4813 620 4878 illud,
653 4815 793 4885 quod
827 4815 1026 4886 legitur
1051 4815 1104 4868 in
1135 4814 1362 4869 Cantico
1387 4813 1724 4868 canticorum
1759 4830 1774 4865 :
1807 4812 1964 4876 Ecce,
1995 4823 2051 4866 tu

466 4903 684 4976 pulchra
708 4921 782 4970 es,
811 4905 982 4958 amica
1011 4921 1148 4967 mea,
1178 4919 1298 4957 ecce
1319 4913 1375 4956 tu
1399 4901 1620 4972 pulchra
1669 4918 1742 4956 es.
1771 4900 1926 4956 Oculi
1976 4903 2054 4956 tui

470 4993 827 5048 columbarum
855 4995 1030 5064 (Cant.
1065 5011 1104 5062 1,
1133 4995 1246 5064 2i).
1289 4993 1380 5048 Bis
1425 4993 1582 5057 dixit,
1629 4991 1881 5062 pulchra;
1937 4993 2054 5062 pul-

471 5084 602 5138 chra
640 5086 848 5139 scilicet
877 5087 1105 5141 interius
1155 5097 1210 5141 et
1245 5085 1466 5156 pulchra
1509 5086 1781 5150 exterius;
1828 5083 2054 5152 pulchra

474 5178 702 5238 interius
730 5194 826 5247 per
861 5181 1042 5234 cordis
1090 5180 1408 5249 puritatem,
1443 5187 1498 5233 et
1541 5177 1764 5248 pulchra
1815 5177 2056 5232 exterius

473 5287 572 5352 per
605 5269 728 5323 vitae
758 5269 1144 5338 integritatem.
1174 5271 1301 5323 ltem
1327 5271 1549 5340 pulchra
1599 5269 1824 5323 interius
1846 5283 1941 5338 per
1961 5270 2058 5322 bo-

477 5377 602 5416 nam
635 5359 1018 5424 iutentiouem;
1067 5370 1118 5414 et
1143 5361 1370 5430 pulchra
1418 5362 1658 5415 exterius
1714 5375 1809 5429 per
1861 5358 2055 5413 bonam

476 5451 871 5522 operationem.
903 5449 1132 5504 Pulchra
1165 5451 1394 5506 interius
1435 5466 1534 5521 per
1581 5452 1778 5506 bonam
1813 5450 2060 5504 volunta—

477 5553 621 5608 tem,
645 5541 867 5613 pulchra
893 5538 1134 5596 exterius
1171 5553 1266 5609 per
1295 5550 1540 5593 sanctam
1571 5540 2057 5594 conversationem.

479 5631 638 5689 Oculi
659 5633 757 5698 tui,
792 5633 986 5703 inquit,
1014 5630 1398 5694 columbarum,
1427 5631 1554 5699 quia
1597 5645 1747 5684 more
1787 5630 2062 5685 columba-

483 5739 628 5790 rum,
653 5739 884 5794 quarum
903 5733 1096 5780 natura
1118 5721 1348 5794 simplex
1376 5728 1478 5787 cst,
1509 5729 1560 5774 et
1593 5721 1709 5776 sine
1733 5718 1878 5784 felle,
1929 5721 2063 5775 nihil

488 5815 674 5872 vident
711 5815 851 5873 oculi
907 5817 980 5872 tui
1047 5817 1190 5892 quod
1237 5816 1448 5874 animus
1493 5811 1630 5874 male
1691 5811 2059 5884 concupiscat.

2151 4651 2301 4706 pore,
2326 4633 2541 4690 hiemali
2565 4648 2693 4687 vero
2720 4641 2978 4702 tempore,
3009 4647 3180 4702 usque
3210 4631 3276 4687 ad
3301 4631 3542 4685 Tertiam
3575 4629 3752 4684 silen-

2156 4728 2286 4782 tium
2318 4735 2526 4780 teneas.
2551 4723 2686 4778 Cum
2717 4723 2860 4777 enim
2901 4737 3116 4793 semper
3163 4720 3450 4792 (quantum
3499 4735 3588 4774 res
3631 4719 3756 4788 ipsa

2155 4816 2449 4888 permittit)
2474 4815 2748 4871 silentium
2777 4825 2996 4884 captare
3041 4823 3094 4869 et
3123 4813 3319 4868 sectari
3353 4813 3576 4878 debeas,
3633 4826 3760 4866 ma~

2154 4911 2296 4964 xime
2324 4917 2482 4962 noctu
2513 4924 2619 4961 non
2649 4917 2734 4962 est
2760 4907 3066 4961 violandum
3087 4946 3102 4968 ,
3153 4905 3252 4959 nisi
3311 4905 3608 4959 vehemens
3657 4919 3760 4958 ne-

2158 4999 2383 5054 ceSsitas
2410 4997 2717 5068 compellat,
2740 5006 2794 5050 ut
2823 4997 3008 5067 paucis
3031 4995 3230 5063 verbis,
3259 5004 3311 5051 et
3343 5010 3464 5052 cum
3487 4995 3760 5050 modestia

2157 5089 2422 5160 prolatis,
2475 5103 2560 5142 res
2613 5087 2918 5141 necessaria
2969 5085 3320 5158 signiﬁcetur.
3379 5085 3568 5142 Otiosa
3619 5100 3760 5140 vero

2160 5181 2347 5245 verba,
2377 5189 2432 5233 et
2460 5178 2656 5234 nullius
2685 5178 2934 5232 utilitatis
2961 5177 3170 5247 pondus
3201 5177 3484 5243 habentia,
3525 5191 3635 5230 non
3661 5192 3760 5230 so-

2159 5269 2267 5324 lum
2297 5283 2404 5324 non
2436 5268 2599 5323 debes
2620 5267 2908 5337 aliquando
2935 5265 3100 5336 loqui,
3147 5267 3241 5323 sed
3273 5255 3398 5321 nec
3445 5268 3514 5322 ab
3567 5267 3754 5333 aliqua

2160 5361 2366 5416 audire.
2396 5359 2583 5414 Nullus
2613 5358 2710 5413 tibi
2748 5358 2980 5423 fabulas,
3019 5358 3104 5412 vel
3138 5359 3527 5424 scurrilitates,
3569 5357 3756 5412 nullus

2163 5469 2407 5510 rumores
2434 5451 2762 5506 exteriorum
2795 5451 3138 5522 negotiorum
3188 5451 3388 5505 audeat
3413 5447 3642 5505 referre.
3693 5449 3740 5502 li

2163 5549 2251 5603 Iud
2277 5555 2484 5601 tantum
2511 5545 2634 5598 audi
2666 5543 2918 5608 libenter,
2951 5545 3093 5602 unde
3121 5544 3231 5599 Deo
3263 5544 3470 5613 gratias
3495 5555 3650 5606 ages,
3707 5541 3758 5595 si

2164 5637 2422 5693 beneficia
2451 5635 2628 5690 divina
2659 5633 2915 5698 sunt,vel
2967 5635 3110 5689 unde
3165 5650 3348 5690 coram
3400 5635 3511 5689 Deo
3559 5647 3758 5704 preces

2163 5725 2426 5791 cﬂ'undas,
2454 5725 2497 5780 si
2525 5725 2696 5779 tristia
2723 5724 2832 5779 sint
2858 5724 2940 5782 vel
2967 5723 3218 5784 adversa.
3269 5725 3456 5782 Omnis
3482 5723 3570 5794 qui
3601 5725 3670 5779 ad
3711 5738 3766 5782 te

2166 5817 2329 5887 venit,
2357 5815 2438 5873 vel
2464 5824 2564 5872 ate
2592 5817 2729 5873 bona
2761 5815 2965 5882 audiat,
2999 5817 3083 5872 vel
3139 5817 3235 5874 tibi
3273 5819 3410 5873 bona
3467 5817 3638 5875 dicat.
3701 5818 3764 5874 Si
