3984 6410
161 367 260 436 895

1459 357 1819 417 erasmus
1857 331 2064 420 ruas.

3307 363 3414 424 891

159 495 286 540 vero
334 475 565 546 religiosi
611 473 693 531 vel
733 472 926 530 eruditi
983 471 1082 528 viri
1117 480 1167 527 te
1213 471 1457 538 visitant,
1496 473 1739 543 paratior
1772 477 1814 536 Α
1847 475 1921 530 ait
1947 474 2261 546 Apostolus,
2287 475 2382 530 sed
2414 473 2636 529 inomni
2680 475 2915 556 oratione
2941 491 2960 530 :
2986 487 3033 532 et
3065 479 3418 552 obsecratione

157 585 366 646 semper
391 575 506 624 esto
552 567 692 624 bona
723 568 790 623 ab
812 566 892 622 eis
920 565 1109 621 audire
1154 580 1316 636 quam
1353 564 1553 620 dicere.
1615 563 1739 620 llaec

158 665 202 721 si
230 663 517 718 observare
558 657 851 722 studueris,
904 672 1009 712 non
1059 655 1354 727 impedient
1401 657 1739 713 devotionem

157 752 333 810 cordis
358 749 432 804 tui
464 749 838 820 phantasmata
864 748 1182 812 vanitatem,
1217 747 1269 802 in
1291 747 1585 818 psalmodia
1611 757 1664 802 et
1687 747 1738 800 iu

156 844 416 903 oratione.
475 842 684 914 Quanta
734 856 864 897 vero
915 842 1210 897 necessitas
1255 841 1370 898 bace
1419 841 1739 899 observandi

157 937 248 999 tibi
279 934 576 1000 incumbat,
610 933 694 990 bis
723 933 1044 989 testimoniis
1088 933 1494 1006 Scripturarum
1521 943 1739 992 sancta-

155 1042 271 1084 rum
304 1027 547 1081 adverte.
606 1023 865 1081 Dominus
911 1023 964 1078 iu
1025 1023 1318 1096 Evangelia
1367 1024 1542 1079 dicit:
1575 1022 1742 1078 Omne

155 1114 360 1170 verbum
386 1114 608 1168 otiosum
629 1113 769 1183 quod
799 1113 962 1167 locuti
989 1112 1186 1182 fuerint
1216 1113 1468 1171 homines.
1527 1113 1741 1166 reddent

155 1204 407 1256 rationem
437 1202 501 1256 tle
523 1219 582 1257 eo
607 1203 662 1256 in
687 1202 772 1254 die
791 1202 985 1272 judicii
1039 1201 1254 1270 (Matth.
1307 1219 1378 1256 xu
1402 1244 1417 1267 ,
1441 1201 1552 1274 36).
1610 1201 1740 1254 Item

155 1297 412 1366 scriptum
443 1304 526 1350 est
556 1312 570 1348 :
604 1293 670 1348 In
692 1293 1021 1364 multiloquio
1053 1311 1154 1348 non
1197 1296 1412 1364 e/Iugies
1472 1305 1741 1363 peccatum

154 1384 334 1456 (Prov.
363 1401 418 1451 Χ,
449 1385 560 1455 19),
585 1393 672 1438 et:
715 1381 805 1438 Vir
832 1384 1104 1456 linguosus
1128 1401 1229 1438 non
1257 1386 1511 1455 dirigetur
1537 1385 1589 1437 in
1605 1395 1743 1437 terra

153 1478 171 1548 (
189 1475 332 1531 Psal.
366 1491 588 1544 cxxxnx,
617 1474 737 1546 12):
763 1485 816 1531 et
845 1475 984 1530 mors
1003 1485 1050 1530 et
1077 1476 1178 1530 vita
1205 1477 1258 1529 in
1287 1475 1526 1530 manibus
1549 1475 1744 1545 lingua:

154 1567 338 1640 (Prov.
364 1584 527 1632 xvut,
550 1567 662 1640 21).
696 1567 805 1624 Fac
833 1567 998 1638 igitur
1027 1568 1172 1638 quod
1204 1567 1342 1621 dicis
1394 1567 1446 1620 in
1496 1565 1741 1636 psalmo:

153 1659 299 1725 Dixi,
331 1661 627 1715 custodiam
651 1661 760 1714 vias
783 1676 946 1723 meas,
980 1669 1032 1712 ut
1057 1676 1159 1713 non
1189 1659 1486 1730 delinquant
1539 1660 1591 1712 in
1645 1659 1746 1711 lin-

151 1767 250 1822 gua
295 1766 446 1816 utea;
490 1753 642 1820 posui
688 1752 769 1806 ori
813 1767 924 1806 meo
959 1749 1248 1804 custodiam
1301 1748 1472 1822 (l’sal.
1517 1765 1742 1814 κλμ-111,

150 1841 280 1910 23);
341 1841 434 1896 11111
477 1851 532 1898 et
575 1842 821 1912 sequitur
865 1860 878 1896 :

153 1934 342 2007 (lbid.,
371 1935 449 2005 5).
491 1933 548 1991 Si
576 1951 705 2006 ergo
723 1936 877 2004 juxta
903 1933 1227 2004 Proplietatn
1254 1973 1270 1999 ,
1312 1933 1476 1987 debes
1524 1941 1746 2002 propter

151 2027 470 2100 gravitatem
502 2025 723 2092 silentii,
766 2026 1056 2101 aliquando
1108 2025 1268 2080 silere
1317 2025 1535 2080 etiama
1567 2024 1743 2092 bonis,

151 2105 308 2192 quam
337 2119 496 2192 longe
517 2121 714 2175 debent
739 2134 769 2173 a
795 2128 845 2174 te
866 2133 986 2174 esse
1017 2133 1138 2192 qua:
1160 2118 1299 2174 bona
1335 2134 1442 2178 non
1467 2119 1628 2174 sunt?

170 2197 174 2201 ”
223 2214 426 2268 Contra
458 2215 795 2268 otiositatem.
820 2242 891 2253 --
912 2209 1067 2268 Nunc
1095 2212 1162 2266 de
1183 2212 1541 2288 occupatione
1589 2211 1744 2280 spirie

150 2301 379 2363 tualium
405 2301 489 2356 vel
513 2301 872 2373 corporalium
896 2316 1119 2369 operum
1153 2316 1565 2372 prosequamur.
1603 2301 1746 2366 Quo-

152 2394 298 2450 niam
341 2403 597 2450 constans
623 2403 704 2450 est
730 2394 1057 2451 otiositatem
1083 2394 1355 2450 inimicam
1385 2408 1504 2448 esse
1530 2393 1742 2458 animm,

153 2493 202 2540 et
223 2483 516 2556 Apostolus
543 2485 672 2541 dicit
704 2503 716 2539 :
753 2485 858 2552 Qui
888 2501 991 2538 non
1020 2495 1290 2553 operatur,
1330 2501 1422 2538 nec
1466 2485 1744 2538 ntandurct

157 2575 235 2648 (II
261 2575 448 2634 Thess.
482 2592 562 2643 tu,
587 2576 698 2648 10),
731 2584 947 2647 oportet
970 2585 1028 2631 ut
1059 2575 1242 2646 aliquo
1295 2575 1522 2647 spiritali
1582 2591 1746 2646 opere

158 2678 478 2739 occupatum
511 2677 563 2724 te
590 2669 738 2724 omni
771 2677 1011 2739 tempore
1034 2683 1142 2740 quo
1163 2669 1470 2740 vigilaveris
1511 2677 1745 2724 tentator

158 2759 415 2816 inveniat.
445 2759 755 2831 Congruum
802 2761 967 2816 etiam
1013 2761 1168 2816 nobis
1219 2761 1450 2825 videtur,
1498 2771 1555 2815 ut
1591 2758 1744 2829 juxta

156 2854 398 2910 eumdem
435 2853 775 2924 Apostolum,
799 2855 1084 2908 secundum
1111 2855 1348 2909 ordinem
1381 2854 1431 2926 (I
1457 2853 1581 2908 Cor.
1627 2871 1742 2922 xtv,

157 2943 408 3016 40),li:ec
442 2945 638 3001 eadem
684 2961 847 3016 opera
900 2957 989 3001 tua
1043 2946 1364 3017 distinguas.
1420 2945 1743 3000 Malutinuru

159 3035 313 3114 igitur
339 3045 576 3106 tempus,
607 3052 776 3108 usque
807 3038 872 3092 ad
907 3037 1145 3092 Tertiam
1175 3038 1227 3094 in
1253 3037 1449 3102 hieme,
1482 3037 1533 3091 in
1563 3046 1748 3092 aestate

161 3141 281 3182 vero
310 3143 486 3198 usque
515 3131 582 3183 ad
625 3127 863 3183 Primam
912 3127 1284 3199 spiritualibus
1322 3129 1597 3184 exercitiis
1647 3129 1748 3182 im-

159 3218 338 3297 pende.
371 3217 693 3290 Spiritualia
711 3235 840 3273 vero
865 3233 1026 3290 opera
1048 3219 1402 3290 appellamus,
1420 3220 1742 3285 orationem,

163 3323 361 3364 sacram
390 3310 712 3375 lectionem,
737 3319 984 3366 sanctam
1015 3311 1448 3378 meditationem,
1499 3320 1554 3366 ct
1606 3310 1747 3382 psal-

163 3401 404 3456 modiam.
440 3400 548 3456 Per
577 3399 844 3470 reliquum
877 3410 1060 3456 autem
1088 3411 1302 3472 tempus
1326 3403 1453 3470 diei,
1479 3419 1648 3472 usque
1678 3403 1744 3459 ad

161 3491 440 3563 Vesperas,
473 3494 655 3566 aliquo
683 3494 798 3549 utili
827 3510 991 3566 Opere
1013 3510 1270 3549 manuum
1293 3503 1586 3565 occupatus
1607 3505 1742 3561 esto;

161 3580 228 3636 ita
257 3594 310 3640 ut
333 3587 596 3643 brevibus
631 3587 970 3642 orationibus
1025 3586 1151 3641 illud
1185 3587 1570 3656 interrumpas.
1622 3585 1748 3640 Post

161 3667 412 3745 Vesperas
452 3686 632 3733 autem
666 3677 1041 3748 spiritualibus
1070 3678 1327 3748 operibus
1376 3691 1592 3743 vacare,
1653 3676 1748 3732 sed

87 3825 90 3830 _
161 3770 211 3817 et
239 3770 380 3834 tunc,
416 3778 686 3838 quantum
719 3768 944 3837 poteris,
975 3767 1191 3824 silentio
1215 3782 1433 3838 operam
1464 3766 1593 3819 dare
1639 3779 1748 3818 me-

163 3865 348 3913 mento.
401 3859 540 3916 Post
583 3859 1003 3930 Complctorium
1059 3875 1227 3926 vero,
1285 3858 1453 3928 quieti
1505 3857 1748 3911 membra

163 3945 280 4004 dare
308 3965 410 4006 non
442 3949 682 4007 differas.
725 3952 924 4006 Diebus
955 3950 1106 4008 festis
1137 3951 1371 4008 maxime
1396 3948 1563 4005 debes
1589 3949 1751 4020 spiri-

164 4038 382 4096 tualibus
406 4043 610 4097 studiis
635 4058 856 4120 operam
881 4043 1032 4106 dare,
1081 4052 1242 4112 prout
1269 4042 1362 4097 tibi
1393 4041 1652 4096 Dominus
1695 4041 1747 4099 in

164 4125 232 4187 eis
251 4127 546 4198 fervorem,
578 4145 631 4188 et
653 4135 886 4204 gratiam
919 4142 1182 4208 przestare
1207 4131 1533 4203 dignabitur.
1582 4130 1752 4186 Nove-

165 4219 231 4280 ris
251 4230 421 4281 tamen
468 4226 659 4285 melius
688 4241 806 4280 esse
833 4225 898 4279 ad
936 4224 1149 4294 aliquod
1196 4239 1331 4294 opus
1361 4239 1618 4279 manuum
1667 4223 1748 4279 vi.

164 4307 329 4365 cissim
359 4329 677 4380 recurrere,
701 4330 862 4385 quam
879 4315 1220 4370 dormitando
1237 4315 1456 4371 lectioni
1475 4315 1748 4382 insistere,

163 4404 210 4448 et
249 4417 311 4454 ex
365 4405 686 4473 prolixitate
738 4406 987 4462 lectionis
1043 4407 1260 4462 taedium
1316 4407 1594 4463 incttrrere
1635 4423 1648 4459 :
1694 4415 1753 4460 ut

1841 581 1958 619 cum
2003 565 2291 636 gratiarum
2326 567 2548 631 actione,
2576 567 2846 631 petitiones
2879 579 3056 623 vestra:
3096 569 3418 628 innotescunt

1841 656 1984 726 apud
2014 655 2178 714 Deum
2211 655 2378 726 (Pliil.
2407 674 2480 722 ιν,
2510 658 2585 729 6).
2633 658 2884 728 Ejusdem
2915 674 3131 730 quoque
3179 662 3417 730 Apostoli

1837 747 2162 822 auctoritate
2193 762 2209 801 :
2234 743 2532 818 Corporalis
2569 749 2870 803 exercitatio
2895 750 2962 803 ad
2989 749 3246 806 modicum
3300 767 3420 818 pro—

1837 839 1952 911 dest
1972 856 1992 905 ;
2011 841 2175 908 pietas
2187 851 2358 895 autem
2371 841 2440 894 ad
2463 842 2638 896 omnia
2657 851 2732 896 est
2759 841 2902 895 utilis
2921 841 2971 913 (l
3002 841 3134 898 Tim.
3165 858 3238 910 tv,
3260 841 3337 912 8).

1915 930 1989 986 De
2016 933 2180 1000 pretio
2211 949 2442 1000 cperam.
2459 932 2615 987 --De
2638 933 2812 1002 pretio
2829 948 3049 1002 opermn
3073 943 3279 1007 tuorun.
3302 949 3421 1004 quae

1846 1023 1940 1079 tibi
1969 1023 2272 1078 necessaria
2299 1034 2457 1079 erunt
2484 1024 2550 1078 ad
2598 1025 3059 1102 continuationem
3113 1025 3293 1096 operis
3344 1025 3421 1080 tui

1844 1113 2210 1183 comparabis,
2239 1129 2356 1184 qua:
2379 1129 2508 1170 vero
2532 1125 2876 1185 supererunt,
2919 1117 2972 1170 in
3023 1115 3108 1170 bis
3150 1131 3269 1186 qua:
3325 1116 3422 1170 tibi

1844 1205 2149 1263 necessaria
2181 1216 2338 1261 erunt
2373 1208 2437 1260 ad
2467 1209 2720 1262 vestitum
2746 1211 3034 1276 expcndes.
3081 1207 3191 1263 Nec
3216 1210 3283 1264 ab
3319 1209 3424 1262 alio

1843 1311 2135 1364 expensam
2161 1297 2212 1351 in
2242 1297 2482 1352 vestibus
2507 1297 2752 1366 accipere
2789 1315 2970 1363 cures,
3010 1299 3054 1354 si
3091 1299 3186 1354 tibi
3214 1315 3308 1354 eas
3356 1299 3425 1354 de

1843 1403 2006 1460 opere
2029 1399 2118 1444 tuo
2135 1387 2461 1444 suﬂicienter
2485 1392 2685 1460 poteris
2701 1407 3036 1461 comparare.
3065 1390 3196 1446 Nam
3223 1393 3426 1446 victum

1845 1483 2048 1538 scimus
2077 1491 2127 1536 te
2157 1482 2223 1537 de
2253 1483 2580 1537 monasterio
2603 1483 2823 1538 habere.
2852 1481 2947 1539 llis
2970 1499 3097 1540 vero
3121 1501 3240 1556 quae
3263 1499 3428 1554 supra

1841 1573 1990 1641 dicta.
2022 1582 2148 1628 sunt
2175 1574 2418 1642 exceptis
2448 1584 2640 1630 caveto
2674 1574 2916 1638 omnino,
2965 1584 3020 1630 et
3069 1573 3430 1630 aboniiuabile

1847 1663 2051 1730 ducito,
2085 1664 2289 1735 aliquid
2325 1666 2421 1722 tibi
2452 1666 2608 1736 quasi
2653 1665 2932 1736 proprium
2984 1665 3302 1730 recondere,
3346 1664 3431 1720 vel

1848 1757 2106 1813 retinere.
2135 1755 2241 1813 Sed
2265 1757 2523 1828 quidquid
2552 1758 2645 1812 tibi
2677 1767 2799 1827 post
2832 1773 3122 1828 expensam
3173 1773 3292 1828 quae
3339 1771 3434 1810 ne-

921 1840 1190 1905 Obmutui,
1243 1851 1288 1894 et
1345 1841 1469 1894 silui
1527 1858 1558 1893 a
1601 1841 1746 1894 bonis

1854 1849 2080 1904 cessaria
2113 1857 2197 1903 est
2224 1847 2290 1902 ad
2313 1858 2512 1913 vestes,
2535 1857 2590 1902 et
2622 1848 2688 1903 ad
2748 1848 3198 1918 praeparationem
3247 1847 3434 1916 operis

1848 1940 1924 1996 ttti
1958 1939 2262 2011 supererit;
2296 1939 2380 1994 vel
2408 1939 2475 1994 de
2503 1940 2587 1994 bis
2615 1955 2733 2009 qua:
2769 1939 2864 1993 tibi
2897 1938 3035 1994 forte
3061 1939 3128 1992 ab
3162 1937 3434 2006 aliquibus

1846 2033 2018 2089 servis
2048 2033 2139 2087 Dei
2171 2032 2462 2099 dabuntur,
2497 2030 2580 2085 vel
2611 2031 2677 2085 de
2707 2031 2880 2101 pretio
2927 2045 3150 2099 operum
3196 2038 3432 2091 tuorum,

1847 2125 2104 2179 continuo
2130 2123 2312 2194 (prout
2349 2123 2444 2177 tibi
2501 2122 2792 2190 videbitur)
2845 2119 3256 2176 necessitatibus
3297 2118 3434 2172 indi~

1848 2214 2088 2282 gentium
2117 2213 2366 2283 impende
2386 2229 2400 2277 ;
2419 2210 2664 2280 ut,juxta
2683 2209 3025 2281 Apostolum,
3039 2207 3436 2280 aperandogma-

1852 2307 2002 2359 nibus
2030 2305 2133 2358 tuis
2155 2303 2294 2375 quod
2327 2304 2519 2358 bonum
2550 2311 2646 2367 est,
2674 2303 2867 2355 Italicas
2905 2300 3041 2354 unde
3099 2298 3296 2351 tribuas
3349 2314 3440 2352 nec

1850 2399 2142 2455 cessitate-nt
2170 2395 2389 2465 patienti
2412 2394 2627 2464 (Ep/tes.
2664 2409 2738 2458 tv,
2769 2391 2882 2461 28).
2927 2392 3080 2458 Quod
3121 2390 3168 2444 si
3197 2390 3438 2458 aliquau-

1851 2491 1921 2545 do
1959 2489 2054 2544 tibi
2093 2488 2205 2542 vult
2237 2487 2434 2558 aliquis
2459 2487 2588 2542 dare
2614 2484 2756 2555 quod
2801 2485 3168 2538 necessarium
3201 2496 3308 2535 non
3341 2479 3440 2534 11οη
3523 2541 3532 2552 .

1852 2581 2002 2644 beas,
2042 2588 2314 2635 memento
2350 2578 2614 2648 scriptum
2664 2592 2785 2632 esse
2814 2593 2828 2632 :
2861 2576 3078 2630 Beatius
3136 2574 3304 2642 magis
3361 2581 3437 2628 est

1849 2669 1978 2723 dare
2015 2682 2172 2738 quam
2201 2665 2431 2736 accipere
2458 2663 2595 2735 (Act.
2626 2679 2718 2726 xx,
2750 2663 2861 2732 15).
2905 2662 3058 2719 Absit
3086 2662 3231 2714 enim
3258 2669 3314 2712 ut
3339 2659 3440 2712 alio

1850 2777 1956 2830 qua
2005 2759 2088 2814 vel
2142 2759 2246 2814 levi
2289 2758 2585 2828 cupiditate
2638 2766 2871 2812 mentem
2907 2763 3052 2810 tuam
3091 2752 3347 2816 macules,
3386 2760 3441 2806 et

1851 2852 2080 2923 gratiam
2115 2850 2257 2904 illius
2285 2890 2299 2910 ,
2341 2849 2432 2920 qui
2467 2857 2516 2902 te
2557 2847 2811 2912 vocavit,
2863 2862 2894 2900 a
2941 2857 2992 2900 te
3043 2845 3305 2916 repellas,
3354 2843 3439 2898 vel

1851 2943 2160 3009 retinendo,
2190 2941 2275 2997 vel
2298 2938 2725 3010 concupiscendo
2750 2937 2893 3008 quod
2926 2937 3289 2991 necessarium
3329 2950 3438 2988 non

1854 3037 2056 3102 babes;
2090 3035 2180 3105 qui
2211 3050 2316 3090 non
2340 3032 2511 3089 solum
2545 3030 2766 3093 mundo,
2791 3038 2844 3084 et
2873 3030 3140 3084 universis
3185 3027 3441 3094 concupi-

1849 3128 2072 3184 scentiis
2108 3123 2226 3193 ejus
2265 3119 2653 3177 abrenuntiain
2680 3161 2694 3186 ,
2743 3119 2835 3174 sed
2881 3119 3047 3174 etiam
3101 3116 3441 3185 temetipsum

1851 3218 2158 3289 abnegasti,
2192 3228 2250 3272 ut
2273 3231 2488 3272 crucem
2516 3224 2660 3268 tuam
2685 3219 2806 3282 post
2839 3209 3023 3266 Jesum
3053 3207 3335 3281 portando,
3369 3205 3438 3264 ad

1849 3312 1967 3384 ejus
1995 3310 2261 3383 promissa
2289 3305 2592 3378 pervenias.

1927 3403 2131 3470 Quibus
2175 3399 2403 3455 restibus
2458 3393 2908 3452 utendum—De
2948 3391 3147 3447 vestitu
3197 3403 3325 3445 vero
3370 3388 3443 3446 ita

1851 3495 2008 3551 nobis
2030 3493 2264 3555 videtur,
2296 3490 2440 3560 quod
2464 3504 2494 3543 a
2525 3487 2682 3543 lineis
2711 3485 2955 3541 vestibus
3003 3481 3224 3538 omnino
3269 3478 3442 3534 absti~

1851 3601 1983 3642 nere
2013 3584 2187 3661 possis
2207 3590 2262 3638 et
2295 3582 2514 3646 debeas,
2541 3587 2595 3634 et
2623 3577 2813 3644 laneis,
2864 3584 3026 3649 atque
3076 3572 3303 3644 pelliciis
3358 3569 3442 3624 iu-

1850 3679 2124 3735 dumentis
2153 3685 2441 3732 contentus
2460 3689 2604 3728 esse.
2634 3671 2786 3737 Quod.
2816 3669 2862 3726 si
2909 3669 3004 3724 tibi
3051 3667 3123 3723 ita
3151 3663 3436 3737 placuerit,

1852 3770 1992 3826 habe
2014 3783 2111 3843 pro
2137 3767 2377 3825 camisiis
2407 3763 2614 3821 duabus
2660 3764 2794 3818 duas
2851 3760 3086 3814 tunicas.
3133 3756 3440 3826 Caligarum

1854 3865 1963 3920 duo
1996 3863 2147 3936 paria
2171 3861 2254 3916 vel
2287 3861 2415 3925 tria,
2458 3868 2683 3929 prepter
2713 3853 2966 3911 hiemalia
3000 3851 3221 3922 frigora.
3269 3847 3442 3902 Pedu-

1854 3957 1923 4012 lia
1956 3972 2077 4028 quae
2105 3954 2392 4012 suﬂlciaut.
2422 3950 2701 4005 Pellieiam
2731 3963 2914 4008 unam,
2958 3953 3053 3998 aut
3081 3945 3236 4006 duas,
3270 3940 3313 3994 si
3353 3955 3444 3993 ue-

1853 4043 2425 4116 cessariasjudicabis,
2449 4051 2506 4097 et
2532 4040 2723 4112 pelles,
2756 4048 2811 4095 et
2840 4051 3088 4108 cappam.
3120 4035 3204 4089 Ad
3242 4032 3442 4087 lectum

1853 4141 2056 4197 habeto
2078 4148 2339 4203 stramen,
2395 4135 2623 4197 filtrum,
2670 4129 3069 4204 c00pertorium
3126 4126 3192 4182 de
3237 4123 3444 4197 gressis

1853 4233 2035 4288 ovium
2061 4228 2292 4303 pellibus
2343 4224 2546 4282 rustico
2601 4239 2779 4296 panno
2831 4231 3168 4292 coopertum,
3222 4214 3304 4270 vel
3353 4230 3448 4270 eo.

1855 4332 1968 4380 tum
2001 4321 2494 4394 (l),pulvitnun,ad
2514 4327 2692 4388 caput.
2728 4314 2873 4371 llabe
2894 4328 3109 4384 quoque
3140 4311 3272 4365 duas
3293 4324 3446 4372 acus,

1857 4415 2030 4482 filum,
2067 4425 2122 4469 et
2150 4412 2387 4477 forﬁces,
2415 4405 2792 4480 ctltujustuodi
2819 4401 3242 4474 suppellectilem
3282 4413 3445 4468 quant

166 4500 424 4568 praecurso
459 4497 639 4568 aliquo
664 4513 850 4568 opere,
883 4507 1036 4572 grata
1063 4498 1435 4553 vicissitudine
1463 4513 1651 4552 rursus
1681 4497 1746 4552 ad

1858 4507 1952 4564 tibi
2011 4506 2217 4562 videbis
2263 4519 2385 4564 esse
2442 4499 2832 4562 necessariam,
2864 4511 2931 4550 ne
2962 4493 3174 4565 cogaris
3203 4491 3329 4544 talia
3354 4505 3447 4561 pe-

171 4581 458 4648 orationcm
494 4587 579 4643 vel
602 4587 889 4643 lectionem
913 4588 1210 4645 ferventior
1246 4602 1561 4658 consurgas.
1621 4586 1752 4642 Tale

173 4681 337 4729 autem
366 4692 504 4749 opus
531 4688 662 4735 tunc
686 4679 872 4745 facito,
896 4682 1038 4752 quod
1069 4682 1272 4752 quiete,
1305 4691 1359 4736 et
1401 4681 1520 4735 sine
1573 4681 1752 4736 sonitu

173 4764 588 4835 Possitfierime
634 4771 789 4826 turba
844 4771 1136 4826 indiscreta
1189 4769 1504 4826 scaudalmn
1551 4779 1750 4826 sumat.

173 4845 302 4910 Cave
335 4869 514 4917 autem
557 4877 625 4918 ne
675 4878 913 4932 unquam
963 4878 1084 4918 eam
1136 4862 1557 4918 sollicitudinem
1607 4861 1752 4917 circa

173 4951 296 5010 Opus
320 4947 532 5021 aliquod
559 4953 843 5024 corporale
871 4953 1090 5021 habeas,
1118 4970 1238 5024 qure
1289 4964 1341 5009 te
1385 4955 1618 5021 tardum,
1672 4954 1753 5010 vel

177 5035 398 5102 lepidum
426 5043 591 5099 faciat
619 5046 686 5100 ad
711 5045 1037 5112 orationem,
1093 5047 1199 5111 vel,
1254 5047 1320 5101 ad
1378 5058 1576 5102 cmtera
1635 5063 1754 5120 qua:

177 5121 516 5188 spiritualiter
574 5143 704 5188 sunt
757 5132 1027 5188 facienda.
1101 5133 1215 5190 Non
1256 5136 1401 5190 enim
1449 5136 1752 5206 corporalia

176 5218 415 5296 exercitia
443 5224 812 5293 spiritualibus
838 5226 1193 5296 praeferenda,
1226 5234 1320 5283 sed
1352 5227 1524 5283 multo
1571 5228 1750 5283 excel-

177 5293 360 5390 Ιρηιῑυε
411 5313 712 5383 spiritualia
759 5293 887 5371 sunt
936 5317 1310 5387 corporalibus
1355 5317 1751 5390 anteponenda.

179 5386 671 5474 Quae'corporaliter
697 5407 881 5471 facies,
914 5423 1012 5464 suo
1036 5386 1284 5481 tempore
1308 5386 1548 5477 strenue,
1576 5419 1632 5465 et
1658 5409 1756 5464 im-

177 5481 318 5560 Pist‘e
346 5489 496 5552 ﬁant.
527 5499 685 5555 Absit
705 5508 886 5556 autem
911 5509 969 5553 ut
1007 5508 1154 5555 tuum
1185 5499 1476 5568 fervorem,
1529 5501 1612 5556 vel
1662 5501 1758 5556 de-

181 5577 434 5641 νοῑῖοῐιεῐη
487 5606 609 5661 qua:
645 5591 793 5647 circa
843 5591 1146 5663 spiritualia
1193 5593 1359 5647 debes
1405 5593 1630 5656 habere,
1669 5593 1750 5648 sui

180 5676 294 5724 cura
328 5677 407 5732 vel
437 5684 799 5741 sollicitudine
829 5684 1144 5756 impediant.
1173 5682 1324 5740 Nihil
1358 5685 1574 5740 solliciti
1614 5687 1752 5754 sitis,

245 5781 315 5855 (⁸)
343 5787 555 5868 Cotum,
584 5797 750 5868 Gallis
779 5801 1008 5867 coussin,
1037 5813 1104 5854 ex
1131 5796 1428 5856 Teutonico
1453 5798 1676 5863 Kusscu.

1861 4599 2027 4656 tendo
2055 4597 2121 4651 ab
2144 4596 2288 4660 aliis,
2311 4593 2590 4648 silentium
2639 4602 2911 4658 rumpere,
2966 4586 3050 4639 vel
3095 4582 3444 4652 indigentiam

1856 4685 2112 4764 patiendo
2141 4683 2561 4739 Sollicitudinem
2589 4679 2810 4734 habere.
2838 4674 3061 4730 Videtur
3079 4673 3242 4729 etiam
3261 4671 3443 4736 nobis,

1857 4761 1999 4847 quod
2047 4773 2424 4834 canonicalem
2480 4770 2749 4833 habitum,
2806 4766 3021 4837 quando
3063 4779 3300 4837 premens
3342 4761 3447 4816 erit

1858 4870 2166 4946 episcopus,
2194 4867 2440 4935 accipere
2469 4864 2691 4926 debeas,
2726 4871 2784 4915 ut
2817 4877 2922 4914 non
2948 4860 3120 4914 solum
3158 4857 3328 4919 locus,
3353 4855 3448 4910 sed

1858 4971 1912 5017 et
1935 4961 2155 5015 habitus
2201 4955 2656 5014 commonefaciat
2681 4963 2732 5008 te
2757 4953 2822 5005 ad
2850 4951 3028 5005 sobrie
3075 4961 3126 5003 et
3159 4949 3241 5018 pie
3268 4949 3446 5002 viven-

1859 5051 1984 5106 dum
2023 5064 2206 5104 coram
2249 5047 2344 5101 illo
2370 5046 2461 5117 qui
2493 5043 2930 5099 absconditorum
2955 5050 3036 5094 est
3067 5039 3330 5110 cognitor.

1935 5140 2210 5206 Quomodo
2233 5137 2779 5210 jejunandutn.—De
2837 5134 3159 5190 abstinentia
3207 5133 3288 5186 vel
3311 5130 3452 5202 jeju-

1857 5235 1963 5290 niis
1989 5234 2062 5288 ita
2113 5233 2328 5302 accipe.
2388 5229 2529 5285 Dicit
2577 5229 2794 5299 quidem
2844 5226 3186 5298 Apostolus:
3239 5223 3450 5294 Castng

1860 5343 2049 5397 corpus
2081 5341 2277 5387 meum,
2309 5333 2355 5377 et
2389 5323 2443 5376 in
2476 5323 2771 5376 servitutem
2798 5321 2974 5390 redigo
3006 5318 3056 5390 (Ι
3081 5317 3203 5372 Cor.
3230 5332 3308 5381 tx,
3335 5315 3448 5387 27).

1857 5416 1924 5471 Et
1949 5417 2189 5472 iterum:
2237 5414 2341 5480 Qui
2394 5423 2569 5467 autem
2618 5421 2738 5467 sunt
2785 5410 3001 5474 Christi,
3049 5422 3258 5462 carnem
3299 5421 3451 5460 suam

1852 5511 2229 5580 ‘eruci/ixerunt
2279 5524 2397 5562 cum
2446 5507 2580 5562 vitiis
2626 5516 2674 5561 et
2724 5502 3152 5573 concupiscentiis
3205 5495 3348 5570 (Cal.
3397 5513 3449 5558 v,

1856 5599 1972 5672 24).
2007 5599 2112 5656 Sed
2143 5598 2398 5670 quoniam
2443 5593 2750 5665 liujusmodi
2783 5591 3065 5654 habitatio,
3118 5603 3282 5659 quam
3341 5587 3452 5641 Dco

1859 5690 2161 5764 inspirante
2199 5686 2410 5759 elegisti
2448 5725 2464 5755 ,
2522 5684 2664 5742 solet
2719 5681 2938 5738 sanitati
2987 5678 3182 5754 capitis
3231 5687 3454 5753 propter
