3920 6298
520 348 625 404 893

1442 308 1805 411 ἰιιειιΝΑιιοι
1834 355 2090 414 ωιιιτιι.
2130 355 2515 419 ΡοιιτΑιιιιιι
2551 362 2827 424 Ριιιοιιιδ
2862 366 2886 422 ι
3454 424 3457 427 ι
3691 388 3768 447 ωδ

528 476 717 518 aerem
750 462 1018 521 inclusum
1057 465 1271 530 obesse,
1300 466 1442 535 quod
1465 475 1520 522 et
1563 468 1755 523 crebra
1796 467 2001 538 jejunis
2038 469 2121 526 fa-
2150 481 2196 536 Α
2225 471 2438 530 redeas.
2464 474 2617 531 'I'unc
2644 485 2847 546 autem,
2874 477 3011 536 sicut
3045 486 3209 553 supra
3239 484 3771 562 diximus,spiritast-

523 548 650 612 cere
681 569 1016 627 noscuntur;
1049 577 1153 615 non
1186 560 1521 615 arbitramur
1548 562 1640 617 tibi
1688 562 1948 633 expedire
1975 562 2120 636 quod

523 662 786 718 magnum
814 651 1155 707 abstinentiae
1183 651 1414 719 rigorem
1447 665 1717 707 assumas.
1776 652 1942 725 Igitttr
1988 656 2123 710 satis

521 751 645 795 esse
671 742 966 807 credimus,
990 751 1048 796 ut
1072 750 1224 796 sexta
1253 740 1385 795 feria
1421 741 1590 796 semel
1623 743 1857 811 relicias,
1886 760 1982 815 per
2035 758 2122 803 to-

527 836 639 883 tmn
673 845 875 886 annum
902 831 1261 885 :abstinendo
1285 831 1503 900 quidem
1534 847 1564 886 a
1586 832 1728 897 vioo,
1760 835 1853 889 sed
1875 834 2123 905 pulmen-

525 920 640 974 tum
672 923 968 988 sumendo;
998 920 1101 976 nisi
1130 919 1251 976 festi
1276 920 1414 986 dies,
1470 922 1554 978 vel
1585 933 1792 979 octava:
1839 940 2120 984 sacrarum

524 1010 927 1068 solemnitamm
957 1011 1160 1067 Natalis
1186 1011 1425 1083 Domini,
1474 1014 1699 1071 Pascha:
1740 1024 1796 1071 et
1853 1016 2120 1075 Penteco-

525 1113 640 1157 stes
671 1104 1034 1171 occurrerinl,
1060 1103 1140 1158 vel
1169 1106 1490 1175 sanguinem
1542 1107 1826 1176 minueris,
1874 1108 1957 1164 vel
1981 1107 2121 1165 forte

522 1202 759 1263 tegrotus
788 1193 975 1251 fueris.
1010 1195 1166 1263 Quod
1194 1197 1240 1252 si
1268 1206 1461 1268 quarta
1482 1197 1617 1253 feria
1637 1199 1826 1254 eadem
1849 1200 2122 1255 abstinen-

520 1278 594 1339 tia
623 1286 715 1341 tibi
744 1287 1091 1357 transigenda
1125 1291 1395 1356 videatur,
1453 1292 1588 1347 nihil
1638 1292 1866 1350 ulterius
1916 1293 2120 1349 adden-

515 1372 644 1429 dum
678 1392 988 1433 censemus.
1020 1376 1234 1449 Jejunia
1262 1381 1408 1436 enim
1451 1381 1505 1436 in
1528 1397 1670 1454 pane
1725 1394 1781 1439 et
1831 1399 1995 1455 aqua,
2050 1396 2117 1441 ea

512 1478 678 1535 quam
701 1482 863 1535 supra
896 1469 1135 1525 diximus
1155 1485 1345 1539 causa,
1383 1488 1489 1527 non
1521 1472 1854 1530 arbitramur
1884 1475 1977 1530 tibi
1995 1490 2116 1532 esse

512 1559 798 1612 Commoda
829 1576 843 1613 :
873 1560 978 1615 nisi
1006 1559 1149 1617 forte
1189 1562 1440 1619 videatur
1470 1564 1565 1620 tibi
1610 1565 1692 1622 sic
1737 1581 1859 1622 esse
1908 1566 2117 1623 transi-

513 1650 719 1717 geudas
748 1650 965 1722 vigilias
986 1652 1179 1707 harum
1205 1653 1630 1724 solemnitatum,
1653 1654 1858 1713 Natalis
1875 1657 2111 1727 Domini,

513 1739 766 1812 Pascha,
790 1744 1162 1815 Pentecostes,
1191 1748 1537 1807 Ascensiouis
1569 1760 1621 1807 et
1646 1749 1708 1807 S.
1738 1749 1963 1807 Joannis
2008 1751 2114 1807 Ba-

2228 562 2331 620 bus
2360 567 2574 631 studiis,
2607 584 2712 624 non
2759 585 2954 628 somno
2993 571 3160 631 debes
3204 592 3431 647 operam
3475 580 3620 640 dare.
3662 584 3773 645 Raro

2223 654 2488 746 enimqui
2532 658 2760 715 studiosi
2809 671 2938 717 sunt
2967 662 3022 718 in
3050 665 3411 736 spiritalibus,
3442 670 3531 731 tali
3554 681 3772 746 tempore.

2221 745 2326 801 nisi
2360 745 2505 803 forte
2550 750 2873 809 minutionis
2908 769 3072 811 causa
3104 757 3343 816 dormire
3370 761 3561 819 solent.
3588 745 3719 834 Quod
3740 775 3774 828 si

2221 836 2512 908 aliquando
2534 844 2855 911 productior
2897 845 3030 902 hora
3073 862 3380 920 superesset
3408 868 3579 925 usque
3620 861 3678 914 ad
3708 860 3771 917 Ia-

2221 943 2360 995 cem,
2383 938 2440 986 et
2467 931 2849 990 dormiendum
2878 936 2972 993 tibi
2998 949 3237 1010 putares,
3256 943 3557 1001 orationem
3577 948 3771 1018 solitam,

2222 1018 2266 1073 si
2295 1035 2488 1077 somno
2519 1023 2683 1080 nimis
2707 1035 2969 1096 gravatus
3022 1045 3129 1087 non
3177 1045 3350 1097 esses,
3391 1026 3613 1094 deberes
3655 1042 3773 1112 prius

2223 1111 2436 1180 facere;
2467 1124 2521 1171 et
2547 1122 2753 1187 postea,
2779 1118 2824 1175 si
2854 1119 2928 1175 ita
2942 1112 3241 1191 oporteret,
3269 1123 3541 1196 paulisper
3564 1111 3771 1189 somnum

2218 1214 2461 1277 gustare.
2494 1207 2551 1264 Si
2575 1219 2754 1266 autem
2780 1212 2949 1269 libros
2978 1217 3322 1274 necessarios
3376 1217 3445 1274 ad
3496 1230 3773 1283 nocturnum

2220 1297 2454 1354 cilicium
2477 1315 2583 1356 non
2615 1300 2846 1358 haberes
2868 1304 3028 1376 (quos
3059 1313 3239 1362 tamen
3270 1306 3369 1363 tibi
3400 1308 3666 1369 defuturos
3689 1329 3772 1377 non

2221 1386 2599 1460 arbitramur),
2635 1389 2863 1449 deberes
2914 1393 3000 1450 vel
3035 1405 3183 1464 ante,
3232 1398 3322 1453 vel
3351 1398 3500 1455 circa
3541 1416 3771 1475 auroram,

2219 1479 2286 1533 ad
2313 1479 2638 1549 orationem,
2661 1490 2720 1538 et
2746 1485 2814 1541 ad
2860 1483 3063 1557 aliquid
3090 1486 3237 1570 aliud
3262 1488 3617 1560 spiritualiter
3639 1512 3771 1569 agea-

2218 1572 2344 1627 dum
2374 1588 2696 1647 exsurgere.
2748 1576 2806 1633 In
2834 1586 3027 1636 testate
3056 1595 3294 1653 quoque,
3326 1585 3473 1654 quod
3499 1598 3630 1658 pene
3652 1590 3771 1647 obliti

2216 1659 2520 1735 fueramus,
2553 1666 2720 1725 debes
2746 1678 2873 1741 post
2922 1672 3233 1742 meridiem,
3264 1675 3410 1731 sicut
3443 1686 3500 1734 et
3542 1685 3769 1753 monachi,

2217 1755 2475 1815 dormire.

512 1832 733 1900 ptiste,
782 1835 928 1890 Petri
968 1846 1016 1891 et
1066 1837 1214 1893 Pauli
1268 1839 1656 1908 apostolorum,
1708 1841 2109 1913 ASStnnptioais
2138 1841 2184 1898 Β
2286 1846 2363 1902 De
2383 1850 2624 1906 oratione
2673 1856 2957 1911 communi.
2985 1886 3057 1899 —
3085 1856 3334 1917 Orationi
3384 1862 3766 1935 instantissime,

509 1924 686 1980 beata:
708 1926 910 1993 Mariae,
946 1938 999 1983 et
1016 1928 1269 1985 Omnium
1292 1930 1640 1989 Sauctormu.
1668 1932 1954 2005 Reliquum
1976 1950 2107 1992 vero

516 2023 731 2087 tempus
762 2018 929 2074 totius
982 2021 1132 2085 anni,
1162 2036 1313 2077 more
1359 2027 1749 2082 monachorum
1793 2028 1887 2083 tibi
1932 2036 2112 2086 trans-

503 2101 758 2174 igeudum
794 2117 1077 2178 putamus;
1107 2120 1167 2163 ut
1193 2111 1421 2181 silicet,
1447 2113 1517 2170 ab
1544 2114 1725 2172 Idibus
1772 2115 2109 2187 Septembris

505 2210 678 2267 usque
697 2198 765 2253 ad
787 2198 991 2256 Pascha
1016 2202 1182 2258 semel
1208 2205 1501 2272 comedas;
1527 2223 1557 2261 a
1590 2206 1797 2263 Pascha
1831 2225 1962 2266 vero
2015 2226 2106 2268 uso

507 2299 617 2356 que
646 2287 713 2342 ad
745 2290 964 2345 easdem
997 2291 1122 2347 Idus
1145 2291 1226 2348 bis
1271 2293 1502 2351 relicias.
1547 2296 1744 2353 Vinum
1794 2313 2008 2371 quoque
2038 2301 2104 2357 ad

507 2398 822 2440 mensuram
854 2388 1272 2455 monachorum,
1318 2390 1412 2446 sed
1467 2407 1750 2462 nunquam
1783 2410 1980 2466 purum
2021 2396 2105 2452 bi—

505 2474 707 2541 bendo,
737 2487 790 2533 et
813 2488 1032 2544 czetera,
1067 2496 1186 2551 quae
1216 2481 1310 2537 tibi
1359 2481 1427 2539 ab
1479 2484 1560 2540 eis
1601 2486 2060 2544 ministrabuutur
2089 2530 2103 2557 ,

506 2580 633 2621 cum
665 2569 964 2638 gratiarum
994 2572 1207 2627 actione
1250 2574 1602 2645 percipiendo
1628 2595 1642 2630 :
1671 2587 1905 2649 excepto
1957 2580 2102 2649 quod

506 2673 536 2710 a
572 2659 830 2716 carnibus
882 2669 939 2716 et
992 2664 1253 2733 sanguine
1309 2666 1435 2735 (nisi
1472 2668 1689 2738 quando
1726 2671 2102 2744 mgt'otaveris)

507 2749 604 2804 tibi
636 2750 1013 2809 abstinendum
1038 2763 1312 2826 putamus.
1342 2757 1472 2814 Illud
1503 2768 1684 2816 autem
1712 2760 2099 2831 Evangelicum

506 2851 725 2912 Oportet
757 2853 808 2899 te
836 2845 889 2900 in
923 2844 1219 2902 refectione
1250 2863 1466 2920 semper
1486 2851 1790 2920 attendere,
1823 2852 1967 2924 quod
2002 2852 2101 2907 Do-

506 2935 687 2991 minus
708 2938 785 2991 ait
825 2952 840 2991 :
877 2938 1143 2991 Altendite
1169 2955 1233 2993 ne
1282 2950 1563 3010 graventur
1609 2943 1770 2997 corda
1820 2954 1989 2997 vestra
2043 2944 2098 2999 in

501 3026 723 3097 crapula
754 3040 801 3083 et
830 3030 1078 3085 ebrietate
1111 3030 1266 3103 (an.
1299 3047 1386 3086 XXI
1407 3074 1422 3098 ,
1445 3032 1558 3104 5i).
1588 3034 1651 3089 Et
1684 3036 1825 3104 quod
1855 3037 1931 3091 ait
1956 3037 2100 3106 Apou

501 3116 675 3174 stolus
700 3138 713 3172 :
744 3120 933 3174 Carnis
962 3138 1152 3178 curant
1182 3139 1247 3178 ne
1268 3120 1498 3192 feceritis
1530 3126 1581 3180 in
1611 3127 1890 3183 desideriis
1922 3127 2094 3199 (item.

2213 1953 2269 1998 et
2296 1940 2658 2001 intentissime
2688 1945 2969 2005 intendere
2990 1951 3330 2010 memineris.
3379 1956 3466 2013 Ab
3510 1957 3609 2015 hac
3652 1962 3769 2018 nulla

2212 2050 2450 2106 unquam
2479 2037 2810 2107 sollicitudo,
2866 2040 3011 2097 nulla
3064 2046 3353 2118 aegritudo,
3377 2048 3464 2106 vel
3493 2052 3710 2109 molestia
3730 2066 3768 2111 te

2212 2137 2449 2183 revocet.
2478 2129 2585 2185 Ora
2614 2139 2797 2188 autem
2827 2149 2934 2190 non
2963 2150 3064 2206 pro
3089 2145 3205 2205 tua,
3236 2140 3333 2196 sed
3373 2150 3427 2196 et
3449 2157 3548 2213 pro
3568 2143 3764 2200 omnium

2212 2215 2449 2273 fidelium
2499 2219 2792 2287 vivorum,
2841 2224 3278 2299 nasciturorum,
3332 2240 3390 2287 et
3434 2230 3764 2292 defunctorum

2209 2309 2408 2376 salute,
2438 2320 2493 2367 et
2536 2328 2637 2384 pro
2668 2314 2749 2371 eis
2780 2328 3012 2386 quorum
3044 2320 3239 2378 solatio
3273 2325 3614 2391 sustentaris,
3638 2325 3763 2382 simul

2209 2413 2263 2460 et
2292 2420 2389 2476 pro
2414 2405 2591 2462 nobis.
2626 2404 2780 2464 Tunc
2804 2407 2979 2465 fretus
3002 2408 3239 2483 Spiritus
3268 2417 3447 2470 sancti
3474 2416 3673 2478 auxilio.
3691 2418 3762 2487 qui

2208 2496 2366 2553 docet
2402 2514 2561 2555 orare
2592 2510 2810 2557 sanctos
2838 2503 3116 2572 gemitibus
3158 2505 3597 2563 inenarrabilibus
3616 2506 3763 2577 (Ral.

2210 2601 2329 2654 vm,
2353 2587 2469 2658 26),
2488 2585 2641 2656 juxta
2684 2588 3018 2646 Dominicam
3047 2594 3527 2662 exhortationem;
3566 2596 3687 2650 intra
3718 2597 3759 2651 in

2208 2677 2516 2733 cubiculum
2550 2679 2731 2736 cordis
2758 2681 2855 2747 tui,
2888 2690 2944 2737 et
2972 2683 3161 2741 clauso
3182 2685 3326 2742 ostio
3352 2685 3587 2759 pectoris
3607 2696 3756 2742 contra

2207 2764 2506 2834 vanitates,
2538 2777 2596 2825 et
2644 2770 2952 2827 immundas
2996 2772 3375 2843 cogitationes,
3405 2774 3598 2847 quibus
3623 2776 3759 2832 hostis

2207 2857 2510 2928 irrumpere
2558 2860 2787 2927 nititur,
2830 2878 2928 2919 ora
2977 2862 3195 2920 Patrem
3255 2875 3408 2923 tuum
3462 2869 3515 2925 in
3559 2870 3759 2927 abscon-

2204 2948 2337 3004 dito.
2378 2949 2537 3006 Onmi
2588 2952 2743 3018 hora,
2792 2963 3054 3025 quantum
3100 2954 3329 3012 Domino
3367 2969 3644 3030 praestante
3680 2980 3756 3036 po-

2206 3042 2367 3108 teris,
2395 3043 2490 3099 sed
2530 3050 2658 3101 tunc
2685 3046 2976 3118 praecipue,
3011 3048 3160 3106 omni
3214 3051 3465 3106 custodia
3509 3068 3648 3109 serva
3683 3072 3759 3112 cor

2206 3144 2378 3191 IIIIIIII.

502 3224 625 3276 xut,
652 3208 763 3281 Ii).
796 3209 1120 3270 Mediocrem
1154 3217 1300 3273 enim
1328 3217 1510 3272 cibum
1538 3228 1589 3274 et
1621 3228 1842 3288 potant,
1898 3192 1954 3276 et
1988 3239 2100 3279 me-
2128 3192 2170 3248 ϐ
2280 3225 2349 3281 Ut
2387 3228 2573 3283 mentis
2616 3240 2663 3283 et
2686 3230 2882 3301 lingua:
2931 3235 3213 3290 concordia
3241 3233 3333 3291 sit.
3356 3266 3431 3277 --
3457 3236 3585 3294 Cum
3609 3249 3753 3296 autem

503 3300 745 3357 diocrem
773 3319 1046 3374 somnum,
1093 3314 1150 3362 et
1175 3309 1395 3374 animai,
1445 3318 1502 3364 et
1545 3311 1762 3381 corpori
1810 3312 2104 3371 saluberri-

505 3396 654 3448 mum
689 3409 830 3462 esse,
862 3406 916 3452 et
942 3398 1008 3452 ad
1036 3401 1360 3455 munditiam
1386 3402 1586 3468 cordis,
1636 3409 1693 3458 et
1711 3404 1897 3460 carnis
1937 3406 2106 3475 pluri-

506 3508 654 3548 mum
676 3497 933 3564 prodesse
956 3498 1296 3556 notissimum
1324 3511 1426 3558 est.
1467 3502 1618 3559 lianc
1649 3513 1705 3559 tu
1752 3502 2105 3561 mediocrita-

506 3592 618 3640 tem
661 3589 863 3643 scctari
920 3601 1215 3656 memento,
1270 3594 1344 3650 ita
1405 3602 1466 3650 ut
1520 3596 1791 3665 eamdem,
1842 3605 2103 3667 quantum

501 3676 734 3735 Domino
787 3680 1080 3753 adiuvante
1126 3686 1331 3756 poteris
1360 3727 1376 3753 ,
1417 3704 1731 3745 mensuram
1796 3688 2106 3746 refectionis

500 3786 717 3842 semper
745 3774 1031 3840 servando,
1082 3793 1257 3849 neque
1303 3780 1356 3836 in
1411 3780 1695 3838 vilioribus
1731 3782 1869 3838 cibis
1903 3781 2104 3852 aliquid

505 3863 739 3919 naturali
768 3868 1078 3923 necessitati
1101 3871 1449 3939 substrahas,
1474 3889 1653 3943 neque
1688 3872 1742 3928 iu
1783 3871 2105 3929 lautioribus

503 3961 560 4006 ct
590 3957 1043 4024 accuratioribus,
1070 3959 1189 4029 plus
1209 3960 1394 4027 solito,
1424 3962 1509 4018 vel
1541 3961 1827 4035 plusquam
1887 3973 2105 4019 natura:

498 4047 634 4102 satis
660 4058 766 4116 est,
794 4051 1250 4121 concupiscentia:
1271 4054 1452 4110 carnis
1482 4056 1784 4128 indulgeas.
1818 4055 1945 4112 Haec
1968 4068 2106 4112 tem-

501 4142 748 4211 perantia
777 4141 971 4209 victus,
997 4153 1052 4198 et
1080 4145 1193 4201 Deo
1223 4147 1330 4201 erit
1353 4148 1652 4217 acceptior,
1701 4157 1758 4204 et
1788 4148 1857 4203 ad
1889 4148 2105 4203 mundi-

504 4231 638 4287 tiam
674 4235 855 4291 carnis
880 4235 1088 4307 pariter
1110 4245 1165 4290 et
1195 4237 1379 4292 cordis
1401 4238 1608 4302 utilior,
1642 4247 1696 4294 et
1719 4239 1934 4310 corpori
1961 4240 2105 4295 salu-

502 4323 671 4382 lzrior.
741 4343 905 4396 quam
935 4328 981 4382 si
1036 4329 1339 4385 robustiora
1378 4329 1581 4401 )ejuuia
1638 4333 1914 4393 sectanda.
1956 4345 2105 4404 post-

498 4418 717 4476 modum
745 4419 1038 4475 indiscreta
1066 4420 1632 4493 saturitatejejunium
1663 4441 2067 4496 compensares.

2209 3318 2428 3373 steteris
2467 3333 2652 3374 coram
2690 3319 2918 3378 Domino
2968 3323 3034 3378 ad
3075 3324 3440 3394 psallendum,
3474 3342 3625 3385 omne
3668 3340 3757 3385 sua

2209 3406 2614 3475 dium,omnem
2646 3409 2981 3481 vigilantiam
3013 3411 3230 3481 adhibe,
3273 3426 3329 3469 ut
3361 3432 3515 3474 mens
3540 3435 3648 3474 cum
3675 3420 3755 3473 lin-

2209 3514 2311 3570 gua
2342 3502 2661 3563 conveniat;
2692 3512 2750 3557 ut
2777 3501 2948 3558 facias
2993 3507 3136 3575 quod
3173 3507 3249 3560 ait
3293 3507 3616 3578 Apostolus:
3641 3512 3756 3564 Cim-

2207 3601 2377 3647 tantes
2406 3602 2454 3647 et
2482 3592 2763 3663 psallentes
2803 3595 2857 3648 in
2906 3596 3151 3650 cordibus
3179 3599 3362 3652 vestris
3385 3597 3602 3653 Domino
3624 3599 3753 3670 (Epit.

2207 3699 2262 3750 v,
2300 3684 2426 3755 I9);
2471 3692 2526 3738 et
2554 3682 2694 3753 quod
2738 3686 2804 3739 de
2854 3699 2913 3740 se
2965 3685 3178 3742 dicebat
3208 3706 3221 3742 :
3248 3685 3493 3743 Psallam
3537 3701 3581 3744 et
3624 3700 3757 3744 urente

2206 3775 2263 3849 (I
2314 3775 2438 3831 Cor.
2490 3792 2601 3842 xtv,
2655 3777 2766 3849 I5).
2820 3776 2885 3833 Et
2907 3779 3050 3851 quod
3104 3780 3222 3836 ait:
3259 3778 3490 3839 Psallile
3539 3784 3759 3853 sapienter

2208 3872 2384 3946 (Psal.
2413 3889 2556 3939 vat,
2588 3874 2666 3943 8),
2695 3882 2748 3930 et
2780 3891 2795 3927 :
2823 3872 2891 3929 In
2929 3885 3209 3945 conspectu
3240 3875 3546 3947 angelorum
3570 3874 3756 3947 psallam

2206 3968 2302 4021 tibi
2333 3966 2508 4038 (Psal.
2561 3983 2805 4036 cxxxvn,
2855 3966 2927 4037 I).
2976 3966 3104 4025 ΙΙωο
3150 3967 3425 4036 faciendo,
3489 3969 3762 4028 inmodeste

2206 4056 2408 4129 Spiritu
2438 4067 2626 4113 saneto
2648 4074 2826 4113 rorem
2856 4060 3142 4115 suavitatis
3185 4075 3299 4116 sua:
3340 4060 3649 4132 plerumque
3670 4076 3757 4124 non

2204 4150 2545 4223 prephetiam
2585 4150 2669 4206 vel
2698 4153 2860 4208 verba
2899 4151 2968 4206 ab
2990 4151 3097 4209 alio
3146 4152 3352 4209 dictata
3386 4169 3646 4227 promere,
3684 4156 3757 4210 sed

2206 4242 2321 4313 ipsa
2348 4244 2514 4300 verba
2538 4243 2900 4298 devotissimus
2921 4243 3186 4301 orationis
3213 4258 3402 4301 coram
3436 4244 3545 4303 Deo
3574 4245 3761 4300 fundere

2205 4334 2300 4391 tibi
2333 4334 2624 4391 videberis.

2278 4426 2357 4481 De
2409 4439 2640 4499 tempore
2688 4427 2973 4483 matutino.
3000 4460 3072 4472 —
3100 4424 3232 4483 Post
3277 4427 3650 4500 psalmodiam,
3696 4425 3759 4480 rel

568 4510 650 4566 De
676 4513 853 4567 divino
884 4512 1100 4582 Ofﬁcio.
1124 4545 1195 4556 --
1223 4515 1279 4570 lu
1309 4515 1499 4573 Oﬂicio
1544 4516 1729 4575 divino
1758 4535 1913 4574 usum
1941 4519 2103 4574 cleri-
2134 4545 2179 4600 υ
2210 4520 2538 4588 orationem,
2559 4522 2829 4576 matutino
2865 4522 3099 4577 maxime
3147 4532 3394 4593 tempore
3435 4521 3680 4578 meditare
3718 4519 3759 4572 in

501 4618 689 4658 corum
721 4604 1004 4673 sequaris;
1032 4605 1174 4662 unde
1203 4624 1310 4663 non
1345 4609 1512 4664 habes
1541 4624 1765 4666 necesse
1804 4620 1861 4665 ut
1893 4611 2101 4666 scriba-

498 4710 621 4755 mus
687 4696 806 4752 tibi.
839 4696 907 4758 Ut
968 4705 1149 4755 autem
1207 4701 1466 4756 obsches
1512 4701 1653 4757 hanc
1697 4701 2099 4759 distinctionem

500 4791 760 4859 temporis
788 4790 840 4845 in
872 4792 1060 4847 eodem
1083 4792 1265 4848 divluo
1287 4793 1472 4850 Ollicio
1504 4795 1884 4866 persolvendo,
1928 4812 2100 4865 quan-

500 4888 609 4935 tam
637 4883 843 4952 poteris
871 4882 1208 4954 diligentiam
1259 4887 1499 4943 adhibe:
1533 4896 1594 4942 ut
1627 4888 1857 4953 scilicet,
1893 4887 1976 4943 vel
2029 4888 2098 4944 ad

499 4972 763 5041 gallorum
811 4986 1058 5042 cantant,
1099 4976 1182 5030 vel
1216 4978 1284 5032 ad
1315 4980 1530 5050 signum
1584 4980 2099 5044 monachorum,vel

499 5064 568 5117 ad
596 5066 1012 5123 mstimationcm
1047 5078 1193 5125 tuam
1231 5073 1320 5127 tali
1341 5084 1582 5144 tempore
1608 5089 1820 5145 surgas.
1854 5073 1925 5131 Ut
1948 5091 1977 5128 a
1996 5073 2102 5129 Ka-

502 5154 681 5210 lendis
725 5156 976 5234 Octobris
1014 5178 1182 5232 usque
1214 5166 1279 5218 ad
1312 5166 1519 5220 Pascha
1562 5174 1689 5220 ante
1743 5180 1997 5221 auroram
2025 5183 2040 5234 ;
2070 5182 2100 5222 a

498 5244 710 5303 Pascha
742 5232 871 5304 vero
910 5266 1083 5324 usque
1146 5256 1213 5309 ad
1268 5256 1555 5326 praulictas
1588 5254 1881 5323 Kalendas,
1940 5258 2101 5328 paulo

495 5348 623 5409 post
646 5346 899 5398 auroram
953 5354 1281 5402 nocturumn
1324 5347 1573 5403 Ofﬁcium
1625 5347 1801 5405 ﬁnias.
1860 5347 2098 5404 Primam

497 5433 745 5490 cantabis
814 5436 868 5492 in
928 5438 1132 5507 hieme,
1175 5441 1480 5496 lucescente
1528 5458 1771 5500 aurora:
1824 5442 2098 5513 Tertiam,

496 5526 708 5582 oriente
754 5529 889 5595 sole,
943 5540 1157 5588 sextam
1214 5547 1341 5589 vero
1377 5542 1432 5588 et
1461 5532 1988 5606 Nonam,Vesperas
2045 5545 2102 5591 et

496 5618 924 5696 Completorium
954 5626 1020 5681 ad
1059 5627 1273 5698 signum
1318 5628 1734 5685 monachorum.
1773 5627 1830 5684 Si
1854 5630 2101 5700 praescri-

495 5722 648 5784 ptum
684 5728 897 5788 tempus
922 5718 1180 5788 surgendi
1202 5719 1270 5773 ad
1292 5729 1614 5776 nocturnum
1636 5722 1870 5777 alliciam
1896 5721 2101 5793 poteris

501 5807 817 5875 observare,
877 5809 944 5867 ad
1002 5808 1199 5867 lectum
1254 5811 1575 5869 matutinum
1639 5813 1789 5871 heris
1826 5828 2099 5886 nunquam

2222 4611 2337 4684 lege
2367 4613 2487 4674 Dei.
2507 4614 2803 4686 proutipse
2829 4617 3058 4687 gratiam
3084 4613 3178 4671 tibi
3201 4613 3450 4670 dederit:
3482 4624 3537 4669 et
3555 4613 3671 4685 quid
3689 4609 3763 4671 tibi

2208 4705 2499 4777 praecipiat
2549 4705 2830 4776 Dominus,
2874 4707 3111 4778 qualiter
3136 4707 3266 4763 illud
3317 4707 3564 4779 impleas,
3607 4707 3656 4761 in
3699 4718 3763 4757 sc.

2210 4808 2362 4854 creto
2395 4799 2577 4855 cordis
2604 4800 2681 4855 tui
2720 4810 2968 4857 scrutare
2993 4819 3007 4855 :
3034 4811 3090 4856 et
3114 4803 3181 4856 ad
3212 4801 3457 4871 regulam
3502 4801 3763 4856 divinorum

2210 4892 2619 4957 mandatorum,
2683 4899 2740 4946 et
2784 4891 2850 4946 ad
2885 4890 3165 4961 exemplar
3201 4900 3518 4946 sanctorum
3560 4889 3762 4953 Patrum,

2214 4980 2599 5038 fortitudinem
2630 4982 2812 5038 cordis
2854 4984 2929 5037 tui
2972 4994 3027 5038 et
3077 4996 3288 5036 morum
3345 4991 3557 5037 tuorum
3605 4978 3763 5047 dirige.

2211 5073 2358 5129 Idem
2384 5074 2430 5130 si
2453 5073 2674 5145 quando
2706 5074 2760 5130 in
2791 5073 2932 5129 lecto
2960 5076 3198 5133 dormire
3248 5089 3354 5130 non
3382 5072 3600 5144 poteris,
3623 5069 3763 5124 iacen-

2203 5168 2361 5223 stude
2419 5168 2538 5223 sine
2587 5166 3018 5232 intermissione,
3070 5167 3214 5238 quod
3269 5175 3459 5222 monet
3503 5163 3756 5229 Scriptura,

2202 5260 2345 5333 quod
2368 5268 2424 5317 et
2448 5259 2611 5330 paulo
2632 5270 2762 5316 ante
2782 5259 3331 5316 commemoravimus
3354 5275 3369 5318 ξ
3402 5254 3581 5320 Omni,
3603 5248 3758 5319 inquit.

2201 5351 2445 5406 custodio
2475 5367 2626 5407 serva
2649 5366 2740 5406 eor
2761 5360 2911 5405 tuum
2931 5390 2947 5413 ,
2968 5349 3215 5419 quoniam
3253 5364 3318 5402 ex
3348 5348 3464 5419 ipso
3491 5344 3596 5400 vita
3616 5351 3745 5412 pro“

2202 5442 2278 5497 dit
2301 5439 2480 5511 (Prov.
2516 5458 2595 5508 iv,
2622 5441 2736 5516 25).
2787 5439 2898 5497 Res
2923 5440 3068 5497 enim
3119 5438 3389 5495 instabilis
3422 5444 3506 5492 est
3526 5435 3760 5494 humanus

2203 5533 2441 5601 animus,
2475 5542 2531 5588 et
2564 5534 2667 5590 nisi
2696 5546 2934 5604 semper,
2957 5539 3222 5604 quantum
3250 5528 3513 5586 Dominus
3540 5525 3759 5594 adjuvare

2203 5624 2481 5695 dignatur,
2533 5625 2739 5681 sanctis
2790 5623 3237 5681 meditationibus
3267 5628 3565 5705 occupatus
3600 5623 3757 5685 magno

2203 5716 2382 5772 studio
2405 5725 2687 5785 teneatur;
2715 5726 3000 5789 postquam
3029 5716 3254 5774 deﬂuxit
3299 5729 3403 5787 per
3423 5712 3696 5770 vanitatem
3717 5710 3755 5756 r'

2206 5810 2602 5869 immunditias.
2629 5827 2766 5884 quas
2798 5821 3038 5869 teutator
3078 5823 3405 5883 suggerere,
3440 5817 3496 5864 et
3548 5807 3752 5875 ingerent
