3920 6298
141 318 227 379 597

1370 288 1731 347 EPISTULA}
1765 288 1963 348 TRES.

3269 301 3374 358 898

138 443 229 488 non
259 423 441 481 cessat,
495 424 598 468 non
649 388 806 464 facile
841 405 894 461 in
925 405 1174 461 oratione
1239 402 1320 460 vel
1373 402 1671 474 psalmodia
1702 404 1749 462 A
1775 403 1976 459 virtute
1995 404 2259 461 orationis
2285 419 2520 471 armare,
2541 414 2592 460 et
2621 407 2867 479 clypeum
2905 411 3050 467 illum
3085 417 3263 488 arripe
3307 421 3373 474 de

138 522 334 577 devotus
352 501 632 562 invenitur.

192 597 500 662 Delectione.
527 587 707 643 ——'Ad
744 585 1029 643 lectionem
1054 600 1270 658 quoque
1324 585 1573 649 devotus,
1623 592 1679 637 et

139 713 242 757 cum
280 684 495 762 spiritali
539 678 812 736 desiderio
871 679 1090 742 accede.
1139 687 1200 733 ut
1257 675 1340 732 vel
1377 674 1578 747 aliquid
1603 672 1676 730 ibi

137 787 298 846 audias
323 776 457 850 quod
505 774 557 828 in
599 770 905 840 exemplum
950 779 1054 826 tuae
1095 769 1526 826 conversationis
1564 777 1678 824 tra-

138 883 247 941 has;
277 871 352 927 vel
376 873 530 941 prout
575 863 836 918 Dominus
870 862 964 918 tibi
995 862 1313 934 dispensare
1343 861 1672 935 dignabitur,

137 963 388 1026 dulcedine
434 956 735 1012 divinorum
774 953 1136 1025 eloquiorum,
1189 962 1246 1008 et
1294 953 1674 1025 mysteriorum

136 1051 383 1115 reficiaris.
414 1046 524 1104 Hoc
551 1044 752 1111 studio,
801 1046 904 1099 hac
953 1043 1252 1098 intentione
1278 1041 1396 1113 lege
1434 1041 1670 1097 vicissim

136 1159 293 1202 omnes
313 1153 438 1211 quas
468 1135 670 1206 poteris
698 1134 901 1190 habere
947 1133 1157 1188 divinas
1185 1131 1519 1206 Scripturas,
1566 1147 1672 1198 non

135 1248 285 1295 autem
311 1241 366 1288 ut
397 1225 862 1293 scientiainlleris,
909 1224 1002 1280 sed
1058 1235 1115 1279 ut
1141 1224 1408 1280 charitate
1438 1222 1677 1278 azdilice-

136 1331 212 1386 ris.
241 1326 372 1392 Quas
397 1333 524 1376 vero
547 1317 857 1389 Scripturas
897 1315 1170 1372 intellectu
1202 1330 1306 1370 non
1341 1312 1673 1384 penetrahis,
1703 1378 1708 1384 δ

135 1416 374 1476 humiliter
403 1421 655 1480 tanquam
695 1399 877 1463 divina
923 1417 1134 1462 secreta
1183 1419 1446 1459 venerare
1473 1419 1486 1455 :
1513 1413 1566 1458 et
1591 1403 1676 1472 pic

134 1507 265 1563 dili'er
296 1497 717 1571 intelligentiam,
753 1498 925 1554 donec
968 1497 1139 1552 intres
1195 1496 1248 1550 in
1299 1495 1673 1549 sanctuarium

138 1599 235 1664 Dei,
264 1593 518 1662 intelligas
543 1591 595 1646 in
626 1589 943 1646 novissima.
977 1588 1079 1644 Pro
1104 1589 1188 1643 his
1224 1599 1404 1644 autem
1435 1602 1554 1658 qua:
1588 1586 1674 1640 in-

137 1687 391 1751 tellexeris,
427 1681 636 1739 auctori
673 1682 916 1737 muneris
974 1681 1250 1736 lnnuiliter
1294 1682 1499 1752 gratias
1551 1693 1670 1749 age.

1781 507 1890 563 quo
1912 493 1986 550 ait
2013 493 2301 565 Apostolus
2325 511 2344 549 :
2372 492 2441 549 In
2465 497 2627 552 omni!
2641 513 2704 554 us
2724 510 2981 554 sumentes
3000 512 3203 558 scutum
3223 505 3371 576 ﬁdei,

1781 588 1835 639 in
1896 603 1997 657 quo
2045 587 2256 657 possitis
2290 587 2468 640 omnia
2504 587 2609 641 tela
2654 591 2956 660 nequissimi
2984 593 3150 661 ignita
3176 598 3376 653 exstin-

1779 690 1937 745 guere
1964 674 2125 745 (Eph.
2155 693 2228 739 vr.
2261 675 2375 747 16),
2406 686 2515 732 etc.
2545 677 2800 734 Sincerus
2825 681 2969 735 enim
2993 697 3169 749 amor,
3197 696 3252 740 et
3266 687 3372 742 fcr-

1781 779 1912 819 vens
1959 765 2092 821 lides
2130 766 2312 822 crucis
2360 766 2585 833 Christi,
2634 770 2884 826 universa
2936 773 3373 834 machinamenta

1781 855 1986 911 inimici
2028 856 2180 911 irrita
2228 857 2482 914 facit:et
2508 857 2677 914 ell'usa
2729 877 2852 916 cum
2892 861 3145 934 lacrymis
3174 865 3372 932 oratio,

1779 963 1941 1004 omne
1964 962 2134 1020 genus
2163 950 2480 1006 tentationis
2500 963 2742 1021 superat,
2770 962 2824 1007 et
2854 953 3086 1024 repellit.

1851 1039 1929 1094 De
1953 1041 2271 1096 humilitate.
2291 1065 2361 1081 ε-
2382 1042 2506 1098 llzcc
2532 1055 2652 1099 sunt
2687 1044 2988 1115 spiritualia
3013 1047 3372 1103 instrumenta

1777 1139 1832 1185 ct
1857 1133 2157 1186 certamina
2197 1133 2404 1187 militia:
2454 1141 2557 1188 tua:
2583 1150 2769 1190 coram
2817 1135 2987 1205 Rege,
3019 1138 3104 1193 cui
3160 1139 3372 1208 empiin

1780 1225 2038 1280 militare.
2090 1225 2244 1280 Scire
2298 1242 2531 1297 namque
2563 1229 2727 1284 debes
2761 1231 2830 1285 ob
2875 1232 2979 1286 hoc
3031 1242 3082 1287 te
3129 1221 3384 1292 clause-at

1779 1331 1902 1372 esse
1937 1331 2190 1388 corpore,
2225 1326 2278 1372 et
2329 1317 2396 1371 ab
2433 1319 2798 1382 exterioribus
2835 1325 2982 1378 curis
3041 1336 3371 1394 separatum.

1779 1417 1840 1462 ut
1871 1409 2034 1466 corde
2097 1410 2272 1479 possis
2329 1411 2390 1463 ad
2437 1411 2540 1464 ista
2583 1427 2800 1468 vacare.
2839 1415 3032 1470 Coram
3066 1418 3377 1473 hominibus

1780 1513 2010 1568 magnus
2039 1499 2281 1566 baberis,
2311 1499 2437 1572 quia
2478 1499 2721 1555 reclusus
2750 1501 2950 1558 diceris
2980 1521 2994 1558 :
3028 1504 3120 1560 sed
3148 1506 3245 1560 nisi
3272 1507 3376 1560 ista

1777 1589 1924 1644 onmi
1961 1591 2142 1645 studio
2177 1605 2362 1646 coram
2412 1591 2544 1657 Deo,
2579 1593 2837 1664 omnique
2878 1595 3155 1663 vigilantia
3211 1613 3376 1654 exse-

1777 1681 1986 1749 quaris,
2041 1696 2268 1751 magnus
2291 1697 2412 1737 esse
2455 1681 2679 1738 minimc
2707 1683 2928 1754 poteris.
2960 1683 3094 1738 Nam
3125 1688 3375 1743 homines

134 1776 280 1845 Libris
303 1776 388 1849 qui
413 1775 505 1830 tibi
530 1771 1082 1830 accommodabuntur
1108 1787 1321 1826 onmem
1348 1769 1678 1840 diligentiam
1713 1779 1756 1837 Β
1785 1770 1901 1825 sola
1951 1773 2228 1827 exteriora
2283 1773 2576 1827 advertunt
2605 1790 2617 1827 :
2661 1774 2727 1828 de
2787 1772 3136 1830 iuterinrilms
3191 1787 3372 1829 autem

133 1870 314 1933 adhibe,
339 1853 403 1920 ne
427 1862 512 1919 vel
539 1859 690 1917 fumo
720 1859 806 1916 vel
850 1860 1090 1931 pulvere,
1127 1858 1230 1935 vel
1281 1859 1390 1914 alia
1436 1858 1678 1929 qualibet

132 1957 262 2013 sorde
291 1952 642 2009 tuaculcntur.

191 2045 252 2100 De
288 2041 515 2098 molestia
568 2042 823 2110 corporis.
854 2069 923 2078 -—-
949 2037 1005 2092 Si
1049 2050 1264 2106 quanuo
1294 2035 1539 2106 corporis
1562 2051 1679 2091 mo-

132 2137 308 2190 lcstiant
357 2142 448 2187 aut
509 2132 890 2204 aegritudinem
917 2126 1261 2190 sustinueris,
1294 2127 1474 2180 autab
1500 2126 1678 2195 aliquo

130 2231 266 2293 forte,
299 2207 378 2282 vel
425 2223 598 2280 verbo
648 2221 728 2278 vel
759 2222 900 2277 facto
946 2220 1108 2275 lzesus
1131 2220 1316 2286 fueris,
1366 2219 1678 2273 meminisse

131 2321 265 2377 debes
298 2318 607 2389 passionum
657 2326 711 2372 et
749 2313 1064 2386 injuriarum
1113 2312 1338 2367 Christi.
1386 2311 1677 2382 Angustias

129 2427 236 2482 quas
256 2409 467 2464 Domino
489 2408 814 2477 disponente
838 2402 1111 2468 tolerabis,
1135 2417 1240 2456 non
1272 2401 1445 2456 solum
1469 2402 1677 2470 patien-

131 2514 195 2557 ter
216 2501 425 2566 sustine,
448 2514 640 2554 verum
666 2497 826 2553 etiam
854 2495 1056 2568 gratias
1080 2507 1180 2565 age
1209 2493 1307 2566 illi,
1330 2495 1418 2563 qui
1442 2492 1676 2560 ﬂagellat

127 2609 308 2649 omnem
338 2591 499 2646 ﬁlium
538 2605 697 2661 quem
729 2590 945 2660 recipit,
993 2587 1038 2643 si
1071 2586 1166 2642 tibi
1192 2585 1444 2656 dignatur
1465 2584 1673 2655 ﬂagella

127 2693 330 2755 paterna:
351 2683 570 2754 pietatis
619 2679 949 2752 impendere.
978 2677 1035 2734 ln
1064 2679 1151 2734 bis
1180 2693 1310 2733 vero
1332 2691 1452 2748 qua:
1493 2690 1522 2730 a
1554 2691 1678 2746 pro-

127 2780 258 2836 ximis
302 2779 543 2850 patieris,
593 2793 696 2833 non
735 2777 929 2832 reddas
961 2774 1164 2830 malum
1222 2788 1324 2846 pro
1381 2772 1546 2840 malo,
1592 2772 1674 2828 vel

127 2873 431 2929 maledictum
471 2887 579 2943 pro
639 2870 951 2950 maledicto,
989 2868 1083 2925 sed
1126 2882 1158 2923 e
1213 2866 1511 2929 contrario,
1567 2879 1672 2919 non

124 2965 261 3028 verba
296 2975 445 3020 tenus
493 2974 729 3028 tantum,
783 2963 878 3018 sed
927 2963 1092 3018 corde
1143 2960 1354 3025 intimo,
1398 2969 1450 3014 et
1478 2959 1675 3029 placito

124 3057 394 3124 benedicas,
424 3067 478 3113 et
501 3073 605 3127 pro
635 3055 1090 3112 calumniantibus
1127 3062 1182 3109 et
1224 3053 1672 3122 persequentibus

1773 1862 2041 1934 judicabit
2079 1863 2412 1918 Altissimus.
2468 1865 2569 1922 Ubi
2622 1879 2754 1920 vero
2803 1875 2856 1922 te
2914 1867 3092 1921 minus
3142 1867 3210 1922 ad
3266 1868 3379 1923 ha-c

1779 1952 2025 2022 exempla
2051 1951 2297 2010 sullicere
2343 1954 2573 2020 videbis,
2598 1954 2996 2011 indevotionem
3028 1966 3083 2011 et
3121 1957 3379 2028 imperfe-

1779 2042 2018 2099 ctionem
2049 2053 2196 2099 tuam
2217 2061 2398 2099 coram
2424 2044 2534 2100 Deo
2558 2045 2836 2102 humiliter
2859 2047 3185 2113 conﬁtendo,
3214 2051 3376 2102 auxi-

1782 2135 1910 2190 lium
1939 2137 2132 2208 gratia:
2153 2137 2320 2207 ipsius
2347 2139 2492 2192 omni
2519 2137 2807 2194 devotione
2834 2139 3142 2210 expostula,
3173 2141 3264 2210 qui
3295 2141 3378 2196 dio

1778 2229 1856 2285 cit
1886 2247 1900 2284 :
1935 2228 2061 2286 Sine
2083 2247 2163 2286 me
2206 2230 2338 2284 nihil
2370 2231 2582 2301 potestis
2607 2231 2782 2302 facere
2830 2231 3014 2304 (Joan.
3043 2249 3132 2296 xv,
3166 2233 3243 2303 5).
3276 2233 3382 2286 Ne—

1779 2337 1932 2378 cesse
1965 2332 2047 2380 est
2083 2324 2229 2378 enim
2259 2333 2314 2377 ut
2350 2340 2491 2393 Stl'pe
2537 2324 2808 2392 tepidum,
2841 2329 2983 2394 smpe
3026 2325 3292 2394 torpidum
3331 2337 3381 2377 ιο

1773 2413 2044 2473 invenias.
2068 2417 2150 2472 Ob
2179 2418 2282 2472 hoc
2333 2416 2496 2486 igitur
2541 2415 2686 2470 illius
2711 2415 2887 2486 gratia
2937 2417 3004 2469 ad
3058 2426 3269 2485 tempus
3322 2405 3405 2469 δυ’

1779 2508 2075 2571 subtrahit,
2109 2515 2169 2560 ut
2210 2508 2278 2560 de
2321 2506 2463 2560 illius
2485 2505 2689 2560 auxilio
2740 2507 3004 2572 conﬁdas,
3057 2523 3160 2561 non
3192 2508 3258 2561 de
3289 2517 3379 2561 tua

1778 2601 1981 2654 virtute
2039 2614 2358 2669 praesumus.
2398 2597 2491 2652 Sic
2523 2595 2691 2652 Pater
2740 2598 3198 2654 clementissimus
3229 2599 3381 2655 novit

1777 2689 2085 2761 Superbiam
2124 2689 2434 2746 humilitate
2476 2705 2693 2747 sanare.
2721 2688 2832 2744 Nisi
2858 2690 3001 2744 enim
3030 2690 3115 2745 ille
3134 2683 3404 2760 aliquau-~

1779 2781 1848 2838 do
1874 2781 2110 2854 gratiam
2148 2797 2302 2836 suam
2333 2783 2705 2846 subtraheret,
2740 2781 2880 2836 elata
2917 2796 3070 2837 mens
3119 2767 3405 2845 humana,-

1777 2881 1832 2927 et
1861 2887 1918 2927 se
1943 2871 2407 2942 sibiadjustitiam
2432 2872 2678 2928 sullicere
2706 2871 2956 2936 credens,
2985 2873 3036 2926 in
3069 2871 3380 2943 superbiam

1778 2961 1996 3033 gravius
2031 2969 2238 3017 rueret.
2266 2960 2374 3016 Sed
2423 2962 2502 3017 sic
2536 2962 2624 3016 ille
2675 2962 2874 3016 deserit
2902 2961 3124 3030 clatum,
3166 2970 3226 3016 ut
3273 2955 3404 3018 clco'

1778 3051 2035 3108 mentiori
2085 3052 2262 3122 gratia
2309 3053 2500 3108 redeat
2543 3053 2611 3106 ad
2667 3052 3006 3107 humiliatum
3035 3070 3047 3104 :
3075 3053 3153 3109 sic
3183 3057 3384 3108 dormit

122 3162 238 3212 ores,
272 3157 322 3202 ut
353 3149 428 3202 sis
447 3147 596 3204 ﬁlius
618 3146 795 3202 Patris
835 3149 934 3207 tui.
959 3147 1045 3215 qui
1081 3147 1132 3199 in
1157 3145 1310 3200 cmlis
1340 3154 1442 3199 cst.
1476 3143 1671 3214 llnjus.
1702 3137 1748 3199 C
1781 3144 1835 3200 iu
1864 3152 2211 3216 tempestate,
2238 3153 2296 3198 ut
2319 3144 2588 3199 excitatus
2619 3144 2894 3216 precibus,
2941 3143 3170 3214 imperet
3208 3145 3384 3199 ventis

123 3240 241 3296 modi
266 3239 330 3295 ab
363 3240 588 3297 homine
645 3239 872 3310 injurias
920 3239 1044 3294 licet
1076 3238 1250 3292 mittas
1274 3247 1367 3290 aut
1420 3251 1570 3290 raras
1623 3245 1675 3290 te

121 3346 367 3401 passurum
416 3333 777 3397 arbitremur;
825 3331 870 3388 si
921 3331 1047 3402 quid
1107 3339 1283 3384 tamen
1327 3329 1514 3401 (prout
1553 3337 1677 3383 sunt

121 3423 340 3495 humana)
361 3424 689 3493 contigerit,
716 3422 963 3480 volumus
1021 3433 1210 3493 pectus
1242 3431 1390 3475 tuum
1418 3420 1678 3474 adversus

118 3511 392 3582 hujusmodi
429 3515 677 3570 immune
705 3512 840 3568 fore.
880 3511 986 3568 Sed
1026 3529 1200 3582 neque
1225 3510 1316 3565 tibi
1342 3511 1442 3582 ipsi
1477 3510 1678 3565 irasca-

118 3605 198 3674 ris,
229 3608 362 3678 quod
413 3607 744 3678 quibusdam
774 3606 1082 3662 indiscretis
1113 3606 1250 3661 solet
1278 3605 1515 3670 evenire,
1549 3604 1676 3658 dum

117 3695 317 3766 aliquam
355 3697 735 3754 dillicultatcm
775 3695 828 3750 in
869 3695 1049 3767 aliquo
1072 3710 1236 3766 opere
1288 3693 1536 3750 faciendo
1586 3709 1679 3764 pa-

117 3787 314 3846 tiuntur.

171 3879 541 3952 Impedimenta
593 3884 872 3939 orationis.
899 3913 968 3922 —
997 3881 1186 3938 Solent
1235 3883 1398 3938 etiam
1447 3882 1536 3952 qui
1576 3882 1677 3937 soli

116 3985 517 4044 commorantur,
555 3977 622 4031 ad
670 3977 990 4046 semetipsos
1044 3974 1274 4040 turbari,
1302 3984 1357 4029 et
1391 3974 1678 4044 quamdam

113 4066 335 4122 nebulam
366 4068 610 4126 tristitia:
655 4079 850 4139 agente
893 4068 1113 4124 diabolo
1145 4069 1494 4124 contrahere.
1522 4067 1681 4124 Novit

115 4155 234 4210 enim
259 4156 426 4214 hostis
452 4159 814 4222 inveteratus,
843 4157 1074 4212 diversis
1105 4157 1396 4228 generibus
1427 4158 1677 4221 nocendi,

111 4245 358 4302 orationes
382 4262 671 4302 servorum
701 4245 818 4310 Dei,
851 4255 906 4300 et
943 4256 1134 4302 sancta
1165 4259 1352 4302 eorum
1378 4247 1556 4302 studia
1581 4248 1679 4301 im-

111 4332 292 4400 pedire.
325 4335 417 4392 Ille
440 4335 606 4392 modo
657 4335 928 4391 tristitiam
963 4335 1047 4390 vel
1072 4335 1208 4390 iram
1231 4335 1678 4401 irrationabilcm,

111 4423 250 4478 tundo
283 4425 580 4484 elationem
625 4426 924 4498 superbit»,
948 4427 1110 4486 modo
1159 4428 1476 4484 memoriam
1506 4427 1674 4483 alicu-

1777 3244 1833 3292 ct
1856 3235 2016 3300 mari,
2052 3246 2104 3290 et
2134 3235 2300 3290 faciat
2337 3235 2789 3306 tranquillitatem
2819 3249 3093 3304 magnam.
3119 3233 3402 3290 Plcnissi-'

1778 3341 1866 3384 me
1898 3334 1949 3382 te
1973 3326 2250 3382 docebunt
2296 3325 2615 3396 Scripturzr,
2642 3327 2883 3380 omnium
2918 3327 3176 3380 virtutum
3195 3338 3381 3382 custo-

1777 3419 1900 3474 dem
1930 3433 2052 3475 esse
2082 3419 2462 3487 humilitatem,
2489 3427 2540 3474 et
2567 3434 2782 3476 omnem
2828 3418 3087 3472 virtutem
3131 3417 3248 3472 sine
3282 3419 3383 3473 hac

1779 3510 1994 3565 viduam
2017 3518 2072 3564 et
2096 3508 2366 3564 inﬁrmam
2415 3523 2556 3574 esse,
2595 3508 2704 3565 imo
2765 3523 2867 3564 nec
2927 3510 3183 3564 virtutem
3233 3523 3378 3562 esse.

1776 3598 2049 3669 Jejunanti
2080 3600 2198 3668 tibi,
2248 3599 2451 3662 oranti,
2480 3599 2752 3674 psallenti,
2785 3614 2891 3655 non
2916 3597 3147 3653 deerunt
3180 3598 3374 3654 invisi-

1779 3691 1915 3752 biles
1951 3689 2179 3758 inimici,
2206 3691 2603 3762 applaudentes
2636 3691 2757 3757 tibi,
2803 3699 2858 3744 et
2884 3688 3173 3746 dicentes:
3209 3689 3378 3760 Euge,

1778 3797 1934 3852 euge,
1987 3781 2112 3852 quis
2161 3782 2255 3838 tibi
2288 3781 2516 3838 similis?
2562 3782 2684 3851 quis
2732 3782 2803 3836 ita
2840 3781 3019 3852 placet
3044 3781 3190 3836 Deo?
3243 3780 3288 3837 Ο
3333 3783 3380 3838 si

1778 3875 1982 3928 scirent
2006 3873 2255 3930 homines
2287 3873 2638 3928 sanctitatem
2693 3875 2876 3929 tuam!
2905 3873 3195 3942 Quibnstu
3248 3888 3381 3928 con-

1781 3963 1929 4019 tinuo
1953 3964 2005 4018 in
2037 3965 2202 4021 corde
2233 3973 2323 4020 tuo
2337 3965 2646 4035 prephetica
2672 3981 2803 4021 voce
2836 3967 3145 4036 responde:
3173 3963 3219 4018 F
3222 3975 3376 4019 erant

1778 4054 2048 4124 confestim
2077 4057 2438 4127 confusionem
2477 4073 2654 4123 suam,
2686 4058 2776 4129 qui
2803 4057 2985 4112 dicunt
3041 4057 3170 4110 mihi
3203 4053 3388 4127 Euge,

1780 4142 1926 4216 Euge
1957 4145 2128 4217 (Psal.
2160 4162 2347 4212 xxxix,
2375 4147 2484 4218 16).
2525 4148 2588 4201 Ει
2610 4148 2747 4202 adde
2775 4165 2790 4200 :
2824 4148 2939 4218 Ego
2987 4147 3126 4202 enim
3171 4147 3383 4201 mendi-

1779 4259 1871 4299 cus
1897 4259 2012 4299 sum
2039 4251 2088 4301 et
2107 4257 2307 4314 pauper
2327 4239 2504 4312 (ibid.,
2537 4239 2646 4310 l8).
2681 4239 2887 4293 lievera
2914 4239 3058 4292 enim
3089 4247 3385 4306 quantum-

1780 4349 1991 4405 cunque
2026 4334 2091 4389 de
2118 4331 2320 4388 virtute
2349 4331 2404 4386 in
2435 4332 2691 4386 virtutem
2741 4329 3069 4385 ambulando
3099 4329 3380 4399 proﬁcias,

1781 4443 1982 4499 egenus
2018 4427 2129 4482 eris
2159 4441 2379 4496 semper
2402 4434 2455 4479 ct
2485 4438 2710 4499 pauper,
2761 4437 2859 4476 nec
2913 4421 3126 4492 plenam
3155 4420 3220 4474 dc
3242 4419 3382 4474 iuvi-

109 4510 181 4579 ius
204 4515 440 4586 injuriae,
497 4517 659 4573 modo
689 4532 884 4572 vanam
910 4531 1099 4572 eorum
1123 4533 1246 4588 quae
1272 4518 1562 4589 aliquando
1593 4518 1675 4572 vel
1708 4501 1753 4557 Ῑ)
1781 4518 1922 4574 sibili
1961 4519 2119 4573 hoste
2168 4517 2373 4587 poteris
2429 4515 2677 4576 obtinere
2733 4513 3058 4568 victoriam:
3085 4511 3258 4565 donec
3307 4511 3381 4565 ad

109 4605 252 4668 dicta.
296 4609 380 4665 vel
439 4609 611 4676 facta,
641 4611 727 4666 vel
765 4609 1010 4666 facienda
1060 4622 1186 4667 sunt
1223 4611 1676 4676 recordationem,

108 4697 250 4751 modo
280 4699 595 4756 immundus
656 4701 1040 4772 cogitationes,
1083 4701 1243 4757 modo
1295 4700 1677 4772 toporemani-

107 4785 169 4839 nti
193 4786 267 4841 vel
290 4797 568 4860 torporem
592 4791 767 4845 somni
792 4789 983 4844 nititur
1013 4791 1284 4861 ingerere,
1307 4797 1369 4844 ut
1410 4805 1441 4844 a
1489 4799 1675 4845 saneta

106 4874 392 4936 intentione
429 4879 675 4936 animum
719 4882 892 4951 possit
946 4891 1213 4946 avertere,
1272 4879 1354 4937 vel
1393 4879 1674 4951 impedire.

105 4967 243 5036 Quod
281 4973 328 5028 si
359 4976 414 5028 in
447 4974 752 5030 minoribus
786 4978 950 5031 sentit
977 4974 1080 5031 sibi
1113 4990 1219 5028 non
1245 4974 1446 5039 resisti,
1476 4972 1676 5043 majora

103 5063 346 5118 continuo
385 5064 746 5120 tentationum
776 5065 988 5120 vincula
1037 5064 1221 5120 nectit.
1277 5064 1472 5118 Mavult
1534 5066 1676 5119 enim

101 5153 440 5223 supplantare
476 5168 640 5227 quam
695 5157 976 5227 impedire.
1007 5155 1154 5224 Quos
1176 5169 1304 5210 vero
1330 5153 1678 5224 supplantare

101 5261 198 5300 non
217 5257 417 5317 potest,
443 5249 710 5318 impedire
739 5250 1024 5320 (quantum
1042 5247 1318 5318 praevalet)
1344 5263 1453 5303 non
1475 5255 1676 5304 cessat.

101 5335 198 5391 Sed
217 5337 394 5408 ﬁdelis
419 5349 500 5394 est
538 5339 697 5405 Deus,
731 5340 809 5394 ait
843 5340 1157 5410 Apostolus,
1179 5339 1267 5407 qui
1297 5355 1402 5394 non
1449 5338 1678 5408 patietur

98 5445 177 5484 vos
205 5434 403 5487 tentari
420 5449 584 5503 supra
609 5435 663 5496 id
692 5434 832 5506 quod
857 5435 1093 5504 potestis,
1119 5433 1209 5488 sed
1233 5431 1385 5500 faciet
1414 5447 1532 5485 cum
1562 5440 1679 5485 ten-

99 5523 285 5576 talione
312 5533 646 5594 prouentum,
671 5535 725 5578 ut
751 5525 960 5594 possitis
982 5523 1236 5578 sustinere
1264 5521 1313 5589 (1
1341 5518 1538 5584 Cor.x,
1565 5521 1702 5593 l3),

99 5606 228 5666 Tum
268 5629 403 5670 vero
434 5613 698 5672 adversus
739 5616 874 5681 hinc,
897 5626 954 5672 et
975 5615 1156 5679 omnia
1181 5613 1402 5668 omnino
1429 5612 1676 5668 lcnlatio-

99 5721 218 5761 sum
245 5723 476 5780 genere,
513 5710 768 5769 adversus
793 5724 1007 5783 quoque
1055 5717 1348 5766 nocturnas
1375 5705 1674 5773 illusioncs,

1785 4611 1934 4664 illum
1987 4609 2295 4678 pervenias,
2343 4605 2429 4660 cui
2483 4605 2612 4659 dicit
2647 4601 3009 4671 :Adimplebis
3057 4617 3139 4655 me
3186 4599 3377 4654 ltrtitia

1783 4717 1900 4754 cum
1925 4697 2072 4756 uultu
2121 4707 2214 4760 tuo
2263 4693 2438 4767 (Psal.
2465 4709 2556 4759 xv,
2584 4694 2694 4764 ll),
2725 4700 2777 4748 et
2814 4691 3050 4746 sotiabor
3068 4706 3185 4743 cum
3212 4706 3382 4760 appaa

1785 4791 1948 4845 ruerit
1983 4789 2153 4862 gloria
2176 4799 2267 4843 tua
2293 4785 2469 4858 (Psal.
2502 4801 2614 4850 xvi,
2646 4785 2756 4850 15).
2791 4783 2846 4839 Si
2889 4783 3180 4854 quisquam
3229 4782 3377 4837 forte

1784 4887 1946 4942 homo
1973 4893 2023 4939 te
2045 4897 2227 4938 coram
2258 4890 2311 4936 te
2341 4879 2662 4943 laudaverit,
2691 4877 2798 4932 noli
2830 4876 2947 4946 plus
2975 4874 3168 4930 alienis
3195 4873 3381 4929 verbis

1785 4992 1947 5047 quam
2007 4975 2244 5047 proprim
2305 4971 2656 5028 conscientia:
2721 4970 2968 5032 credere,
3019 4966 3375 5022 reminiscens

1784 5072 2084 5142 Scriptura:
2139 5067 2415 5124 dicentis:
2451 5065 2555 5131 Qui
2595 5077 2642 5118 te
2669 5063 2874 5117 beatum
2926 5062 3129 5122 dicunt,
3179 5061 3276 5127 ἱρςςὶ
3327 5070 3380 5113 te

1783 5157 2460 5232 decipiunt(lsa.ttt.12).
2494 5155 2721 5226 Utcrgo
2777 5154 2843 5209 de
2887 5151 3222 5224 profectibus
3269 5151 3376 5206 tuis

1783 5260 1923 5327 apud
1949 5265 2001 5309 te
2028 5269 2135 5309 nou
2158 5249 2459 5313 cxtollaris,
2508 5248 2563 5304 in
2608 5255 2787 5302 mente
2811 5246 2950 5302 habe
2981 5245 3122 5316 quod
3143 5243 3376 5314 Aposto-

1784 5346 1865 5400 lus
1893 5344 2004 5398 ait:
2037 5341 2177 5406 Quid
2205 5339 2360 5394 habes
2401 5339 2543 5410 quod
2597 5354 2702 5393 non
2744 5336 3036 5406 accepisti?
3067 5345 3113 5388 et
3142 5335 3187 5387 si
3224 5348 3375 5385 acre-

1782 5435 1925 5501 pisti,
1949 5447 2044 5486 cur
2071 5430 2317 5501 gloriaris
2341 5430 2494 5500 quasi
2524 5445 2626 5482 non
2661 5426 2960 5496 occeperis?
2980 5423 3029 5494 (1
3054 5421 3174 5477 Cor.
3196 5419 3372 5491 tv,7.)

1783 5525 1854 5581 Ut
1889 5538 2020 5580 vero
2046 5522 2346 5592 appetitum
2392 5520 2616 5575 humani
2651 5518 2856 5575 laveris
2888 5516 3078 5584 fugias,
3113 5513 3237 5567 audi
3265 5513 3373 5566 Do-

1779 5616 1987 5672 minum
2045 5611 2644 5670 dicentcmzAttendile
2706 5626 2768 5664 ne
2824 5607 3086 5674 iustitiam
3147 5615 3368 5658 restrain

1779 5725 1953 5765 coram
1967 5705 2263 5763 hominibus
2289 5703 2501 5774 faciatis
2524 5710 2576 5754 ut
2600 5697 2873 5753 rideamiui
2892 5698 2954 5749 ab
2974 5697 3045 5750 eis
3061 5693 3275 5754 (Martii.
3295 5710 3372 5758 vi,
