3920 6298
178 294 269 358 901

1417 278 1774 338 erasmus
1805 278 2135 350 QUINQUE.

3259 249 3400 340 ’θος

171 371 407 468 metuunt,
438 398 482 456 si
509 411 626 467 quae
648 407 774 466 sunt
809 398 860 452 in
891 396 1044 454 nobis
1076 396 1283 451 viscera
1306 393 1705 455 misericordia),
1741 398 1786 455 Λ
1816 393 1899 446 nis
1929 401 2170 462 tempore
2204 392 2462 456 habeant,
2493 391 2681 447 in'illis
2715 393 2950 448 maxime
2986 393 3398 464 maniﬁtstatur,

171 499 208 555 si
229 506 336 565 qua:
360 485 586 560 pietatis,
615 485 832 541 assiduo
862 483 1076 556 lugendi
1124 483 1251 538 ﬂetu
1285 523 1300 548 ,
1337 481 1553 537 assiduo
1590 489 1715 535 sunt

169 579 424 658 plangendi
467 576 666 631 dolore.
699 575 920 648 Utrique
950 577 1113 642 enim,
1166 575 1267 630 etsi
1316 591 1420 628 non
1467 575 1712 629 eamdem

170 677 288 729 forte
333 682 557 740 pinnam,
589 667 831 720 eamdem
889 676 1086 730 tamen,
1145 665 1245 719 nisi
1301 665 1353 719 in
1399 662 1710 735 pandentia

167 764 473 837 perdurent,
517 757 794 811 incurrent
842 757 1262 812 damnationem.
1313 757 1460 810 Adeo
1517 757 1712 825 quippe

167 854 342 925 repleta
371 859 449 904 est
502 848 992 919 terra_iniquitate,
1054 859 1108 904 et
1150 847 1364 918 quodin
1406 850 1713 905 novissimis

167 945 330 1001 diebus
355 939 602 994 Dominus
627 938 865 993 futurum
893 939 1139 1010 prmdixit
1177 939 1395 1011 (Matth.
1428 955 1577 1004 xxrv,
1597 939 1708 1007 li),

165 1033 443 1088 abundante
495 1027 776 1098 iniquitate
805 1069 820 1094 ,
863 1028 1212 1100 refrigescere
1257 1030 1421 1099 etrapit
1467 1031 1704 1086 cbaritas

165 1122 451 1182 multorum;
472 1128 526 1170 ut
552 1115 760 1172 facilius
783 1119 1018 1174 invenias
1043 1121 1132 1188 qui
1157 1119 1332 1175 laudet
1358 1131 1698 1190 peccatorem

164 1207 207 1266 in
227 1207 488 1264 desideriis
514 1207 705 1261 anima:
727 1224 857 1276 suae,
892 1225 1052 1279 quam
1079 1211 1168 1279 qui
1194 1211 1450 1282 corr'piat
1483 1227 1604 1266 eum
1630 1216 1697 1269 ab

163 1321 320 1362 errore
344 1305 436 1358 via:
462 1319 588 1358 sum.
618 1304 768 1370 Quod
792 1305 832 1358 si
875 1305 939 1358 de
986 1307 1174 1360 otiosis
1207 1307 1546 1362 sermonibus
1577 1309 1702 1362 red-

163 1398 298 1455 dituri
322 1411 498 1451 sumus
534 1397 796 1450 rationein
825 1397 877 1450 in
915 1395 1224 1465 diejudicii,
1258 1400 1346 1468 qui
1375 1399 1702 1470 voluptatum

161 1487 508 1543 etilliciturum
536 1486 692 1555 hujus
715 1487 897 1541 mundi
950 1488 1336 1544 desideriorum
1381 1499 1506 1545 sunt
1548 1506 1704 1545 ama-

163 1589 286 1632 tores
316 1575 476 1645 magis
510 1591 668 1644 quam
701 1577 832 1644 Dei,
862 1592 968 1648 quo
997 1580 1146 1635 ibunt
1175 1597 1204 1636 a
1234 1582 1422 1652 spiritu
1469 1583 1629 1651 illius,
1654 1591 1709 1638 et

160 1665 454 1737 quoafacie
507 1665 623 1735 ejus
657 1668 1005 1740 fugient;qui
1029 1671 1242 1740 quidem
1298 1671 1351 1726 in
1404 1673 1706 1729 humilitate

1818 480 1906 548 qui
1933 495 2030 551 pos
2057 498 2216 549 quatit
2239 482 2305 535 de
2343 480 2451 536 vita
2475 483 2912 551 desperaverant,
2940 493 3062 552 post
3085 485 3238 540 illam
3265 500 3405 555 qua-

1834 585 2064 641 emeunq
2089 589 2135 626 re
2158 571 2578 640 confessionem,
2596 573 2664 628 de
2684 574 3004 644 :egritudine
3018 579 3403 634 convalescen-

1819 671 1918 725 tes,
1951 665 2018 717 ad
2045 677 2303 719 consueta
2334 674 2552 734 peccata
2579 667 2820 732 redeunt,
2848 676 2902 720 et
2921 667 3192 723 deteriora
3229 686 3391 740 quam

1815 753 1962 819 prius
1987 752 2275 822 aliquando
2303 757 2669 810 committunt.
2697 756 2919 810 Si'cnint
2952 773 3078 812 vere
3103 761 3394 827 pmttitttis-

1813 853 1952 908 sent,
1981 842 2220 899 deflenda
2254 862 2440 900 rursus
2482 856 2644 916 atque
2679 849 2905 904 dolenda
2939 852 3281 906 committere
3303 867 3394 906 ea.

1815 945 2019 988 vei-ent.
2055 935 2154 1002 Qui
2203 938 2246 991 si
2279 938 2421 993 illius
2477 939 2848 996 invalitndinis
2873 950 3116 1012 tempore
3160 953 3391 999 mortem

1811 1027 2075 1093 subirent,
2097 1035 2273 1082 utrum
2304 1032 2368 1083 ad
2400 1045 2625 1100 regnum
2651 1031 2848 1088 Christi
2875 1036 3183 1104 perventuri
3213 1045 3395 1092 essent

1813 1116 1953 1173 Deus
1983 1118 2197 1174 viderit.
2225 1119 2327 1188 Qui
2361 1121 2526 1192 igitur
2545 1123 2613 1178 ab
2642 1125 2745 1180 hac
2771 1110 2882 1182 ivita
2909 1126 2980 1181 ita
3019 1131 3390 1199 egrediuntur,

1811 1209 2117 1276 huiusmodi
2174 1214 2336 1264 etiam
2384 1214 2726 1271 confessione
2761 1233 2866 1273 non
2915 1230 3190 1286 carentes;
3250 1222 3392 1277 sicut

1811 1297 1960 1353 salus
1987 1313 2178 1353 eorum
2216 1300 2400 1367 dubia,
2461 1303 2534 1356 ita
2583 1313 2638 1357 et
2664 1307 2942 1363 damnatio
2985 1309 3393 1366 incerta:sicut

1809 1396 2018 1440 nonest
2044 1387 2110 1441 de
2140 1387 2218 1441 eis
2242 1387 2659 1456 desperandum,
2689 1395 2758 1446 ita
2785 1409 2885 1448 nec
2925 1393 3383 1465 pmsuniendtim.

1808 1470 2086 1537 Quomodo
2114 1471 2257 1525 enim
2287 1472 2446 1526 tinem
2476 1473 2750 1529 invenient
2772 1480 3071 1548 suppliciis,
3104 1484 3194 1552 qui
3228 1484 3388 1538 tinent

1809 1576 2086 1630 nunquam
2116 1561 2424 1631 imposuere
2471 1565 2745 1632 peccatis?
2793 1566 2850 1622 Si
2885 1570 3027 1623 enim
3058 1572 3293 1641 amplius
3311 1575 3390 1627 vi-

1811 1660 2017 1716 verent,
2066 1651 2208 1706 forte
2260 1651 2491 1721 amplius
2537 1661 2591 1707 et
2637 1667 2944 1724 peceareut.
2998 1657 3178 1725 Quare
3207 1672 3388 1718 autem

154 1761 414 1830 judicatus,
436 1767 694 1814 venturus
727 1770 809 1816 est
853 1778 974 1817 cum
1005 1773 1289 1833 potestate,
1319 1773 1374 1820 et
1421 1764 1704 1832 majestate
1737 1740 1778 1794 Β
1806 1742 1947 1833 illi“;
1972 1742 2298 1798 venerabilis
2322 1743 2545 1833 latronis
2573 1744 2842 1801 ⁰⁰¹¹ί⁸⁵⁸ί⁰
2867 1747 2994 1802 huic
3034 1763 3223 1804 eorum
3252 1766 3388 1806 con‘

154 1851 366 1920 judicare
402 1849 655 1904 sacculum
709 1867 805 1921 per
862 1853 1075 1922 ignem?
1129 1853 1406 1920 Quomodo
1457 1863 1709 1923 poterunt

159 1941 372 1996 habitare
413 1954 534 1993 eum
573 1941 693 2010 igne
735 1942 1049 2008 devorante,
1097 1952 1150 1996 et
1174 1944 1461 1998 ardoribus
1512 1943 1707 2014 sempi-

158 2031 340 2088 ternis?
386 2029 440 2084 Si
469 2045 646 2100 neque
701 2030 769 2086 ab
817 2035 1045 2100 oriente,
1095 2050 1268 2105 neque
1317 2036 1384 2090 ab
1432 2037 1708 2092 occidente

157 2130 277 2190 patet
298 2119 437 2173 locus
463 2119 751 2191 etTugiendi
798 2123 1032 2191 judicem
1072 2123 1262 2190 Deum,
1289 2129 1506 2195 quando
1528 2125 1706 2193 justus

155 2212 226 2264 vix
257 2210 564 2277 salvabitur,
628 2213 775 2282 impii
820 2223 874 2268 et
928 2223 1240 2284 peccatores
1268 2216 1357 2271 tibi
1408 2218 1706 2286 parebunt?

154 2300 396 2356 Terribilis
421 2310 501 2356 est
525 2317 654 2372 ergo
677 2303 856 2369 nimis,
890 2314 944 2357 et
974 2321 1138 2375 supra
1164 2322 1324 2376 quam
1352 2306 1434 2360 vel
1461 2307 1587 2372 dici,
1619 2301 1704 2363 vel

152 2390 412 2462 excogitari
440 2402 619 2461 potest
642 2391 1017 2460 formidabilis,
1034 2395 1393 2463 etiamjuslis,
1419 2407 1701 2466 exspecta-

152 2481 213 2535 tio
247 2482 326 2535 illa
363 2481 554 2550 judicii
593 2499 700 2552 quo
746 2492 957 2553 oportet
1010 2500 1197 2540 onmes
1244 2501 1342 2540 nos
1389 2487 1702 2556 przesentari

149 2578 255 2623 ante
290 2569 513 2624 tribunal
565 2571 785 2626 Christi.
828 2571 1168 2628 llorrendum
1207 2575 1402 2644 quippe
1441 2584 1525 2630 est
1564 2575 1701 2630 inci-

149 2659 254 2716 dere
279 2661 325 2714 in
350 2676 546 2717 manus
571 2663 663 2717 Dei
692 2663 937 2720 viventis.
991 2662 1098 2720 Sed
1128 2681 1234 2720 non
1283 2666 1398 2721 haec
1439 2667 1699 2738 cogitare,

147 2767 234 2806 non
256 2752 360 2808 haec
388 2753 582 2809 volunt
611 2754 1064 2822 animadvertere,
1090 2756 1181 2825 qui
1223 2757 1388 2812 variis
1417 2766 1471 2812 et
1503 2757 1702 2814 illicitis

144 2841 279 2910 hujus
322 2844 438 2899 vita:
492 2844 782 2901 desideriis
840 2846 1229 2913 deservientes,
1291 2863 1410 2918 qua:
1473 2849 1540 2904 de
1609 2848 1701 2904 illo

144 2937 393 2991 tremendo
456 2938 712 2992 examine
764 2937 1062 3007 dicuntur,
1122 2948 1216 2994 aut
1278 2956 1384 2995 non
1448 2941 1696 3007 credunt,

65 3066 68 3068 .
141 3034 218 3078 aut
263 3035 642 3088 contemnunt;
700 3028 782 3083 vel
812 3031 975 3084 etiam
1029 3031 1075 3086 si
1123 3031 1368 3097 credunt,
1434 3032 1698 3087 diabolica

1812 1831 2030 1887 fessioni
2061 1849 2166 1889 non
2195 1834 2265 1888 sit
2289 1831 2640 1900 conferenda,
2670 1835 2894 1891 alterius
2917 1837 3018 1892 loci
3046 1846 3102 1891 et
3135 1840 3392 1909 temporis

1811 1931 1900 1977 est
1955 1922 2245 1978 disserere.
2296 1923 2363 1977 Et
2414 1923 2517 1978 hoc
2575 1939 2681 1977 non
2723 1934 2910 1979 nostra
2961 1927 3238 1994 opinione,
3291 1928 3391 1983 sed
3441 1915 3444 1919 ’

1809 2023 2120 2068 sanctorum
2155 2011 2378 2066 Patrum
2421 2013 2746 2068 auctoritate
2787 2006 3143 2083 praeliarimur.
3200 2017 3387 2072 Terri-

1809 2100 1971 2156 bilem
1995 2116 2126 2157 vero
2151 2103 2216 2157 de
2242 2101 2440 2158 talibus
2464 2102 2673 2172 profert
2700 2103 2994 2173 Apostolus
3017 2106 3340 2162 sententiam
3369 2123 3386 2159 :

1808 2195 1890 2247 An
1911 2195 2128 2264 ignoras
2147 2233 2161 2259 ,
2193 2194 2388 2263 inquit,
2419 2211 2449 2247 ο
2477 2194 2654 2267 homo,
2680 2196 2927 2265 quoniam
2966 2196 3256 2266 benignitas
3292 2197 3390 2252 Dei

1809 2285 1878 2337 ad
1898 2286 2250 2353 paenitentiam
2289 2294 2337 2337 te
2365 2285 2622 2338 adducit?
2648 2283 2726 2337 Tu
2754 2301 2897 2352 vero,
2924 2287 3209 2339 secundum
3243 2273 3392 2340 dari-

1806 2379 1933 2432 tiam
1956 2389 2098 2432 tuam
2118 2389 2164 2432 et
2188 2395 2278 2432 cor
2305 2379 2630 2442 impii-nitens
2654 2419 2671 2445 ,
2703 2381 3022 2435 thesaurisas
3059 2383 3151 2435 tibi
3171 2382 3304 2435 imm
3333 2383 3392 2436 in

1806 2468 1890 2522 die
1909 2469 2086 2532 irw,et
2114 2468 2443 2522 resolutionis
2462 2470 2803 2540 justijndicii
2831 2470 2922 2525 Dei
2943 2471 3121 2542 (Rom.
3149 2489 3214 2539 tt,
3233 2473 3292 2536 4.
3307 2473 3387 2544 5).

1807 2557 2092 2628 Sapientes
2117 2559 2278 2628 igitur
2302 2559 2392 2628 qui
2425 2575 2530 2614 non
2552 2570 2879 2630 acceperunt
2907 2563 2960 2616 in
2985 2579 3122 2619 vano
3149 2565 3388 2620 animam

1809 2663 1962 2703 suam
1997 2689 2013 2714 ,
2051 2657 2105 2703 et
2131 2650 2221 2719 qui
2254 2642 2382 2704 illud
2413 2651 2562 2720 operi
2587 2665 2686 2705 suo
2701 2666 2928 2722 posuere
2954 2651 3385 2719 fundamentum,

1805 2747 2002 2809 prteter
2051 2740 2195 2809 quod
2250 2755 2408 2794 nemo
2463 2750 2643 2809 potest
2685 2741 2828 2796 aliud
2870 2757 3089 2812 ponere,
3125 2746 3268 2814 quod
3302 2753 3388 2801 est

1804 2831 2053 2886 Christus
2075 2831 2252 2897 Jesus,
2304 2846 2579 2900 nunquam
2635 2834 2736 2887 sub
2765 2834 3071 2903 hujusiuodi
3098 2835 3385 2890 incertitu-

1805 2921 1929 2976 dine
1957 2919 2184 2977 salutem
2213 2937 2363 2978 suam
2393 2932 2706 2993 posuerunt.
2758 2925 3026 2980 Ancborae
3071 2926 3216 2980 enim
3267 2926 3386 2996 spci

1805 3027 1916 3068 sua:
1942 3013 2266 3068 ﬁrmissima:
2291 3014 2642 3070 immobiliter
2674 3017 3018 3084 inhaerentes,
3061 3018 3114 3072 in
3154 3018 3257 3073 hoc
3295 3018 3384 3072 vi-.

143 3126 294 3172 nmen
332 3117 684 3190 ίηερῖηιίοηε
727 3119 992 3190 ιρνςετιηιρ
1025 3121 1293 3186 “morem,
1350 3090 1402 3176 in
1457 3132 1698 3177 ροηιθεη,
1727 3090 1769 3148 C
1805 3111 1914 3156 tam
1939 3119 2091 3159 suam
2121 3104 2433 3171 instituunt,
2483 3107 2586 3162 hoc
2612 3107 2773 3161 modo
2797 3107 2865 3161 ad
2889 3123 3137 3163 normam
3166 3109 3384 3164 divino-

139 3212 282 3272 ptum,
299 3216 349 3261 et
366 3205 695 3262 oblivionem
717 3207 938 3272 ducunt,
953 3223 1072 3278 qu:e
1086 3219 1345 3278 quantum
1367 3209 1430 3264 lie
1439 3210 1480 3265 ri
1495 3220 1696 3282 posset,

138 3296 273 3349 etiam
299 3297 636 3363 dormiendo,
688 3309 815 3354 ante
842 3299 1033 3355 oculos
1076 3301 1282 3356 mentis
1309 3301 1508 3356 habere
1537 3303 1698 3358 debe-

140 3393 255 3440 rent.
278 3387 423 3454 Quod
445 3391 489 3446 si
521 3406 587 3445 ea
627 3399 712 3446 est
742 3405 903 3445 causa
956 3391 1225 3464 levigandi
1278 3394 1515 3460 timoris,
1569 3395 1695 3466 quia

133 3472 310 3528 scilicet
333 3475 448 3532 dies
473 3475 568 3531 illa
586 3477 780 3548 judicii
818 3476 979 3550 longe
1017 3494 1139 3535 esse
1176 3480 1420 3546 videtur;
1473 3481 1555 3536 vel
1604 3482 1694 3538 illa

133 3565 393 3622 novissima
423 3568 684 3624 decessus
712 3572 792 3625 sui
825 3570 962 3640 dies,
991 3586 1111 3641 qua:
1155 3573 1453 3642 uniqnique
1473 3575 1696 3645 propin-

134 3671 222 3726 qua
249 3669 347 3725 est,
387 3661 615 3718 deberet
644 3679 1090 3738 unumquemque
1144 3674 1371 3732 terrere,
1402 3677 1458 3722 et
1493 3669 1694 3725 sollici-

132 3755 223 3802 tum
269 3749 462 3817 facere,
521 3764 578 3809 et
631 3763 901 3825 torporem
957 3767 1007 3813 et
1043 3767 1284 3828 teporem
1332 3760 1592 3814 mentiun-
1625 3761 1692 3818 ad

131 3838 433 3910 vigilandum
481 3845 731 3900 excitare
773 3864 787 3901 :
827 3847 879 3901 in
913 3863 1021 3926 qua
1052 3849 1293 3919 singulos
1335 3865 1434 3920 pro
1460 3851 1691 3917 meritis,

127 3941 228 3996 quae
250 3945 344 3987 nec
369 3937 560 4006 augeri
608 3937 864 4006 amplius,
897 3953 996 3994 nec
1047 3940 1216 3995 minui
1267 3949 1540 4010 poterunt,
1591 3959 1690 3999 ne-

126 4031 257 4076 cesse
284 4033 363 4077 est
394 4025 644 4083 invenire
674 4042 760 4094 ea,
796 4045 916 4099 quae
939 4031 1021 4086 vel
1049 4031 1185 4086 bona
1219 4032 1271 4086 in
1299 4033 1690 4104 sempiternum

125 4124 215 4165 non
236 4122 485 4182 poterunt
543 4119 594 4172 in
631 4117 872 4175 deterius
919 4123 1263 4192 commutari,
1306 4123 1391 4180 vel
1439 4125 1578 4180 mala
1634 4127 1688 4182 in

123 4199 292 4258 melius
316 4207 587 4262 converti.
621 4209 760 4263 Sunt
785 4220 967 4268 autem
1002 4212 1179 4278 multi,
1205 4213 1316 4270 imo
1353 4215 1560 4273 inlinita
1586 4218 1687 4274 ho-

121 4289 303 4346 niinum
333 4296 653 4364 multitudo,
699 4300 790 4370 qui
834 4317 956 4356 eum
1001 4303 1233 4359 assiduis
1273 4305 1388 4362 suis
1424 4307 1686 4376 peccatis,

122 4381 247 4436 mala
296 4399 393 4442 sua
424 4388 821 4461 multiplicent;
855 4393 1180 4464 peccatores"
1205 4399 1422 4468 quidem
1468 4416 1526 4457 se
1563 4417 1684 4459 esse
1714 4438 1762 4499 υ

118 4483 530 4547 τεωεηοεριιηι,
595 4482 687 4536 sed
749 4491 929 4539 tamen
996 4489 1236 4543 converti
1304 4489 1675 4559 dissimulant;

116 4567 340 4637 exemplo
363 4572 578 4628 scilicet
627 4573 771 4631 illius
797 4575 1107 4657 Evangelici
1151 4579 1378 4637 latronis
1407 4583 1571 4639 nimis
1595 4585 1680 4640 in-

114 4653 366 4725 brerendo,
393 4664 632 4733 quadam
676 4653 1101 4738 praesumptione
1131 4668 1328 4726 divinte
1367 4673 1680 4730 misericor-

114 4743 218 4808 diae,
247 4764 350 4805 una
380 4754 679 4812 novissima
709 4765 954 4827 tempore
976 4759 1158 4815 obitus
1191 4761 1273 4816 sui
1306 4760 1678 4831 confessione,

111 4833 258 4894 deleri
284 4843 625 4902 confidentes
647 4857 991 4918 peccatorum
1022 4865 1242 4906 suorum
1259 4851 1682 4920 multitudinem,

110 4937 256 4994 Quam
286 4947 384 4986 nec
412 4935 778 4993 aestimatione
808 4940 1270 5010 comprehendere
1293 4953 1536 5012 possunt.
1572 4945 1684 5000 llo-

110 5030 214 5071 rum
247 5023 401 5077 mttlti
435 5025 564 5080 dum
612 5028 829 5084 incaute
867 5029 936 5085 de
981 5031 1354 5088 misericordia
1383 5035 1681 5103 confidunt,

107 5110 326 5197 verenda
364 5113 531 5170 nimis
559 5125 614 5172 et
634 5119 873 5186 occulta,
901 5120 994 5175 sed
1037 5122 1376 5190 tamenjusta
1405 5125 1570 5179 divini
1597 5127 1684 5197 jno

105 5193 218 5252 dicii
242 5204 538 5262 severitate
562 5208 963 5266 damnationem
1007 5212 1320 5267 incurrunt.
1362 5213 1533 5281 Quam
1563 5193 1680 5273 rem

105 5288 307 5354 quidem
342 5295 417 5349 ita
446 5311 509 5352 se
538 5299 737 5356 habere
765 5301 928 5356 subiti
959 5318 1118 5359 casus
1177 5305 1482 5360 immatura:
1528 5323 1678 5362 mor-

105 5379 182 5446 tis,
214 5392 266 5437 et
315 5390 484 5443 corda
551 5393 840 5449 multorum
889 5395 988 5451 sub
1050 5397 1271 5453 indulta:
1323 5399 1680 5458 confessionis

105 5481 354 5544 tempore,
389 5482 781 5552 imptenitentia
820 5487 1280 5559 lacrymabilibus,
1310 5500 1364 5547 et
1400 5491 1682 5548 miserabi-

104 5561 231 5622 libus
272 5574 450 5629 modis
502 5577 658 5634 nimis
721 5579 1033 5650 frequenter
1076 5580 1446 5637 manifestant.
1501 5581 1675 5651 Quam

101 5653 437 5724 imptenitens
459 5675 639 5723 autem
661 5684 776 5738 cor,
805 5669 956 5727 multi
983 5670 1126 5728 illius
1147 5671 1354 5729 ultione
1371 5673 1672 5732 confessio-

1806 3210 1928 3250 rum
1960 3197 2363 3264 mandatorum,
2416 3212 2605 3253 omnes
2631 3215 2740 3253 non
2786 3199 2958 3254 solum
2993 3202 3254 3266 actiones,
3287 3201 3385 3257 sed

1799 3297 1855 3344 et
1876 3289 2250 3359 cogitationes,
2273 3300 2328 3344 et
2349 3291 2648 3347 locutiones
2665 3306 2792 3347 suas
2814 3293 3068 3362 dirigunt,
3094 3304 3152 3348 ut
3177 3305 3385 3363 quanto

1797 3383 2022 3448 certius,
2060 3393 2262 3452 quanto
2307 3385 2555 3440 securius
2601 3394 2848 3456 possunt,
2895 3387 3250 3441 novissimam
3282 3388 3382 3442 de-

1796 3487 1983 3530 cessus
2014 3476 2093 3530 sui
2132 3477 2342 3539 horam,
2375 3477 2721 3531 novissimam
2754 3492 2974 3547 quoque
3005 3479 3188 3546 magni
3230 3477 3381 3547 judi-

1796 3567 1866 3622 cii
1896 3568 2035 3622 diem
2067 3568 2447 3638 praestolentur
2473 3585 2485 3622 :
2517 3577 2576 3622 ut
2603 3569 2781 3623 secri
2810 3577 2865 3623 et
2905 3569 3025 3623 sine
3055 3569 3380 3624 confusione

1796 3659 2088 3730 loquantur
2115 3662 2168 3715 in
2193 3671 2348 3732 porta
2379 3661 2556 3718 exitus
2583 3662 2689 3725 sui,
2715 3670 2771 3716 et
2797 3662 3012 3716 dicant:
3047 3660 3198 3716 Venit
3230 3657 3409 3732 prin?

1795 3769 1912 3820 cepa
1965 3753 2150 3805 mundi
2201 3741 2468 3823 hujus,“
2535 3754 2593 3806 in
2645 3768 2726 3809 me
2776 3767 2883 3806 non
2913 3752 3066 3806 habet
3089 3753 3378 3827 quidquam

1795 3843 1977 3914 (Joan.
2013 3861 2123 3911 xiv,
2151 3845 2270 3916 50).-
2300 3845 2360 3900 lli
2385 3845 2666 3916 cupientes
2691 3860 2814 3901 cum
2841 3845 3099 3917 Apostolo
3126 3845 3378 3912 dissolvi,

1793 3946 1847 3992 et
1875 3952 1994 3994 esse
2021 3952 2144 3993 cum
2171 3937 2410 4004 Christo,
2459 3952 2565 4007 non
2593 3940 2765 3993 solum
2795 3953 2900 3992 non
2927 3937 3246 4004 formidant,
3285 3953 3381 3992 ve-

1792 4044 1912 4084 rum
1943 4029 2107 4084 etiam
2163 4044 2376 4084 summo
2407 4044 2531 4084 cum
2557 4030 2828 4086 desiderio
2859 4032 3211 4088 novissimam
3259 4029 3376 4088 tre-'-

1793 4121 1969 4178 mendi
1996 4121 2261 4177 examinis
2287 4120 2427 4176 diem
2457 4131 2794 4192 exspectant,
2825 4123 3059 4180 scientes
3084 4123 3378 4194 repositam

1790 4227 1910 4269 esse
1956 4211 2054 4267 sibi
2089 4226 2347 4268 coronam
2392 4211 2649 4280 justitite,
2703 4226 2864 4282 quam
2919 4214 3106 4268 reddet
3131 4211 3236 4268 illis
3272 4212 3380 4265 Do-

1792 4307 1969 4360 minus
1996 4306 2048 4359 in
2080 4304 2168 4360 illa
2198 4304 2284 4360 die
2306 4344 2321 4370 ,
2365 4313 2420 4360 et
2454 4303 2566 4373 jam
2595 4314 2840 4360 cessante
2871 4320 3030 4370 voce,
3055 4306 3241 4360 cordis
3277 4306 3378 4358 de-

1791 4395 1992 4451 siderio
2022 4393 2335 4464 frequenter
2364 4391 2697 4464 ingeminare
2723 4409 2827 4448 nou
2856 4403 3073 4448 cessant
3094 4394 3372 4459 dicentes;

1789 4489 2014 4555 Quando
2029 4489 2250 4551 veniam,
2267 4496 2314 4540 et
2326 4483 2583 4556 apparebo
2604 4495 2725 4540 ante
2735 4486 2921 4555 faciem
2939 4485 3061 4538 Dei?
3075 4482 3242 4555 (Paul.
3261 4499 3376 4553 ιιι,

1788 4580 1871 4650 5.)
1904 4579 2128 4647 Quando
2168 4578 2487 4648 adimplcbis
2538 4593 2622 4632 me
2675 4577 2857 4633 laetitia
2913 4594 3036 4632 cum
3072 4576 3218 4631 vultu
3246 4573 3395 4631 tuo'l'

1790 4672 2006 4743 quando
2039 4673 2310 4742 apparebo
2349 4670 2660 4740 conspectui
2699 4679 2792 4724 tuo
2846 4677 2901 4724 et
2948 4669 3209 4730 satiabor,
3248 4684 3371 4724 cum

1791 4765 2103 4836 apparuerit
2132 4761 2300 4832 gloria
2336 4761 2468 4816 tua?
2505 4761 2723 4831 quando
2772 4760 3086 4817 inebriabor
3110 4761 3182 4815 ab
3210 4761 3372 4817 uber-

1793 4862 1902 4909 tate
1939 4853 2130 4908 domus
2158 4860 2284 4918 ture,
2311 4862 2366 4907 et
2394 4853 2620 4922 putabor
2647 4860 2890 4907 torrente
2909 4852 3202 4921 voluptatis
3232 4854 3372 4907 tuae?

1791 4947 1916 5001 Seio
1952 4945 2168 5015 quidem
2200 4954 2251 5000 te
2275 4945 2484 5007 mirari,
2509 4944 2594 4999 vel
2629 4945 2792 5001 etiam
2825 4943 2966 5000 forte
3003 4945 3269 5016 conqueri
3301 4947 3370 5001 de

1789 5037 2098 5110 prolixitate
2124 5038 2452 5094 verborum?
2489 5037 2582 5092 sed
2614 5037 2835 5092 attende
2867 5037 2994 5108 quia
3023 5052 3132 5103 res,
3165 5039 3234 5094 de
3259 5055 3370 5109 qna

1788 5144 1912 5200 ago,
1943 5129 2184 5200 grandis,
2217 5139 2274 5184 et
2303 5129 2574 5202 negotiosa
2612 5137 2714 5184 est.
2765 5128 3048 5201 Negotium
3097 5130 3368 5201 siquidem

1786 5222 1854 5278 de
1882 5238 1988 5293 quo
2017 5238 2139 5292 ago,
2171 5221 2315 5278 salus
2338 5230 2426 5277 tua
2454 5234 2558 5279 est.
2608 5222 2690 5278 An
2716 5222 2812 5278 tibi
2852 5233 3058 5278 tantum
3090 5223 3362 5292 negotium

1785 5325 1964 5389 potest
1987 5317 2335 5372 incumbere?
2365 5315 2478 5372 Non
2510 5327 2560 5372 te
2597 5317 2762 5388 igitur
2791 5319 2972 5388 pigeat
2993 5315 3195 5387 legere,
3220 5313 3364 5384 quod

1785 5410 1916 5465 mihi
1952 5409 2191 5466 scribere
2220 5425 2326 5464 non
2355 5408 2456 5463 fuit
2484 5409 2696 5482 pigrum
2732 5427 2746 5464 :
2780 5409 2874 5465 tibi
2898 5409 3041 5464 enim
3067 5407 3365 5461 arbitratus

1782 5515 1900 5556 sum
1931 5514 2052 5555 esse
2089 5498 2240 5555 utile.
2264 5497 2390 5555 Haec
2417 5501 2560 5554 enim
2583 5499 2676 5554 tibi
2716 5497 2975 5563 scribere,
3005 5511 3068 5550 ea
3093 5508 3179 5548 me
3201 5508 3362 5549 causa

1781 5591 2060 5662 compulit,
2091 5606 2152 5646 ea
2184 5591 2313 5646 milii
2346 5592 2482 5647 ratio
2531 5592 2824 5662 persuasit,
2853 5590 2980 5660 quia
3010 5587 3220 5643 scilicet
3242 5602 3362 5642 om—

1783 5681 1952 5752 nium,
1970 5683 2019 5739 .si
2049 5681 2163 5737 ﬁeri
2200 5694 2402 5754 posset,
2445 5681 2745 5751 hominum,
2801 5679 3032 5736 maxime
3057 5691 3188 5736 vero
3225 5679 3358 5734 lide-
