3920 6298
547 305 655 365 903

1511 291 1795 354 JOANNIS
1833 288 2090 348 CARTH.
2132 285 2524 346 POR'I‘ARUM
2564 287 2874 346 MONACHI
3695 296 3779 359 θοι

547 424 677 479 lium
697 418 929 477 salutem
957 417 1296 480 desiderans,
1329 429 1432 468 non
1469 425 1686 481 possum
1719 407 1785 462 de
1812 417 1904 462 tua
1952 404 2128 460 salute
2159 407 2206 465 Α
2235 421 2324 457 tm:
2347 403 2619 459 descendet
2649 418 2764 457 cum
2790 418 2850 458 eo
2877 399 3361 475 gloriaejus(l’sal.
3389 417 3575 475 sunt,
3599 405 3777 481 17,18).

545 528 655 571 non
679 525 802 567 esse
829 508 1113 575 soliicitus,
1141 516 1328 561 eteam
1351 518 1456 572 quo
1483 514 1698 572 possum
1727 495 1943 558 aﬂ‘ectu,
1965 503 2018 550 et
2035 495 2129 549 dc-

545 607 748 665 siderio
773 605 916 675 apud
939 603 1222 659 Dominum
1245 597 1508 668 ﬂagitare.
1537 591 1684 646 lianc
1715 591 1767 645 in
1794 588 2134 644 orationibus

546 700 688 756 meis
707 714 738 753 a
777 696 890 752 Deo
919 693 1196 766 postulare
1222 705 1328 745 non
1361 701 1538 743 cesso.
1571 685 1718 741 Raro
1743 699 1840 754 pro
1878 697 1988 747 me,
2012 681 2132 737 sine

549 791 626 847 tui
656 787 939 849 memoria,
972 785 1041 839 ad
1085 783 1250 836 Deum
1280 777 1719 849 deprecationem
1760 773 1922 829 laeto.
1953 772 2128 842 Inspi-

547 890 703 936 rante
739 878 914 951 gratia
942 874 1058 940 Dei,
1088 872 1260 927 visum
1285 880 1369 926 est
1393 869 1524 924 mihi
1557 883 1662 923 non
1686 865 1822 924 satis
1854 880 1975 920 esse
2008 879 2134 919 ora-

549 973 783 1031 tionibus
816 968 1084 1029 insistere,
1144 963 1332 1030 nisiet
1363 972 1630 1017 tentarem
1678 959 1920 1014 animum
1950 965 2130 1022 tuum,

541 1063 782 1122 etverbo
814 1054 1236 1119 exhortationis,
1269 1061 1430 1126 prout
1463 1052 1724 1108 Dominus
1769 1049 1908 1106 dare
1933 1048 2131 1118 digna-

545 1163 715 1216 retur,
732 1151 1028 1205 excitarem

610 1245 782 1301 Petita
799 1242 963 1311 igitur
986 1254 1018 1293 a
1041 1237 1259 1292 domino
1277 1237 1457 1303 priore
1487 1232 1708 1288 licentia
1735 1239 1792 1286 et
1815 1232 1960 1295 data,
1986 1229 2133 1299 quod

542 1331 804 1392 Dominus
833 1332 1102 1403 inspirare
1125 1328 1437 1399 dignabitur
1464 1339 1753 1395 aggressus
1783 1337 1921 1376 sum.
1976 1319 2133 1374 Adsit

540 1427 706 1498 igitur
717 1424 1002 1484 vivificaris
1013 1420 1256 1490 Spiritus
1269 1427 1517 1480 sanctus,
1533 1424 1587 1470 et
1604 1423 1790 1485 pectus
1805 1420 1954 1467 tuum
1999 1407 2129 1464 ﬂatu

537 1517 712 1574 sancti
758 1514 1038 1578 desiderii,
1081 1527 1178 1570 sua
1219 1509 1575 1579 inspiratione
1609 1506 1791 1576 potius
1813 1517 1977 1574 quam
2007 1515 2126 1556 mea

537 1608 921 1666 exhortatione
967 1603 1150 1660 alllare
1199 1601 1478 1669 dignetur.
1537 1597 1678 1652 Ecce
1707 1595 1870 1664 igitur
1900 1591 2128 1648 Domino

538 1700 864 1770 inspirante,
913 1697 1131 1750 favente
1175 1692 1383 1762 Spiritu
1443 1697 1654 1750 sancto,
1691 1687 1746 1741 in
1779 1684 1994 1740 nomine
2023 1682 2127 1737 Do-

2235 497 2352 563 Qno
2381 511 2511 549 vero
2556 492 2884 549 descendet?
2910 493 2998 547 ubi
3033 491 3084 547 in
3135 503 3401 548 aeternum
3461 508 3566 548 non
3611 496 3775 555 videbit

2237 586 2434 641 lumen.
2465 585 2753 655 Relinquet
2776 593 2958 640 autem
2991 583 3183 639 alienis
3217 583 3435 638 divitias
3459 599 3585 640 suas
3607 596 3653 642 et
3684 589 3774 643 ina-

2235 678 2320 734 nis
2355 677 2574 748 quidem
2627 677 2732 732 erit
2781 664 3053 741 arca,'sed
3082 676 3295 731 inanior
3335 676 3676 731 conscientia.
3698 681 3776 737 Sed

2236 769 2412 837 multi,
2444 769 2642 840 inquis,
2666 776 2790 839 post
2815 767 3014 822 factum
3035 768 3320 838 pmnitent.
3353 767 3421 821 Et
3450 767 3658 836 quidam
3689 786 3779 839 post

2234 861 2433 917 factum
2458 869 2604 916 retro
2642 859 3016 928 respicientes,
3047 861 3388 930 propositum
3421 859 3776 928 derelinquunt.

2233 953 2314 1008 An
2343 953 2563 1024 ignoras
2593 953 2954 1024 quarumdam
2988 952 3268 1023 palearum
3302 959 3509 1006 tantam
3533 968 3646 1007 esse
3680 953 3781 1009 let-i-

2235 1055 2423 1112 tatem,
2459 1055 2518 1100 ut
2570 1059 2674 1101 nec
2724 1059 2866 1099 areae
2913 1042 3328 1099 ventilationem
3361 1053 3686 1113 exspectent,
3708 1048 3778 1099 sed

2233 1137 2381 1193 facili
2439 1136 2673 1209 impulsu
2745 1137 2889 1192 venti
2949 1135 3211 1190 levissimi
3286 1134 3578 1190 recedant?
3629 1134 3778 1192 Nonne

2233 1229 2568 1284 abeuntibus
2601 1227 2791 1299 paleis,
2839 1237 3124 1282 remanent
3172 1242 3342 1296 grana
3372 1225 3423 1278 in
3451 1225 3686 1280 horreum
3713 1246 3778 1282 re-

2231 1318 2549 1374 condenda?
2574 1315 2752 1386 Quare
2799 1317 2920 1390 plus
2973 1316 3190 1388 prolicit
3221 1315 3497 1386 apostasia
3529 1332 3777 1385 paucmum

2232 1412 2600 1468 recedentium
2627 1411 2694 1466 ad
2721 1409 3182 1480 desperationem,
3205 1425 3371 1479 quam
3423 1409 3656 1478 exempla
3674 1412 3776 1464 Inul-

2232 1513 2407 1562 torum
2429 1503 2892 1573 perseverantium
2925 1503 2991 1557 ad
3020 1502 3282 1574 prepositi
3315 1500 3776 1556 confirmationem?

2229 1591 2481 1664 Nunquid
2544 1601 2765 1663 propter
2819 1592 2997 1648 scelus
3054 1591 3415 1664 ttnius‘Judaa,
3449 1591 3773 1662 Christiapo~

2231 1686 2358 1742 stoli
2387 1695 2514 1742 sunt
2548 1685 2600 1740 in
2639 1684 2909 1740 crimine?

541 1765 673 1846 mini
706 1789 835 1846 Iesu
864 1785 1068 1843 Christi
1105 1783 1400 1838 exhortans
1444 1780 1710 1834 exhortor
1742 1786 1816 1840 te,
1854 1791 1961 1830 non
2006 1787 2126 1828 mea
2165 1765 2204 1820 Β
2301 1775 2410 1832 Sed
2439 1776 2565 1848 quis
2612 1776 2703 1842 sit,
2754 1777 2849 1847 qui
2883 1775 3015 1831 illud
3047 1775 3366 1831 mandatum
3403 1777 3774 1831 abrenuntiandi

540 1896 688 1944 voce,
705 1895 812 1936 non
839 1893 960 1933 mea
987 1873 1330 1938 auctoritate,
1351 1871 1446 1925 sed
1473 1868 1711 1924 Domini.
1733 1866 1902 1932 Vade,
1928 1865 2124 1936 inquit,

536 1971 704 2026 vende
740 1969 918 2024 omnia
957 1956 1076 2038 qua:
1113 1962 1294 2030 habes,
1327 1971 1377 2016 et
1421 1961 1490 2014 da
1518 1959 1856 2030 pauperibus,
1890 1968 1936 2011 et
1967 1957 2127 2010 habe-

535 2064 618 2118 bis
665 2064 972 2116 thesaurum
1031 2059 1086 2112 in
1134 2055 1261 2114 caelo
1293 2053 1510 2127 (Matth.
1549 2069 1665 2114 xta,
1699 2050 1814 2123 2|),
1873 2058 1930 2106 et
1950 2047 2126 2105 nullus

535 2169 765 2226 sequere
797 2168 902 2208 tne.
943 2149 1064 2206 Nisi
1092 2155 1231 2205 enim
1265 2148 1382 2218 quis
1408 2144 1850 2200 abrenuntiaverit
1884 2142 2124 2196 omnibus

541 2260 663 2315 qut?
697 2241 946 2313 possidet,
1010 2257 1112 2294 non
1167 2247 1330 2309 potest
1362 2252 1506 2291 meus
1531 2251 1648 2290 esse
1671 2231 1986 2302 discipulus.
2019 2229 2125 2285 Du-

539 2347 733 2389 rumne
766 2332 862 2388 tibi
912 2330 1143 2391 videtur,
1176 2335 1271 2383 aut
1293 2325 1508 2383 didieile
1535 2323 1676 2394 quod
1723 2322 1906 2393 jussit.
1937 2320 2126 2375 Anim-

539 2425 760 2482 adverte
807 2423 912 2496 (mi
961 2419 1353 2489 delectissime)
1419 2417 1568 2472 circa
1627 2417 1730 2471 hoc
1783 2413 2122 2470 Dominicqu

537 2517 871 2580 mandatum,
900 2522 1164 2584 quantum
1214 2512 1329 2582 ipse
1356 2515 1547 2563 auctor
1578 2505 1824 2564 mandati
1855 2516 2123 2574 praemon-

537 2619 717 2663 strare
770 2605 1099 2676 dignabitur,
1167 2603 1284 2658 haec
1337 2600 1602 2673 quinque.
1688 2595 1952 2659 Primtun,
2015 2609 2121 2648 non

535 2694 749 2751 difficile
773 2711 792 2752 t
820 2693 1034 2758 deinde,
1066 2691 1188 2763 quis
1212 2693 1284 2745 sit
1339 2690 1430 2760 qui
1457 2687 1646 2759 jubet;
1687 2694 1875 2757 postea
1901 2699 2123 2740 causam

537 2785 806 2849 mandati,
846 2792 1048 2852 quarto
1080 2782 1199 2837 loco
1235 2781 1501 2836 rationem
1533 2777 1730 2848 ipsius;
1763 2777 1957 2846 quinto
1993 2775 2123 2845 quid

533 2877 654 2948 ipse
682 2874 812 2932 fecit
843 2890 944 2945 pro
999 2883 1055 2930 te
1081 2874 1172 2944 qui
1195 2871 1370 2943 jubet.
1403 2870 1538 2938 Quae
1565 2870 1757 2926 eodem
1783 2867 1977 2924 ordine
2004 2867 2122 2937 ipso

533 2969 826 3037 sdjnvante
850 2966 1280 3023 consideremus.

596 3056 847 3112 Primum
880 3057 924 3112 s'i
970 3054 1186 3111 diﬂlcile
1232 3054 1448 3109 videtur
1473 3061 1528 3110 et
1554 3051 1910 3118 laboriosum,
1941 3050 2118 3122 cogita

533 3150 678 3218 quod
703 3149 853 3204 labor
873 3141 1074 3216 brevis,
1102 3145 1632 3218 praemium-grande.
1658 3158 1796 3215 opus
1821 3158 2118 3215 paucorum

534 3241 770 3308 diermu,
823 3253 1034 3296 merces
1063 3238 1396 3308 sempiterna
1437 3246 1492 3294 et
1523 3237 1738 3306 requies
1759 3237 1876 3292 sine
1906 3237 2034 3291 line.
2061 3234 2121 3292 Si

534 3347 731 3405 pensas
782 3333 1040 3401 laborem,
1097 3348 1293 3406 pensas
1317 3341 1372 3388 et
1396 3331 1725 3388 mercedem.
1779 3326 1895 3384 Non
1926 3336 2011 3383 est
2039 3327 2111 3382 ti—

535 3430 768 3484 mendus
811 3426 986 3490 labor.
1037 3441 1201 3497 quem
1257 3433 1404 3481 tanta
1439 3422 1662 3494 prtcmia
1710 3419 2118 3476 commendant.

535 3515 646 3573 Sed
675 3516 1044 3572 difﬁcultatem
1069 3525 1165 3570 aut
1190 3515 1396 3571 nullam
1432 3522 1526 3570 aut
1554 3515 1824 3570 modicam
1855 3526 1998 3568 esse.
2023 3510 2121 3567 Via

533 3609 682 3664 enim
703 3606 816 3676 jam
867 3608 992 3663 trita
1021 3615 1110 3663 est
1135 3622 1166 3662 a
1193 3605 1379 3662 multis
1405 3622 1419 3661 :
1449 3614 1505 3662 et
1528 3605 1842 3676 quotidiana
1892 3617 2122 3658 conver-

535 3715 721 3756 surum
752 3697 996 3770 exempla
1025 3697 1130 3753 hoc
1157 3697 1458 3756 declarant.
1491 3694 1643 3762 Quod
1665 3694 1711 3750 si
1737 3694 1898 3748 etiam
1922 3699 2121 3749 caetera

535 3789 750 3854 desint,
825 3789 892 3843 ad
944 3787 1336 3844 ostendendum
1387 3800 1495 3842 non
1549 3799 1671 3840 esse
1717 3784 1951 3849 dillicile,
1981 3782 2124 3840 illius

534 3879 730 3937 sullicit
756 3880 1146 3945 testimonium,
1173 3879 1262 3935 cui
1292 3893 1397 3934 non
1434 3877 1680 3942 credere.
1713 3891 1743 3936 τι
1774 3875 1953 3951 salute
1982 3875 2121 3932 resi-

535 3972 637 4029 lire
650 3980 752 4028 est.
768 3971 990 4042 Iugum,
1015 3971 1212 4042 inquit,
1235 3988 1408 4027 meum
1429 3988 1586 4028 suave
1610 3980 1706 4032 est,
1739 3982 1786 4024 et
1807 3984 2121 4024 onusmeum

533 4063 641 4119 leve
667 4063 883 4135 (Matth.
915 4079 966 4118 ιι
989 4102 1005 4127 ,
1029 4061 1144 4133 50).
1169 4062 1336 4132 Cujus
1358 4062 1642 4118 sententia:
1669 4060 1923 4115 virtutem
1947 4069 2002 4115 et
2031 4074 2124 4114 ve.-

533 4154 754 4209 ritatem
793 4154 934 4207 haud
968 4151 1146 4217 facile,
1176 4152 1281 4210 nisi
1317 4152 1523 4222 experti
1549 4151 1852 4222 intelligere
1874 4158 2119 4222 possunt.

534 4245 618 4299 An
641 4242 952 4312 fortejubet
993 4252 1045 4298 te
1077 4242 1416 4313 relinquere,
1439 4244 1580 4314 quod
1625 4259 1735 4298 non
1766 4241 1844 4298 sis
1865 4252 2122 4313 acceptu-

536 4337 663 4393 rus?
691 4334 950 4401 Habebis,
977 4335 1490 4405 inquit,thesaurum
1515 4335 1571 4390 in
1597 4333 1725 4390 calo
1757 4333 1976 4408 (Matth.
2007 4350 2119 4402 XIX,

2231 1867 2469 1938 propriis
2499 1866 2849 1930 facultatibus
2899 1867 3144 1930 tradidit,
3174 1875 3266 1920 aut
3292 1867 3449 1936 cujus
3481 1868 3777 1923 auctoritatis

2229 1960 2300 2014 sit
2329 1960 2421 2030 qui
2449 1959 2551 2014 hoc
2577 1958 2754 2028 jubet,
2784 1959 3085 2014 videamus.
3116 1957 3482 2029 Omnipotens
3501 1959 3597 2014 hoc
3611 1960 3772 2028 jubet;

2231 2051 2371 2107 Deus
2399 2053 2662 2122 tuus,qni
2705 2051 2922 2106 ossibus
2964 2062 3020 2106 ct
3048 2053 3229 2107 nervis
3281 2052 3554 2122 compegit
3580 2063 3647 2115 te,
3666 2064 3706 2108 ct
3731 2055 3774 2106 in

2228 2139 2504 2210 pulverem
2565 2140 2784 2196 reducet
2817 2150 2891 2203 te,
2919 2149 2973 2196 et
3004 2142 3070 2196 de
3137 2157 3294 2197 mane
3327 2158 3499 2212 usque
3524 2144 3588 2196 ad
3613 2158 3776 2213 vespe-

2230 2247 2344 2285 ram
2371 2231 2522 2287 finiet
2567 2243 2639 2288 te.
2665 2231 2758 2287 llle
2786 2232 2942 2302 cujus
2973 2234 3285 2289 auctoritati
3318 2243 3468 2288 esset
3494 2238 3773 2305 parendum,

2227 2319 2270 2376 si
2288 2319 2455 2388 nulla,
2472 2322 2638 2376 etiam
2665 2322 2903 2392 parendo
2926 2331 3247 2390 sequeretur
3270 2322 3497 2377 utilitas.
3526 2323 3645 2379 Vide
3658 2325 3775 2377 enim

2226 2413 2408 2467 omnia
2439 2414 2704 2479 animata,
2761 2424 2876 2468 tant
2928 2413 3229 2478 sensibilia,
3260 2430 3426 2484 quam
3460 2416 3774 2482 insensibilia,

2227 2505 2350 2560 vide
2382 2505 2552 2576 ipsam
2586 2507 2785 2563 molem
2813 2508 3230 2574 elementorum,
3271 2516 3326 2562 et
3359 2507 3612 2578 quidquid
3641 2508 3684 2562 in
3709 2509 3778 2563 eis

2228 2595 2435 2653 factum
2499 2607 2619 2665 est;
2672 2596 2892 2664 Omnia,
2939 2599 3117 2669 inquit
3157 2598 3464 2669 Propheta,
3507 2600 3704 2653 servient
3739 2601 3777 2653 ei

2227 2690 2405 2765 (Psal.
2456 2708 2647 2759 cum,
2691 2694 2804 2765 9|).
2837 2692 2933 2749 Va:
2991 2692 3232 2756 miseris,
3294 2707 3377 2748 vre
3437 2692 3776 2762 peccatoribus

2226 2784 2414 2840 nobis!
2444 2786 2700 2841 universa
2729 2785 3068 2842 irrationalis
3097 2793 3354 2840 creatura
3381 2800 3485 2840 nec
3512 2785 3562 2838 in
3592 2783 3776 2838 modico

2224 2875 2491 2930 voluntati
2527 2885 2582 2931 et
2609 2876 2837 2946 imperio
2860 2875 3125 2931 creatoris
3147 2874 3231 2930 sui
3264 2875 3538 2939 renititur,
3563 2890 3654 2930 nos
3675 2889 3779 2930 vero

2225 2967 2317 3036 qui
2361 2967 2427 3023 ad
2463 2967 2758 3037 imaginem
2783 2977 2838 3022 et
2861 2967 3274 3022 similitudinem
3301 2965 3420 3036 ejus
3448 2964 3573 3021 lacti
3599 2983 3779 3034 sumus,

2225 3059 2423 3129 quibus
2443 3069 2646 3114 aeterna
2682 3059 2849 3129 ipsius
2881 3057 3221 3114 beatitudine
3258 3058 3467 3130 perfrui
3499 3073 3779 3115 concessum

2221 3159 2326 3217 cst,
2367 3165 2473 3205 non
2498 3149 2674 3204 solum
2719 3166 2827 3206 non
2874 3150 3182 3214 obedimns,
3209 3152 3303 3205 sed
3333 3150 3502 3207 etiam
3525 3151 3680 3220 (quod
3707 3166 3783 3206 ue-

2222 3239 2569 3310 qnissimum,
2593 3250 2649 3294 et
2676 3255 2840 3310 supra
2873 3255 3036 3310 quam
3063 3239 3170 3294 dici
3198 3248 3411 3310 posset,
3437 3239 3781 3310 impiissimum

2222 3332 2326 3404 est)
2362 3333 2614 3388 reluctari
2646 3343 2697 3389 et
2729 3335 3001 3388 adversari
3015 3334 3064 3389 ei
3089 3349 3195 3388 non
3224 3347 3548 3389 cessamus:
3578 3343 3630 3388 et
3650 3331 3784 3400 juxta

2223 3423 2570 3496 prophetam,
2595 3440 2710 3478 eum
2734 3423 2888 3478 labiis
2902 3426 3245 3485 houoramus,
3275 3440 3370 3478 cor
3384 3433 3558 3478 autem
3578 3434 3784 3477 nostrum

2223 3516 2375 3585 longe
2404 3523 2480 3569 est
2513 3520 2576 3568 ab
2620 3531 2680 3569 eo
2726 3513 2864 3578 (Isa.
2906 3529 3057 3580 xm,
3095 3515 3206 3585 l3).
3243 3515 3309 3570 Et
3336 3515 3554 3569 iterum.
3584 3513 3788 3568 Conﬁte-

2223 3623 2342 3660 mur
2358 3623 2451 3661 nos
2469 3623 2619 3661 nosse
2647 3606 2947 3670 Dominum,
2965 3607 3124 3677 factis
3152 3618 3329 3662 autem
3361 3624 3604 3678 negatum
3625 3607 3786 3678 (Tim,

2224 3697 2336 3768 16).
2369 3698 2475 3753 Sed
2504 3697 2668 3768 quid?
2693 3697 2848 3766 juxta
2885 3699 3201 3769 Apostolnm
3248 3700 3339 3755 ille
3398 3700 3568 3756 fidelis
3589 3711 3690 3766 est,
3714 3715 3789 3754 uc-

2224 3805 2354 3860 gare
2375 3789 2612 3861 seipsum
2657 3805 2763 3846 non
2793 3799 2990 3860 potest.
3040 3789 3237 3860 lmpios
3265 3806 3394 3847 vero
3423 3802 3475 3845 et
3507 3800 3789 3862 peccatores

2224 3881 2469 3950 gebenna
2493 3880 2770 3951 suscipiet.

2297 3973 2545 4030 Diximus
2574 3973 2734 4045 paulo
2761 3985 2909 4041 ante,
2935 3983 2991 4029 nt
3024 3975 3186 4030 tertio
3215 3984 3266 4029 et
3295 3984 3492 4046 quarto
3528 3976 3664 4038 loco.
3687 3993 3795 4031 cau-

2224 4079 2341 4120 sam
2363 4074 2417 4121 et
2457 4066 2721 4122 rationem
2771 4068 3009 4122 mandati
3053 4068 3546 4125 consideraremus.
3582 4069 3793 4123 Causam

2226 4171 2353 4212 vero
2373 4155 2488 4226 ejus
2533 4159 2880 4215 considerare
2919 4159 3079 4216 facile
3133 4169 3238 4217 est.
3279 4159 3417 4216 Nam
3442 4162 3608 4232 ipsius
3632 4178 3794 4222 causa,

2225 4247 2332 4302 vita
2362 4259 2446 4303 est
2471 4258 2694 4304 acterna.
2748 4248 2934 4320 Neque
2959 4251 3103 4307 enim
3129 4249 3428 4322 quidquam
3459 4253 3698 4323 praecipit
3716 4267 3798 4306 uo—

2226 4339 2311 4394 bis
2354 4340 2616 4416 Dominus
2671 4340 2786 4413 (qui
2848 4344 3112 4399 bonorum
3167 4356 3483 4401 nostrorum
3545 4362 3651 4402 non
3673 4345 3795 4416 eget)

533 4427 652 4498 2i),
684 4426 772 4482 ubi
797 4425 946 4483 fures
995 4441 1104 4486 non
1154 4427 1436 4493 timentur,
1463 4434 1518 4482 et
1551 4427 1854 4498 depositum
1885 4425 2120 4482 fideliter
2150 4449 2197 4508 ι)
2227 4440 2444 4501 propter
2470 4447 2550 4499 se,
2576 4432 2672 4488 sed
2725 4444 2945 4504 propter
2997 4449 3132 4501 nos;
3193 4451 3302 4490 non
3348 4444 3408 4489 ut
3430 4436 3570 4493 bene
3593 4437 3663 4491 sit
3690 4435 3796 4495 sibi,

533 4519 860 4584 custoditur,
893 4528 1122 4591 putasne
1152 4517 1390 4588 accipies
1441 4518 1734 4590 simplum?
1781 4517 2119 4589 Centuplum,

537 4612 733 4684 inquit,
757 4613 1000 4684 accipies,
1031 4621 1080 4668 et
1108 4611 1264 4668 vitam
1288 4621 1540 4667 retentant
1590 4610 1877 4682 possidebis
1903 4608 2120 4682 (Matth.

476 4706 480 4711 ’
536 4720 653 4772 xix,
680 4705 794 4766 29).
849 4706 928 4762 An
977 4719 1106 4763 vero
1131 4705 1287 4775 jubet
1337 4716 1388 4762 te
1418 4706 1690 4764 dimittere
1735 4707 1879 4779 quod
1911 4721 2125 4777 semper

533 4812 664 4854 eras
691 4798 1005 4854 habiturus?
1034 4798 1173 4875 Non,
1196 4814 1321 4854 nam
1351 4800 1521 4854 nudus
1545 4816 1783 4870 egressus
1808 4815 1862 4854 es
1886 4799 1951 4853 de
1974 4809 2122 4853 utero

535 4892 724 4947 matris
759 4901 888 4958 tum.
917 4901 965 4946 et
994 4891 1168 4950 nudus
1214 4890 1342 4946 illuc
1373 4892 1640 4946 reverteris
1672 4890 1796 4961 (Job
1828 4907 1868 4954 ι,
1918 4889 2034 4961 2i).
2057 4889 2125 4943 Et

536 4981 846 5052 Apostolus.
882 4979 1035 5037 Nihil
1071 4982 1266 5052 inquit,
1289 4981 1561 5036 intulimus
1586 4982 1639 5036 in
1677 4981 1816 5036 hunc
1838 4982 2120 5046 mundum,

535 5072 682 5127 haud
704 5072 933 5129 dubium
971 5074 1110 5144 quod
1151 5091 1242 5132 nec
1271 5076 1483 5145 auferre
1510 5073 1638 5146 quid
1668 5089 1963 5144 possumus.
1994 5071 2126 5139 Quis

541 5163 704 5233 igitur
729 5163 844 5219 lucc
878 5164 1057 5221 sciens
1085 5176 1140 5222 et
1168 5166 1500 5238 intelligens,
1555 5165 1767 5221 dubitat
1798 5165 2122 5234 relinquere,

541 5255 653 5312 imo
677 5265 1012 5313 commutare
1065 5274 1163 5328 pro
1219 5259 1442 5314 atternis
1477 5257 1654 5322 bonis,
1697 5257 1838 5312 bona
1869 5271 1990 5328 qua:
2019 5272 2122 5312 non

537 5347 717 5404 solum
741 5364 846 5405 non
868 5360 1096 5421 possunt
1123 5365 1246 5412 esse
1267 5358 1498 5414 aeterna,
1523 5349 1619 5404 sed
1647 5364 1750 5404 nec
1773 5347 2054 5404 diuturna.
2080 5347 2124 5406 Ο

539 5456 694 5512 spes,
728 5457 760 5497 o
781 5456 964 5510 auter,
996 5439 1650 5511 olructustemporalium
1687 5441 1884 5506 inanis,
1921 5443 2126 5498 utinam

545 5531 724 5590 inanis
754 5543 988 5598 tantum,
1030 5548 1136 5588 non
1173 5533 1339 5588 etiam
1393 5533 1770 5602 perniciosus!
1826 5533 1957 5587 Cum
1987 5535 2125 5592 enim

541 5625 686 5681 dices
714 5624 887 5698 [actus
921 5625 1082 5694 fuerit
1121 5627 1301 5691 homo,
1337 5635 1384 5678 et
1429 5641 1546 5679 cum
1594 5625 1940 5694 multiplicata
1972 5627 2127 5696 fuerit

543 5715 714 5785 gloria
761 5716 948 5770 domm
987 5715 1099 5785 ejus
1130 5732 1246 5769 cum
1303 5716 1581 5782 interierit,
1606 5731 1709 5770 non
1731 5727 1896 5770 sumet
1921 5721 2126 5788 omnia,

2227 4521 2320 4577 sed
2343 4532 2398 4576 ut
2427 4523 2566 4582 bene
2591 4523 2665 4578 sit
2687 4524 2860 4580 nobis.
2887 4524 3172 4580 Rationem
3203 4526 3370 4598 igitur
3385 4528 3799 4598 pauloattentius

2227 4614 2652 4671 consideremus.
2710 4614 2976 4674 Omnibus
3022 4618 3314 4675 mundanis
3351 4617 3615 4689 jubemur
3661 4621 3803 4674 abre-

2225 4708 2499 4778 nuntiare,
2529 4709 2671 4779 quod
2702 4710 2918 4780 quidem
2946 4710 3082 4776 sola,
3111 4712 3251 4768 sicut
3275 4711 3440 4783 paulo
3461 4723 3590 4767 ante
3618 4712 3800 4767 dictum

2225 4809 2330 4867 est,
2359 4802 2684 4857 auctoritate
2730 4801 2992 4874 jubentis,
3032 4803 3077 4859 si
3129 4803 3294 4858 multa
3326 4805 3494 4859 etiam
3519 4815 3666 4859 esset
3685 4801 3804 4857 ditii-

2225 4891 2400 4948 euitas
2425 4901 2480 4948 et
2525 4892 2700 4960 labor,
2727 4895 2772 4949 si
2805 4893 2946 4948 nulls
2979 4904 3121 4950 esset
3149 4910 3272 4965 spes
3297 4905 3352 4950 et
3377 4912 3542 4964 causa
3588 4893 3802 4967 ρπιιιιιὶἰ.

2226 4983 2268 5039 si
2299 4983 2442 5038 nulla
2493 4985 2629 5039 ratio
2681 4986 3052 5054 persuaderet,
3083 4987 3128 5043 si
3163 4989 3332 5045 etiam
3365 4989 3644 5059 quoddam
3669 4987 3803 5058 quasi

2227 5076 2594 5132 irrationabile
2613 5075 2810 5145 jubere
2858 5077 3153 5145 videretur,
3183 5078 3330 5133 omni
3359 5078 3538 5134 studio
3567 5089 3742 5132 tamen
3763 5087 3806 5130 et

2227 5168 2498 5238 diligentia
2532 5169 2756 5239 implere
2783 5168 3120 5225 deberemus.
3155 5167 3318 5226 Ratio
3341 5185 3560 5240 quoque
3591 5183 3691 5226 cur
3722 5169 3806 5224 hoc

2222 5259 2407 5328 jussit,
2439 5274 2632 5330 magna
2657 5270 2760 5324 est,
2781 5269 2836 5315 et
2862 5261 3171 5326 vehemens,
3196 5270 3251 5316 et
3284 5261 3569 5316 immensae
3595 5259 3809 5315 necessi-

2230 5351 2354 5405 tatis
2379 5349 2587 5419 pondus
2614 5351 2855 5406 tarditati
2888 5360 3086 5408 nosti-tn
3108 5352 3434 5421 impingens.
3471 5348 3510 5402 U
3522 5360 3540 5403 ι
3569 5350 3715 5403 enim
3740 5360 3809 5402 ra-

2231 5439 2430 5494 tionem
2461 5439 2618 5508 hujus
2665 5440 2906 5494 mandati
2930 5440 3260 5507 ostenderet,
3300 5438 3502 5494 clamat
3532 5437 3808 5509 Apostolus

2229 5530 2483 5600 Jacobus,
2507 5534 2719 5590 dicens.
2747 5533 3012 5597 Adulteri,
3031 5550 3100 5586 an
3127 5532 3385 5604 ignoratis
3415 5533 3562 5604 quod
3593 5531 3808 5585 amicitia

2234 5625 2396 5694 hujus
2429 5627 2634 5692 mundi,
2667 5627 2880 5679 inimica
2903 5636 2978 5680 est
3022 5624 3160 5678 Dei?
3193 5623 3447 5693 Quisquis
3472 5625 3621 5678 enim
3657 5623 3805 5678 volue-

2235 5719 2526 5772 ritmuicus
2557 5734 2667 5774 esse
2724 5716 2882 5789 hujus
2936 5716 3139 5783 swculi,
3195 5716 3442 5770 inimicus
3470 5717 3807 5772 constituetur
