3984 6418
202 376 322 446 908

1459 349 1825 442 Εριδτοιιε
1858 381 2196 452 QUINQUE.

3370 395 3472 454 903

209 505 303 560 Dei
332 500 478 574 (Iac.
510 515 585 567 tv,
617 497 698 573 ι).
747 497 988 555 Primum
1029 510 1247 570 quoque.
1285 496 1601 554 mandatum
1629 497 1785 570 legis,
1814 501 1860 559 Α
1887 500 2094 568 positos
2144 497 2388 552 manebit
2453 495 2686 555 ulterius
2711 500 3034 572 consolatio,
3081 504 3226 562 nulla
3254 511 3476 571 omnino

198 605 263 651 et
285 593 581 652 maximum
603 600 690 648 est
712 591 929 658 dilectio
951 591 1074 648 Dei.
1093 589 1234 658 Quia
1257 589 1418 662 igitur
1430 590 1588 661 juxta
1607 590 1795 648 Jacobi

199 687 553 751 sententiam,
594 699 703 741 non
755 697 1044 754 possumus
1087 683 1315 753 diligere
1353 682 1528 742 Deum
1554 683 1714 740 simul
1741 691 1797 740 et

199 777 497 842 mundum;
532 775 606 830 ad;
648 775 819 830 Deum
873 781 1080 839 autem,
1115 772 1221 828 nisi
1267 771 1426 842 juxta
1465 781 1794 844 pmceptum

197 867 338 941 togis
361 867 535 936 ipsum
562 864 858 934 diligendo,
887 863 1172 935 pervenire
1191 879 1299 922 non
1327 851 1646 936 possumus;
1677 863 1794 920 evi-

177 951 518 1020 Identissima
574 967 632 1014 et
657 957 1136 1014 vehementissima
1186 958 1327 1013 ratio
1362 972 1463 1015 nos
1500 955 1792 1028 compellit,

203 1051 411 1109 relictis
434 1049 690 1107 omnibus
727 1049 1009 1105 Christum
1059 1049 1245 1120 sequi;
1303 1057 1364 1106 ut
1416 1049 1497 1106 sic
1520 1063 1642 1105 eum
1673 1049 1796 1104 dili-

196 1142 398 1213 gendo,
427 1142 494 1196 ad
535 1140 708 1211 ipsum
761 1140 1162 1210 perveniamus.
1192 1138 1455 1206 Adulteri,
1495 1139 1697 1209 inQuit,
1732 1139 1786 1195 in

203 1248 364 1290 sacro
385 1246 622 1302 namque
661 1232 1010 1303 baptismate,
1061 1231 1268 1288 celesti
1314 1241 1372 1288 et
1411 1245 1540 1287 vero
1593 1246 1792 1302 sponso

203 1325 419 1383 Christo
441 1326 681 1382 animam
724 1333 870 1379 tuam
921 1323 1261 1394 desponsain
1289 1340 1303 1377 :
1330 1323 1402 1380 ibi
1453 1322 1688 1390 diabolo,
1735 1331 1792 1379 ct

190 1415 454 1472 omnibus
479 1414 754 1486 operibus,
784 1425 842 1469 et
870 1414 1080 1484 pompis
1105 1411 1225 1482 ejus
1247 1412 1658 1470 abrenuntiasti.
1686 1413 1794 1470 Sed

195 1510 331 1576 quid
388 1517 474 1564 est
521 1507 1204 1574 abrenuntiarediabolo,
1257 1507 1361 1563 nisi
1407 1506 1792 1563 abrenuntiare

197 1599 434 1656 mundo?
462 1600 595 1668 Quae
612 1609 740 1655 sunt
759 1613 890 1656 vero
911 1613 1076 1669 opera
1100 1597 1324 1666 diaboli,
1350 1606 1408 1654 et
1427 1613 1656 1668 pompae,
1687 1597 1792 1654 nisi

193 1707 362 1762 opera
384 1686 442 1748 et
455 1691 833 1762 pompaebnjus
857 1691 1079 1748 mundi?
1099 1691 1364 1761 Princeps
1392 1690 1590 1761 quippe
1608 1689 1792 1746 mundi

199 1779 382 1850 hujus,
407 1787 546 1838 teste
563 1779 810 1844 Domino,
823 1779 1068 1836 diabolus
1088 1788 1193 1841 est,
1218 1778 1397 1846 Nunc,
1421 1779 1620 1851 inquit,
1647 1780 1794 1849 prin-

1902 609 2030 666 spes
2085 595 2334 659 remedii,
2382 594 2526 650 nulla
2576 595 2662 650 vel
2693 597 2761 652 ad
2813 597 3086 654 modicum
3115 601 3482 674 indulgebitur

1898 685 2208 762 respiratio.
2260 684 2386 742 llaec
2429 686 2592 757 igitur
2645 703 2746 757 age
2797 683 2896 760 (mi
2946 688 3318 765 dilectissime)
3365 697 3480 752 haec

1892 777 2105 849 cogita;
2146 777 2262 834 haec
2285 787 2415 833 ante
2471 777 2658 836 oculos
2680 780 2865 837 cordis
2907 781 2982 836 tui
3016 781 3357 840 incessanter
3387 788 3481 843 ha-

1895 863 2042 926 beto.
2069 868 2126 924 Si
2157 885 2264 924 non
2289 870 2518 926 invitant
2544 873 2785 943 praemia,
2813 883 3051 930 terreant
3072 875 3154 931 vel
3185 879 3476 950 supplicia;

1895 959 1940 1016 si
1972 977 2074 1017 non
2102 961 2269 1016 trahit
2298 975 2472 1028 amor,
2506 963 2745 1034 impellat
2775 973 2826 1020 te
2879 966 2970 1023 ille
2994 967 3237 1036 omnium
3300 973 3478 1027 maxi-

1898 1067 2016 1108 mus
2077 1052 2338 1108 tremendi
2378 1052 2593 1124 judicii,
2633 1063 2690 1112 et
2743 1065 3071 1114 aeternorum
3135 1061 3477 1117 crucialunm

1895 1142 2078 1200 timor.
2118 1143 2254 1200 Nam
2286 1146 2496 1201 initium
2521 1149 2796 1219 sapientia:
2851 1150 3011 1204 timor
3056 1151 3268 1207 Domini
3293 1152 3478 1223 (Prov.

1889 1250 1934 1301 ι,
1968 1234 2044 1305 7).
2060 1234 2136 1290 De
2157 1235 2352 1290 timore
2379 1250 2612 1306 namque
2636 1239 2916 1306 pervenies
2939 1240 3006 1295 ad
3034 1255 3293 1297 amorem.
3327 1243 3482 1308 Quod

1894 1326 2071 1396 siquo
2094 1323 2235 1381 forte
2287 1326 2468 1392 modo,
2523 1335 2586 1381 ut
2636 1328 2796 1394 solet,
2852 1329 2940 1385 ille
2992 1333 3176 1386 atterni
3203 1331 3392 1402 judicii
3426 1333 3482 1387 in

1895 1417 2079 1484 animo
2106 1423 2197 1470 tuo
2223 1413 2490 1486 levigatur
2513 1417 2713 1474 timor:
2745 1417 2801 1471 in
2834 1427 3012 1473 mente
3051 1420 3190 1475 habe
3218 1421 3363 1474 illiilli
3389 1437 3484 1474 cx-

1896 1509 2002 1564 itus
2033 1508 2108 1562 tui
2139 1507 2302 1576 diem,
2330 1521 2489 1578 quem
2519 1509 2658 1564 sicut
2716 1510 2984 1565 incertum
3017 1513 3202 1578 habes,
3247 1513 3319 1567 ita
3356 1528 3484 1582 pro-

1893 1599 2150 1670 pinquunt
2179 1614 2300 1655 esse
2330 1608 2538 1654 certum
2570 1601 2738 1656 habes
2762 1616 2781 1656 :
2817 1601 2870 1655 in
2903 1616 3010 1670 quo
3033 1618 3133 1672 pro
3160 1604 3368 1658 meritis
3395 1603 3484 1658 vel

1895 1691 2032 1745 bona
2058 1689 2143 1744 vel
2172 1689 2332 1757 ntala,
2355 1691 2517 1760 (sicut
2540 1691 2912 1762 supradictum
2937 1691 3040 1762 est)
3069 1693 3331 1759 invenies,
3363 1708 3484 1764 qua

1895 1780 1952 1836 in
2015 1781 2404 1850 sempiternum
2454 1796 2563 1836 non
2617 1790 2915 1836 mutantur.
2973 1782 3129 1837 Sicut
3184 1783 3328 1837 enim
3360 1783 3483 1838 laeta

197 1846 318 1939 rens
337 1871 522 1925 mundi
543 1869 704 1940 hujus
729 1871 970 1942 ejiciatur
997 1869 1144 1941 {oras
1169 1868 1358 1943 (Joau.
1382 1846 1624 1941 tib—31).
1647 1846 1792 1938 'Qui-
1823 1846 1867 1908 Β
1893 1881 1978 1927 est
2007 1846 2449 1943 spes-bonorum,
2485 1871 2558 1926 ita
2587 1869 2843 1926 terribilis
2873 1879 2956 1927 cst
3003 1871 3332 1927 inccrtitudo
3367 1887 3482 1926 ma-

196 1962 324 2018 dum
346 1963 508 2019 etiam
531 1964 610 2018 ait
632 1982 648 2019 :

313 2097 318 2102 .
341 2054 557 2111 [nimis
579 2056 774 2112 mundo
788 2071 911 2126 pars
934 2063 1012 2110 est
1027 2068 1152 2110 cum
1177 2053 1413 2124 principe
1438 2052 1646 2108 mundi.

273 2147 332 2202 Si
362 2147 533 2219 igitur
560 2148 784 2204 omnino
808 2147 953 2201 aliud
981 2162 1147 2218 quam
1164 2145 1447 2202 Christum
1477 2145 1654 2215 diligis
1693 2158 1709 2198 :
1743 2145 1790 2200 si

193 2245 484 2310 mundum,
515 2243 602 2298 cui
643 2243 698 2298 in
746 2242 1018 2311 baptismo
1065 2240 1463 2296 abrenuntiasti
1515 2239 1782 2309 sequeris,

189 2343 256 2394 et
275 2333 659 2405 amplecteris,
709 2333 945 2388 animam
985 2341 1133 2388 tuam
1163 2347 1312 2388 ream
1343 2331 1592 2387 adulterii
1623 2330 1785 2398 facis;

154 2465 156 2467 ›
189 2434 254 2480 et
293 2439 399 2480 non
447 2425 705 2490 hominis,
743 2423 837 2480 sed
890 2424 1006 2491 Dei,
1039 2424 1204 2494 (quod
1238 2419 1616 2495 gravissimum
1670 2423 1779 2494 est)

190 2518 412 2574 adniter
438 2533 563 2574 esse
623 2518 986 2574 conviueeris.
1037 2516 1176 2585 Quid
1203 2531 1336 2588 ergo
1385 2516 1528 2572 aliud
1560 2531 1775 2580 moneo,

193 2609 283 2666 vel
320 2612 446 2681 quid
477 2626 508 2666 a
539 2619 593 2667 te
629 2610 793 2676 aliud,
841 2610 942 2666 nisi
991 2609 1135 2680 quod
1165 2610 1216 2664 in
1242 2609 1562 2680 baptismate
1588 2608 1785 2665 vovisti

189 2703 367 2774 exigit
397 2701 680 2760 Christus?
706 2701 994 2771 Inimicus,
1031 2701 1226 2772 inquit,
1273 2700 1370 2756 Dei
1419 2701 1784 2756 constituitur.

194 2792 285 2848 'i'u
320 2807 453 2864 ergo
477 2793 562 2848 vis
608 2807 731 2849 esse
788 2791 996 2848 amicus
1027 2791 1236 2856 mundi,
1282 2799 1342 2846 ut
1395 2791 1646 2846 inimicus
1688 2789 1784 2846 Dei

192 2883 589 2940 constitoaris?
618 2883 874 2940 Eamdem
919 2898 1155 2955 quoque,
1189 2898 1311 2953 qua:
1357 2882 1505 2939 circa
1541 2880 1790 2938 dilectio-

191 2990 324 3031 nem
358 2977 450 3032 Dei
471 2985 688 3032 ostensa
712 2985 814 3044 est,
842 2975 988 3031 circa
1012 2974 1358 3031 dilectionem
1401 2973 1630 3045 proximi
1661 2989 1790 3029 con-

187 3065 448 3122 siderare
491 3067 776 3131 rationem,
825 3081 988 3136 quam
1037 3064 1196 3122 facile
1244 3075 1348 3121 est.
1402 3063 1614 3133 Quanta
1641 3065 1787 3120 enim

181 3163 350 3226 odia,
377 3161 489 3226 irae,
518 3161 670 3226 rixae,
704 3160 1104 3226 contentiones,
1149 3158 1451 3214 simultates
1498 3157 1640 3212 inter
1665 3170 1788 3226 pro-
1819 3191 1862 3250 α

187 3251 399 3313 ximos,
424 3260 644 3322 propter
669 3249 993 3320 temporales
1016 3248 1383 3320 possessiones
1403 3246 1794 3304 contrahantur

185 3341 360 3412 (adeo
386 3352 446 3407 ut
470 3357 592 3397 rara
637 3341 706 3397 sit
750 3342 916 3398 etiam
941 3341 1232 3397 concordia
1285 3338 1537 3413 fratrum)
1573 3357 1678 3397 non
1706 3356 1794 3397 ra-

186 3435 351 3491 tione
399 3434 830 3502 monstrandum,
874 3434 970 3489 sed
1009 3432 1325 3504 quotidiano
1371 3433 1650 3490 hominum
1691 3447 1792 3488 usu

181 3525 594 3596 inspiciendum
641 3533 744 3580 cst.
789 3523 1063 3592 Quantum
1123 3535 1307 3579 autem
1346 3523 1413 3579 ad
1483 3524 1791 3580 habendum

191 3615 430 3684 geminae
459 3615 742 3670 cbaritatis
766 3614 1042 3684 effectum,
1080 3612 1404 3685 temporalia
1443 3614 1582 3670 bona
1624 3612 1794 3684 impe-

179 3708 375 3778 diant,
426 3708 831 3764 abrenuntiatio
871 3722 1059 3764 eorum
1113 3707 1395 3780 proficiat;
1455 3707 1554 3764 soli
1580 3706 1790 3777 experti

191 3807 351 3863 sunt,
371 3799 487 3868 qui,
513 3798 717 3853 relictis
740 3800 1014 3866 omnibus,
1040 3799 1107 3855 ad
1134 3797 1466 3868 diligendum
1499 3796 1791 3853 Dominum

189 3900 251 3944 ct
275 3877 584 3961 proximum
611 3905 668 3946 se
693 3890 1058 3946 contulerunt.
1085 3889 1145 3946 Si
1179 3889 1364 3963 igitur,
1385 3887 1540 3956 juxta
1559 3887 1794 3942 Domini.

189 3999 321 4039 cant
347 3983 695 4050 sententiam,
721 3983 775 4037 in
812 3982 891 4037 Itis
917 3981 1119 4037 duobus
1147 3981 1413 4036 mandatis
1457 3979 1534 4054 (id
1557 3989 1638 4036 est
1659 3979 1792 4036 dile-

187 4075 381 4132 ctione
402 4074 493 4131 Dei
516 4085 572 4132 et
593 4075 844 4146 proximi)
873 4075 1058 4146 pendet
1089 4075 1328 4130 universa
1357 4073 1460 4138 (ex,
1493 4083 1538 4128 et
1570 4073 1792 4144 prophe-

193 4176 266 4219 ta:
298 4164 514 4235 (Matth.
543 4181 678 4232 χιιι,
706 4165 831 4237 40);
866 4173 921 4220 et
941 4163 1097 4234 juxta
1143 4163 1484 4234 Apostolum,
1519 4163 1789 4235 plenitudo

187 4259 330 4330 legis
359 4268 432 4312 est
469 4257 676 4314 dilectio
701 4257 880 4330 (Rom.
915 4273 1066 4325 xxxt,
1097 4259 1184 4329 i0)
1211 4276 1223 4312 :
1255 4274 1379 4314 cum
1407 4257 1607 4313 divitia:
1631 4255 1787 4312 simul

171 4359 262 4404 .et
308 4350 549 4405 charitas
601 4349 792 4406 haberi
850 4351 939 4406 vix
996 4360 1092 4406 aut
1141 4349 1288 4406 nullo
1335 4350 1494 4406 modo
1545 4349 1786 4420 possint;

193 4441 376 4496 amata
407 4451 586 4496 autem
613 4441 833 4506 divitiae,
860 4450 916 4496 et
940 4442 1182 4497 charitas
1213 4443 1428 4509 haberi,
1485 4441 1791 4497 nullatenus

1894 1962 2090 2018 lorum.
2122 1961 2232 2016 Nisi
2263 1962 2352 2016 hic
2375 1976 2538 2016 caves
2563 1961 2798 2032 lapsum,
2823 1971 3108 2035 postquam
3138 1961 3247 2016 illic
3267 1962 3484 2016 decide-

1894 2056 1990 2122 ris,
2014 2053 2217 2110 frustra
2267 2051 2523 2124 suffragia
2583 2052 2885 2108 amicorum
2931 2050 3221 2122 flagitabis,
3279 2051 3483 2107 frustra

1893 2143 2133 2199 divinam
2162 2144 2591 2199 misericordiam
2653 2141 2987 2214 implorahis.
3020 2141 3134 2198 Non
3167 2143 3262 2197 tibi
3293 2142 3480 2210 amici,

1894 2247 2003 2289 non
2041 2232 2241 2289 fratres
2289 2233 2400 2288 illic
2451 2241 2711 2303 poterunt
2759 2247 2917 2303 Opem
2964 2231 3132 2298 ferre,
3161 2247 3267 2286 non
3293 2247 3483 2287 omnes

1893 2325 2106 2390 sancti,
2148 2340 2254 2380 non
2290 2323 2608 2396 angelorum
2647 2323 2799 2378 chori
2832 2321 3115 2393 (audacter
3155 2321 3323 2392 dico),
3373 2337 3481 2376 non

1894 2417 2008 2488 ipse
2035 2417 2180 2472 Deus
2207 2416 2334 2472 inde
2354 2424 2406 2471 te
2431 2416 2635 2486 poterit
2662 2415 2897 2485 eripere.
2923 2411 3108 2470 Justus
3128 2422 3232 2477 est,
3252 2413 3482 2484 injustas

1890 2515 1944 2562 et
1978 2505 2385 2577 impaenitentes
2426 2505 2639 2561 salvare
2689 2518 2796 2558 non
2821 2512 3018 2575 potest.
3053 2503 3170 2558 Non
3197 2504 3305 2559 illic
3328 2505 3481 2559 inve-

1892 2599 2011 2655 nies
2039 2598 2306 2665 remedia,
2341 2613 2462 2668 quae
2509 2613 2615 2654 non
2667 2596 2951 2668 quaesieris
3003 2597 3154 2667 prius
3185 2596 3239 2651 in
3263 2597 3390 2652 vita.
3423 2597 3482 2652 Si

1892 2687 2056 2760 igitur
2083 2697 2422 2760 peccatorem
2469 2695 2520 2741 te
2549 2701 2670 2742 esse
2709 2685 3077 2757 recognoscis,
3107 2685 3215 2741 imo
3241 2686 3366 2756 quia
3392 2703 3484 2740 re-

1889 2791 2018 2836 vcra
2047 2791 2300 2852 peccator
2321 2795 2381 2836 cs
2411 2781 2538 2850 (non
2593 2788 2668 2834 est
2702 2781 2840 2833 enim
2865 2780 2980 2833 sine
3005 2788 3241 2850 peccato,
3273 2795 3365 2832 nec
3399 2779 3484 2832 in-

1893 2875 2012 2945 fans
2042 2873 2196 2936 cuius
2225 2882 2297 2926 est
2329 2871 2437 2926 diei
2463 2871 2619 2926 unius
2648 2870 2758 2924 vita
2796 2886 2954 2939 super
2976 2879 3171 2923 terram
3196 2867 3320 2940 (Job
3365 2883 3481 2933 xtv,

1891 2963 1949 3031 ι,
1974 2979 2085 3020 sec.
2113 2963 2301 3035 LXX).
2327 2962 2489 3030 Quia,
2541 2962 2785 3032 inquam,
2831 2970 3086 3030 peccator
3123 2975 3202 3026 es,
3252 2970 3345 3015 aut
3371 2961 3478 3027 hic,

1890 3063 1986 3111 aut
2016 3053 2145 3121 illic,
2167 3053 2479 3125 poenitcbis,
2507 3053 2601 3108 sed
2631 3051 2742 3107 illic
2764 3050 3125 3113 infructuose;
3160 3066 3283 3106 nam
3315 3051 3368 3106 in
3401 3051 3484 3107 in-

1893 3147 2051 3203 ferno
2093 3145 2240 3202 nulla
2279 3154 2362 3201 est
2387 3144 2712 3215 redemptio.
2742 3142 3023 3214 Nunquid
3054 3143 3198 3198 enim
3232 3141 3484 3199 Christus

1896 3237 2093 3295 iterum
2121 3252 2221 3309 pro
2247 3226 2328 3294 eis
2351 3236 2440 3307 qui
2491 3234 2826 3292 descendunt
2854 3235 2923 3291 ad
2962 3233 3172 3289 inferna
3210 3233 3484 3304 patietur?

1890 3327 2216 3401 Resurgens
2241 3344 2272 3384 a
2303 3327 2532 3386 mortuis
2563 3326 2675 3396 jam
2705 3341 2813 3383 non
2845 3325 3098 3381 moritur.
3136 3322 3271 3381 Vide
3296 3327 3482 3396 igitur,

1894 3430 1949 3477 et
2004 3421 2154 3478 omni
2197 3421 2396 3489 studio,
2443 3432 2498 3478 et
2525 3420 2802 3492 vigilantia
2858 3421 3251 3488 animadverte,
3278 3429 3482 3492 quanta

1897 3515 1992 3571 tibi
2024 3516 2323 3573 necessitas
2370 3515 2657 3582 incumbit,
2709 3523 2769 3568 nt
2809 3515 2927 3570 sive
2975 3529 3075 3586 pro
3103 3513 3335 3582 levibus,
3367 3515 3485 3571 sive

1893 3623 1993 3680 pro
2015 3609 2271 3681 gravibus
2297 3609 2626 3677 commissis,
2666 3608 2860 3681 dignos
2912 3607 3244 3681 pmnitentite
3271 3607 3481 3664 fructus

1894 3701 2086 3760 facias.
2114 3703 2222 3759 Sed
2250 3704 2380 3776 quid
2412 3703 2549 3773 dixi,
2587 3704 2831 3759 levibus?
2861 3703 3076 3760 Utinam
3109 3703 3227 3760 leve
3248 3703 3484 3759 aestima-

1895 3805 1979 3851 ret
1999 3794 2266 3853 Dominus
2315 3796 2532 3868 aliquod
2573 3797 2895 3868 peceatmn!
2945 3795 3227 3864 Quomodo
3257 3795 3372 3852 leve
3398 3803 3482 3852 est

1892 3889 2193 3959 putandum
2262 3888 2480 3960 aliquod
2549 3897 2854 3960 peccatum,
2917 3903 3038 3944 cum
3091 3888 3340 3944 Christus
3383 3902 3481 3959 pro

1892 3979 2133 4050 peccatis
2165 3979 2364 4034 nostris
2388 3987 2633 4035 mortuus
2656 3979 2764 4035 sit?
2798 3977 2930 4033 Tam
2959 3979 3158 4051 gravis,
3184 3987 3294 4036 tam
3319 3995 3484 4051 gran-

1893 4069 1996 4134 dis,
2032 4077 2140 4124 tam
2194 4069 2429 4124 ditlicilis
2480 4084 2568 4125 res
2609 4077 2914 4140 peccatum,
2949 4076 3014 4124 ut
3038 4083 3143 4125 non
3203 4068 3480 4141 potuerint

1880 4165 2112 4232 peccata
2142 4161 2328 4218 mundi
2371 4162 2562 4229 deleri,
2594 4162 2717 4218 ‘nisi
2769 4163 2864 4219 Dei
2893 4163 3065 4220 Filius
3099 4177 3197 4234 pro
3225 4163 3481 4219 omnibus

1877 4255 2139 4326 gustaret
2171 4265 2422 4313 mortem.
2456 4257 2522 4312 Et
2556 4258 2675 4313 leve
2706 4259 2869 4315 audet
2890 4260 3053 4316 homo
3077 4261 3348 4317 testimare
3382 4261 3482 4316 ali-

1880 4345 2034 4420 quod
2073 4348 2389 4420 peccatum?
2422 4346 2587 4404 Levia
2624 4350 2842 4420 quidem
2867 4359 2922 4407 et
2945 4351 3176 4408 venialia
3210 4363 3334 4407 sunt
3365 4367 3481 4406 om-

1875 4444 1982 4514 _nia
2030 4453 2249 4515 peccata
2300 4445 2352 4499 in
2406 4447 2487 4500 eis
2541 4446 2632 4518 qui
2673 4447 2866 4520 dignos
2915 4449 3246 4518 pteniteaticc
3270 4448 3480 4504 fructus

193 4534 440 4604 possint;
481 4533 608 4603 quis
641 4533 879 4600 sapiens,
905 4533 1026 4603 quis
1050 4532 1166 4587 haec
1214 4531 1534 4604 intelligens,
1566 4541 1791 4588 cuncta-
1816 4542 1867 4602 ι)
1894 4533 2129 4600 faciunt;
2172 4535 2225 4591 in
2284 4535 2750 4606 impmnitentibus
2798 4549 2978 4594 autem
3025 4538 3230 4603 omnia,
3278 4547 3331 4593 et
3359 4554 3478 4608 qua:

196 4637 292 4682 tur
319 4625 404 4682 vel
431 4627 702 4683 modicum
726 4627 908 4683 omnia
957 4628 1311 4698 relinquendo
1339 4627 1632 4683 Dominum
1667 4627 1786 4685 dili-

193 4735 352 4792 gere,
382 4721 649 4791 diligendo
690 4736 956 4791 quarere,
1004 4722 1300 4792 quaerendo
1339 4720 1608 4787 invenire,
1664 4736 1786 4776 cum

192 4813 422 4870 invento
457 4812 575 4868 sine
623 4812 729 4868 fine
787 4813 1044 4884 regnare?
1076 4811 1335 4883 Undique
1369 4812 1530 4888 igitur
1551 4813 1788 4868 circum-

194 4912 411 4976 specta,
468 4905 706 4975 undique
783 4906 1167 4961 circumventa
1255 4914 1342 4961 cst
1410 4905 1788 4977 tergiversatio

194 5006 406 5053 nostra.
454 4995 762 5053 Auctoritas
803 4995 1045 5066 jnbeutis
1103 5010 1203 5050 nos
1239 4995 1462 5065 premit,
1504 4995 1788 5052 dillicultas

195 5085 347 5142 nulla
395 5087 636 5156 impedit,
682 5101 844 5142 causa
908 5086 1233 5156 persuadet,
1286 5086 1438 5142 ratio
1489 5087 1785 5153 convincit,

194 5187 473 5252 postremo
525 5193 652 5234 vero
718 5175 1002 5234 inelfabilis
1059 5177 1353 5232 necessitas
1438 5177 1785 5247 praemiorum

195 5279 360 5338 atque
386 5284 690 5340 poenarum,
745 5266 1088 5324 inell‘abiliter
1135 5268 1311 5336 cogit,
1355 5275 1537 5322 arctat
1585 5276 1641 5322 et
1687 5265 1790 5322 im-

167 5361 368 5431 .pcllit.
434 5362 545 5416 Ant
583 5362 726 5416 enim
777 5361 1092 5418 obedientes
1123 5359 1351 5432 praemia
1398 5359 1784 5427 obtinebimus,

197 5469 320 5522 (pne
349 5470 440 5509 nec
468 5455 652 5509 oculus
699 5453 845 5520 vidit,
886 5469 978 5509 nec
1007 5455 1154 5509 auris
1205 5455 1427 5520 audivit,
1481 5469 1573 5507 nec
1605 5453 1659 5506 in
1695 5439 1788 5507 cor

167 5545 428 5616 ,Itomiuis
453 5545 820 5612 ascenderunt,
847 5556 962 5616 qua
998 5547 1317 5617 prwparavit
1362 5544 1618 5600 Dominus
1663 5544 1786 5598 dili-

165 5703 170 5706 _
197 5638 438 5708 gentibus
467 5655 522 5692 se
545 5637 596 5710 (I
637 5637 760 5694 Cor.
817 5653 878 5706 tt,
910 5637 964 5711 9)
997 5655 1010 5692 ε
1047 5647 1140 5694 aut
1181 5638 1554 5695 inobedientes
1581 5637 1786 5709 suppli-

201 5730 290 5782 cia
331 5729 662 5798 sempiterna
707 5728 941 5795 luemus,
991 5730 1058 5785 ad
1099 5745 1218 5801 qua:
1263 5729 1572 5801 quicunque
1629 5729 1782 5800 lapsu

159 5881 168 5888 ,
200 5820 527 5877 irremeabili
548 5823 767 5888 cadent,
794 5822 939 5877 nulla
988 5838 1082 5879 cos
1114 5822 1167 5878 in
1194 5821 1412 5880 :cternis
1447 5821 1784 5879 cruciatibus

607 5917 879 5976 Ρλτιιοι..
929 5914 1145 5978 CLlil.

1891 4625 2029 4680 levia
2083 4627 2354 4694 videntur,
2405 4628 2592 4699 gravia
2643 4639 2699 4683 et
2747 4627 3092 4686 damnatione
3143 4630 3299 4702 plena
3330 4640 3475 4685 sunt.

1891 4715 2170 4785 Quomodo
2199 4726 2378 4774 autem
2409 4719 2683 4790 digniores
2707 4719 3038 4792 poenitentiae
3062 4719 3274 4775 fructus
3295 4716 3478 4776 facete

1890 4820 2067 4881 potes,
2111 4825 2273 4882 quam
2302 4820 2362 4866 ut
2390 4809 2564 4882 (juxta
2595 4810 2807 4867 Domini
2838 4821 3189 4882 praeceptum,
3222 4818 3278 4867 et
3307 4810 3475 4883 ipsius

1892 4901 2254 4973 voluntatem)
2286 4903 2472 4958 omnia
2525 4902 2902 4973 relinquendo,
2945 4911 3000 4958 et
3045 4903 3226 4958 nudus
3272 4904 3474 4958 nudum

1888 4992 2164 5048 Christum
2189 4993 2488 5064 sequendo,
2538 5009 2643 5049 non
2695 4993 2868 5050 solum
2911 4993 3271 5062 voluntatem,
3299 4995 3394 5050 sed
3420 5007 3476 5051 et

1890 5081 2090 5150 locum,
2131 5093 2186 5140 et
2237 5083 2697 5155 opportunitatem
2754 5081 3257 5157 peccandi‘fugias,
3281 5093 3335 5142 et
3362 5084 3474 5142 Deo

1891 5177 2057 5233 corde
2084 5186 2140 5231 et
2182 5191 2410 5248 corpore
2463 5177 2660 5233 vaces?
2709 5178 2874 5245 Dura,
2925 5177 3127 5250 inquis,
3155 5194 3274 5238 sors
3302 5180 3347 5236 si
3372 5177 3474 5236 soli

1889 5267 2201 5335 salvantur,
2248 5269 2338 5338 qui
2403 5270 2604 5325 mundo
2636 5269 3039 5326 ahrenuntiant.
3071 5271 3472 5328 Dissimulantis

1889 5367 1972 5415 cst
1996 5360 2112 5415 lucc
2141 5373 2266 5421 vos,
2291 5371 2396 5413 non
2422 5358 2589 5414 Deum
2621 5359 2882 5414 timentis.
2905 5359 3008 5430 Qui
3048 5360 3152 5416 hoc
3185 5361 3337 5425 dicit,
3363 5374 3472 5414 non

1888 5467 2012 5510 cum
2042 5452 2122 5507 eis
2150 5451 2239 5522 qui
2271 5451 2323 5506 in
2377 5466 2550 5522 agone
2603 5461 2833 5519 certant,
2882 5453 3136 5511 coronari
3165 5452 3465 5518 contendit,

1887 5546 1981 5602 sed
2009 5545 2124 5601 solo
2150 5547 2338 5618 agonis
2364 5547 2584 5602 nomine
2610 5546 2786 5602 victus
2814 5545 3038 5601 fatiscit.
3065 5543 3207 5610 Noli,
3239 5543 3312 5599 mi
3341 5543 3473 5599 cha-

1889 5638 2104 5694 rissime
2126 5647 2184 5694 et
2215 5638 2703 5706 desideratissime,
2745 5637 2851 5694 noli
2876 5637 3311 5694 animadvertere
3339 5635 3470 5706 quid

1887 5729 1978 5786 alii
2008 5728 2230 5794 faciant,
2285 5729 2381 5786 scd
2421 5729 2566 5795 vide,
2609 5739 2664 5784 et
2685 5728 2831 5784 aliud
2863 5727 3104 5795 attende,
3127 5737 3184 5783 et
3212 5728 3471 5784 attentius

1887 5822 2196 5889 considera,
2231 5821 2362 5893 quid
2401 5821 2519 5893 ipse
2565 5818 2746 5878 facere
2775 5819 2993 5877 debeas.
3033 5820 3164 5889 Quae
3216 5820 3465 5886 stultitia,

3035 5912 3150 5976 '29
