3920 6298
512 351 611 410 907
631 423 634 426 η

507 465 618 523 imo
647 477 770 534 qua
811 461 1022 520 insania
1053 468 1158 528 est,
1197 458 1244 516 si
1289 459 1416 514 caeci
1449 459 1502 513 in
1532 457 1743 515 foveam
1768 459 1988 526 cadant,
2013 461 2096 515 vi-
2125 464 2173 521 Α

509 560 731 614 dentem
757 569 980 628 quoque
1023 553 1224 609 cadere
1261 550 1436 606 velle?
1470 551 1516 606 si
1548 565 1686 621 quos
1729 551 1949 608 vesania
1989 554 2104 628 agi-

509 658 615 715 tat,
639 651 696 704 in
725 648 906 721 ignem
947 647 1224 712 desiliam,
1254 647 1578 719 prudentem
1609 665 1828 722 quoque
1855 663 1908 707 et
1930 654 2108 710 scien-

510 751 622 797 tem
652 740 792 797 velle
829 740 1036 812 pariter
1085 737 1340 794 desilire?
1369 746 1426 795 et
1461 740 1508 796 si
1544 742 1728 798 cuncti
1753 743 2102 811 damnentur,

511 832 930 888 damnationem
957 829 1069 883 iion
1106 841 1324 896 cavere,
1351 843 1531 902 neque
1557 831 1895 895 formidare?
1926 835 2108 902 Quare

511 939 621 978 non
671 923 867 978 audis:
897 921 1141 990 Angusta
1177 929 1252 974 est
1295 921 1381 974 eia
1430 938 1550 990 qua:
1578 923 1722 978 ducit
1747 925 1815 978 ad
1847 925 2028 993 vitam,
2057 935 2104 980 et

507 1017 664 1085 pauci
693 1013 922 1084 suntqui
945 1011 1210 1064 inueniunt
1233 1011 1393 1066 eam?
1419 1011 1635 1084 (Matth.
1652 1031 1751 1082 νυ,
1777 1015 1886 1088 Μ.)
1923 1017 2106 1086 Quare

509 1119 616 1161 non
640 1104 792 1158 audis
823 1120 836 1156 :
871 1103 1106 1159 Pusillus
1135 1114 1212 1159 est
1234 1121 1386 1176 grex,
1420 1108 1507 1162 cui
1537 1108 1852 1179 complacuit
1881 1111 2105 1166 Domino

507 1196 636 1250 dare
665 1195 1018 1250 hwreditatem
1041 1196 1068 1250 .9
1097 1194 1248 1269 (Luc.
1275 1213 1375 1267 xu,
1412 1198 1532 1270 52.)
1565 1199 1745 1268 Quare
1778 1217 1884 1258 non
1913 1203 2100 1259 audis:

507 1287 666 1340 Multi
687 1285 873 1352 vocati,
913 1287 1068 1356 pauci
1097 1286 1289 1343 electi?
1343 1288 1565 1362 (Matth.
1595 1307 1789 1358 xxvut,
1827 1293 1941 1363 10.)
1975 1294 2102 1363 Ego,

506 1380 580 1432 ml
609 1377 982 1446 dilectissime,
1027 1394 1134 1435 non
1181 1395 1405 1452 possum
1462 1382 1631 1451 aliud,
1655 1383 1758 1440 nisi
1787 1399 2008 1440 monere
2031 1393 2101 1440 te.

508 1471 566 1528 Si
592 1473 736 1528 enim
762 1474 830 1530 ad
851 1475 998 1544 quod
1053 1474 1350 1533 salubriter
1390 1491 1607 1544 moueo,
1641 1487 1696 1535 et
1718 1480 1924 1535 utinam
1955 1479 2114 1554 salu--~

505 1565 700 1632 briter,
767 1574 818 1622 te
872 1581 1086 1637 possem
1132 1576 1189 1624 et
1227 1568 1502 1627 salubrius
1553 1571 1880 1642 compellere
1917 1572 2105 1643 (crede

507 1658 667 1727 mihi)
695 1659 785 1712 vix
831 1657 980 1712 bidui
1015 1658 1328 1717 dilationem
1363 1661 1458 1718 tibi
1489 1663 1948 1720 concederemus!
1980 1663 2104 1720 Haec

508 1749 726 1818 quidem
752 1739 806 1805 et
835 1751 966 1806 mihi
997 1751 1065 1806 ad
1093 1753 1552 1823 persuadendum,
1582 1763 1637 1812 et
1662 1756 1758 1813 tibi
1778 1758 1846 1813 ad
1869 1772 2102 1815 consen-

507 1840 750 1894 tiendum
772 1839 1016 1896 suﬁicere
1037 1855 1198 1910 posse
1228 1843 1564 1902 viderentur.
1731 1829 1738 1834 ’

571 1931 686 1986 Sed
707 1939 884 1986 restat
909 1931 1087 1987 adhuc
1113 1934 1257 2004 quod
1285 1937 1476 2004 quinto
1507 1937 1636 1995 loco
1665 1940 1915 2010 superius
1937 1940 2104 2014 inspi-

505 2021 756 2078 ciendum
781 2022 916 2089 dixi,
945 2021 1156 2079 scilicet
1208 2025 1339 2097 quid
1364 2026 1460 2086 Dei
1493 2029 1666 2086 Filius
1693 2046 1795 2102 pro
1821 2041 1871 2088 te
1885 2032 2100 2103 fecerit,

497 2123 769 2184 quantum
821 2114 934 2185 ipse
973 2115 1162 2172 oculos
1197 2117 1381 2176 cordis
1421 2120 1727 2179 illuminare
1765 2124 2098 2196 dignabitur,

506 2207 888 2287 considerare;
921 2217 982 2263 ut
1010 2207 1290 2266 videamus
1313 2220 1492 2268 utrum
1524 2213 1663 2272 forte
1691 2216 1898 2286 aliquid
1927 2219 2102 2290 majus

501 2295 730 2366 jusserit
776 2307 829 2354 te
878 2297 1059 2356 lacere
1099 2315 1198 2372 pro
1232 2316 1314 2370 se,
1344 2320 1506 2376 quam
1547 2306 1664 2376 ipse
1702 2308 1900 2365 fecerit
1949 2313 2124 2381 prior"

505 2403 608 2458 pro
629 2397 704 2444 te.
739 2387 980 2444 P-rimum
1019 2390 1185 2463 igitur
1225 2396 1444 2452 attende
1491 2410 1639 2466 eum,
1683 2399 1960 2456 hominem
2014 2401 2100 2458 fa-

507 2489 675 2548 ctum,
695 2481 829 2535 adeo
855 2496 1145 2552 pauperem
1179 2494 1236 2541 et
1260 2501 1492 2558 egenum
1537 2497 1598 2544 ut
1625 2504 1730 2546 non
1755 2492 1981 2550 haberet
2010 2495 2100 2551 ubi

505 2581 670 2640 caput
702 2572 1011 2632 reclinaret.
1039 2577 1172 2634 Post
1197 2577 1300 2636 hoc
1331 2581 1724 2650 animadverte,
1755 2593 1812 2640 et
1839 2587 2100 2644 attentius

505 2663 658 2732 quasi
706 2664 762 2718 in
804 2666 1042 2736 quodam
1093 2668 1348 2726 thesauro
1378 2670 1577 2727 mentis
1623 2681 1730 2728 tuae
1775 2676 2095 2744 considera;

506 2753 676 2820 fame,
709 2756 822 2823 siti,
856 2757 1184 2816 lassitudine
1203 2761 1573 2832 laborantem;
1605 2766 1934 2837 opprobriis,
1971 2783 2100 2826 coa-

507 2847 766 2914 tumeliis,
795 2848 1168 2922 blasphemiis,
1200 2861 1257 2910 et
1291 2856 1552 2914 conviciis
1589 2858 1843 2916 allectum
1873 2877 1887 2914 :
1920 2861 2096 2932 ipsum

505 2953 720 3010 quoque
749 2941 1083 3016 proditorem
1113 2961 1286 3022 usque
1313 2946 1380 3006 ad
1408 2963 1675 3018 mensam,
1715 2951 1771 3006 in
1823 2952 1942 3024 ipsa
1966 2967 2098 3010 vero

501 3031 816 3106 proditione
861 3053 1034 3109 usque
1083 3041 1152 3096 ad
1203 3043 1456 3116 osculum
1505 3041 1844 3115 pertulisse:
1877 3042 2096 3101 demum

503 3135 697 3234 autem
733 3129 994 3198 vinctum,
1035 3132 1209 3234 sputis
1249 3134 1498 3202 .linitum,
1542 3136 1715 3207 alapis
1776 3152 2092 3206 excussum,
2125 3167 2172 3234 ο

503 3217 732 3288 ﬂagellis
779 3237 982 3278 caesum
1015 3239 1030 3278 :
1063 3221 1232 3281 falsos
1261 3235 1427 3283 testes
1473 3227 1842 3297 nequissimos
1868 3245 2098 3288 accusa-

504 3317 690 3376 tores,
741 3321 796 3367 et
867 3312 1112 3384 iniquum
1168 3315 1407 3385 iudicem
1469 3318 1867 3387 sustinentem,
1927 3322 2100 3392 spinis

503 3409 850 3468 coronatum,
879 3418 1098 3461 crucem
1125 3407 1228 3463 sibi
1277 3393 1609 3480 portantem,
1643 3427 1765 3468 cum
1788 3412 2100 3470 latronibus

507 3492 852 3564 deputatum,
886 3495 1087 3551 nudum
1121 3497 1175 3552 in
1215 3513 1378 3556 cruce
1419 3500 1772 3572 pendentem,
1823 3503 1903 3560 ibi
1957 3503 2099 3560 ludi-

504 3584 686 3640 brium
738 3585 920 3657 populi
974 3586 1243 3657 ltabitum,
1291 3599 1450 3648 aceto
1505 3601 1772 3664 potatum,
1823 3604 2101 3666 postremo

505 3683 804 3754 mortuum.
831 3674 956 3732 llaec
983 3677 1186 3747 omnia,
1217 3675 1462 3752 inquam,
1493 3682 1640 3739 circa
1669 3684 1868 3753 ipsum,
1893 3695 2100 3756 quanto

507 3766 821 3838 diligentius
846 3778 1021 3840 potes,
1045 3773 1200 3842 quasi
1229 3773 1330 3829 sub
1370 3773 1552 3830 oculis
1583 3776 1758 3846 posita
1789 3777 2096 3832 considera.

507 3856 641 3924 Qua:
687 3859 910 3928 quidem
934 3861 1117 3916 omnia
1167 3861 1511 3932 perferendo,
1543 3874 1602 3920 et
1650 3867 1970 3937 mysterium
2015 3881 2101 3922 re-

507 3949 839 4018 demptionis
870 3950 1148 4022 implebat,
1173 3962 1232 4008 et
1259 3953 1402 4008 viam
1432 3953 1527 4010 tibi
1578 3954 1902 4012 imitationis
1945 3971 2101 4012 mon-

507 4042 740 4097 strabat.
757 4041 863 4098 Sed
897 4043 1028 4114 quid
1058 4053 1144 4100 est
1179 4041 1324 4102 hoc?
1347 4047 1499 4118 quid,
1535 4047 1782 4117 inquam,
1819 4058 1900 4104 est
1929 4047 2100 4104 Deum

503 4132 626 4189 hare
667 4135 813 4206 pati?
858 4136 1126 4206 Attende,
1189 4139 1564 4194 animadverte
1616 4139 1902 4196 attentius.
1955 4139 2100 4208 Quid

505 4225 676 4296 igitur
703 4234 790 4284 est
819 4226 984 4284 Deum
1010 4229 1290 4288 hominem
1317 4228 1474 4284 ﬁeri?
1505 4230 1639 4286 Vide
1667 4230 1798 4300 quid
1832 4231 1904 4286 sit
1932 4231 2094 4287 Deus.

507 4316 646 4374 Vide
689 4319 819 4389 quid
869 4321 1050 4374 homo.
1083 4319 1224 4388 Quid
1270 4331 1356 4377 est
1403 4321 1576 4377 Deum
1612 4321 1888 4379 hominem
1937 4323 2099 4380 ﬁeri?

491 4409 648 4478 Quid
667 4421 751 4468 est
779 4411 931 4467 illum
959 4411 1144 4467 omnia
1175 4411 1266 4468 illa
1293 4413 1443 4484 pati,
1504 4414 1598 4484 qui
1635 4413 1818 4470 omnia
1863 4415 2097 4471 visibilia

1400 343 1682 404 JOANNIS
1717 343 1974 402 CARTH.
2013 343 2400 404 PORTARUM
2431 341 2746 404 MONACIII

3669 356 3750 415 908

2197 469 2284 518 est
2333 461 2565 517 Domino
2615 477 2736 527 suo,
2787 461 2833 517 si
2875 475 2984 520 non
3033 463 3198 521 faciat
3245 465 3370 538 plus
3419 481 3518 537 pro
3563 465 3758 528 Domino

2205 568 2368 625 quam
2397 553 2664 610 Dominus
2687 569 2788 626 pro
2813 556 3010 612 servo?
3038 555 3096 614 Si
3121 573 3254 614 vero
3281 557 3392 614 tale
3419 557 3548 630 quid
3572 559 3676 629 Ine:
3715 563 3756 619 in

2205 645 2492 715 praeceptis
2527 643 2649 714 ejus
2702 644 2971 714 invenire,
3023 661 3126 704 nec
3181 649 3326 720 apud
3383 657 3438 704 te
3485 653 3758 721 excogitare

2205 743 2392 804 potes,
2421 749 2524 804 par
2563 733 2758 790 saltem
2801 749 2900 806 pro
2929 737 3048 808 pari
3080 738 3248 796 debes
3290 739 3520 795 reddere
3545 741 3754 798 Creatori

2208 833 2322 880 tuo.
2355 825 2510 894 Quod
2548 826 2593 882 si
2627 839 2729 883 nec
2767 827 2878 883 hoc
2927 829 3180 886 invenire
3213 839 3405 902 potes,
3453 831 3538 885 vel
3574 831 3637 886 ad
3657 833 3758 890 illud

2205 915 2457 984 exiguum
2493 914 2824 984 faciendum,
2849 917 2994 989 quod
3015 932 3118 990 ego
3145 933 3372 988 moneo;
3403 927 3459 976 et
3485 919 3600 990 ipse
3611 922 3756 992 jubet.

2219 1007 2328 1064 noli
2355 1008 2580 1064 ulterius
2603 1009 2968 1066 dissimulare.
2995 1011 3150 1079 Quod
3174 1012 3398 1083 quidem
3437 1013 3490 1068 ei
3513 1013 3680 1080 debes,
3703 1029 3754 1070 ex

2205 1113 2271 1154 eo
2299 1099 2446 1169 quod
2480 1098 2821 1168 Christiana,
2849 1099 2992 1157 sicut
3015 1115 3184 1172 supra
3211 1101 3420 1156 dictum
3445 1110 3551 1168 est,
3579 1103 3756 1173 profes-

2205 1191 2358 1247 sione
2377 1191 2654 1258 censeris;
2683 1192 2730 1250 si
2751 1193 2916 1249 etiam
2941 1193 2996 1249 in
3019 1193 3357 1262 innocentia,
3381 1209 3544 1265 quam
3565 1195 3616 1251 in
3631 1211 3757 1254 sacro

2204 1287 2536 1356 baptismate
2565 1301 2882 1357 acceperas,
2921 1301 3360 1358 perseverasses.
3389 1286 3542 1355 Quod
3567 1288 3608 1344 si
3650 1305 3750 1360 pec.

2203 1385 2358 1433 cator
2389 1392 2467 1440 es,
2521 1377 2684 1447 imple
2729 1379 3064 1442 mandatum,
3095 1379 3253 1447 cujus
3295 1377 3532 1434 faciendi
3577 1379 3758 1437 debitor

2201 1489 2281 1539 es,
2312 1483 2367 1528 et
2406 1488 2587 1544 quaere
2615 1471 2746 1543 quid
2780 1471 2953 1526 facias
2997 1485 3100 1541 pro
3133 1469 3516 1527 satisfactione
3541 1481 3758 1542 peccata-

2203 1581 2344 1621 rum.
2377 1565 2442 1644 Si
2481 1579 2612 1620 vero
2655 1578 2756 1634 pro
2791 1563 3040 1633 utrisque
3081 1561 3220 1618 nihil
3269 1561 3472 1631 majus,
3511 1562 3636 1617 nihil
3681 1565 3757 1620 tibi

2201 1657 2474 1713 ellicacius
2493 1657 2750 1727 suppetit,
2784 1655 2869 1712 fac
2891 1655 3228 1711 voluntatem
3255 1655 3494 1721 Domini,
3525 1655 3756 1726 ipleaclo

2202 1751 2538 1818 mandatum,
2565 1759 2621 1805 et
2651 1747 2993 1821 reputabitur
3019 1747 3114 1804 tibi
3141 1763 3244 1820 pro
3275 1746 3640 1804 satisfactione
3659 1763 3760 1818 pec-

2215 1850 2486 1898 catorum.
2529 1841 2588 1896 Si
2631 1842 2954 1911 inexpertus
2989 1847 3042 1896 te
3077 1853 3385 1904 monerem,
3425 1839 3620 1895 rectius
3647 1838 3760 1896 forte

2207 1933 2627 1991 calculationem
2677 1931 3010 1989 dillicultatis
3063 1945 3338 2004 opponere
3377 1945 3584 2002 posses.
3629 1931 3758 1988 Nunc

2203 2039 2336 2081 vero
2366 2023 2456 2095 qui
2483 2025 2594 2081 hoc
2623 2037 2822 2079 moneo
2861 2037 2986 2078 cum
3027 2031 3305 2094 expertus,
3355 2031 3414 2078 et
3460 2019 3750 2078 difﬁcultatis

2203 2113 2456 2170 timorem
2495 2111 2826 2168 removerim
2865 2119 2920 2168 et
2963 2112 3046 2183 (ut
3094 2111 3278 2167 minus
3317 2111 3540 2181 sapiens
3580 2109 3758 2181 loquor)

2202 2207 2514 2278 exemplum
2543 2205 2987 2272 monstraverim,
3019 2213 3082 2260 ut
3114 2204 3200 2260 vel
3228 2205 3504 2274 sequaris,
3533 2204 3618 2274 qui
3645 2219 3759 2274 pr:-

2203 2300 2409 2356 cessise
2447 2297 2739 2364 debueras,
2767 2297 2945 2354 nullus
2973 2297 3068 2354 tibi
3095 2298 3238 2369 apud
3267 2311 3357 2353 me
3395 2296 3754 2364 calculatiouis,

2203 2393 2384 2448 nullus
2406 2391 2548 2462 apud
2577 2393 2744 2446 Deum
2768 2389 3359 2458 excusationis,nullus
3387 2391 3606 2446 omnino
3629 2390 3760 2444 relin-

2201 2483 2392 2554 quitur
2421 2481 2872 2538 dissimulationis
2929 2481 3102 2538 locus.
3137 2480 3220 2535 An
3267 2482 3494 2553 ignoras
3535 2481 3664 2550 quod
3699 2495 3760 2536 ex

2202 2577 2348 2632 facto
2385 2589 2504 2632 meo
2551 2575 2750 2646 pendet
2799 2575 3064 2646 judicium
3117 2574 3309 2629 tuum?
3335 2573 3498 2642 Quod
3543 2573 3586 2630 si
3611 2573 3760 2628 adhuc

2202 2669 2548 2726 dissimulare
2574 2668 2879 2736 contendis,
2907 2676 3090 2724 certus
3109 2683 3228 2723 sum
3249 2668 3398 2738 quod
3430 2667 3759 2739 propr-sescnti

2200 2759 2582 2815 exhortatione
2598 2759 2824 2815 accedet
2850 2759 2982 2814 mihi
3001 2759 3212 2829 aliquid
3245 2759 3457 2830 praemii
3483 2759 3756 2814 aDomino:

2201 2851 2298 2908 tibi
2340 2861 2523 2908 autem
2563 2851 2849 2924 augebitur
2893 2861 3180 2922 peceatum
3221 2867 3322 2922 pro
3359 2849 3761 2921 contemptuJit

2199 2942 2332 3014 quid
2375 2941 2586 2998 dicam?
2635 2941 2888 2997 lassescit
2938 2957 3154 3010 manus,
3207 2951 3264 2997 et
3311 2957 3420 2997 non
3469 2941 3654 2997 fatiscit
3685 2938 3758 2993 vel

2199 3037 2460 3102 allectus;
2505 3034 2805 3107 languescit
2858 3035 3104 3101 dextera,
3131 3044 3191 3092 et
3243 3050 3352 3091 non
3401 3036 3632 3106 tepescit.
3661 3036 3761 3090 imo

2201 3125 2459 3183 fervescit
2503 3137 2561 3183 et
2586 3127 3098 3198 ignescit‘charitas.
3129 3127 3322 3184 Adhuc
3341 3143 3474 3199 ergo
3501 3128 3564 3182 ad
3589 3135 3764 3192 vste

2203 3220 2344 3279 rium
2375 3219 2786 3290 redemptionis,
2829 3220 2974 3276 unde
3005 3221 3258 3292 superius
3291 3223 3574 3293 agebatur,
3601 3235 3760 3276 rever-

2203 3321 2405 3380 tamur,
2429 3318 2486 3369 et
2512 3309 2793 3370 videamus
2823 3309 2954 3382 quid
2984 3309 3080 3366 tibi
3113 3310 3205 3365 illa
3229 3325 3352 3381 qua:
3381 3310 3630 3382 praedicta
3655 3317 3762 3365 sunt

2199 3405 2457 3476 patiendo
2485 3405 2749 3461 Dominus
2777 3400 3091 3468 contulerit,
3131 3403 3178 3459 si
3225 3401 3368 3459 forte
3421 3411 3510 3458 tua
3547 3415 3756 3472 namque

2195 3497 2445 3568 ignescet
2471 3496 2729 3560 Charitas,
2753 3496 2841 3552 vel
2869 3507 3155 3553 moveatur
3197 3494 3448 3554 affectus.
3486 3494 3630 3551 Adsit
3647 3507 3760 3563 ergo

2201 3588 2291 3645 ille
2320 3589 2413 3660 qui
2436 3589 2650 3661 linguas
2685 3588 2974 3646 infantium
3009 3589 3140 3645 facit
3179 3591 3436 3655 disenas,
3466 3599 3518 3646 et
3538 3603 3648 3659 qua:
3671 3586 3760 3644 sibi

2199 3681 2398 3752 placita
2433 3691 2560 3737 sunt
2589 3683 2768 3738 dicere
2800 3683 2984 3739 donet.
3028 3683 3207 3746 Adsit,
3241 3683 3487 3754 inquam,
3529 3681 3760 3751 Spiritus,

2201 3781 2255 3828 et
2298 3787 2364 3828 eo
2406 3773 2528 3844 igne
2557 3771 2852 3829 inflammet
2879 3774 3088 3828 viscera
3113 3773 3310 3828 animae
3341 3781 3446 3828 tua:
3492 3772 3680 3843 pariter
3713 3780 3761 3824 et

2201 3877 2358 3929 mete,
2388 3877 2550 3933 quem
2577 3865 2837 3920 Dominus
2867 3863 3026 3920 iesus
3061 3865 3210 3919 venit
3239 3865 3456 3920 mittere
3485 3865 3538 3919 in
3562 3875 3760 3927 terram,

2200 3962 2257 4010 et
2287 3953 2459 4010 voluit
2481 3955 2840 4011 vehementer
2864 3955 3337 4010 ardere.'Primum
3357 3954 3760 4026 igitur(oliomo)

2201 4044 2320 4102 sine
2345 4043 2456 4100 Deo
2483 4059 2606 4101 eras
2633 4045 2688 4100 in
2717 4046 2919 4102 mundo
2937 4088 2952 4114 ,
2985 4045 3154 4102 Deum
3179 4055 3236 4102 et
3271 4046 3584 4102 Creatorem
3623 4055 3758 4100 tuum

2201 4138 2500 4209 ignorans:
2534 4138 2590 4194 in
2619 4139 2874 4208 praesenti
2913 4139 3022 4194 vita
3060 4139 3127 4194 ad
3189 4139 3410 4196 labores
3457 4150 3510 4195 et
3548 4135 3762 4208 pericula

2201 4231 2538 4296 nascebaris.
2571 4231 2638 4286 de
2679 4231 2936 4301 praesenti
2977 4246 3107 4288 vero
3141 4231 3364 4286 miseria
3417 4232 3485 4286 ad
3517 4230 3762 4286 cruciatus

2201 4326 2558 4395 sempiternos
2589 4323 3064 4380 irremediabiliter
3093 4323 3325 4380 ruebas:
3355 4332 3418 4380 et
3441 4323 3598 4394 (quod
3619 4319 3767 4374 mise-

2201 4415 2425 4472 rabilius
2467 4415 2618 4488 est!)
2671 4415 2816 4472 hunc
2866 4415 3042 4487 ipsum
3093 4416 3417 4486 perditionis
3447 4425 3548 4471 tute
3572 4413 3763 4470 modum

505 4514 562 4561 et
591 4505 880 4562 invisibilia
917 4504 1058 4577 regit
1083 4513 1138 4561 et
1191 4506 1477 4562 condidit?
1500 4506 1640 4574 Quid
1670 4517 1754 4563 est
1792 4507 1942 4563 illum
1969 4523 2097 4564 cru-
2127 4525 2174 4581 ι)
2199 4505 2668 4578 ignorabas,unde
2690 4515 2747 4562 ct
2771 4507 3000 4577 teipsum
3021 4505 3320 4562 nesciebas.
3334 4506 3438 4574 Qui
3461 4505 3766 4573 enimneque

505 4595 676 4667 ciﬁgi,
727 4595 820 4666 qni
866 4593 1224 4652 crucifixorcs
1265 4611 1394 4652 suos
1437 4611 1547 4652 non
1584 4597 1762 4653 solum
1812 4613 1843 4652 a
1889 4598 2100 4655 scelere

505 4688 822 4758 prohibere,
861 4701 1052 4744 verum
1087 4687 1256 4742 etiam
1299 4689 1414 4744 solo
1461 4697 1599 4744 nutu
1638 4699 1858 4760 poterat
1907 4705 2100 4746 omnes

505 4781 658 4851 quasi
675 4780 901 4836 culicem
925 4796 1094 4836 unum
1115 4781 1437 4837 conterere?
1457 4781 1588 4849 Quae
1605 4790 1756 4854 tanta
1789 4782 2092 4850 humilitas,

505 4891 627 4946 quae
651 4883 798 4930 tanta
828 4873 1092 4944 patientia
1121 4872 1206 4930 vel
1230 4875 1528 4947 excogitari
1552 4874 1687 4930 alias
1713 4875 1936 4946 potest?
1961 4875 2099 4944 Qua:

503 4981 638 5022 vero
687 4966 935 5022 bonitas?
979 4980 1102 5037 qua:
1141 4965 1454 5034 clementia,
1505 4976 1568 5022 ut
1624 4967 1768 5024 Deus
1831 4965 1948 5024 haec
1999 4983 2098 5039 pro

509 5043 754 5124 homine,
811 5055 1043 5114 Greater
1079 5073 1182 5128 pro
1231 5067 1486 5115 creatura
1533 5059 1804 5130 patiatur?
1850 5057 1932 5114 Ad
1997 5060 2099 5115 hoc

505 5151 900 5218 meditandum,
933 5150 1000 5208 ad
1038 5151 1142 5208 hoc
1170 5151 1500 5220 mirandum,
1533 5149 1858 5222 cujusquam
1883 5151 2097 5208 animus

510 5253 674 5317 tepet,
707 5243 1026 5317 cujusquam
1057 5260 1212 5302 mens
1237 5253 1460 5317 torpore
1485 5243 1744 5316 languida
1767 5246 2006 5301 marcet?
2031 5245 2097 5300 Et

493 5339 640 5414 .mihi
679 5337 970 5409 quisquam
1005 5319 1226 5409 aliquod
1282 5338 1452 5408 ipsius
1490 5346 1825 5409 praeceptum
1869 5336 2093 5403 durum,

503 5432 588 5488 vel
608 5429 823 5488 difﬁcile
845 5433 1003 5488 audet
1032 5429 1350 5487 nominare?
1373 5429 1514 5497 Quid
1541 5430 1692 5485 enim
1725 5427 2094 5484 retribuemus

505 5523 734 5580 Domino
754 5538 855 5595 pro
879 5524 1132 5579 omnibus
1159 5537 1282 5593 quae
1303 5522 1560 5579 retribuit
1579 5521 1770 5577 nobis?
1797 5520 1854 5576 Si
1881 5521 2096 5578 invenis

481 5605 706 5688 aliquid
725 5618 878 5688 quod
903 5615 1076 5672 facias
1099 5631 1198 5686 pro
1227 5611 1344 5688 ipso
1373 5615 1754 5687 majus,quam
1775 5615 1892 5686 ipse
1904 5615 2098 5671 fecerit

483 5720 602 5786 ‘pro
653 5715 727 5773 te,
773 5689 1060 5762 consilium
1112 5705 1292 5763 laudo.
1331 5707 1468 5763 Nam
1528 5697 1644 5764 hoc]
1689 5707 1887 5776 utique
1929 5707 2096 5764 debes

503 5801 748 5857 Creatori
779 5801 1193 5873 ctitedemptori
1223 5811 1334 5858 tuo.
1359 5801 1648 5872 Quis-enim
1679 5805 1872 5860 Servus
1899 5812 2095 5874 gratus

2203 4597 2387 4662 finem,
2421 4611 2596 4668 neque
2641 4597 2967 4668 principium
3017 4605 3168 4652 tuum
3217 4611 3474 4663 noveras,
3523 4592 3766 4667 quomodo

2203 4687 2434 4759 teipsum
2485 4687 2735 4744 sciebas?
2778 4686 2940 4744 Venit
2987 4687 3172 4757 itaque
3217 4687 3511 4742 miseratus
3553 4685 3610 4740 ab
3641 4683 3764 4746 alto,

2200 4781 2350 4836 venit
2371 4782 2440 4837 ad
2475 4789 2527 4836 te
2547 4779 2718 4836 Filius
2743 4780 2862 4844 Dei,
2879 4790 2936 4836 et
2951 4781 3133 4836 lumen
3159 4794 3350 4836 verum
3377 4779 3474 4834 tibi
3497 4779 3550 4834 in
3571 4775 3768 4848 regione

2199 4873 2406 4929 umbrae
2441 4873 2634 4929 mortis
2663 4873 2932 4929 habitanti
2976 4871 3297 4928 illucescens
3337 4869 3648 4940 ignorantia:
3671 4877 3768 4920 tua

2200 4967 2454 5022 tenebras
2503 4964 2727 5036 repulit;
2783 4965 2954 5022 Deum
3009 4974 3065 5019 ct
3115 4963 3434 5018 Creatorem
3489 4971 3626 5018 tuum
3681 4957 3768 5012 tibi

2197 5057 2554 5123 ostendendo,
2580 5067 2636 5112 et
2663 5065 2861 5114 statum
2907 5064 3056 5112 tuum
3083 5055 3316 5127 (scilicet
3343 5057 3488 5110 unde
3523 5065 3684 5118 esses,
3721 5058 3772 5104 et

2199 5152 2472 5221 quomodo
2517 5149 2688 5220 esses)
2721 5150 2818 5206 tibi
2859 5149 3277 5206 manifestando.
3327 5149 3434 5216 Qui
3475 5162 3590 5204 eras
3637 5145 3770 5198 ﬁlius

2199 5242 2536 5315 perditionis,
2568 5242 2661 5311 qui
2703 5257 2827 5298 eras
2865 5257 2960 5297 vas
3007 5243 3102 5297 iraa
3137 5252 3192 5298 et
3229 5242 3586 5301 contumeliae,
3641 5241 3773 5292 inter

2197 5349 2328 5389 vasa
2379 5333 2624 5398 honoris,
2657 5333 3043 5389 misericordia:
3097 5335 3303 5404 posuit;
3339 5349 3446 5388 non
3493 5332 3660 5388 solum
3710 5329 3772 5380 b

2197 5436 2400 5482 attenta
2433 5411 2780 5482 damnatione
2801 5424 3100 5496 eripienda,
3117 5427 3210 5482 sed
3233 5429 3300 5481 ad
3324 5428 3490 5482 vitam
3519 5431 3770 5480 aeterna:

2199 5519 2584 5574 miserabiliter
2641 5520 2970 5590 reparando.
3047 5505 3366 5573 Paradisum
3443 5517 3770 5589 perdideras,

2197 5609 2396 5666 coelum
2446 5611 2720 5682 recepisti.
2756 5611 2859 5680 Qui
2907 5627 3030 5668 eras
3064 5612 3336 5688 particeps
3373 5609 3770 5672 da'a'noniorum,

2199 5700 2377 5758 factus
2419 5717 2480 5759 es
2523 5703 2776 5758 conscius
2803 5712 2859 5758 et
2907 5703 3089 5776 socius
3127 5703 3466 5772 angelorum.
3507 5699 3616 5755 Sed
3651 5698 3772 5768 quid

2199 5795 2416 5856 dicam?
2437 5794 2562 5867 plus
2601 5797 2778 5854 adhuc
2803 5797 3006 5867 dicam,
3039 5797 3104 5854 de
3128 5783 3289 5852 servo
3318 5795 3612 5865 adoptatus
3639 5807 3700 5848 es
3725 5791 3776 5844 iu
