3984 6460
157 452 265 511 909'
1107 460 1139 484 ⁹

1389 437 1751 500 EPISTOLE
1784 439 2047 510 QUINQU
2057 440 2119 496 Ε.

3315 448 3423 504 9l0

159 568 343 623 mium.
356 559 499 630 Quid
520 558 667 618 dixil
696 558 794 623 Ita,
821 557 1060 629 inquam.
1076 558 1177 627 Qui
1202 557 1349 616 enim
1375 573 1500 617 eras
1516 574 1731 625 servus,
1760 562 1810 621 Α
1836 552 2293 625 contemplatione
2333 554 2696 624 reparationis
2737 562 2844 612 tum
2874 567 3102 619 crrscat
3145 561 3265 621 ﬁdei
3319 575 3428 625 tta

158 672 258 712 non
285 651 402 714 Dei,
432 650 518 707 cui
550 650 759 705 servire
780 663 1008 719 regnare
1032 657 1137 714 est,
1169 649 1263 705 sed
1290 663 1481 706 servus
1502 650 1734 721 peccati,

159 759 341 806 servus
366 743 753 800 daemoniorum
766 743 1123 813 adoptatuses
1149 742 1202 798 in
1232 742 1424 800 ﬁlium.
1447 742 1555 799 Sed
1584 744 1738 813 cujus

160 838 351 897 ﬁlium?
383 838 659 892 Audacter
706 834 850 900 dico,
902 835 1238 891 conﬁdenter
1285 835 1430 901 dico,
1490 836 1740 892 ltetanter

160 932 295 995 dico,
333 927 386 982 in
425 926 591 981 ﬁlium
617 925 730 981 Dei.
755 925 931 995 lnquit
952 925 1416 997 enimzattotquot
1436 938 1739 999 receperunt

158 1039 292 1087 eum,
312 1020 451 1075 dedit
480 1020 555 1073 eis
575 1028 880 1085 potestatem
901 1018 1042 1087 ﬁlios
1069 1018 1165 1073 Dei
1188 1020 1308 1088 ﬁeri
1335 1019 1523 1091 (Joan.
1551 1036 1594 1086 ι,
1622 1021 1735 1091 12).

159 1113 248 1167 Vis
288 1126 403 1165 rem
429 1109 671 1179 apertius
700 1107 1007 1178 designari?
1048 1108 1247 1163 lterum
1293 1108 1623 1165 ﬁducialiter
1683 1120 1740 1166 et

159 1200 398 1258 exsultan
407 1207 486 1255 ter
501 1198 655 1265 dico;
684 1197 853 1255 Filius
870 1197 963 1255 Dei
986 1197 1162 1255 factus
1179 1206 1264 1255 est
1285 1196 1458 1254 Filius
1481 1198 1736 1266 hominis,

158 1303 215 1349 ut
243 1304 298 1347 tu
340 1290 484 1346 ﬁlius
515 1289 610 1344 Dei
661 1287 972 1346 elﬁcereris.
1006 1288 1277 1355 Narrabo,
1309 1289 1509 1360 inquit,
1543 1306 1737 1346 nomen

158 1397 299 1440 tuum
323 1382 577 1454 fratribus
597 1382 726 1436 meis
746 1379 920 1453 (Psal.
952 1397 1065 1447 ut,
1092 1380 1209 1452 23),
1230 1389 1286 1437 et
1319 1398 1335 1436 :
1368 1379 1471 1448 Ite,
1499 1382 1741 1437 nuntiate

159 1479 409 1550 fratribus
439 1477 567 1533 meis
610 1476 827 1548 (Matth.
858 1491 1052 1545 xxvttt,
1085 1475 1198 1547 10).
1228 1474 1291 1532 Si
1332 1483 1522 1531 autem
1571 1475 1736 1544 ﬁlius,

158 1578 208 1623 et
239 1566 620 1634 hazres,ltatres
644 1565 860 1637 quidem
891 1565 1006 1631 Dei,
1033 1564 1274 1622 colum-es
1295 1575 1480 1619 autem
1507 1565 1735 1621 Christi.

158 1662 223 1717 Et
266 1660 395 1730 quid
439 1660 617 1715 adhuc
660 1659 868 1715 dicam?
918 1666 1171 1715 naturam
1215 1669 1364 1714 tuam
1412 1658 1587 1714 Filius
1638 1658 1739 1714 Dei

158 1764 475 1819 coaeternus,
503 1751 919 1824 coomnipotcns
945 1761 1002 1807 et
1038 1752 1527 1809 consubstantialis
1552 1750 1737 1818 Patri,

160 1845 256 1899 sibi
286 1845 338 1898 in
373 1859 534 1898 uuam
558 1857 849 1913 personam
874 1842 1104 1911 ttnitam,
1137 1858 1301 1912 supra
1330 1858 1523 1899 omnes
1544 1842 1736 1907 caelos,

160 1950 319 2004 supra
352 1908 572 1991 omnem
604 1932 965 2005 principatum
995 1942 1051 1989 et
1088 1908 1436 2004 potestatem,
1469 1947 1644 2005 usque
1672 1932 1742 1988 ad
1774 1908 1819 1964 Β

160 2041 470 2083 consessum
516 2025 716 2091 Patris,
757 2040 929 2095 usque
972 2024 1041 2080 ad
1093 2025 1376 2081 dexteram
1432 2022 1744 2094 majestatis

159 2118 433 2174 exultavit.
454 2117 659 2172 Natura
686 2117 772 2172 cui
804 2117 1012 2172 dictum
1043 2115 1224 2172 fuerat
1254 2133 1269 2170 :
1306 2115 1471 2172 Terra
1494 2134 1570 2183 es,
1598 2126 1647 2172 et
1687 2117 1746 2172 in

159 2218 350 2263 terram
396 2209 497 2262 ibis
527 2205 681 2279 (Cen.
716 2222 802 2271 ιιι,
841 2206 956 2275 19),
1006 2207 1073 2261 ad
1120 2215 1329 2261 tantam
1376 2206 1628 2278 gloriam,
1657 2206 1747 2262 'ad

161 2306 366 2353 tantum
388 2297 675 2363 honorem,
703 2310 808 2351 non
833 2295 954 2352 dico
978 2296 1044 2350 ad
1073 2295 1493 2366 inaequalitatem
1520 2297 1745 2368 angelo-

159 2404 299 2448 rum.
342 2389 440 2444 sed
472 2404 637 2459 supra
661 2402 882 2444 omnem
913 2388 1205 2444 sublimata
1243 2398 1328 2446 est
1362 2388 1746 2446 celsitudinem

159 2478 633 2548 archangclorum.
661 2478 734 2533 ita
761 2488 821 2532 ut
848 2478 1117 2535 audierit:
1146 2477 1281 2534 Sede
1304 2497 1339 2534 τι
1380 2480 1579 2534 dextris
1621 2480 1748 2534 meis

162 2568 334 2637 (Psat.
368 2586 485 2637 eis,
516 2572 590 2643 l).
623 2569 729 2627 Sed
763 2572 830 2626 ad
861 2572 1031 2642 quid?
1066 2570 1134 2628 Ut
1182 2572 1296 2642 ipse
1338 2572 1485 2627 solus
1518 2572 1591 2628 sit
1640 2571 1749 2627 ibi?

164 2660 299 2717 Non.
328 2662 443 2717 lmo
471 2671 531 2716 ut
580 2673 635 2718 tu
679 2663 755 2719 sis
804 2663 877 2719 ibi
903 2678 1029 2720 cum
1059 2679 1145 2721 eo.
1188 2663 1256 2718 Ut
1284 2664 1399 2731 ubi,
1427 2664 1622 2734 inquit,
1654 2680 1749 2735 ego

165 2775 296 2824 sunt,
320 2770 370 2814 et
417 2760 498 2814 illi
537 2761 640 2815 sint
680 2776 882 2814 mecum
930 2760 1112 2831 (Joau.
1141 2775 1275 2823 xvu,
1298 2758 1411 2829 2i).
1449 2760 1514 2814 Et
1546 2776 1559 2814 :
1596 2758 1748 2827 Volo,

167 2862 327 2921 pater,
364 2863 418 2906 ut
448 2853 535 2906 ubi
563 2870 656 2923 ego
689 2869 825 2914 sunt,
855 2852 930 2906 ibi
953 2853 1021 2907 sit
1047 2864 1093 2907 et
1119 2853 1357 2908 minister
1386 2868 1532 2908 meus
1559 2850 1749 2924 (Joan.

169 2958 264 3008 xu,
301 2944 417 3014 9.6).
470 2944 598 3009 Sed,
640 2945 769 3014 quid
817 2953 902 3000 est
950 2944 1094 3001 hoc?
1122 2945 1288 3014 Aperi
1323 2946 1511 3003 oculos
1544 2947 1750 3016 cordis,

168 3035 357 3102 cordis,
388 3036 636 3107 inquam,
668 3036 856 3092 oculos
890 3039 1063 3107 aperi,
1090 3038 1284 3094 'excita
1329 3040 1512 3105 ﬁdeut,
1556 3055 1755 3096 accen-

168 3126 230 3182 de
256 3124 614 3195 charitatcttt;
648 3129 894 3200 ignescat
940 3130 1475 3199 desiderium,ﬁuant
1504 3132 1757 3203 lacrytnze

1840 648 2029 704 fervor
2056 647 2319 712 invictus;
2353 655 2408 702 et
2435 647 2598 704 oblita
2618 650 3015 708 transeuntium
3042 653 3330 723 bonorum,
3353 658 3427 715 ad

1839 742 2083 798 emicstia
2115 756 2176 797 se
2209 740 2424 797 attollat
2461 741 2576 812 spei
2602 750 2707 797 tua:
2735 743 3034 802 indubitata
3058 751 3429 819 exspectatio:

1838 834 2055 891 assidua
2116 842 2390 890 tantorum
2437 832 2823 891 beneﬁciorum
2866 837 3236 906 meditatione,
3273 857 3428 899 more

1841 934 2030 981 rotata:
2072 926 2254 981 rhedte
2295 925 2583 986 tfcrvescat
2627 926 2973 995 desiderium,
3023 929 3266 1003 ignoscat
3300 935 3430 991 cha-

1840 1017 1995 1083 ritas,
2025 1032 2147 1086 quae
2190 1015 2436 1072 cmicstia
2483 1018 2695 1073 tantum
2742 1018 2883 1074 bona
2935 1021 3082 1083 norit
3121 1038 3327 1091 amare,
3374 1033 3432 1081 et

1839 1106 2174 1162 adulterinos
2200 1105 2495 1163 visibilium
2517 1106 2791 1179 appetitus
2816 1110 3113 1180 prudenter
3134 1115 3428 1173 declinare.

1838 1196 2038 1252 Μίνω-ο
2062 1197 2487 1267 vero,pra:diea,
2510 1208 2565 1254 et
2585 1200 2747 1257 lauda
2773 1202 3108 1260 incessanter
3132 1205 3431 1265 bonitatem

1839 1289 2101 1345 divinam.
2129 1289 2276 1358 Quas
2298 1290 2445 1346 enim
2474 1291 2683 1361 laudes,
2705 1309 2841 1364 quas
2866 1292 3165 1367 gratiarum
3191 1301 3435 1357 actiones

1838 1381 2003 1453 digne
2046 1381 2249 1438 referes
2271 1380 2520 1439 Creatori
2552 1386 2686 1440 tuo?
2724 1386 2863 1454 Quid
2894 1386 3161 1445 retribues
3204 1390 3436 1448 Domino

1840 1490 1941 1546 pro
1967 1474 2221 1532 omnibus
2254 1490 2377 1545 qua:
2405 1475 2663 1532 retribuit
2708 1477 2841 1533 tibi?
2871 1478 3012 1546 Quid
3043 1494 3173 1535 vero
3205 1480 3433 1553 dignum

1840 1566 2047 1637 poteris
2078 1565 2283 1633 facere,
2314 1575 2376 1622 ut
2419 1567 2591 1623 tantis
2616 1566 2897 1624 beneﬁciis
2924 1569 3120 1641 dignus
3143 1570 3438 1628 habeat-is?

1844 1655 1967 1712 Non
1990 1668 2112 1713 sunt
2137 1659 2335 1729 quippe
2375 1660 2652 1731 condigna:
2679 1654 2949 1731 passiones
2995 1664 3158 1734 hujus
3185 1665 3440 1735 temporis

1841 1749 1910 1804 ad
1939 1750 2176 1819 futuram
2202 1749 2587 1821 gloriam,qua2
2613 1748 2933 1807 revelabitur
2956 1752 3011 1807 in
3046 1755 3194 1814 nobis
3250 1755 3436 1825 (Itoni.

1841 1840 2097 1911 vttt,18).
2126 1839 2268 1906 Quid
2298 1840 2497 1904 dicam,
2555 1856 2589 1897 o
2620 1842 2695 1896 mi
2725 1841 3055 1899 eltarissime'
3077 1851 3133 1900 et
3159 1842 3441 1900 deSiderao

1847 1938 2078 2003 tissime,
2125 1937 2171 1992 si
2233 1936 2301 1991 ad
2354 1944 2561 1993 tantam
2615 1934 2873 2003 salutem,
2902 1939 2969 1993 ad
3018 1946 3167 1996 tanta
3216 1939 3437 2011 gaudia,

1845 2038 2047 2101 quanto
2102 2028 2332 2094 certius,
2373 2036 2579 2097 quanto
2636 2025 2882 2084 securius
2940 2038 3142 2099 potes,
3180 2026 3442 2085 festinare

1847 2134 1956 2176 non
1987 2118 2308 2174 contendis?
2340 2117 2479 2185 Quid
2506 2116 2687 2174 dicam
2716 2118 2763 2174 si
2797 2117 2979 2175 secius
2994 2119 3305 2190 angelorum
3333 2134 3441 2174 nou

1849 2213 2028 2279 timet,
2073 2212 2181 2268 imo
2209 2211 2493 2268 contendit
2524 2210 2640 2268 ﬁeri
2690 2210 2873 2268 socius
2914 2210 3350 2268 daemoniorum?
3395 2211 3443 2266 si

1848 2307 2027 2363 haeres
2048 2304 2192 2370 cmli,
2228 2304 2341 2360 into
2364 2304 2540 2360 haares
2564 2303 2682 2369 Dei,
2715 2311 2773 2359 et
2796 2304 3041 2361 cobteres
3073 2303 3298 2367 Christi,
3331 2301 3447 2356 vult

1850 2412 2139 2455 remanere
2162 2398 2216 2453 in
2238 2395 2425 2453 terra?
2453 2395 2497 2451 si
2540 2395 2682 2451 ﬁlius
2708 2395 2803 2452 Dei
2826 2396 2940 2451 vult
2979 2398 3186 2452 servire
3207 2395 3446 2451 mundo?

1851 2486 1993 2554 Quid
2039 2487 2239 2553 dicam,
2288 2486 2336 2542 si
2385 2493 2638 2540 naturam
2686 2483 3044 2540 humanitatis
3102 2494 3229 2552 tum,
3276 2500 3446 2555 quant

1851 2580 2124 2637 debueras
2173 2577 2230 2634 itt
2277 2576 2713 2634 sanctiﬁcatione
2758 2585 2815 2632 et
2859 2576 3065 2632 honore
3117 2578 3444 2638 custodisse.

1853 2680 2076 2745 propter
2107 2670 2373 2727 honorem
2401 2676 2457 2725 et
2504 2670 2871 2724 reverentiam
2897 2666 3040 2724 illius
3070 2668 3327 2734 hominis,
3352 2668 3448 2738 qui

1854 2764 2006 2822 sedet
2034 2763 2102 2817 ad
2133 2763 2414 2819 dexteram
2442 2760 2561 2828 Dei,
2587 2761 2671 2817 vis
2694 2761 2878 2818 adhuc
2906 2760 3108 2816 mundo
3145 2771 3202 2816 et
3235 2762 3448 2818 actibus

1854 2858 1995 2929 ejus,
2024 2856 2110 2911 vel
2142 2855 2347 2911 illicitis
2369 2850 3293 2924 desideriisimplicare?Quomodo
3314 2866 3451 2909 vero

1856 2949 2141 3021 effugiens,
2169 2948 2214 3004 si
2248 2954 2457 3003 tantam
2490 2945 2795 3017 neglexeris
2821 2943 3173 3002 salutem?!Si
3211 2946 3301 3014 qui
3334 2946 3451 3001 vias

1864 3042 1984 3098 vitae
2018 3030 2076 3098 et
2104 3038 2354 3096 veritatis
2385 3052 2494 3093 non
2530 3030 2842 3102 audierunt,
2885 3030 3003 3093 sine
3034 3038 3141 3093 ﬁne
3184 3036 3449 3093 damnan-

1861 3121 1972 3200 tur,
2007 3145 2171 3202 quam
2203 3122 2570 3187 damnationis
2618 3129 2948 3184 sententiam
2994 3128 3311 3199 suseipient,
3352 3130 3451 3199 qui

169 3219 381 3289 pietatis
409 3232 472 3279 ct
522 3223 873 3288 humilitatis;
909 3218 1165 3297 lacrymze
1197 3224 1269 3295 pii
1300 3224 1584 3280 desiderii.
1613 3225 1754 3293 Quid
1783 3255 1829 3319 ρ
1864 3224 2093 3280 audiunt
2116 3232 2174 3280 et
2214 3222 2548 3294 intelligunt,
2579 3230 2634 3278 et
2680 3220 3134 3293 negliguut?Age
3176 3235 3310 3293 ergo
3352 3221 3449 3292 (ttti

170 3312 325 3384 igitur
368 3327 461 3372 est
520 3317 662 3373 hoc?
694 3317 825 3388 quid
870 3317 1142 3389 (inquam)
1185 3327 1270 3374 est
1318 3319 1590 3374 hominem
1631 3318 1747 3375 ﬁeri

171 3406 326 3462 ﬁlium
381 3408 523 3464 Dei?
569 3407 710 3476 Quid
762 3420 847 3465 est
902 3409 1073 3465 ﬁlium
1118 3409 1375 3476 hominis,
1428 3411 1537 3466 imo
1582 3410 1751 3466 ﬁlium

170 3499 504 3565 perditionis,
550 3501 668 3556 ﬁeri
706 3500 931 3558 fratrem
986 3512 1042 3558 et
1079 3490 1419 3559 coltmredcm
1470 3502 1590 3558 Filii
1632 3502 1750 3567 Dei,

171 3586 231 3639 ad
271 3586 659 3658 poSsidctttl:tttt
711 3591 1082 3647 luercditatent
1114 3591 1326 3649 Patris?
1353 3590 1485 3660 Qua:
1511 3603 1596 3648 est
1649 3592 1754 3648 ista

173 3677 415 3749 dignitas,
454 3697 576 3753 qua:
618 3692 819 3738 nostrze
848 3693 1058 3739 natura:
1099 3682 1296 3740 collata
1338 3693 1442 3749 est,
1477 3694 1536 3738 ttt
1570 3683 1757 3740 sedeat

171 3773 233 3826 ad
260 3773 542 3831 dexteram
589 3774 889 3831 Altissimi?
915 3774 1044 3843 Qua:
1068 3786 1153 3831 est
1198 3775 1301 3831 ista
1333 3776 1652 3832 excellentia
1697 3785 1758 3832 ut

174 3864 322 3923 homo
349 3884 522 3939 supra
560 3883 776 3924 onmem
823 3879 1075 3924 uatttram
1106 3868 1428 3941 angelicam,
1467 3884 1639 3940 usq-te
1689 3869 1756 3924 ad

172 3956 449 4015 dexteram
497 3958 792 4030 majestatis
838 3960 911 4016 sit
951 3960 1292 4025 sublimatus,
1338 3961 1428 4030 qui
1471 3975 1643 4031 usque
1690 3960 1759 4016 ad

174 4046 343 4107 inﬁma
374 4054 576 4110 inferni
632 4048 735 4109 sub
782 4054 1066 4125 tyrannide
1104 4053 1498 4110 tlrcmoniorum
1542 4068 1759 4125 preme-

174 4138 355 4201 batur?
379 4147 521 4215 Quae
548 4160 676 4201 vero
704 4155 852 4201 tanta
882 4146 1077 4216 pictas,
1108 4161 1230 4217 qua:
1271 4156 1421 4202 tanta
1470 4144 1761 4201 clementia

175 4231 356 4293 divina:
405 4237 696 4303 bonitatis,
746 4247 807 4293 ut
849 4253 956 4293 non
995 4237 1172 4295 solum
1207 4238 1444 4311 dignitas
1495 4252 1658 4309 quam
1706 4237 1761 4293 in

176 4328 338 4395 primo
364 4342 600 4403 parente
624 4331 1058 4402 perdideramus,
1092 4332 1248 4389 nobis
1291 4332 1636 4399 resumatur,
1664 4330 1761 4387 sed

180 4417 387 4491 insuper
406 4425 558 4481 dona
587 4435 644 4480 et
688 4424 947 4479 beneﬁcia
979 4423 1413 4493 magniﬁcentius
1437 4434 1492 4479 et
1516 4421 1762 4480 cumula-

180 4511 277 4568 tius
300 4517 595 4574 crescant?
626 4515 726 4573 Ubi
772 4516 981 4587 pictas?
1008 4517 1095 4571 tibi
1126 4516 1375 4573 deretio?
1419 4517 1508 4572 ubi
1540 4515 1764 4572 laudes?

1860 3314 2257 3387 dieetissime),
2287 3314 2437 3381 veni,
2489 3322 2545 3371 et
2588 3312 2657 3369 ad
2706 3321 2860 3369 tanta
2902 3323 2957 3369 et
2997 3321 3107 3368 tam
3158 3312 3452 3369 ineffabilia

1855 3407 2074 3480 gaudia,
2140 3406 2289 3463 omni
2338 3404 2522 3462 studio
2584 3404 2845 3475 omnique
2912 3403 3202 3461 devotione
3250 3406 3455 3477 pariter

1859 3498 2165 3564 tendamus,
2192 3497 2396 3568 pariter
2422 3496 2533 3552 Deo
2558 3504 2855 3566 pratstante
2902 3496 3309 3566 perveniamus.
3342 3496 3456 3567 Ego

1859 3597 1913 3647 te
1943 3582 2136 3647 moneo
2179 3589 2234 3644 itt
2264 3588 2502 3654 Christo,
2532 3587 2625 3659 qui
2655 3587 2726 3644 de
2751 3596 3013 3659 provectu
3041 3596 3133 3644 tuo
3162 3588 3216 3644 in
3247 3596 3459 3659 tempo-

1858 3682 2063 3739 ralibus
2091 3681 2265 3748 bonis,
2293 3681 2467 3752 magis
2508 3680 2586 3752 (ni
2610 3679 2789 3751 fallor)
2819 3682 2994 3751 teipso
3029 3681 3264 3752 gaudere
3310 3681 3457 3739 sole-

1859 3768 2006 3832 ham.
2059 3773 2212 3830 Nune
2254 3788 2387 3830 vero
2444 3773 2685 3829 arbitror
2730 3773 2918 3827 omnia
2964 3782 3025 3827 ut
3073 3781 3343 3840 stercora,
3398 3785 3459 3829 ut

1860 3867 2137 3924 Christum
2169 3865 2522 3922 lucrifaciam.
2548 3865 2683 3938 Age,
2722 3863 2868 3933 veni,
2894 3866 3071 3938 angeli
3104 3875 3156 3923 te
3196 3866 3456 3934 invitant,

1862 3958 2058 4030 quibus
2095 3957 2349 4029 gaudium
2376 3966 2460 4013 est
2489 3974 2655 4028 super
2685 3974 2793 4015 uno
2843 3968 3134 4030 peccatore
3178 3959 3459 4030 paeniten-

1865 4049 1994 4105 tiattt
2032 4058 2225 4122 agente
2254 4066 2269 4103 :
2298 4050 2390 4121 qui
2436 4050 2483 4105 si
2522 4066 2617 4107 eos
2657 4051 2724 4108 de
2749 4052 3073 4122 ptenitentia
3107 4060 3196 4108 tua
3220 4053 3461 4124 gaudere

1864 4143 2081 4207 t'cceris,
2113 4141 2300 4213 procul
2329 4140 2497 4199 dubio
2522 4158 2745 4200 suorum
2788 4144 3116 4217 gaudiorum
3154 4155 3207 4202 te
3230 4145 3462 4217 partici-

1863 4250 1989 4308 pem
2029 4234 2247 4293 facient.
2275 4236 2355 4293 Tu
2382 4252 2489 4293 non
2514 4236 2791 4310 relinques
2824 4254 2970 4294 vana
3017 4239 3212 4310 gaudia
3245 4239 3459 4307 mundi,

1865 4340 1928 4386 ut
1970 4329 2284 4402 angelorum
2312 4331 2524 4402 gaudiis
2545 4331 2842 4388 inseraris?
2861 4332 2996 4404 Age,
3020 4334 3181 4400 veni;
3209 4330 3464 4391 Christus

1867 4431 1922 4479 te
1944 4433 2121 4480 vocat.
2155 4423 2335 4492 Quid?
2364 4423 2477 4480 lmo
2499 4432 2554 4481 et
2574 4434 2801 4495 apparet
2826 4424 3004 4480 vultui
3037 4424 3132 4481 Dei
3165 4440 3267 4496 pro
3308 4436 3384 4491 te,
3408 4435 3466 4481 et

1869 4514 2186 4587 interpellat
2213 4506 2313 4586 pro
2339 4525 2427 4583 te;
2461 4532 2568 4573 non
2598 4517 2746 4573 enim
2773 4516 2887 4572 vult
2912 4516 3147 4587 pretium
3179 4516 3464 4587 sanguinis

181 4603 261 4659 ubi
289 4612 594 4678 gratiarum
620 4607 803 4664 actio?
825 4607 913 4661 tthi
950 4616 1032 4662 est
1062 4606 1261 4661 lzetitite
1295 4617 1350 4662 et
1379 4606 1763 4662 exsultationis
1796 4609 1841 4665 D
1869 4609 1953 4665 sui
1985 4608 2200 4663 irritum
2229 4624 2351 4664 esse
2372 4609 2426 4664 in
2470 4617 2543 4663 te.
2572 4607 2651 4664 Tu
2683 4617 2862 4665 autem
2902 4608 3077 4665 facies
3118 4607 3215 4664 tibi
3244 4608 3461 4665 irritam

178 4692 457 4762 jubilatio?
485 4700 529 4756 0
558 4694 875 4770 mysterium
902 4701 970 4753 ab
1001 4706 1208 4752 mtcrtto
1238 4697 1581 4766 dispositum,
1612 4714 1641 4754 a
1667 4713 1768 4755 sa:-

182 4784 308 4843 culis
356 4802 411 4846 et
471 4790 910 4863 generationibus
956 4789 1316 4859 promissum,
1375 4798 1431 4844 ct
1498 4790 1667 4861 signis
1715 4800 1770 4847 et

184 4880 553 4951 antigmatibus
591 4883 917 4938 mirabiliter
947 4872 1359 4953 pra:signatttttt,
1389 4882 1442 4936 itt
1474 4881 1578 4939 ﬁne
1599 4897 1771 4939 sarcu-

189 4967 348 5028 lortnn
379 4960 682 5031 mirabilius
702 4974 1054 5044 adimpletum
1081 4975 1094 5027 Ξ
1115 4974 1251 5030 Cuut
1267 4974 1411 5029 cnim
1427 4974 1772 5043 omnipotens

189 5056 338 5118 Pater
366 5081 463 5136 per
486 5067 819 5137 unigenitum
842 5066 1100 5131 Verbum,
1134 5064 1369 5121 visibilia
1395 5076 1450 5120 et
1478 5066 1771 5122 invisibilia

188 5163 371 5211 cuncta
402 5160 688 5227 creaverit,
720 5158 851 5214 mihi
902 5159 1121 5229 quidem
1167 5172 1277 5229 pra:
1328 5159 1616 5226 universis,
1648 5174 1771 5230 quae

191 5245 498 5309 mirabiliter
544 5252 803 5317 condidit,
836 5253 889 5308 in
924 5268 1088 5325 opere
1136 5252 1527 5323 redemptionis
1569 5261 1771 5309 nostra:

193 5341 415 5399 maxime
447 5344 708 5401 mirabilis
740 5354 983 5416 apparet.
1015 5345 1098 5401 An
1140 5345 1229 5401 alii
1280 5345 1469 5401 itidem
1508 5345 1770 5402 sentiant.

198 5427 328 5488 haud
356 5438 495 5505 seio;
529 5439 659 5493 milti
685 5454 815 5495 vero
842 5440 991 5510 pium
1017 5448 1101 5495 cst
1127 5449 1182 5494 et
1214 5440 1371 5497 dulce
1423 5440 1499 5495 ita
1545 5441 1772 5496 sentire.

197 5518 239 5574 0
264 5530 532 5596 gaudium,
560 5547 667 5601 quo
694 5531 943 5586 ltetantur
970 5530 1115 5595 cmli,
1149 5540 1204 5584 et
1245 5531 1484 5586 exsultat
1522 5532 1697 5587 terra!
1729 5531 1774 5588 0

200 5621 502 5683 mysterium
532 5622 684 5691 cujus
712 5622 971 5676 virtutem
1000 5623 1165 5677 etiam
1206 5631 1495 5677 senserunt
1522 5621 1771 5692 infernal

200 5698 421 5762 Jubitate
450 5709 875 5777 Domino,omnis
902 5720 1065 5779 terra,
1087 5723 1316 5780 cantate,
1345 5722 1394 5769 et
1419 5714 1700 5781 exsultate,
1730 5722 1780 5768 et

200 5793 395 5858 psattite
443 5800 615 5870 (Psal.
665 5818 830 5871 xcvu,
872 5802 951 5872 4).
1002 5802 1431 5876 Recognosce,o
1488 5806 1674 5873 homo,
1713 5805 1782 5861 ad

203 5895 452 5955 quantam
475 5893 816 5969 dignitatem,
846 5894 914 5951 ad
957 5904 1162 5966 quanta
1189 5896 1386 5970 gaudia
1434 5898 1684 5955 vocaris!
1722 5897 1781 5954 ln

1869 4698 2188 4757 ellusioncm
2230 4700 2511 4769 sanguinis
2555 4700 2797 4756 Christi?
2824 4699 3069 4757 Obsecro
3123 4709 3197 4767 te,
3239 4702 3350 4756 imo
3405 4710 3464 4755 et

1871 4792 2137 4859 obtestor,
2166 4806 2268 4862 pro
2304 4791 2423 4861 ipso
2471 4800 2528 4847 et
2556 4806 2652 4863 per
2688 4792 2887 4863 ipsum,
2935 4799 2996 4846 ttt
3038 4806 3146 4847 non
3177 4790 3394 4848 auferas
3415 4793 3467 4849 ei

1873 4882 2019 4955 quod
2061 4883 2195 4939 emit
2236 4884 2309 4938 in
2340 4892 2411 4939 te.
2461 4883 2714 4938 Animam
2750 4898 2931 4951 suam,
2956 4883 3276 4956 sanguinem
3306 4897 3465 4939 suum

1872 4976 2023 5032 dedit
2053 4990 2153 5047 pro
2189 4976 2372 5031 anima
2410 4986 2520 5031 tua.
2550 4973 2667 5030 Non
2698 4962 2849 5031 vides
2869 4984 3076 5046 quanto
3114 4975 3291 5045 pretio
3328 4974 3471 5031 aesti-

1873 5075 2057 5122 matus
2083 5066 2175 5121 es?
2205 5065 2347 5133 Quid
2395 5065 2565 5122 facies
2610 5065 2820 5121 homini
2878 5066 2925 5121 si
2973 5065 3196 5122 Christo
3247 5065 3470 5124 auferas

1872 5157 1961 5230 jus
1983 5159 2182 5214 suum?
2212 5158 2372 5224 Ecce,
2394 5156 2596 5228 inquit,
2621 5166 2703 5212 sto
2737 5156 2808 5212 ad
2847 5158 3061 5226 ostium,
3102 5167 3152 5214 et
3192 5158 3350 5230 pulso
3376 5175 3396 5214 :
3422 5160 3472 5214 si

1875 5252 1997 5323 quis
2022 5253 2288 5323 aperuerit
2318 5251 2470 5318 mihi,
2496 5251 2706 5306 intrabo
2735 5252 2806 5307 ad
2838 5250 3012 5319 illum,
3036 5261 3085 5307 et
3113 5252 3326 5309 cmnabo
3351 5268 3471 5307 cum

1878 5344 1973 5400 illo
1993 5344 2183 5417 (Apoc.
2220 5360 2305 5410 ttt,
2333 5342 2450 5417 20).
2473 5343 2668 5411 Curre,
2689 5344 3028 5411 ebarissime,
3056 5360 3241 5413 curre,
3274 5345 3471 5402 festina

1880 5438 2096 5508 aperire
2130 5426 2353 5493 Christo
2383 5437 2639 5508 pulsanti.
2687 5437 2969 5506 Gnstabis,
3000 5438 3164 5495 crede
3219 5438 3377 5503 tttihi,
3416 5446 3474 5493 et

1885 5529 2094 5586 videbis
2115 5516 2279 5601 quam
2311 5531 2495 5587 suavis
2517 5539 2601 5587 est
2640 5529 2926 5587 Dominus.
2952 5529 3106 5598 Quod
3139 5527 3187 5585 si
3228 5544 3315 5584 me
3356 5542 3476 5584 mo-

1884 5631 2126 5691 nentem,
2168 5632 2226 5679 et
2268 5623 2494 5681 devotas
2534 5638 2749 5696 preces,
2793 5633 2850 5680 et
2900 5624 3018 5694 pias
3047 5622 3339 5693 lacrymas
3368 5636 3469 5691 pro

1885 5713 2058 5770 salute
2095 5724 2184 5770 tua
2208 5715 2276 5771 ad
2309 5716 2597 5772 Dominum
2626 5717 2972 5780 fundentem;
3006 5714 3053 5771 si
3085 5713 3308 5786 angelos
3335 5714 3477 5773 iuvi-

1880 5802 2087 5874 tantes,
2137 5816 2193 5864 et
2242 5794 2431 5879 opem
2464 5809 2610 5864 ferre
2650 5808 2751 5864 tibi
2794 5816 3045 5878 paratos;
3104 5804 3151 5862 si
3194 5804 3477 5863 Christum

1891 5909 2200 5970 vocantem,
2231 5907 2285 5957 et
2315 5900 2459 5972 apud
2494 5898 2710 5958 Patrem
2747 5913 2851 5972 pro
2899 5908 2954 5959 te
3003 5896 3473 5973 interpellantem,
