3920 6298
549 319 647 377 Oli

546 445 602 493 et
638 437 872 506 pretium
905 437 1186 509 sanguinis
1224 436 1308 492 sui
1335 435 1432 492 tibi
1462 435 1532 507 (si
1574 431 1902 505 neglexeris)
1949 430 2126 501 impu-

545 537 772 595 tantem,
800 531 1134 595 contemnis;
1172 527 1469 600 apostolico
1509 535 1634 582 utor
1668 527 1854 591 verbo,
1899 522 2134 578 mundus

545 631 639 692 ego
671 637 853 678 sums
875 623 1134 694 sanguine
1177 630 1266 675 tuo
1291 620 1430 691 (Act.
1461 634 1558 684 xx,
1583 618 1700 690 26).
1737 617 1972 688 Sanguis
2004 625 2128 672 tuus

546 727 712 782 super
733 721 896 783 caput
920 709 1301 768 tuum.Testis
1327 709 1473 764 enim
1511 708 1642 764 mihi
1666 716 1752 763 est
1789 707 1953 772 Deus,
1990 720 2127 776 quo-

508 850 510 852 .
546 803 709 858 modo
731 803 955 872 cupiens
978 801 1108 856 tein
1134 796 1435 854 visceribus
1459 795 1587 853 Jesu
1611 795 1839 862 Christi,
1863 805 1918 851 et
1945 794 2128 865 preci-

547 893 672 956 bus,
705 901 762 949 et
805 891 1067 962 lacrymis
1098 890 1201 944 hoc
1226 901 1271 943 ‘a
1307 889 1418 944 Deo
1443 887 1854 957 postulaverim,
1883 895 1940 943 et
1985 901 2126 957 prae-

544 982 685 1038 senti
714 980 1095 1040 exhortatione
1121 994 1228 1034 non
1249 979 1370 1034 sine
1398 977 1585 1034 labore
1607 976 1991 1047 tlagitaverim.
2019 974 2126 1031 Sed

544 1089 650 1129 non
683 1072 892 1138 dubito,
923 1071 1030 1127 imo
1076 1080 1132 1127 et
1178 1079 1361 1127 certus
1415 1085 1536 1128 sum
1575 1079 1632 1126 te
1678 1070 1950 1126 facturum
1979 1067 2127 1140 quod

542 1163 750 1228 hortor,
777 1161 906 1218 'imo
947 1162 1017 1216 ad
1061 1161 1204 1232 quod
1245 1169 1398 1217 tanta
1447 1158 1686 1230 undique
1739 1157 2124 1215 necessitatum

542 1255 831 1310 multitudo
861 1261 912 1308 te
957 1253 1209 1324 impellit.
1259 1253 1496 1322 Spiritus
1546 1253 1694 1306 enim
1739 1250 1977 1316 Domini,
2027 1249 2121 1318 qui

541 1346 672 1402 mihi
699 1345 816 1400 bam
853 1345 1114 1401 scribenti
1142 1344 1314 1401 adfuit
1347 1345 1479 1416 (nou
1501 1346 1647 1401 enim
1673 1360 1794 1399 sum
1831 1343 1960 1396 mihi
1993 1357 2127 1397 con-

539 1438 706 1504 scius,
720 1437 787 1494 de
801 1431 966 1495 corde
980 1453 1104 1494 meo
1115 1438 1230 1494 haec
1253 1436 1590 1509 protulisse),
1606 1446 1848 1500 sanctus,
1875 1435 2091 1504 inquam
2105 1473 2121 1499 ,

501 1555 503 1557 ί
539 1528 794 1597 Spiritus,
820 1537 880 1584 et
929 1527 1200 1585 scribendi
1251 1527 1504 1583 fiduciam
1548 1526 1832 1598 praestitit;
1866 1525 2121 1582 fiduciam

538 1637 754 1693 quoque
789 1622 1045 1692 prrestitit
1091 1621 1350 1693 lacrymis
1397 1631 1454 1676 et
1485 1620 1807 1686 scribendo,
1829 1629 1886 1676 et
1915 1620 2123 1675 orando

537 1716 797 1784 profusis,
836 1731 895 1772 se
919 1716 1014 1771 tibi
1043 1715 1253 1785 pariter
1276 1714 1612 1770 adfuturum.
1647 1713 1918 1783 Quidquid
1957 1713 2123 1783 igitur

537 1810 841 1878 inspirante
867 1809 1067 1864 eodem
1088 1807 1296 1878 Spiritu
1329 1821 1522 1864 sancto
1549 1806 1739 1862 facere
1766 1806 2120 1878 disposueris,

532 1898 637 1954 etsi
689 1899 848 1967 plura
888 1912 1164 1964 moneam,
1221 1897 1327 1954 hoc
1369 1898 1606 1967 primum
1649 1912 1868 1963 moneo,
1911 1906 1973 1952 ut
2015 1913 2121 1954 non

533 1990 797 2061 praeferas
825 1990 1113 2048 consilium
1150 1990 1433 2046 hominum
1461 1989 1693 2045 consilio
1719 1989 1925 2046 divino.
1953 1989 2120 2056 Cave,

534 2085 780 2154 inquam,
796 2082 1081 2140 consilium
1104 2082 1381 2139 hominum
1407 2100 1422 2137 :
1445 2083 1585 2139 labia
1599 2083 1743 2138 enim
1770 2083 1955 2154 iniqua
1974 2090 2119 2150 sunt,

534 2189 592 2234 et
628 2180 809 2250 lingua
833 2178 1037 2234 dolosa.
1064 2177 1218 2244 Quod
1265 2178 1308 2233 si
1340 2178 1568 2234 omnino.
1611 2176 1754 2233 ferte
1792 2191 1990 2234 cavere
2011 2192 2120 2234 nou

532 2268 1019 2341 poteris,'jaculare
1047 2277 1234 2324 contra
1259 2269 1514 2338 sagittam
1536 2270 1770 2340 potentis
1791 2270 2122 2326 etcarbones

535 2358 919 2420 desolatorins.
974 2358 1180 2414 Deinde
1225 2373 1438 2424 moneo,
1489 2367 1548 2414 ut
1599 2374 1706 2416 non
1751 2375 1872 2429 quae
1915 2359 2119 2415 leviora

533 2457 685 2513 sum,
716 2457 772 2502 et
799 2448 981 2503 minus
1007 2449 1173 2503 etiam
1203 2446 1270 2501 ad
1309 2447 1565 2514 salutem,
1601 2448 1788 2504 facere
1827 2463 2117 2519 proponas.

531 2541 692 2597 Absit
719 2540 1136 2610 pusillanimitas
1165 2556 1195 2594 a
1227 2539 1375 2595 forti.
1405 2539 1562 2596 locta
1585 2542 1874 2610 (agitatum
1894 2551 2042 2594 tuum
2063 2541 2118 2596 in

528 2634 781 2700 ﬂamina,
811 2643 858 2687 et
883 2633 993 2700 ipse
1017 2644 1065 2688 te
1085 2634 1316 2688 euutriet
1337 2629 1510 2703 (Psai.
1536 2648 1646 2697 Ltv,
1675 2631 1790 2699 2'5),
1822 2641 1878 2687 et
1909 2632 2119 2687 salvum

525 2725 694 2781 faciet
721 2743 754 2780 α
777 2724 1211 2795 pusillanimitnte
1228 2725 1446 2794 spiritus
1464 2725 1541 2779 tui
1555 2724 1706 2795 (ibid.
1723 2724 1800 2793 9).
1825 2723 1906 2780 Ne
1929 2726 2119 2780 credas

524 2814 1029 2886 pusillanimitatem
1092 2815 1374 2871 minimum
1424 2830 1644 2880 nocere,
1697 2830 1729 2868 a
1776 2830 1881 2884 qua
1935 2824 2118 2871 tantus

525 2908 802 2979 Propheta
835 2925 896 2964 se
939 2908 1276 2978 gloriabatur
1307 2906 1519 2986 salvum
1553 2923 1583 2962 a
1623 2907 1852 2964 Domino
1889 2906 2114 2964 factum.

526 2999 769 3072 Tempus
793 3000 958 3057 breve
979 3009 1084 3066 est,
1113 2998 1262 3055 salus
1290 2998 1640 3069 sempiterna.
1668 2998 1866 3070 iugum
1904 2999 2115 3055 Domini

525 3107 694 3148 suave
719 3101 824 3155 est.
854 3091 1093 3163 Experto
1132 3091 1314 3146 crede.
1348 3090 1406 3146 In
1439 3099 1623 3146 mente
1664 3090 1803 3146 habe
1835 3091 2116 3160 passiones

525 3185 766 3240 Domini.
804 3184 946 3253 Quid
989 3184 1156 3240 etiam
1217 3183 1333 3255 ipse
1375 3181 1606 3250 feceris,
1653 3191 1709 3239 et
1757 3183 1888 3254 quid
1937 3183 2118 3241 facere

517 3277 782 3334 debueris
827 3276 1250 3333 animadverte:
1289 3277 1647 3346 quantitatem
1677 3276 1827 3334 enim
1875 3277 2116 3344 mandati

521 3372 749 3441 quidam
773 3371 1140 3436 advertentes,
1179 3369 1559 3441 scelerumque
1591 3383 1811 3426 suorum
1844 3370 2118 3441 magnitu-

516 3461 673 3518 dinis
696 3461 870 3527 obliti,
912 3477 1018 3517 non
1057 3461 1186 3531 quid
1221 3460 1470 3528 fecerint,
1507 3460 1603 3517 sed
1652 3461 1782 3531 quid
1821 3460 2118 3530 iubeantur

517 3553 836 3608 attendunt.
877 3553 1126 3623 Dumque
1175 3556 1244 3606 ad
1287 3551 1460 3607 levem
1501 3550 1776 3608 sarcinam
1816 3558 1874 3606 et
1924 3551 2114 3621 iugum

527 3644 744 3700 Domini
763 3659 925 3700 suave
950 3643 1246 3715 trepidant,
1269 3642 1322 3696 in
1347 3641 1462 3697 suis
1481 3642 1735 3698 mrdibus
1747 3650 2111 3708 remanentes,

528 3734 893 3790 damnationis
917 3734 1019 3790 sibi
1058 3731 1338 3788 cumulum
1366 3745 1570 3801 augere
1607 3744 1715 3785 non
1743 3739 2016 3787 metuunt.
2052 3730 2110 3786 lu

516 3828 722 3900 quibus
745 3827 872 3884 illud
895 3827 1187 3884 verisimile
1217 3825 1490 3897 impletur,
1510 3825 1652 3895 quod
1679 3824 2112 3896 perPrOphetam

525 3920 729 3974 dictum
749 3929 870 3975 est:
907 3918 1026 3974 illic
1059 3920 1446 3989 trepidaverat“
1469 3918 1653 3972 timore
1675 3951 1710 3984 ,-
1736 3918 1824 3972 ubi
1859 3935 1964 3972 non
1999 3928 2113 3974 erat

511 4011 684 4067 Jimor
711 4011 883 4084 (Psai.
913 4028 1036 4078 xm,
1065 4011 1144 4083 5).
1173 4011 1242 4065 Et
1264 4010 1394 4064 illud
1422 4008 1526 4064 :Ut
1549 4009 1639 4079 qui
1668 4009 1725 4062 in
1745 4009 1990 4063 sordibus
2013 4019 2111 4075 est,

525 4107 737 4160 sordeat
757 4107 929 4160 adhuc
961 4106 1148 4176 (Apoc.
1174 4120 1313 4169 mi,
1343 4103 1456 4173 ll).
1487 4103 1622 4158 Vide
1645 4102 1812 4157 etiam
1838 4110 2108 4172 quantam

511 4198 969 4269 tranquillitatem
996 4198 1152 4253 boote
1179 4195 1530 4252 conscientia:
1553 4193 1766 4260 atterat,
1809 4195 2028 4251 certiori
2052 4203 2111 4252 et

523 4288 772 4346 viciniori
802 4289 870 4343 ad
897 4289 1124 4344 salutem
1154 4289 1242 4344 via
1282 4288 1558 4356 incedere,
1587 4294 1646 4342 et
1672 4287 1829 4358 quasi
1868 4287 2106 4359 quodam

522 4393 682 4454 portu
709 4383 900 4439 salutis
933 4381 1306 4453 quiescentem
1341 4381 1696 4438 novissimam
1732 4382 1926 4438 horam
1964 4381 2105 4438 lida-'-

1435 317 1718 375 JOANMS
1754 314 2014 372 CABTII.
2054 313 2440 374 PORTARUM
2481 315 2792 375 MONAClll

3636 336 3709 402 itit

2151 434 2204 496 Α
2230 431 2276 487 si
2309 432 2559 502 viriliter,
2591 447 2700 489 non
2732 433 2858 489 ficte
2887 433 2970 490 vis
2995 449 3181 507 agere,
3207 440 3535 507 consiliarium
3547 449 3709 517 habebis

2230 521 2493 593 Spiritum
2523 533 2795 580 sanctum.
2839 522 3068 595 Spiritus
3107 529 3246 582 enim
3266 541 3710 615 sanctitudinis“...

2228 615 2438 686 effugiet
2463 615 2644 684 ﬁctum
2666 615 2820 687 (Sep.
2846 631 2888 682 r,
2928 617 3008 690 5').
3049 618 3125 676 lbi
3151 621 3410 694 quidquid
3424 630 3710 703 benignissimi

2229 714 2293 762 et
2332 707 2752 764 clementissimi
2796 709 2958 766 ﬂatus
2999 711 3119 782 ejus
3163 729 3291 770 aura
3337 724 3558 791 suaserit,
3581 729 3713 790 divino

2229 797 2458 853 consilio
2488 801 2798 866 roboratus,
2827 802 3227 872 incunctanter,
3254 815 3310 862 et
3343 809 3450 867 sine
3477 819 3597 873 omni
3616 822 3712 878 dita.

2229 888 2379 944 tione
2417 890 2752 961 aggredere:
2802 900 2885 948 est
2915 894 3062 949 enim
3091 895 3196 952 hoc
3215 908 3476 969 quartum,
3501 911 3614 976 quod
3629 915 3715 972 νοις,

2230 989 2284 1037 te
2309 981 2666 1047 commoneri,
2688 992 2748 1038 ut
2769 981 3056 1040 dilationes
3082 985 3284 1058 fugias.
3313 989 3452 1048 Multi
3481 996 3585 1053 dum
3621 1004 3715 1058 dila-

2231 1070 2725 1164 tio‘nes.qua_~.runt,
2775 1073 2855 1129 in-
2889 1074 3146 1146 laqueum
3201 1077 3508 1141 inciderunt.
3551 1088 3716 1164 Semper

2228 1160 2373 1221 enim
2401 1162 2587 1217 nocuit
2627 1162 2852 1220 differre
2876 1167 3103 1234 paratis.
3128 1166 3366 1236 Dimitte,
3393 1174 3463 1228 ait
3503 1160 3714 1251 Dentium,

2227 1262 2462 1309 mortuos
2497 1255 2714 1325 sepelire
2751 1269 2988 1314 mortuos
3031 1276 3155 1316 suos
3202 1261 3413 1333 (Matth.
3435 1281 3536 1337 vm,
3563 1272 3717 1344 22);";

2227 1351 2408 1398 autem
2420 1358 2652 1414 sequere
2669 1361 2778 1403 me.
2807 1345 2944 1403 Nam
2975 1349 3200 1416 ille,—cui
3227 1353 3330 1408 hoc
3352 1355 3492 1422 dixit,
3508 1361 3719 1421 dilationes

2227 1436 2526 1504 querebat.
2552 1436 2789 1493 Corvina
2823 1453 2926 1496 vox
2973 1450 3081 1507 est,
3109 1457 3256 1508 cras,
3285 1459 3421 1508 cras,
3451 1447 3610 1506 beatus
3643 1455 3719 1507 An-

2226 1528 2475 1597 gustinus
2494 1528 2834 1600 dixit(serm.
2863 1532 2952 1598 7i,
2976 1534 3047 1588 ad
3070 1533 3264 1604 fratres
3294 1537 3348 1590 in
3365 1542 3556 1611 eremo).
3573 1543 3722 1602 Carm

2226 1619 2461 1675 emissus
2499 1621 2567 1676 de
2601 1637 2754 1689 arca,
2784 1636 2894 1680 non
2930 1634 3017 1680 est
3052 1641 3304 1684 reversus
3333 1665 3350 1696 ,
3391 1631 3604 1692 columba
3632 1652 3722 1693 vero

2229 1719 2578 1778 reversaest,
2604 1711 2733 1782 quia
2768 1728 2876 1775 non
2906 1725 3056 1770 amat
3085 1715 3347 1783 Dominus
3393 1721 3660 1781 dilationsn
3687 1729 3723 1783 iu

2156 1783 2200 1838 Β
2226 1816 2358 1859 voce
2379 1803 2624 1871 corvina,
2646 1805 2744 1862 sed
2763 1807 3160 1866 confessionem
3187 1810 3242 1865 in
3265 1814 3722 1882 gemitueolurnhim.

2225 1893 2352 1951 Haec
2380 1894 2545 1965 igitur
2570 1907 2691 1966 age,
2715 1896 2855 1964 haec,
2880 1914 2914 1954 ο
2943 1899 3325 1969 dilectissime,
3353 1907 3490 1961 omni
3515 1908 3725 1979 vigilantia

2223 1987 2602 2058 circumspice.
2633 1989 2918 2047 llaecenim
2949 1991 3420 2064 incircumspecta,
3446 2009 3638 2068 quantos
3646 2003 3724 2070 jam

2224 2077 2380 2134 initia
2409 2080 2570 2134 bona:
2598 2079 2897 2138 voluntatis
2925 2081 3210 2150 habentes,
3243 2085 3332 2141 vel
3357 2098 3568 2146 asancto
3585 2107 3727 2162 μαινο-

2224 2167 2331 2224 sito
2361 2167 2696 2235 deﬂexerint,
2729 2170 2813 2227 vel
2840 2171 2908 2226 ad
2935 2173 3113 2229 minus
3153 2174 3347 2231 idonea
3376 2179 3727 2237 declinantem-

2223 2260 2336 2317 rint
2361 2261 2574 2332 (nescio
2595 2263 2763 2320 etiam
2801 2279 2871 2320 an
2921 2265 2976 2321 in
3015 2266 3418 2324 damnationem
3467 2271 3724 2342 impulerint)

2223 2351 2646 2421 reminiscimur,
2697 2355 2968 2423 audimus,
3021 2358 3274 2416 videmus
3313 2370 3376 2416 et.
3427 2362 3648 2418 dolemus.
3680 2364 3728 2420 lit

2221 2457 2354 2504 vero
2387 2461 2499 2500 rem
2531 2449 2602 2502 ad
2633 2445 2885 2504 eii‘ectum
2917 2451 3264 2520 perduxeris,
3299 2453 3421 2509 vide
3440 2455 3729 2525 quosiractus

2219 2535 2394 2594 beatre
2427 2536 2554 2593 vitae
2580 2539 2763 2598 statim
2793 2555 2988 2612 capere
3043 2542 3298 2613 incipies.
3339 2545 3576 2613 Primum,
3600 2549 3728 2608 omnis

2221 2628 2422 2699 pagina
2448 2630 2588 2685 sacri
2619 2630 2841 2702 eloquii,
2871 2647 3037 2703 quam
3066 2635 3227 2690 modo
3259 2646 3474 2707 propter
3496 2654 3668 2706 morum
3693 2650 3732 2694 et

2223 2719 2345 2784 vita:
2371 2721 2886 2789 dissimilitudinem,
2919 2725 3070 2780 velut
3104 2729 3398 2796 quemdam
3443 2731 3731 2787 invim-ihiirm

2220 2812 2590 2868 adversarium
2612 2815 2774 2870 reniti
2825 2816 2932 2872 tibi
2977 2819 3170 2881 sentis.
3200 2829 3259 2874 et
3303 2820 3544 2877 reluctari
3581 2808 3638 2876 ita
3665 2823 3733 2879 tibi

2221 2905 2524 2971 conveniet,
2557 2905 2630 2962 ita
2661 2907 2784 2963 vitae
2807 2916 2913 2962 tua:
2934 2911 3734 2983 consonabit,utcautandupsal-

2219 3012 2362 3063 mos,
2389 3014 2496 3053 non
2531 2999 2623 3054 tibi
2655 3000 3021 3070 prophetiam,
3054 3018 3160 3058 non
3185 3004 3357 3064 verba
3391 3004 3458 3060 ab
3479 3004 3572 3060 alio
3587 3006 3734 3061 dictata

2145 3132 2189 3193 Β
2221 3104 2456 3160 pangere
2470 3091 2728 3157 videaris,
2753 3092 2848 3147 sed
2877 3093 3034 3162 quasi
3065 3095 3289 3164 propria
3305 3095 3735 3152 devotissinmora-

2227 3184 2388 3251 tionis
2411 3184 2573 3240 verba
2600 3200 2786 3241 coram
2803 3186 2912 3241 Deo
2938 3185 3189 3243 fundere.
3213 3187 3289 3244 Ut
3313 3204 3439 3244 vero
3469 3188 3644 3244 morale
3659 3203 3736 3242 em

2221 3279 2364 3348 quod
2393 3277 2624 3343 dicetur,
2652 3278 2799 3336 velut
2826 3281 3116 3350 quamdam
3145 3283 3328 3348 vocis,
3355 3291 3410 3338 et
3437 3283 3548 3338 vitae
3572 3283 3738 3337 harmo-

2219 3370 2389 3437 niam,
2417 3370 2511 3427 tibi
2553 3369 2946 3438 dulcissimam,
2978 3371 3092 3430 Deo
3113 3381 3304 3428 autem
3330 3373 3658 3444 gratissimam
3677 3387 3738 3426 rc-

2218 3462 2460 3520 sonabis.
2497 3463 2704 3532 Quibus
2755 3463 2950 3534 epulis,
2979 3464 3178 3536 quibus
3218 3467 3544 3523 musicorum
3585 3465 3739 3522 instru-

2218 3556 2437 3619 mentis,
2469 3556 2670 3627 quibus
2711 3557 2946 3628 gaudiis,
2979 3557 3066 3614 vel
3091 3557 3178 3614 cui
3229 3558 3362 3615 vitat
3395 3559 3618 3614 humana
3634 3557 3738 3612 dele-

2214 3647 2441 3710 ctationi
2480 3659 2564 3706 est
2586 3649 2692 3706 ista
2737 3647 3055 3716 iucunditas
3093 3650 3462 3708 conferenda?
3486 3653 3743 3709 Adverteet

2216 3739 2386 3803 aliud.
2420 3755 2524 3796 non
2565 3741 2762 3797 minori
2799 3741 3161 3812 iucunditate,
3191 3753 3252 3799 et
3291 3744 3634 3802 delectatione
3661 3743 3739 3814 ple-

2215 3847 2368 3896 num,
2398 3833 2506 3890 imo
2545 3835 2798 3890 cronibus
2845 3835 3066 3903 divitiis,
3101 3838 3364 3895 omnibus
3411 3838 3628 3900 omnino,
3655 3849 3743 3904 qua

2207 3921 2451 3992 jucunda
2479 3924 2563 3979 vel
2591 3925 2928 3982 delectabilia
2976 3927 3030 3982 in
3070 3927 3182 3982 vitn
3226 3927 3466 3984 humana
3511 3928 3740 3986 ducuntur,

2213 4013 2631 4084 praeferendum.
2661 4015 2973 4071 Beatissimi
3006 4015 3196 4072 Patres
3240 4017 3580 4084 Ambrosius,
3608 4019 3745 4085 Augu-

2211 4105 2412 4172 stinus,
2451 4107 2840 4180 Hieronymus,
2887 4107 3202 4180 Gregorius,
3237 4120 3408 4180 atque
3435 4109 3541 4177 alii,
3567 4121 3742 4178 quorum

2211 4195 2444 4266 quisque
2467 4197 2520 4252 in
2552 4197 2908 4255 tabernaculo
2936 4199 3030 4255 Dei
3058 4198 3236 4266 oﬂ'ert,
3271 4202 3423 4271 quod
3463 4209 3638 4272 potest,
3659 4214 3747 4254 cer-

2212 4287 2366 4342 tatim
2411 4288 2506 4342 tibi
2551 4288 2688 4360 legis
2735 4289 3020 4360 aenigmata
3073 4291 3376 4357 resolvent,
3419 4292 3743 4364 prophetarum

2207 4378 2429 4437 oracula
2451 4389 2745 4449 exponent,
2773 4391 2830 4436 et
2855 4381 3146 4452 quamdam
3171 4382 3438 4439 iueﬂ'abili
3469 4383 3644 4453 gaudio
3666 4381 3747 4451 ple-

513 4475 730 4537 _cialiler
749 4474 1260 4545 exspectare,Vide,
1290 4475 1532 4545 inquam,
1563 4482 1824 4544 quamam
1852 4473 2106 4530 ﬁduciam
2140 4481 2185 4538 ι)
2211 4480 2335 4518 nam
2366 4465 2503 4521 Novi
2535 4476 2589 4522 et
2616 4465 2831 4524 Veteris
2869 4468 3204 4526 Testamenti
3236 4471 3651 4528 convenientiam
3676 4468 3744 4521 tibi

519 4566 718 4622 habeat
758 4567 899 4638 apud
944 4566 1113 4622 Deum
1161 4565 1498 4622 conscientia
1543 4565 1723 4632 bona;
1769 4565 1852 4621 sic
1895 4565 2108 4622 scilicet

517 4658 723 4723 vivere,
759 4666 820 4713 ut
855 4657 1154 4714 secundum
1200 4655 1555 4726 apostolicam
1605 4656 1933 4712 sententiam
1979 4671 1995 4712 :
2047 4655 2104 4712 in

516 4749 604 4807 itis
642 4765 765 4822 qua:
804 4752 1037 4822 agimus,
1077 4766 1169 4806 eor
1197 4760 1433 4804 nostrum
1475 4766 1580 4806 non
1621 4749 1967 4820 reprehendat
2010 4765 2106 4806 nos

500 4841 571 4913 .(I
595 4841 758 4898 Joan.
785 4856 868 4910 ιη,
899 4841 1013 4910 2|).
1044 4840 1242 4896 Tutum
1275 4840 1442 4912 igitur
1474 4849 1600 4912 pete
1645 4849 1886 4911 por-tum.
1912 4838 2106 4896 Merito

513 4932 1296 5004 imperitizearguitur.nauta,
1323 4931 1442 5002 qui,
1486 4944 1610 4986 cum
1652 4938 1840 5000 posset
1888 4929 2104 4987 tutioris

510 5033 702 5092 portus
727 5028 880 5080 sinus
906 5023 1130 5090 intrare,
1163 5031 1532 5096 tempestuoso
1569 5020 1745 5077 littori
1782 5033 1842 5077 se
1878 5021 2102 5078 credere

514 5128 625 5171 non
677 5114 952 5176 formidat.
999 5115 1141 5184 Quid
1192 5117 1417 5188 prodest
1459 5114 1788 5186 enavigasse
1851 5114 2098 5186 pelagus,

514 5207 758 5264 evasisse
785 5208 1070 5280 procellas,
1099 5209 1144 5266 si
1176 5211 1244 5266 ad
1273 5210 1428 5268 littus
1453 5217 1671 5267 metuas
1689 5208 1844 5266 idem
1872 5208 2099 5267 naufra-

512 5299 689 5371 gium,
716 5310 771 5356 et
796 5301 1102 5372 importuna
1124 5303 1347 5372 crepido
1371 5302 1621 5373 naufragi
1651 5301 1856 5357 littoris
1878 5304 2096 5373 puppim

498 5391 720 5448 illidat?
749 5392 876 5450 Haec
900 5394 1067 5467 igitur
1105 5394 1486 5465 circumspice,
1511 5402 1568 5450 et
1597 5405 1658 5450 ut
1696 5394 1874 5451 fidelis
1901 5395 2096 5451 animae

499 5492 618 5540 .tua:
641 5484 991 5551 consiliarius
1016 5485 1311 5558 diligenter
1341 5486 1567 5545 adverte
1597 5502 1613 5543 :
1643 5493 1700 5542 et
1734 5485 2095 5557 pusillanimis

493 5576 555 5630 .si
599 5574 740 5633 forte
767 5576 900 5633 illud
926 5591 988 5634 es
1015 5577 1135 5648 (sed
1165 5577 1309 5636 absit
1327 5579 1444 5647 hoc
1473 5593 1507 5634 a
1538 5579 1668 5649 te!)
1695 5593 1818 5636 esse
1839 5578 2090 5636 desistas.

495 5665 751 5731 Tertium
789 5683 1007 5740 quoque
1054 5683 1272 5734 moneo,
1299 5678 1365 5739 ut
1403 5670 1635 5729 orationi
1667 5669 2004 5726 creberrime
2039 5679 2095 5726 et

509 5759 860 5818 vehementer
889 5760 1131 5829 insistas.
1161 5760 1240 5818 ibi
1260 5761 1305 5819 si
1337 5758 1688 5830 ﬁducialiter,
1721 5777 1830 5820 non
1864 5761 2085 5829 timide;

2212 4567 2522 4615 monstrare
2547 4560 2898 4616 contendent.
2934 4560 3026 4617 ille
3062 4563 3158 4617 tibi
3191 4565 3578 4620 retributiones
3601 4560 3749 4631 impio-

2208 4670 2329 4710 rum
2359 4653 2678 4721 declarabit,
2709 4654 2797 4712 ille
2823 4656 3016 4727 gaudia
3049 4666 3267 4714 aeternae
3297 4659 3430 4714 vita:
3449 4654 3746 4715 monstrabit;

2201 4744 2298 4804 .ille
2329 4754 2380 4800 te
2412 4744 2467 4800 in
2498 4745 3018 4816 contemplationem.
3047 4748 3245 4818 rapiet,
3279 4748 3378 4804 ille
3407 4747 3504 4808 tibi
3533 4747 3749 4816 lacrymas

2205 4841 2308 4910 piae
2329 4838 2762 4908 compunctionis
2785 4841 3050 4906 excutiet,
3083 4839 3178 4896 ille
3211 4849 3264 4896 te
3300 4840 3376 4896 ad
3417 4837 3747 4896 humilitatem.

2205 4929 2294 4988 ille
2317 4930 2383 4988 ad
2411 4929 2752 5001 patientiam,
2783 4930 2872 4986 ille
2897 4931 2967 4986 ad
3019 4933 3358 4998 castitatem,
3395 4933 3489 4989 hic
3517 4929 3582 4986 ad
3612 4926 3752 4985 mode-

2200 5022 2382 5088 stiam,
2419 5021 2507 5078 ille
2532 5021 2600 5078 ad
2631 5022 3052 5093 benignitatem,
3080 5022 3171 5078 hic
3192 5022 3260 5078 ad
3285 5020 3750 5094 (mansuetudinem.

2199 5113 2294 5186 ille
2306 5114 2371 5170 ad
2387 5115 2570 5183 tidem,
2589 5114 2692 5170 iste
2709 5115 2777 5170 ad
2796 5129 2973 5185 spem,
2990 5129 3179 5170 omnes
3201 5127 3334 5170 vero
3355 5123 3411 5171 te
3433 5108 3755 5169 informabmsl

2200 5207 2270 5283 ad
2291 5207 2610 5264 charitatem
2627 5224 2642 5262 :
2658 5221 2759 5262 nec
2780 5215 2906 5261 ante
2927 5207 3234 5272 cessabunt,
3256 5207 3441 5263 donec
3455 5206 3524 5260 ita
3546 5215 3754 5260 aerisoni-

2197 5309 2381 5372 matus
2401 5301 2610 5357 invenia
2619 5301 2713 5364 ris,
2739 5299 2945 5370 Spiritu
2963 5308 3152 5355 sancto
3165 5299 3371 5368 ubique
3386 5290 3755 5368 operante,uhi-

2197 5407 2304 5463 que
2333 5393 2700 5464 dispensante,
2734 5400 2794 5446 ut
2814 5406 3072 5447 occurras
3098 5391 3154 5446 in
3179 5391 3356 5453 virum
3385 5390 3689 5462 perfectum,
3715 5384 3753 5436 in

2197 5497 2507 5538 mensuram
2532 5483 2710 5540 aetatis
2730 5481 3083 5554 plenitudinis
3103 5481 3328 5536 Christi.
3379 5480 3508 5536 llaec
3528 5475 3699 5552 gaudia
3715 5479 3756 5526 et

2190 5573 2504 5646 huiusmodi
2533 5573 2813 5646 dispensat
2831 5575 3083 5631 Christus
3110 5571 3380 5628 militibus
3402 5572 3537 5634 suis,
3575 5563 3752 5622 interim

2194 5666 2324 5721 dum
2354 5664 2776 5722 differtzeterna.
2809 5665 2961 5722 lianc
2994 5678 3236 5720 mensam
3262 5662 3349 5718 eis
3373 5661 3594 5716 interim
3623 5667 3754 5726 appo-

2191 5762 2304 5818 Suit
2325 5759 2499 5817 donec
2545 5759 2832 5832 cpulcntur
2871 5769 2926 5818 et
2953 5759 3225 5820 exsultent
3263 5757 3320 5812 in
3365 5761 3652 5824 conspectu
3683 5745 3755 5801 ολ
