3984 6424
183 399 288 460 M3

1439 358 1801 460 erismae
1841 400 2172 471 QUINQUE.

3349 365 3487 465 sui

185 532 239 577 et
256 517 654 574 delectenturln
673 517 876 574 laetitia.
897 518 966 574 lis
982 515 1416 589 iuterim’gaudiis
1428 530 1524 574 eos
1539 515 1764 587 solatur,
1791 522 1843 582 Α
1873 517 2070 584 tendis,
2103 516 2263 574 modo
2287 515 2572 587 prolixius,
2605 514 2766 573 modo
2789 518 3224 588 compendiosius
3250 523 3454 578 estim-

187 613 292 667 imo
319 613 433 666 haec
465 609 659 681 gaudia
682 610 1144 681 superabundanti
1185 609 1372 666 fenore
1418 619 1766 681 compensate

188 701 529 771 multiplicat,
550 713 657 771 pro
675 700 886 774 gaudiis
906 705 1034 757 vitae
1059 701 1376 772 *presentis,
1399 715 1521 772 qua:
1543 700 1771 771 relique-

183 802 338 858 runt,
360 794 532 852 donec
557 793 870 864 centuplum
915 794 1197 866 accipiant
1221 801 1274 850 et
1315 793 1484 848 vitam
1508 802 1768 849 aeternam

183 885 509 955 possideant.
554 884 737 941 Pauca
783 885 1004 957 quidem
1053 895 1215 953 sunt,
1257 898 1400 957 quae
1427 886 1524 943 tibi
1585 886 1769 942 dicere

182 989 420 1046 possum,
450 977 640 1047 utpote
663 976 1028 1034 milesadhuc
1047 979 1118 1034 ad
1130 993 1267 1034 nova
1296 979 1436 1036 bella
1466 979 1643 1045 rudis;
1669 979 1766 1035 sed

94 1059 112 1122 i
181 1080 431 1138 tupensa
457 1081 651 1140 magna
672 1069 748 1125 vde
774 1066 1031 1137 minimis,
1074 1071 1308 1142 plurima
1343 1072 1410 1126 de
1439 1073 1648 1142 paucis.
1681 1071 1765 1128 Ab

179 1159 244 1214 iis
271 1160 484 1228 gaudiis
513 1168 566 1216 te
603 1161 788 1216 tandiu
819 1161 1064 1220 abfuisse
1097 1177 1304 1233 gemes,
1335 1173 1392 1218 et
1421 1163 1568 1220 dices
1595 1180 1610 1218 :
1646 1162 1766 1218 Hes

177 1252 336 1306 mihi!
369 1254 496 1324 quia
543 1253 801 1309 iaculatus
855 1271 1003 1312 meus
1050 1258 1391 1328 prolongatus
1444 1268 1520 1312 est
1575 1257 1762 1329 (Psal.

175 1357 322 1411 extr,
345 1343 425 1414 5),
453 1353 559 1400 etc.
590 1347 674 1402 Ad
696 1345 912 1403 labores
941 1356 992 1403 te
1014 1349 1198 1404 vocari
1228 1349 1507 1413 credebas,
1534 1349 1603 1404 ad
1630 1365 1768 1420 gaui-

176 1435 342 1490 diate
373 1436 563 1493 invito.
595 1436 732 1495 Veni
773 1447 926 1512 ergo,
959 1456 1028 1497 ne
1056 1441 1293 1509 diﬁ‘eras,
1323 1450 1379 1498 et
1412 1456 1624 1498 mecum
1664 1444 1764 1499 bo-

177 1541 293 1582 rum
321 1529 646 1599 gaudiorum
680 1530 909 1599 fructus,
941 1541 998 1589 et
1035 1534 1244 1605 pariter
1285 1534 1400 1604 spei
1435 1543 1766 1590 :eternorum

174 1635 336 1691 carpe
381 1621 660 1680 libamina.
697 1623 823 1680 llaec
852 1626 1048 1697 gaudia
1078 1641 1180 1682 nec
1231 1627 1507 1683 somniare
1537 1636 1768 1698 possunt

174 1714 261 1784 qui
283 1716 636 1772 saecularibus
667 1718 849 1775 causis
878 1726 935 1774 et
956 1720 1210 1791 negotiis,
1250 1726 1307 1774 et
1327 1720 1494 1775 variis
1522 1721 1647 1776 vitae
1675 1735 1770 1776 vo-

174 1802 476 1874 luptatibus
510 1813 568 1862 et
600 1807 747 1864 curis
794 1807 1123 1864 inserviunt.
1160 1809 1376 1865 Amisso
1397 1811 1541 1866 enim
1583 1823 1765 1880 sensu,

173 1897 372 1968 stupidi
399 1899 581 1963 corde,
611 1907 667 1955 et
697 1900 850 1970 quasi
882 1899 1255 1958 iebricitantes
1281 1911 1426 1958 sunt.
1459 1901 1612 1958 Licet
1641 1917 1768 1958 sua-

171 1988 278 2058 via,
308 1989 438 2047 licet
464 1991 644 2047 dulcia
687 1991 919 2057 fercula,
971 2001 1027 2048 et
1078 1992 1274 2064 pocula
1314 1992 1513 2050 oﬂ'eras
1543 1993 1766 2051 febrici-

172 2079 331 2148 tanti,
364 2096 472 2137 non
496 2082 715 2152 sapiunt
743 2083 813 2150 ei,
848 2082 974 2153 quia
1003 2097 1222 2140 sensum
1244 2099 1351 2140 non
1381 2085 1563 2142 habet.
1586 2085 1768 2142 Multi-

171 2171 415 2228 tudinem
460 2174 661 2243 quippe
691 2173 995 2230 dulcedinis
1043 2191 1156 2231 sum
1185 2175 1469 2232 abscondit
1507 2175 1768 2235 Dominus

171 2262 490 2319 timentibus
518 2278 596 2319 se.
631 2263 741 2321 lllis
770 2265 979 2322 scilicet
1001 2267 1288 2323 abscondit
1311 2267 1380 2324 ah
1414 2268 1561 2333 aliis:
1593 2277 1652 2324 nt
1690 2269 1767 2326 illi

167 2353 432 2420 sentiant,
465 2353 556 2410 alii
590 2369 719 2410 non.
752 2353 903 2428 Rogo
943 2366 1133 2429 auten)
1177 2367 1238 2414 ut
1264 2375 1368 2414 non
1397 2359 1765 2429 prolixitatem

166 2447 462 2501 verborum
490 2461 686 2517 penses
712 2449 1114 2506 multitudinem
1141 2451 1446 2507 charitatis.
1478 2450 1764 2523 Nunquam

169 2537 313 2592 enim
343 2538 478 2593 mihi
515 2540 648 2595 satis
669 2540 896 2606 dixisse,
921 2557 1199 2613 nunquam
1223 2544 1356 2600 satis
1378 2544 1574 2601 fecisse
1607 2546 1764 2604 vide-

170 2629 286 2695 bor,
319 2629 492 2686 donec
519 2631 855 2689 voluntatem
887 2633 1110 2700 Christi,
1143 2645 1197 2690 et
1218 2633 1548 2690 desiderium
1582 2651 1765 2693 meum

173 2717 500 2788 impleveris.
537 2721 685 2777 Vale.
720 2721 929 2779 Educat
961 2730 1013 2780 te
1042 2723 1302 2780 Dominus
1339 2725 1408 2780 de
1447 2725 1567 2782 lacu
1605 2727 1766 2783 mise-

173 2811 264 2865 ria:
306 2822 361 2867 et
387 2811 455 2868 de
482 2813 592 2869 luto
643 2812 810 2884 furcis,
839 2825 894 2872 et
936 2825 1141 2873 statuat
1169 2832 1330 2887 supra
1362 2825 1566 2889 petram
1601 2820 1766 2890 pedes

175 2911 311 2969 tuos,
343 2914 400 2960 et
431 2900 669 2978 dirigere
707 2908 960 2980 dignetur
991 2925 1208 2982 gressus
1241 2919 1379 2966 tuos.
1411 2911 1620 2983 Eripiat
1647 2913 1766 2968 ani-

175 3011 311 3050 mant
343 3007 494 3052 tuam
525 3000 591 3056 de
624 3011 827 3069 morte,
873 3002 1059 3059 oculos
1086 3014 1206 3060 tuos
1235 3020 1266 3059 a
1293 3002 1568 3078 lacrymis,
1602 3006 1767 3077 pedes

176 3093 288 3142 tuos
315 3102 345 3142 a
374 3087 551 3160 lapsu.
583 3090 778 3150 Amen.

744 3185 1082 3243 El’lSTOLA
1121 3187 1185 3243 ll.

765 3293 833 3333 AD
865 3293 1172 3335 LA'IOLDUM.

707 3369 784 3425 De
826 3372 980 3425 modo
1015 3372 1224 3431 orandi.

237 3454 500 3516 Lucano
531 3460 682 3518 fratri
722 3463 1069 3531 charissima,
1124 3464 1292 3521 frater
1318 3463 1581 3535 Joassss,
1627 3467 1770 3524 salu-

177 3557 298 3607 tem.
895 3573 918 3588 -'
1285 3577 1288 3582 '

239 3643 421 3716 Nuper
465 3659 589 3703 cum
617 3647 682 3703 de
710 3651 870 3704 modo
909 3648 1104 3705 orandi
1160 3651 1424 3720 quaerenti
1465 3650 1580 3716 tibi,
1625 3653 1767 3722 quod

177 3731 394 3791 Domino
454 3736 618 3792 dante
659 3738 793 3794 mihi
841 3736 1016 3796 visum
1055 3749 1140 3796 est
1170 3743 1594 3814 respondissem,
1621 3760 1770 3801 sum-

177 3839 394 3900 utopere,
412 3827 730 3898 postulasti,
769 3841 828 3885 ut
852 3829 1058 3901 scripto
1087 3831 1185 3887 tibi
1208 3831 1502 3904 dirigerem
1534 3843 1647 3892 tres
1673 3851 1768 3906 pe-

179 3915 416 3986 titiones,
455 3919 510 3974 in
547 3919 744 3976 auibus
789 3935 1057 3976 summam
1101 3923 1442 3990 orationum,
1487 3939 1623 3995 quas
1667 3941 1766 3998 pro

177 4007 322 4065 nobis
353 4009 558 4082 singuli
592 4008 845 4076 facimus,
873 4010 1120 4066 dixeram
1151 4023 1404 4069 constare
1439 4014 1656 4070 debere.
1699 4015 1768 4071 Et

177 4098 294 4166 quia
320 4101 386 4157 ad
413 4101 770 4157 excitandum
799 4101 1103 4158 devotionis
1130 4102 1382 4160 allectum
1400 4147 1414 4172 ,
1457 4106 1561 4162 hoc
1593 4107 1762 4178 pluri—

178 4205 316 4248 mum
362 4192 553 4251 valere
618 4193 888 4262 dixeram,
935 4194 982 4251 si
1032 4209 1139 4251 non
1186 4212 1400 4268 semper
1449 4200 1761 4255 eorumdem

177 4297 323 4340 usum
352 4284 652 4340 verborum
681 4301 1006 4357 sequamur;
1036 4289 1131 4345 sed
1157 4298 1316 4360 prout
1335 4288 1560 4346 allectus
1590 4290 1763 4347 dicta-

177 4377 327 4444 verit,
363 4379 538 4435 verba
565 4379 865 4448 variantes,
890 4381 975 4436 vel
1005 4395 1072 4436 ex
1101 4380 1230 4452 ipsis
1257 4382 1614 4452 orationibus,
1643 4381 1763 4452 qui-

180 4467 269 4522 bus
288 4470 498 4524 utimur
527 4471 575 4521 in
606 4470 866 4537 Rt't'lcsltt,
897 4472 980 4527 vel
1010 4487 1077 4528 ex
1104 4473 1283 4528 verbis
1302 4489 1584 4530 sacrarum
1614 4475 1761 4532 Scri-

1872 612 2224 678 morandum,
2252 619 2413 681 prout
2439 626 2498 668 se
2521 610 2686 668 habet
2730 613 2815 669 vel
2859 614 3116 684 temporis
3141 620 3452 688 opportuni-

1873 713 1980 770 tas,
2005 704 2090 760 vel
2119 705 2419 762 devotionis
2451 705 2696 762 allectus.
2737 706 2864 762 Plus
2895 721 3023 764 vero
3047 722 3155 779 quo
3179 708 3370 765 allectu
3399 721 3455 770 et

1869 798 2166 865 desiderio,
2196 814 2358 870 quam
2389 798 2587 871 quibus
2609 798 2792 856 verbis
2816 799 2918 856 ista
2949 800 3182 871 petenda
3215 802 3326 856 sint
3355 817 3454 858 cu-

1869 903 1995 946 rare
2021 888 2299 948 debemus.
2337 888 2477 948 Deus
2502 891 2646 947 enim
2677 907 2783 948 non
2823 876 3048 950 necesse
3090 892 3250 956 habet
3274 901 3329 948 ut
3357 909 3460 968 nos

1867 980 1918 1038 ei
1947 980 2348 1049 necessitatem,
2372 981 2456 1038 vel
2479 982 2809 1040 voluntatem
2837 993 3078 1045 nostram
3101 984 3279 1039 verbis
3301 984 3457 1055 quasi

1868 1070 2304 1141 manifestemus,
2333 1073 2425 1144 qui
2463 1072 2636 1145 (sicut
2668 1073 2897 1147 legitur)
2945 1073 3050 1132 scit
3085 1073 3280 1144 quibus
3323 1090 3458 1144 opus

1870 1167 1942 1221 sit
1967 1165 2148 1231 nobis,
2177 1177 2472 1237 antequam
2493 1178 2739 1238 petamus
2766 1183 2920 1236 eum;
2963 1167 3058 1224 sed
3093 1183 3193 1224 nos
3221 1166 3460 1226 inellabir

1867 1256 1994 1315 liter
2021 1257 2343 1330 indigemus,
2381 1268 2440 1315 ut
2464 1261 2581 1331 ejus
2624 1258 2887 1320 beneﬁcia
2931 1259 3144 1317 ardenti
3189 1259 3458 1340 desiderio

1867 1348 2196 1426 ﬂagitemus.
2248 1351 2362 1408 lloc
2403 1361 2586 1408 autem
2631 1362 2778 1408 tanto
2831 1351 3105 1409 elliracius
3139 1367 3458 1423 possumus;

1868 1453 2076 1514 quanto
2114 1445 2293 1515 gratia
2323 1442 2562 1516 Spiritus
2591 1445 2766 1500 sancti
2793 1443 3048 1515 adjuvare
3077 1445 3327 1515 dignatur
3357 1460 3458 1498 no-
3488 1434 3490 1436 ’

1869 1545 2038 1592 stram
2065 1536 2459 1594 infirmitatem.
2490 1537 2716 1594 Dicente
2735 1552 2966 1608 namque
2990 1537 3250 1608 Apostolo
3277 1555 3289 1590 :
3319 1534 3459 1602 Quid

1870 1645 2079 1685 oremus
2109 1631 2242 1700 sicut
2274 1639 2472 1700 Oportet
2492 1631 2782 1696 ,uescimus,
2813 1631 2904 1685 sed
2926 1631 3034 1699 ipse
3062 1629 3293 1700 Spiritus
3338 1645 3462 1684 san-

1871 1732 1987 1778 ctus
2051 1723 2284 1794 postulat
2332 1740 2428 1794 pro
2470 1725 2642 1797 nobis
2695 1724 2971 1795 gemitibus
3016 1722 3461 1778 inenarrabilibus

1875 1814 2050 1885 (Rom.
2075 1826 2194 1879 vin,
2216 1815 2334 1888 26).
2353 1815 2616 1882 Postulat,
2648 1816 2804 1883 dixit,
2838 1817 2990 1874 idest
3011 1814 3284 1886 postulare
3309 1813 3462 1878 facit,

1871 1904 1956 1961 vel
1992 1905 2301 1976 postulandi
2327 1915 2548 1976 praestat
2577 1905 2852 1962 allectum.
2885 1906 3041 1963 Nunc
3063 1907 3131 1962 ad
3164 1915 3274 1960 tres
3298 1917 3464 1973 supra

1866 1997 2074 2069 positas
2097 1996 2387 2066 petitiones
2409 2007 2766 2052 revertamur.
2798 1995 3040 2051 Primum
3071 2010 3204 2068 ergo
3232 1993 3464 2064 petenda

1869 2097 1953 2146 est
1973 2088 2306 2159 indulgentia
2332 2097 2702 2159 peccatorum,
2729 2102 2837 2142 non
2862 2101 3051 2142 eorum
3079 2092 3463 2152 tantum,quo_-

1868 2199 1992 2240 rum
2015 2182 2170 2240 nobis
2197 2181 2406 2238 conscii
2433 2197 2644 2247 sumus,
2671 2181 2723 2236 id
2749 2188 2854 2248 est,
2886 2179 3164 2248 inquibus
3200 2191 3300 2231 nos
3323 2174 3461 2231 deli-

1867 2278 2052 2348 (Ιυίεεθ
2075 2279 2451 2350 cognovimus,
2475 2277 2572 2336 sed
2598 2285 2656 2333 et
2681 2289 2872 2333 eorum
2899 2274 2954 2332 in
2982 2272 3179 2343 quibus
3205 2270 3460 2342 ignoran-

1870 2378 1954 2426 ter
1997 2369 2132 2440 lapsi
2181 2384 2388 2428 sumus.
2441 2368 2501 2425 Si
2551 2368 2696 2424 enim
2744 2366 2917 2438 culpae
2967 2378 3104 2435 quas
3147 2362 3463 2432 ignorantcr

1868 2459 2245 2516 commisimus
2284 2475 2394 2515 non
2429 2467 2615 2516 essent
2649 2457 2920 2520 timendae,
2961 2468 3070 2510 non
3103 2453 3377 2510 diceretur
3399 2449 3461 2522 in

1868 2545 2086 2602 Psalmo
2116 2546 2496 2620 :llguorantias
2525 2562 2668 2602 meas
2694 2561 2758 2601 ne
2787 2544 3084 2602 memineris
3111 2540 3285 2613 (Psal.
3309 2555 3460 2606 xxxv,

1867 2636 1948 2709 7).
1987 2637 2054 2693 Et
2075 2637 2370 2708 Apostolus
2405 2653 2528 2694 cum
2559 2636 2788 2694 dixisset
2821 2649 2836 2690 :
2882 2633 3037 2690 Nihil
3065 2633 3195 2688 mihi
3224 2646 3464 2688 conscias

1865 2745 2006 2796 sum,
2046 2729 2307 2804 continuo
2347 2727 2589 2784 addidit:
2627 2727 2719 2783 sed
2771 2742 2875 2782 non
2903 2724 2960 2780 in
2993 2724 3091 2778 hoc
3133 2721 3461 2800 justiﬁcatus

1870 2835 1989 2878 sum
2014 2819 2074 2890 (Ι
2107 2819 2235 2876 Cor.
2266 2835 2341 2884 tv,
2372 2819 2470 2890 4):
2508 2817 2758 2873 videlicet
2785 2830 2845 2872 se
2866 2816 2920 2872 in
2953 2811 3138 2869 multis
3177 2826 3276 2882 per
3311 2809 3462 2880 igne-

1870 2911 2107 2967 rantiam
2135 2910 2453 2981 deliquisse,
2500 2908 2585 2965 vel
2623 2907 2938 2977 delinquere
2966 2903 3209 2974 potuisse
3249 2896 3465 2977 signiﬁf

1869 3018 2023 3066 cans.
2053 3003 2216 3059 Juxta
2247 3004 2390 3074 quod
2419 3011 2476 3059 et
2499 3001 2638 3058 alius
2661 2997 2940 3072 apostolus
2965 2995 3102 3068 dixit
3127 3013 3140 3046 :
3185 2991 3254 3047 In
3284 2987 3462 3068 multis

1861 3095 2012 3149 enim
2038 3094 2353 3164 o/fendimus
2383 3111 2560 3150 omnes
2589 3092 2734 3162 (Jac.
2762 3107 2842 3156 ιιι,
2870 3089 2950 3160 9).
2987 3087 3045 3141 ln
3070 3084 3463 3152 secundavvcro

1706 3203 1708 3206 '
1793 3207 1842 3270 ο
1869 3186 2132 3261 petitione
2173 3188 2279 3242 duo
2303 3195 2562 3260 praeterea
2594 3184 2706 3241 dixi
2734 3196 2857 3240 esse
2893 3176 3240 3251 postulanda,
3355 3181 3460 3270 est,

1871 3295 1980 3354 non
2009 3281 2180 3335 solum
2205 3271 2609 3351 operationem,
2629 3277 2724 3333 sed
2770 3285 2826 3332 et
2871 3273 3236 3344 cognitionem
3269 3265 3464 3322 divina:

1869 3364 2208 3428 voluntatis:
2239 3370 2364 3441 quia
2412 3370 2568 3425 facile
2607 3375 2754 3423 errat
2809 3365 2933 3436 quis
2978 3365 3033 3419 in
3061 3376 3127 3419 eo
3170 3359 3315 3430 quod
3354 3369 3460 3411 n0n

1871 3462 2154 3535 intelligit,
2201 3471 2256 3518 et
2295 3471 2477 3533 potest
2514 3459 2688 3530 decipi
2723 3456 2904 3530 specie
2938 3455 3096 3520 recti,
3133 3463 3192 3507 ut
3213 3451 3464 3506 videatur

1869 3553 1942 3613 ei.
1980 3552 2123 3624 quod
2150 3553 2348 3608 bonum
2381 3559 2482 3615 est,
2516 3549 2739 3619 malum,
2765 3557 2818 3605 et
2838 3546 2983 3618 quod
3007 3545 3205 3602 malum
3231 3550 3334 3605 est,
3369 3541 3464 3632 bo}

1869 3658 2022 3698 nutn.
2065 3642 2215 3699 Unde
2243 3643 2502 3713 propheta
2533 3656 2548 3696 :
2589 3639 2678 3696 Va:
2704 3640 2786 3694 his
2814 3639 2905 3710 qui
2933 3638 3113 3691 dicunt
3144 3633 3342 3688 malum
3374 3630 3464 3684 (:04

1870 3751 2018 3804 num,
2040 3746 2087 3792 et
2121 3736 2312 3791 bonum
2339 3735 2538 3788 malum
2565 3732 2702 3805 (lsa.
2729 3747 2792 3796 v,-
2813 3730 2926 3802 20).
2959 3727 3111 3796 Quod
3137 3741 3206 3780 ne
3247 3737 3345 3778 nos
3377 3722 3463 3776 in-

1868 3843 2174 3894 curramus,
2203 3827 2456 3896 iubemur
2484 3826 2539 3880 in
2569 3822 2859 3895 Evangelio
2885 3836 3010 3878 cum
3037 3818 3302 3876 columbae
3333 3815 3464 3870 sim-

1867 3919 2139 3989 plicitate,
2175 3917 2520 3988 prudentiam
2563 3914 2835 3984 serpentis
2889 3912 3090 3968 habere
3135 3907 3354 3979 (Matth.
3405 3919 3462 3968 ς,

1871 4009 1981 4077 l6);
2027 4024 2190 4080 quam
2231 4009 2325 4080 qui
2365 4009 2588 4074 habent,
2629 4007 2776 4076 luget
2802 4018 2897 4062 eos
2933 4002 3218 4075 propheta,
3242 4000 3461 4056 dicens:

1869 4100 2123 4170 Ephraim
2147 4099 2320 4169 [actus
2342 4107 2420 4154 est
2447 4099 2585 4153 sicut
2609 4096 2850 4160 columba
2874 4095 3110 4162 seducta,
3137 4108 3242 4147 non
3271 4091 3465 4147 habens

1866 4213 1959 4253 cor
1987 4197 2133 4266 (Ose.
2166 4212 2265 4262 vn,
2303 4194 2413 4266 ll).
2453 4193 2591 4262 Quia
2644 4193 2863 4264 quidam
2912 4189 3154 4246 volentes
3201 4185 3466 4243 columba

1865 4289 2270 4359 simplicitatem
2319 4288 2539 4352 sectari,
2571 4301 2636 4342 eo
2683 4283 2828 4356 quod
2876 4299 2990 4352 cor,
3037 4283 3089 4337 id
3128 4289 3230 4347 est,
3262 4277 3464 4335 intelli-

1864 4383 2104 4458 gentiam
2138 4381 2383 4438 veritatis
2407 4397 2512 4435 non
2549 4379 2771 4442 habent,
2813 4376 3148 4432 seducuntur
3176 4382 3230 4428 et
3255 4377 3462 4426 errant.

1855 4475 2009 4544 Quas
2037 4477 2291 4530 tenebras
2318 4471 2523 4526 erroris
2564 4479 2618 4524 et
2659 4468 2975 4540 ignorantiae
3000 4478 3070 4519 ne
3098 4478 3197 4518 nos
3220 4462 3463 4516 incurra-

177 4567 480 4627 pturarum,
507 4561 800 4632 petitiones
843 4572 1060 4618 nostras
1089 4563 1467 4632 informemus,
1500 4566 1603 4622 hoc
1628 4583 1768 4638 quo-
1800 4561 1845 4617 Ι)
1871 4583 2012 4633 mus,
2040 4567 2189 4622 omni
2221 4565 2480 4621 instantia
2505 4571 2561 4617 et
2586 4562 2766 4618 studio
2793 4560 3058 4615 orandum
3094 4564 3200 4618 est,
3231 4564 3290 4610 ut
3316 4553 3464 4610 illum

180 4663 276 4718 que
298 4652 652 4709 devotissitne
673 4654 920 4724 petiisti,
957 4664 1018 4709 ut
1064 4654 1246 4725 aliqua
1278 4654 1372 4710 tibi
1403 4657 1456 4710 in
1481 4657 1626 4713 hunc
1655 4673 1771 4715 mo-

180 4742 299 4799 dum
326 4747 768 4814 conscriberem;
795 4748 992 4818 quibus
1018 4747 1383 4804 commonitus
1405 4749 1546 4804 banc
1573 4750 1769 4806 orandi

182 4831 402 4894 formam
435 4840 593 4912 sequi
615 4824 844 4897 valeres.
873 4841 1175 4913 Postposita
1207 4844 1371 4916 igitur
1388 4842 1768 4910 excusatione,

183 4941 247 4982 ne
270 4932 452 4998 potius
486 4933 744 4988 charitati
792 4931 1056 5001 defuisse,
1094 4947 1256 5003 quam
1291 4933 1437 5005 juste
1481 4949 1772 4992 excusasse

187 5019 413 5090 viderer,
447 5038 548 5094 pro
570 5024 780 5080 viribus
814 5023 1247 5094 quas'Dominus
1270 5024 1404 5081 dare
1441 5025 1769 5098 dignabitur,

188 5109 447 5170 desiderio
476 5123 569 5171 tuo
598 5115 916 5174 satisfacere
965 5117 1188 5173 curabo.
1242 5116 1384 5173 Malo
1421 5118 1568 5173 enim
1602 5127 1661 5173 ut
1685 5133 1773 5176 me

192 5201 451 5274 imperitia
484 5221 604 5262 mea
630 5217 872 5274 accuset,
900 5221 1064 5280 quam
1094 5223 1215 5281 quas
1240 5208 1308 5266 de
1337 5208 1501 5266 corde
1542 5219 1636 5265 tuo
1668 5209 1774 5266 hoc

185 5292 329 5361 jubet
357 5299 618 5367 charitas,
643 5309 881 5358 accuset.

467 5390 571 5446 llic
598 5394 844 5463 proponit
875 5393 980 5449 tria
1007 5409 1118 5449 esse
1145 5392 1486 5465 postulanda.
1539 5411 1546 5416 '

256 5478 421 5550 Igitur
448 5495 709 5555 quantum
738 5487 997 5556 parvitati
1043 5502 1177 5542 meae
1206 5487 1356 5544 dedit
1394 5485 1658 5542 Dominus
1687 5485 1772 5540 in-

196 5570 446 5645 telligere,
479 5578 580 5635 tria
618 5579 879 5638 debemus
915 5580 1112 5652 singuli
1149 5595 1248 5651 pro
1269 5581 1425 5637 nobis
1453 5581 1507 5636 in
1528 5581 1775 5638 oratione

194 5673 388 5729 petere.
419 5667 660 5726 Primum
688 5672 902 5729 veniam
925 5672 1266 5729 delictorum.
1302 5673 1505 5729 Deinde
1542 5674 1774 5745 agnitio-

196 5770 310 5811 nem
340 5767 394 5815 et
416 5764 792 5834 operationem
833 5760 1030 5824 divina:
1067 5765 1381 5822 voluntatis.
1413 5764 1598 5822 'l‘ertio
1626 5766 1774 5823 salu-

197 5849 298 5900 tem
321 5857 603 5924 aeternam,
632 5869 754 5927 quae
791 5863 871 5913 est
901 5855 954 5912 in
991 5853 1228 5913 Christo.
1278 5855 1332 5912 ln
1383 5854 1450 5913 iis
1473 5864 1654 5913 autem
1683 5871 1774 5928 pe-

1872 4657 2238 4714 sincerissima
2278 4663 2334 4712 et
2367 4651 2910 4725 perseverantissima
2960 4647 3265 4704 imitatione
3311 4642 3464 4714 sequi

1874 4765 2204 4815 mereamur,
2235 4748 2326 4819 qui
2356 4748 2487 4804 dicit
2515 4763 2528 4801 :
2564 4745 2666 4813 Qui
2691 4744 2928 4816 sequitur
2955 4759 3061 4810 me,
3097 4756 3200 4796 non
3231 4737 3465 4794 ambulat

1872 4841 1930 4896 in
1956 4840 2212 4908 tenebris,
2263 4839 2355 4894 sed
2399 4837 2773 4892 liabet-lumen
2801 4835 2922 4890 vitae
2961 4833 3143 4906 (Joan.
3193 4845 3316 4895 vin,
3350 4827 3463 4899 η).

1873 4932 2133 5002 Operatio
2173 4947 2303 4986 vero
2330 4931 2528 4985 divina:
2550 4927 2845 4984 voluntatis
2881 4926 2934 4981 in
2968 4923 3072 4980 illis
3101 4921 3312 4979 duobus
3335 4934 3468 4976 con-

1873 5023 2037 5091 sistit,
2074 5039 2195 5095 quae
2230 5023 2466 5079 breviter
2491 5034 2763 5101 expressa.
2794 5026 2943 5085 sunt,
2973 5015 3064 5073 ubi
3095 5015 3298 5072 dictum
3328 5021 3415 5071 est
3447 5031 3463 5068 :

1874 5117 2093 5172 Declina
2123 5133 2155 5170 a
2181 5114 2391 5170 malo-et
2419 5112 2505 5183 fac
2527 5113 2720 5168 bonum
2753 5109 2926 5182 (Psal.
2970 5122 3155 5175 xxxvr,
3181 5106 3296 5178 27).
3336 5104 3467 5172 Qua:

1875 5208 1980 5261 duo
2006 5221 2168 5276 quam
2190 5203 2519 5277 generaliter
2561 5201 3022 5271 comprehendant
3054 5197 3319 5285 quidquid
3347 5195 3463 5252 ubi-

1877 5314 1982 5370 que
2011 5300 2063 5354 in
2094 5298 2395 5371 Scriplttris
2416 5285 2746 5368 praecipitur,
2787 5295 2945 5352 facile
2964 5293 3190 5367 quilibet
3217 5290 3464 5349 animad-

1879 5396 2059 5448 vertit.
2117 5391 2303 5448 Tertio
2342 5392 2520 5464 (sicut
2547 5391 2689 5461 dixi)
2721 5390 2953 5461 petenda
2988 5389 3205 5447 estvita
3237 5393 3462 5450 eterna,

1875 5498 1936 5542 ut
1963 5486 2192 5558 simplici
2241 5486 2421 5552 oculo,
2469 5487 2520 5542 id
2564 5494 2670 5554 est,
2725 5485 2940 5541 sincera
2975 5482 3278 5538 intentione
3295 5478 3464 5534 Deum

1875 5595 2208 5649 quaeramus;
2241 5588 2295 5635 et
2341 5578 2395 5634 in
2449 5579 2700 5635 omnibus
2745 5592 2866 5648 quae
2915 5575 3144 5646 agimus,
3190 5587 3367 5644 neque
3396 5571 3466 5627 ad

1877 5670 2174 5738 appetitum
2203 5669 2378 5725 laudis
2400 5669 2676 5746 humanae,
2709 5669 2852 5738 quod
2885 5675 2968 5723 est
2999 5663 3336 5736 bypocrysis;
3370 5676 3466 5720 ne-

1876 5777 1980 5829 que
2007 5760 2077 5815 ad
2102 5760 2365 5831 quidlibet
2388 5760 2555 5826 aliud,
2589 5759 2691 5813 nisi
2727 5767 2935 5813 tantum
2963 5757 3031 5812 ad
3053 5755 3221 5813 Deum
3251 5753 3473 5811 haben-‘

1878 5853 2002 5908 dum
2027 5862 2208 5910 nostra
2233 5852 2481 5910 ﬂectatur
2508 5850 2755 5907 intrntio.
2788 5848 2854 5907 lu
2882 5847 3235 5921 simplicitate,
3264 5840 3477 5919 inquit,‘
