3984 6404
600 372 717 462 cui

1489 375 1773 436 JOANNIS
1811 373 2064 433 CARTH.
2107 365 2489 431 l’OﬂTABUM
2529 362 2836 426 MONACHI
3701 372 3769 429 ,ιο

598 502 772 560 cordis
793 497 1013 571 qurerite
1043 492 1191 552 illitm
1216 491 1370 564 (δαν.
1396 505 1437 557 t,
1468 488 1542 559 l).
1575 489 1678 544 Et:
1711 485 1793 543 Ne
1817 485 2096 542 accesseris
2121 485 2190 539 ad
2219 487 2267 553 Α
2297 489 2407 548 tur,
2433 478 2791 542 ostendimus,
2825 482 3005 549 potest
3036 473 3261 546 quilibet
3292 489 3396 531 una
3434 474 3577 533 simul
3600 483 3773 538 statione

602 594 771 652 Deum
796 589 994 662 duplici
1020 588 1175 643 corde
1201 583 1371 658 (Eccl.
1403 597 1446 649 t,
1481 579 1596 651 36).

853 704 930 759 De
953 702 1061 758 illis
1087 715 1206 772 qute
1233 693 1566 753 inueniuntur
1603 696 1661 750 in
1688 692 1928 765 psalmis.

606 823 608 826 ’
675 819 804 876 Haec
829 827 1009 874 autem
1047 814 1172 879 tria,
1204 812 1319 867 sive
1347 819 1603 881 quatuor,
1631 823 1796 878 quam
1827 805 2195 876 multipliciter

603 923 662 970 et
702 911 855 969 varie
887 912 943 966 in
971 904 1287 977 Scripturis,
1317 912 1374 959 et
1402 901 1636 959 maxime
1667 902 1721 957 in
1751 900 1977 972 psalmis
2009 907 2196 969 petan-

607 1017 717 1072 tur,
747 1003 905 1060 facile
929 1007 1104 1072 potest
1133 998 1442 1060 advertere,
1475 995 1566 1064 qni
1609 993 1924 1063 diligentem
1949 991 2194 1047 auditum

605 1095 804 1151 divinis
832 1092 1063 1163 eloquiis
1091 1089 1242 1145 novit
1262 1087 1542 1143 adhibere.
1565 1087 1644 1141 Ex
1660 1087 1858 1156 quibus
1881 1084 2028 1154 iuxta
2063 1081 2198 1154 peti-

604 1185 806 1242 tionem
838 1193 980 1238 tuam
1013 1180 1191 1252 aliqua
1213 1195 1434 1251 ponam,
1464 1186 1524 1232 ut
1548 1193 1613 1232 ex
1646 1178 1730 1231 his
1761 1186 1920 1246 prout
1943 1176 2036 1230 tibi
2076 1174 2200 1245 Spi-

604 1277 988 1332 ritus‘sanctus
1010 1272 1281 1342 inspirare
1304 1270 1644 1341 dignabitur)
1673 1278 1728 1323 et
1775 1266 1940 1321 verba
1985 1266 2042 1321 in
2075 1281 2201 1322 ora-

602 1367 752 1422 tione
777 1365 989 1420 variare
1014 1362 1216 1430 discas,
1261 1359 1408 1431 quod
1442 1360 1511 1414 ad
1553 1357 1897 1413 excitandam
1948 1355 2194 1411 devotio-

603 1470 731 1513 nem
763 1455 946 1511 valere
972 1454 1116 1518 dixi,
1148 1466 1203 1508 et
1228 1451 1523 1522 petitiones
1547 1458 1666 1503 tuas
1693 1461 1862 1516 queas
1883 1445 2197 1502 informare.

805 1546 885 1602 De
909 1545 1017 1600 illis
1041 1561 1161 1614 qutc
1181 1543 1352 1598 ualent
1379 1542 1448 1595 ad
1470 1539 1746 1612 petendam
1773 1539 1995 1594 veniam.

676 1639 758 1694 Ad
785 1639 1078 1710 petendam
1108 1637 1270 1705 igitur
1315 1633 1533 1688 veniam
1572 1630 1914 1696 delictorum,
1964 1628 2066 1684 ista
2108 1643 2200 1681 va-

608 1729 868 1801 lentquat
917 1730 970 1784 in
1029 1727 1253 1800 psalmls
1298 1726 1471 1796 posita
1501 1733 1664 1780 sunt:
1713 1723 1790 1777 Ab
1821 1723 2041 1778 occultis
2071 1723 2199 1777 meis

607 1823 807 1916 munda
830 1837 932 1888 me,
965 1819 1187 1874 Domine
1213 1816 1388 1888 (Psal.
1421 1831 1574 1880 xvrrt,
1606 1814 1719 1884 15).
1752 1813 1816 1868 Et
1834 1829 1858 1916 ε.
1891 1812 2092 1868 Delicta
2109 1812 2200 1884 ju-
2229 1835 2275 1896 Β
2304 1873 2334 1916 e

607 1913 829 1968 veniatis
849 1927 1002 1978 meas,
1025 1922 1073 1966 et
1100 1910 1430 1982 ignorantias
1457 1924 1602 1962 meas
1617 1923 1681 1962 ne
1702 1906 1999 1962 memineris
2023 1905 2199 1977 (Psal.

603 2019 759 2070 xstv,
788 2004 865 2075 7).
898 2003 998 2057 Et:
1042 2001 1268 2071 Propter
1291 2017 1480 2054 nomen
1509 2010 1657 2054 tuum
1684 1997 2072 2069 propitiaberis,
2097 1997 2205 2053 D0-

605 2094 768 2161 mine,
807 2085 1022 2162 peccato
1064 2107 1198 2157 meo,
1232 2090 1458 2145 multum
1492 2099 1570 2144 est
1592 2089 1732 2144 enim
1773 2086 1938 2158 (ibid.
1964 2087 2076 2157 Η).
2105 2087 2203 2141 Et:

617 2184 746 2240 Vide
772 2183 1117 2239 humilitatem
1147 2197 1314 2237 nteant
1339 2191 1388 2237 et
1421 2181 1654 2234 laborem
1690 2194 1886 2244 meum,
1914 2187 1962 2233 et
2001 2176 2207 2231 dimitte

606 2279 852 2334 universa
889 2277 1079 2332 delicta
1110 2293 1226 2332 mea
1260 2276 1442 2347 (ibid.,
1491 2273 1611 2345 18).
1646 2273 1738 2328 Et:
1774 2271 1859 2328 Ne
1905 2271 2205 2328 memineris

607 2371 944 2438 iniquitatum
974 2379 1278 2424 nostrarum
1302 2368 1670 2436 antiquarum,
1696 2365 1788 2418 sed
1809 2364 2070 2435 propitius
2095 2372 2206 2418 esto

608 2461 835 2530 peccatis
869 2460 1062 2514 nostris
1096 2469 1312 2528 propter
1347 2473 1538 2511 nomen
1574 2464 1724 2509 tuum
1759 2454 1937 2525 (Psal.
1977 2468 2206 2519 Lxxvttt,

609 2554 666 2615 8,
687 2551 765 2621 9).
795 2550 864 2606 Et
893 2567 911 2605 :
940 2549 1060 2605 Non
1093 2549 1256 2604 intres
1285 2549 1339 2603 in
1363 2547 1629 2619 judicium
1657 2561 1774 2599 cum
1798 2561 1944 2600 servo
1963 2553 2073 2608 tuo,
2101 2543 2212 2598 Do-

609 2641 772 2712 mine,
809 2641 934 2712 quia
957 2657 1062 2716 non
1089 2640 1480 2712 justiﬁcabitur
1511 2640 1568 2696 in
1603 2645 1881 2709 conspectu
1905 2646 1998 2691 tuo
2038 2634 2208 2690 omnis

609 2734 788 2788 vivens
813 2729 989 2804 (Psal.
1033 2735 1203 2798 chtt,
1249 2731 1346 2800 2).
1384 2729 1480 2786 Et:
1515 2730 1703 2786 Acerte
1748 2729 1938 2799 faciem
1988 2736 2134 2782 tuam
2177 2743 2210 2780 a

608 2822 844 2892 peccatis
870 2823 1025 2887 meis,
1056 2829 1106 2876 et
1151 2837 1330 2876 omnes
1369 2820 1676 2892 iniquitates
1717 2835 1860 2874 meas
1889 2817 2004 2873 dele
2032 2815 2207 2889 (Psal.

611 2929 666 2979 ι,
699 2913 810 2983 ll),
853 2921 908 2968 ct
930 2921 1152 2980 caetera,
1187 2927 1310 2984 quae
1345 2912 1399 2968 in
1427 2911 1642 2978 eodem,
1669 2920 1726 2968 et
1752 2911 1806 2966 in
1837 2909 1958 2965 aliis
1985 2908 2211 2980 psalmis

611 3005 816 3076 scripta
845 3013 990 3061 sunt.
1037 3004 1172 3062 Item
1215 3003 1344 3060 alibi
1374 3019 1391 3060 :
1431 3002 1514 3060 Ne
1549 3003 1929 3067 reminiscaris,
1961 3000 2209 3068 Domine,

612 3094 806 3150 delicta
830 3112 966 3163 mea,
997 3095 1078 3154 vel
1115 3105 1393 3166 parentum
1440 3111 1701 3162 meorum,
1737 3111 1902 3167 neque
1925 3093 2211 3150 uindictam

611 3205 796 3244 suntas
826 3187 892 3243 de
918 3190 1146 3259 peccatis
1170 3189 1300 3244 meis
1328 3185 1484 3260 (Tob.
1510 3203 1596 3255 tu,
1621 3187 1701 3258 3).

687 3305 893 3374 Quibus
917 3307 1174 3362 utendum
1209 3307 1276 3362 sit
1309 3307 1681 3379 adpetendam
1713 3303 2137 3378 intelligentiam.

687 3420 770 3476 Ad
797 3420 1081 3491 petendam
1110 3435 1240 3478 vero
1269 3420 1682 3493 intelligentiam
1709 3419 1984 3485 veritatis,
2015 3417 2100 3474 bis
2132 3416 2212 3472 uti

616 3526 935 3584 possumus,
965 3528 1090 3585 qua:
1114 3515 1181 3571 de
1216 3513 1406 3569 multis
1431 3529 1602 3584 pauca
1630 3527 2000 3568 commemoro
2031 3529 2045 3565 :
2077 3509 2215 3565 Illu-

615 3607 764 3663 rnina
806 3606 987 3662 oculos
1019 3622 1184 3674 meos,
1216 3623 1281 3662 ne
1321 3622 1558 3678 unquam
1601 3605 1932 3660 obdormiam
1965 3606 2022 3658 in
2050 3612 2217 3658 morte

617 3696 796 3766 (Psal.
829 3714 929 3765 xu,
961 3698 1041 3768 4).
1087 3698 1189 3754 Et:
1222 3697 1490 3765 Quoniam
1531 3707 1589 3752 tu
1632 3695 1905 3751 illuminas
1947 3693 2216 3749 lucernam

615 3807 812 3858 meam,
842 3790 1099 3856 Domine;
1145 3790 1289 3847 Dens
1318 3807 1488 3856 meus,
1515 3788 1762 3844 illumina
1786 3787 2022 3844 tenebras
2050 3802 2217 3852 meas,

615 3880 799 3950 (Psal.
826 3900 960 3950 xm,
996 3883 1112 3957 29).
1147 3883 1324 3940 Item:
1376 3880 1502 3938 Vias
1533 3892 1675 3949 tuas,
1719 3880 1964 3948 Domine,
2005 3879 2220 3934 demon-

616 3985 732 4032 stra
755 3978 910 4044 mihi,
939 3988 987 4033 et
1023 3979 1240 4034 semitas
1273 3989 1394 4033 tuas
1440 3977 1599 4032 edoce
1637 3993 1719 4031 me
1739 3973 1919 4048 (Psal.
1947 3965 2104 4042 inv,
2137 3973 2216 4044 4).

617 4069 721 4126 Et:
775 4070 976 4128 Notam
1019 4071 1104 4142 {ac
1151 4071 1282 4128 mihi
1319 4072 1461 4126 uiam
1494 4072 1551 4125 in
1595 4087 1700 4142 qua
1746 4069 2008 4125 ambulem
2041 4062 2217 4140 (Psal.

604 4176 786 4230 .cxut,
815 4163 893 4233 8).
921 4161 1024 4217 Et:
1055 4161 1198 4225 Doce
1217 4178 1305 4215 me
1322 4161 1499 4231 facere
1524 4163 1844 4214 voluntatem
1871 4170 2019 4213 tuant
2040 4158 2219 4239 (ibidu

607 4255 644 4308 .i
655 4253 732 4324 0).
756 4253 853 4308 Et:
884 4252 1020 4307 Doce
1042 4269 1124 4306 me
1137 4252 1548 4323 justiﬁcationes
1563 4260 1678 4305 tuas
1696 4249 1873 4322 (Psal.
1895 4263 2087 4316 cxvut,
2105 4249 2220 4320 26).

607 4322 716 4404 Et»:
765 4344 845 4399 Da
891 4343 1022 4399 mihi
1073 4343 1414 4410 intellectum,
1479 4351 1536 4396 ut
1576 4342 1780 4397 discam
1826 4324 2081 4396 mandata
2131 4349 2225 4396 tua
2325 4339 2502 4395 minas
2549 4352 2770 4392 omnem
2815 4333 3090 4390 hominem
3123 4331 3430 4385 venientem
3472 4322 3519 4376 iu

2294 583 2502 647 petere,
2525 571 2603 627 ita
2630 568 2862 627 dicendo
2894 586 2909 623 :

2815 665 3001 722 Oratio
3029 666 3100 720 ad
3129 661 3367 719 Patrem.

2363 763 2595 820 Domine
2617 769 2804 819 sancte
2829 759 3015 824 Pater,
3037 758 3130 829 qui
3160 757 3400 813 viviﬁcas
3423 765 3648 821 mortuos,
3665 767 3704 814 et
3724 775 3778 814 to

2297 869 2392 913 cas
2413 869 2476 910 ea
2503 869 2626 924 qua:
2656 865 2763 909 non
2791 857 2917 906 sunt
2942 836 3195 920 tanquam
3219 863 3284 903 ea
3307 862 3425 917 quae
3444 855 3574 912 sunt,
3593 849 3777 918 {peccam-

2297 963 2413 1004 rem
2443 961 2531 1002 me
2556 959 2773 1002 servum
2800 951 2976 1008 tuum,
3006 955 3168 1012 quem
3203 939 3276 996 de
3321 949 3489 994 morte
3527 949 3780 1010 peccatorum

2297 1053 2543 1097 meorum
2573 1037 2641 1092 ad
2671 1045 2820 1090 tuam
2844 1031 3275 1089 misericordiam
3307 1045 3494 1086 vocare
3516 1030 3710 1100 dignatus
3728 1047 3780 1096 es,

2298 1132 2368 1188 ab
2395 1129 2650 1187 omnibus
2678 1127 2919 1184 reatibus
2952 1135 3009 1181 et
3034 1123 3278 1194 peccatis
3304 1121 3437 1178 meis
3464 1121 3783 1178 misericorditer

2300 1217 2562 1274 absolve:
2600 1225 2654 1272 et
2691 1216 2819 1272 data
2841 1211 2974 1269 mihi
3015 1211 3372 1283 intelligentia
3413 1226 3511 1281 qua
3542 1211 3719 1276 videam,
3750 1220 3785 1265 et

2299 1311 2566 1369 cbaritate
2596 1324 2704 1380 qua
2727 1307 2966 1363 serviam
3014 1304 3113 1360 tibi
3135 1313 3190 1360 et
3217 1303 3396 1358 servis
3435 1302 3552 1369 tuis,
3575 1301 3642 1358 lac
3661 1317 3721 1357 me
3739 1302 3782 1355 iu

2299 1416 2517 1473 semper
2547 1401 2602 1455 in
2632 1408 2725 1455 tuo
2752 1395 3016 1453 famulatu
3063 1396 3132 1452 ad
3181 1395 3410 1452 meliora
3437 1394 3676 1464 prolicere,
3698 1405 3736 1446 ut
3751 1394 3783 1445 in

2301 1507 2466 1564 regno
2493 1501 2584 1546 tuo
2605 1499 2842 1560 emptum
2873 1501 3010 1559 opus
3038 1485 3428 1543 misericordiae
3456 1494 3548 1539 tua:
3572 1483 3616 1538 in
3635 1498 3697 1537 me
3716 1498 3787 1554 pet-

2302 1586 2475 1642 licias.
2516 1583 2622 1640 Per
2643 1583 2955 1647 Dominum,
2984 1589 3073 1636 etc

2730 1672 2851 1726 Alia
2895 1669 3068 1726 oratio
3112 1669 3182 1724 ad
3236 1667 3468 1722 Patrem.

2371 1766 2599 1822 Domine
2629 1773 2818 1841 sancte
2849 1763 3033 1828 Pater,
3070 1762 3162 1832 qui
3195 1760 3342 1830 quod
3379 1758 3593 1830 perierat
3615 1757 3785 1826 requiris.

2340 1866 2359 1913 t
2393 1856 2539 1928 quod
2581 1855 2849 1926 abiectum
2893 1862 3014 1909 erat
3055 1852 3295 1918 reducis,
3341 1860 3398 1906 et
3423 1849 3554 1920 quod
3587 1848 3732 1917 pingue
3757 1855 3789 1898 et

2307 1949 2446 2007 forte
2463 1948 2739 2022 custodis;
2779 1945 2991 2002 custodi
3034 1944 3182 2022 circa
3221 1958 3310 1998 me
3328 1955 3486 2012 opera
3512 1937 3788 1994 misericordia

2309 2052 2435 2110 tuae,
2459 2018 2916 2112 quem'errantem
2941 2018 3244 2107 requirere,
3273 2043 3331 2089 et
3355 2034 3423 2088 ad
3450 2046 3565 2088 oves
3582 2039 3672 2084 tuas
3691 2027 3790 2082 reth-

2308 2150 2434 2193 cere
2459 2134 2715 2204 dignatus
2740 2146 2821 2198 es,
2853 2139 2910 2185 et
2941 2142 3203 2185 concessa
3235 2124 3372 2181 mihi
3405 2124 3549 2197 plena
3581 2122 3697 2177 venia
3713 2135 3787 2174 om-

2309 2228 2458 2284 nium
2498 2225 2819 2281 delictorum
2866 2236 3133 2286 meorum,
3170 2219 3242 2274 da
3285 2216 3418 2272 mihi
3462 2214 3526 2268 ita
3569 2211 3788 2281 intelligere.

2308 2330 2364 2376 et
2385 2333 2508 2375 cum
2532 2315 2710 2373 debita
2732 2312 3136 2386 perseverantia
3163 2310 3351 2364 facere
3381 2303 3662 2363 voluntatem
3680 2309 3788 2362 tuam,

2312 2418 2373 2467 ut
2396 2403 2770 2464 misericordia
2801 2401 3132 2474 sempiterna
3171 2397 3480 2455 miserearis
3506 2394 3611 2451 mei.
3633 2389 3787 2446 Perbo-

2311 2500 2544 2565 minum,
2574 2502 2682 2577 etc.

2361 2609 2364 2611 ν
2847 2580 2985 2637 Item
3031 2579 3140 2634 alia
3184 2579 3384 2634 oratio.

2381 2678 2611 2736 Domino
2633 2685 2823 2734 sancte
2864 2673 3048 2738 Pater,
3081 2672 3173 2742 qui
3206 2685 3318 2727 non
3347 2669 3428 2724 vis
3457 2672 3645 2722 mortem
3669 2671 3792 2730 perc»

2313 2784 2514 2839 torum,
2547 2786 2649 2827 nec
2692 2767 2983 2826 delectaris
3027 2766 3083 2821 in
3116 2762 3510 2836 perditionibus
3538 2746 3793 2814 nostrisdcle

2311 2877 2372 2924 ut
2399 2867 2601 2922 nubem
2645 2861 2962 2934 iniquitates
2991 2872 3160 2922 meas,
3200 2865 3260 2911 et
3308 2852 3460 2925 quasi
3489 2846 3686 2906 nebulam

2313 2969 2434 3016 cata
2482 2974 2628 3025 mea,
2655 2965 2710 3013 et
2740 2931 2794 3010 in
2825 2953 3101 3027 agnitione
3147 2958 3205 3004 et
3258 2945 3559 3019 Operatione
3593 2931 3793 2993 voluntatis

2315 3058 2444 3116 tuae,
2471 3049 2557 3103 fac
2587 3061 2673 3102 me
2709 3045 2784 3100 ita
2815 3059 2938 3099 cum
2967 3042 3182 3097 sincera
3213 3036 3516 3093 humilitate
3540 3035 3791 3103 perseveran-

2317 3152 2425 3198 tem
2459 3140 2660 3196 babere
2682 3136 3008 3209 profectum,
3037 3145 3098 3189 ut
3123 3131 3339 3189 salvum
3368 3144 3451 3185 me
3473 3121 3671 3182 faciasin
3690 3127 3793 3185 ream

2318 3243 2410 3290 tuo
2441 3231 2672 3289 cmlesti.
2708 3232 2810 3287 Per
2838 3227 3148 3284 Dominum.

2829 3320 3016 3378 Oratio
3057 3318 3128 3373 ad
3175 3315 3403 3372 Filium.

2387 3417 2612 3474 Domine
2633 3415 2759 3473 Jcsn
2785 3415 3026 3480 Christe,
3064 3413 3155 3482 qui
3196 3409 3394 3467 venisti
3420 3411 3632 3477 quaerere
3674 3400 3712 3448 et
3728 3386 3794 3444 sal-

2315 3527 2442 3565 vum
2490 3509 2674 3566 lacero
2710 3508 2854 3578 quod
2888 3505 3156 3579 perierat,
3208 3501 3423 3558 viviﬁca
3462 3510 3538 3552 me
3560 3493 3791 3579 peccatores!

2317 3619 2535 3661 Servum
2569 3612 2752 3668 tuum,
2805 3616 2968 3672 quem
3016 3597 3222 3654 vocasti
3253 3613 3267 3650 :
3297 3603 3354 3651 et
3397 3593 3523 3648 dans
3545 3573 3793 3672 mibi'intrilli:

2318 3694 2556 3768 gentiam
2586 3701 2642 3748 et
2689 3690 3092 3748 observantiam
3140 3687 3511 3742 mandatorum
3547 3661 3791 3768 tuorummltl

2319 3758 2613 3844 abundavit
2632 3770 2944 3857 peccatum,
2973 3783 3049 3838 ita
3077 3781 3164 3836 iac
3186 3778 3419 3852 gratiam
3449 3758 3792 3857 superabunt”?

2320 3888 2382 3936 ut
2414 3877 2802 3947 redemptionis
2870 3883 2928 3930 et
2969 3868 3391 3929 resurrectionis
3438 3873 3531 3918 tua:
3563 3848 3793 3949 cum-electis

2323 3973 2432 4028 tuis
2471 3985 2562 4028 me
2607 3969 2780 4026 iacias
2816 3966 3090 4024 veraciter
3143 3976 3271 4020 esse
3308 3954 3613 4032 participem.
3654 3943 3791 4008 Quill‘

2321 4064 2424 4132 vis,
2452 4073 2560 4122 etc.

2791 4151 2916 4207 Alia
2938 4149 3110 4205 oratio
3138 4146 3208 4201 ad
3231 4144 3281 4200 F
3285 4145 3452 4199 ilium.

2398 4243 2628 4303 Domine
2665 4243 2794 4300 Jesu
2841 4225 3079 4305 Christe,
3109 4237 3201 4309 qui
3229 4251 3291 4292 es
3322 4234 3410 4288 lux
3449 4239 3581 4288 vera.
3616 4229 3702 4287 (1³⁸³⁵

2815 4335 2830 4349 ι
2948 4333 2960 4345 ο
3017 4348 3022 4349 ,
3071 4347 3080 4349 _
3123 4331 3427 4349 _--,_!--.-...
3472 4322 3517 4349 :..
3563 4317 3674 4349 Imm!
3696 4318 3730 4349 m

3563 4317 3674 4371 hunc
3696 4317 3792 4357 ῐιιιιιν

3723 4204 3793 4261 illat-

617 4382 716 4401 μ..
765 4382 845 4399 υ..
1076 4382 1414 4410 ....ο........,.,
1481 4382 1534 4396 ...
1576 4382 1780 4397 ......υη
1827 4382 2081 4396 ...πη-...
2131 4382 2225 4396 .....
2325 4382 2502 4395 .........,
2551 4382 2770 4392 ν.....-...
2816 4382 3090 4390 ------------
3747 4382 3790 4398 ,.

617 4436 798 4506 (ibid.,
832 4437 950 4504 73),
999 4443 1107 4492 etc.
1159 4435 1263 4504 Qui
1295 4447 1426 4499 vero
1458 4433 1634 4490 dicit:
1671 4431 1886 4488 Utinam
1927 4433 2226 4503 dirigantur
2328 4431 2476 4498 dum,
2507 4428 2662 4485 aufer
2685 4425 2936 4484 tenebras
2951 4432 3297 4496 peccatorum
3320 4386 3790 4506 meorum-emtum"

618 4483 798 4506 \"""s
841 4483 950 4504 -νη
1002 4483 1107 4492 νη-
1165 4483 1263 4504 ιρ-
1307 4483 1422 4499 me
1463 4483 1633 4490 --ν-τ-
1928 4483 2212 4503 "mra-w-
2334 4483 2475 4498 ηηκ.
2610 4483 2648 4485 -ν
2717 4483 2728 4484 κ
2951 4483 2967 4496 .

617 4528 714 4584 nire
749 4545 879 4584 mea:
915 4529 986 4583 ad
1031 4527 1406 4583 custodiendas
1444 4525 1854 4598 justi/icationes
1892 4534 2010 4580 tuas
2047 4524 2221 4597 (ibid.,
2251 4531 2300 4593 ι)
2327 4521 2658 4579 illuminatos
2693 4519 2882 4576 oculos
2910 4516 3110 4578 cordis.
3160 4513 3229 4568 ad
3269 4501 3656 4582 cognoscendum
3685 4483 3792 4598 fit:

724 4620 818 4678 Et:
848 4619 1028 4681 Deduc
1049 4636 1130 4686 me
1156 4619 1210 4674 in
1233 4617 1472 4673 semitam
1499 4615 1872 4670 mandatorum
1909 4613 2083 4686 (ibid.,
2102 4614 2215 4686 35);

615 4721 676 4772 et
713 4710 983 4778 :Gressus
1029 4729 1170 4781 meos
1214 4711 1382 4782 dirige
1423 4709 1712 4765 secundant
1751 4708 2018 4780 eloquium
2070 4716 2220 4762 tuum

606 4807 814 4878 .(ibid.,
858 4807 1176 4876 15,5):et
1224 4811 1423 4860 caetera
1473 4794 1595 4873 Quae
1669 4801 1724 4857 in
1781 4800 1888 4857 hoc
1943 4801 2222 4873 praecipue

602 4899 855 4970 psalmo,
891 4895 986 4968 qui
1021 4910 1132 4967 pra:
1160 4893 1374 4952 caeteris
1412 4892 1636 4948 moralis
1665 4899 1770 4958 est,
1803 4899 1967 4966 atque
2005 4891 2060 4946 in
2100 4889 2222 4945 aliis

619 4989 848 5062 psalmis
894 4989 964 5054 in,
993 4990 1141 5047 hunc
1198 4985 1421 5045 modum
1477 4984 1681 5059 posita,
1732 4983 1960 5057 intelligi
2001 4982 2220 5054 quidem

619 5087 872 5151 possunt,
899 5080 996 5136 sed
1037 5079 1312 5137 numerari
1353 5077 1445 5134 vix
1488 5085 1736 5150 possunt.
1783 5074 1888 5145 Qui
1929 5069 2063 5146 ergo
2104 5076 2220 5131 haec
2315 5096 2318 5100 ·

623 5180 682 5228 et
713 5169 1021 5253 huiusmodi
1059 5173 1211 5238 dicit,
1236 5171 1369 5243 quid
1390 5170 1500 5228 nisi
1544 5169 1880 5239 voluntatem
1913 5167 2008 5224 Dei
2040 5166 2223 5224 facere

559 5260 561 5262 ’
621 5265 850 5337 qumrit;
895 5265 990 5339 qui
1015 5276 1196 5345 autem
1224 5267 1317 5337 pio
1335 5266 1536 5338 gemitu
1563 5263 1699 5322 dicit
1724 5281 1740 5321 :
1772 5264 1892 5320 Heu
1916 5265 2078 5320 mihi!
2095 5263 2221 5336 quia

622 5358 887 5415 incolatu:
917 5373 1063 5414 meus
1107 5357 1449 5429 prolongatus
1475 5358 1585 5413 est!
1622 5356 1798 5430 (Psal.
1829 5372 1979 5425 cxrx,
2007 5355 2088 5428 5.)
2119 5355 2217 5410 Et:

625 5451 755 5508 Non
783 5449 1081 5521 confundas
1106 5464 1188 5504 me
1211 5447 1275 5502 ab
1293 5434 1672 5516 exspectatione
1692 5464 1808 5502 mea
1832 5445 2005 5520 (Psal.
2032 5461 2220 5511 cxvm,

605 5545 777 5610 illi).
828 5543 936 5600 Et:
973 5542 1201 5612 Quando
1238 5539 1441 5595 veniam
1472 5549 1522 5594 et
1567 5541 1826 5610 apparebo
1875 5550 1997 5594 ante
2031 5539 2222 5610 facient

629 5636 726 5702 Dei
773 5633 949 5708 (Psal.
977 5651 1092 5701 xm,
1122 5634 1200 5703 5),
1238 5641 1296 5688 et
1332 5639 1530 5688 czetera
1556 5628 1897 5697 huiusmodi;
1932 5631 2118 5703 utique
2143 5631 2222 5686 vi-

627 5729 837 5783 sionem
868 5725 984 5792 Dei,
1017 5735 1074 5782 et
1092 5726 1215 5783 vitae
1243 5731 1460 5779 aeterna:
1499 5720 1767 5793 promissa
1799 5720 2070 5778 desidera.
2098 5722 2224 5778 llaec

633 5825 815 5872 autem
849 5831 968 5888 qua:
1007 5815 1279 5889 quomodo
1309 5813 1584 5886 sigillatim
1616 5811 1670 5870 in
1704 5810 2004 5883 Scripturis
2031 5820 2219 5885 potan-

2301 4616 2391 4682 _ad
2438 4611 2842 4684 intelligendam
2905 4616 2960 4664 et
3008 4604 3316 4663 faciendam
3372 4597 3614 4654 voluntate

3617 4598 3655 4636 ηι
3685 4582 3788 4629 ωιτν,

2321 4719 2424 4760 nec
2455 4719 2542 4759 me
2573 4668 2818 4758 dimittas
2852 4700 2905 4756 in
2935 4706 3262 4772 perpetuum
3287 4709 3321 4749 a
3349 4700 3399 4747 te
3423 4668 3791 4757 separari-;Q"i"'

2322 4795 2424 4860 vis,
2451 4803 2558 4850 etc.
3721 4844 3730 4856 _

2589 4886 2771 4956 itaque
2803 4884 2859 4940 in
2904 4883 3055 4939 hunc
3095 4879 3316 4937 modum
3351 4872 3498 4948 plura
3527 4860 3615 4922 dici
3639 4849 3788 4926 βοείων

2326 4994 2428 5036 nos
2449 4979 2565 5035 haec
2585 4978 2833 5050 posuisse
2857 4961 3112 5033 suﬁiciat.

2823 5069 2904 5125 De
2929 5068 3170 5124 oratione
3191 5078 3418 5119 morosa.

2395 5163 2624 5232 Qﬂidam
2655 5171 2840 5218 autem
2875 5177 2978 5234 pro
3013 5155 3350 5230 imploranda
3378 5147 3520 5207 venia
3551 5130 3785 5234 deﬁcior:

2323 5255 2596 5311 morosius
2645 5262 2700 5308 et
2735 5221 3035 5309 studiosius
3073 5221 3266 5315 orant;
3309 5253 3364 5301 et
3404 5235 3689 5313 peccator“In
3713 5221 3786 5268 πθ

2325 5364 2448 5405 rum
2478 5347 2907 5419 magnitudinem
2936 5343 3022 5400 vel
3061 5339 3453 5400 multitudinem
3478 5317 3690 5419 attentius.

2323 5406 2652 5509 sideranms,
2682 5459 2789 5500 non
2833 5453 2942 5498 tam
2973 5440 3179 5508 verbis,
3204 5451 3364 5510 quam
3405 5424 3599 5504 gemilu,
3621 5406 3786 5510 et

2324 5538 2452 5604 mis,
2501 5537 2685 5594 cordis
2720 5535 3041 5600 contritiet
3088 5530 3350 5589 bumiliati
3415 5511 3680 5604 sacriﬁciall

2325 5629 2580 5704 offerunt,
2610 5645 2717 5686 non
2747 5641 2925 5685 tamen
2952 5609 3143 5685 eodem
3188 5626 3392 5681 fervore
3419 5627 3517 5687 prie
3535 5590 3783 5704 οεξίέξίδξῗξ

2330 5676 2580 5704 ....-.-..-,
2611 5676 2717 5686 ..-..
2748 5676 2925 5685 ._...--.
2955 5676 3143 5685 -------
3188 5676 3257 5681 ---
3282 5676 3288 5678 .
3315 5676 3318 5677 ν
3422 5676 3434 5687 .
3702 5677 3710 5686 .

2330 5738 2494 5796 supra
2535 5722 2713 5793 posita
2743 5729 2872 5778 sunt
2905 5735 3067 5778 orare
3109 5717 3365 5773 valentes.
3403 5707 3504 5762 Hoc
3528 5676 3783 5796 allicit“

2326 5772 2623 5889 Pignublrlsr
2661 5814 2716 5871 ίιΙ
2747 5821 2850 5881 εει,
2878 5828 3048 5884 nuper
3070 5805 3369 5874 conversis,
3396 5797 3514 5858 solet
3546 5772 3782 5844 οοιιῑίιιδεην
