  <div class='ocr_page' id='page_1' title='image "/cluster/home/n/w/nwhite01/storage/ocr_20150623/153/hvd.32044015473812/464.png"; bbox 0 0 3984 6428; ppageno 0'>
   <div class='ocr_carea' id='block_1_1' title="bbox 210 343 315 398">
    <p class='ocr_par' dir='ltr' id='par_1_1' title="bbox 210 343 315 398">
     <span class='ocr_line' id='line_1_1' title="bbox 210 343 315 398; baseline 0 0"><span class='ocrx_word' id='word_1_1' title='bbox 210 343 315 398; x_wconf 73' lang='grc' dir='ltr'><strong>9η</strong></span> 
     </span>
    </p>
   </div>
   <div class='ocr_carea' id='block_1_2' title="bbox 1459 338 2186 413">
    <p class='ocr_par' dir='ltr' id='par_1_2' title="bbox 1459 338 2186 413">
     <span class='ocr_line' id='line_1_2' title="bbox 1459 338 2186 413; baseline 0.003 -15"><span class='ocrx_word' id='word_1_2' title='bbox 1459 338 1818 398; x_wconf 66' lang='grc' dir='ltr'><strong>Εριδτοιιε</strong></span> <span class='ocrx_word' id='word_1_3' title='bbox 1858 340 2186 413; x_wconf 78' lang='lat' dir='ltr'><strong>QUINQUE.</strong></span> 
     </span>
    </p>
   </div>
   <div class='ocr_carea' id='block_1_3' title="bbox 3382 357 3488 416">
    <p class='ocr_par' dir='ltr' id='par_1_3' title="bbox 3382 357 3488 416">
     <span class='ocr_line' id='line_1_3' title="bbox 3382 357 3488 416; baseline 0.019 -3"><span class='ocrx_word' id='word_1_4' title='bbox 3382 357 3488 416; x_wconf 84' lang='lat' dir='ltr'><strong>9l8</strong></span> 
     </span>
    </p>
   </div>
   <div class='ocr_carea' id='block_1_4' title="bbox 205 452 3487 539">
    <p class='ocr_par' dir='ltr' id='par_1_4' title="bbox 205 452 3487 539">
     <span class='ocr_line' id='line_1_4' title="bbox 205 452 3487 539; baseline 0.005 -28"><span class='ocrx_word' id='word_1_5' title='bbox 205 459 454 530; x_wconf 73' lang='lat' dir='ltr'><strong>qualibus</strong></span> <span class='ocrx_word' id='word_1_6' title='bbox 488 456 618 513; x_wconf 94' lang='lat' dir='ltr'><strong>dicit</strong></span> <span class='ocrx_word' id='word_1_7' title='bbox 647 454 1163 527; x_wconf 65' lang='lat' dir='ltr'><strong>apostoluslacobus</strong></span> <span class='ocrx_word' id='word_1_8' title='bbox 1189 473 1201 508; x_wconf 74' lang='grc' dir='ltr'><em>ι</em></span> <span class='ocrx_word' id='word_1_9' title='bbox 1225 452 1409 510; x_wconf 73' lang='lat' dir='ltr'><strong>Miseri</strong></span> <span class='ocrx_word' id='word_1_10' title='bbox 1429 465 1673 521; x_wconf 77' lang='lat' dir='ltr'><strong>estote,et</strong></span> <span class='ocrx_word' id='word_1_11' title='bbox 1699 455 1786 510; x_wconf 56' lang='grc' dir='ltr'><strong>ιιι-</strong></span> <span class='ocrx_word' id='word_1_12' title='bbox 1815 458 1864 515; x_wconf 80' lang='grc' dir='ltr'><strong>Α</strong></span> <span class='ocrx_word' id='word_1_13' title='bbox 1889 455 2014 514; x_wconf 88' lang='lat' dir='ltr'><strong>lutis</strong></span> <span class='ocrx_word' id='word_1_14' title='bbox 2039 468 2274 515; x_wconf 63' lang='lat' dir='ltr'><strong>aeternas.</strong></span> <span class='ocrx_word' id='word_1_15' title='bbox 2294 458 2490 517; x_wconf 79' lang='lat' dir='ltr'><strong>Aliter:</strong></span> <span class='ocrx_word' id='word_1_16' title='bbox 2512 460 2621 518; x_wconf 85' lang='lat' dir='ltr'><strong>Fac</strong></span> <span class='ocrx_word' id='word_1_17' title='bbox 2639 475 2759 530; x_wconf 89' lang='lat' dir='ltr'><strong>eos,</strong></span> <span class='ocrx_word' id='word_1_18' title='bbox 2777 462 3025 531; x_wconf 90' lang='lat' dir='ltr'><strong>Domine,</strong></span> <span class='ocrx_word' id='word_1_19' title='bbox 3043 465 3234 538; x_wconf 81' lang='lat' dir='ltr'><strong>dignos</strong></span> <span class='ocrx_word' id='word_1_20' title='bbox 3258 470 3487 539; x_wconf 86' lang='lat' dir='ltr'><strong>promis-</strong></span> 
     </span>
    </p>
   </div>
   <div class='ocr_carea' id='block_1_5' title="bbox 213 545 1793 622">
    <p class='ocr_par' dir='ltr' id='par_1_5' title="bbox 213 545 1793 622">
     <span class='ocr_line' id='line_1_5' title="bbox 213 545 1793 622; baseline -0.002 -20"><span class='ocrx_word' id='word_1_21' title='bbox 213 559 346 622; x_wconf 78' lang='lat' dir='ltr'><strong>gete,</strong></span> <span class='ocrx_word' id='word_1_22' title='bbox 373 556 422 601; x_wconf 88' lang='lat' dir='ltr'><strong>et</strong></span> <span class='ocrx_word' id='word_1_23' title='bbox 452 546 676 616; x_wconf 74' lang='lat' dir='ltr'><strong>plorato.</strong></span> <span class='ocrx_word' id='word_1_24' title='bbox 715 545 869 603; x_wconf 84' lang='lat' dir='ltr'><strong>Risus</strong></span> <span class='ocrx_word' id='word_1_25' title='bbox 905 556 1072 603; x_wconf 81' lang='lat' dir='ltr'><strong>uester</strong></span> <span class='ocrx_word' id='word_1_26' title='bbox 1113 547 1171 601; x_wconf 85' lang='lat' dir='ltr'><strong>in</strong></span> <span class='ocrx_word' id='word_1_27' title='bbox 1204 545 1405 601; x_wconf 86' lang='lat' dir='ltr'><strong>luctum</strong></span> <span class='ocrx_word' id='word_1_28' title='bbox 1442 555 1793 612; x_wconf 72' lang='lat' dir='ltr'><strong>convertatur,</strong></span> 
     </span>
    </p>
   </div>
   <div class='ocr_carea' id='block_1_6' title="bbox 216 636 1282 710">
    <p class='ocr_par' dir='ltr' id='par_1_6' title="bbox 216 636 1282 710">
     <span class='ocr_line' id='line_1_6' title="bbox 216 636 1282 710; baseline -0.006 -13"><span class='ocrx_word' id='word_1_29' title='bbox 216 651 266 697; x_wconf 79' lang='lat' dir='ltr'><strong>et</strong></span> <span class='ocrx_word' id='word_1_30' title='bbox 284 637 535 710; x_wconf 76' lang='lat' dir='ltr'><strong><em>gaudium</em></strong></span> <span class='ocrx_word' id='word_1_31' title='bbox 562 638 618 692; x_wconf 91' lang='lat' dir='ltr'><strong>in</strong></span> <span class='ocrx_word' id='word_1_32' title='bbox 644 654 912 694; x_wconf 73' lang='lat' dir='ltr'><strong>utmorem</strong></span> <span class='ocrx_word' id='word_1_33' title='bbox 939 638 1081 709; x_wconf 83' lang='lat' dir='ltr'><strong>(Jac.</strong></span> <span class='ocrx_word' id='word_1_34' title='bbox 1104 653 1178 706; x_wconf 84' lang='lat' dir='ltr'><strong>tv,</strong></span> <span class='ocrx_word' id='word_1_35' title='bbox 1204 636 1282 708; x_wconf 89' lang='lat'><strong>9).</strong></span> 
     </span>
    </p>
   </div>
   <div class='ocr_carea' id='block_1_7' title="bbox 615 727 1389 801">
    <p class='ocr_par' dir='ltr' id='par_1_7' title="bbox 615 727 1389 801">
     <span class='ocr_line' id='line_1_7' title="bbox 615 727 1389 801; baseline 0.003 -17"><span class='ocrx_word' id='word_1_36' title='bbox 615 727 694 784; x_wconf 88' lang='lat' dir='ltr'><strong>De</strong></span> <span class='ocrx_word' id='word_1_37' title='bbox 725 729 973 801; x_wconf 83' lang='lat' dir='ltr'><strong>lacrymis</strong></span> <span class='ocrx_word' id='word_1_38' title='bbox 1013 729 1389 800; x_wconf 81' lang='lat' dir='ltr'><strong>perfectorttm.</strong></span> 
     </span>
    </p>
   </div>
   <div class='ocr_carea' id='block_1_8' title="bbox 278 818 1800 893">
    <p class='ocr_par' dir='ltr' id='par_1_8' title="bbox 278 818 1800 893">
     <span class='ocr_line' id='line_1_8' title="bbox 278 818 1800 893; baseline -0.003 -15"><span class='ocrx_word' id='word_1_39' title='bbox 278 821 388 879; x_wconf 82' lang='lat' dir='ltr'><strong>Alii</strong></span> <span class='ocrx_word' id='word_1_40' title='bbox 409 834 563 888; x_wconf 80' lang='lat' dir='ltr'><strong>vero,</strong></span> <span class='ocrx_word' id='word_1_41' title='bbox 590 835 715 878; x_wconf 90' lang='lat' dir='ltr'><strong>cum</strong></span> <span class='ocrx_word' id='word_1_42' title='bbox 737 821 849 892; x_wconf 86' lang='lat' dir='ltr'><strong>jam</strong></span> <span class='ocrx_word' id='word_1_43' title='bbox 886 820 941 876; x_wconf 91' lang='lat' dir='ltr'><strong>ln</strong></span> <span class='ocrx_word' id='word_1_44' title='bbox 972 821 1062 876; x_wconf 96' lang='lat' dir='ltr'><strong>via</strong></span> <span class='ocrx_word' id='word_1_45' title='bbox 1094 821 1212 887; x_wconf 88' lang='lat' dir='ltr'><strong>Dei,</strong></span> <span class='ocrx_word' id='word_1_46' title='bbox 1243 828 1300 876; x_wconf 90' lang='lat' dir='ltr'><strong>et</strong></span> <span class='ocrx_word' id='word_1_47' title='bbox 1327 818 1704 893; x_wconf 75' lang='lat' dir='ltr'><strong>intelligentia,</strong></span> <span class='ocrx_word' id='word_1_48' title='bbox 1742 827 1800 875; x_wconf 89' lang='lat' dir='ltr'><strong>et</strong></span> 
     </span>
    </p>
   </div>
   <div class='ocr_carea' id='block_1_9' title="bbox 205 911 1798 988">
    <p class='ocr_par' dir='ltr' id='par_1_9' title="bbox 205 911 1798 988">
     <span class='ocr_line' id='line_1_9' title="bbox 205 911 1798 988; baseline -0.003 -16"><span class='ocrx_word' id='word_1_49' title='bbox 205 919 522 986; x_wconf 79' lang='lat' dir='ltr'><strong>operatione</strong></span> <span class='ocrx_word' id='word_1_50' title='bbox 560 913 829 988; x_wconf 88' lang='lat' dir='ltr'><strong>proﬁcere</strong></span> <span class='ocrx_word' id='word_1_51' title='bbox 874 912 1163 984; x_wconf 61' lang='lat' dir='ltr'><strong>coeperint,</strong></span> <span class='ocrx_word' id='word_1_52' title='bbox 1203 911 1477 968; x_wconf 82' lang='lat' dir='ltr'><strong>mirantur</strong></span> <span class='ocrx_word' id='word_1_53' title='bbox 1528 927 1588 968; x_wconf 91' lang='lat' dir='ltr'><strong>se</strong></span> <span class='ocrx_word' id='word_1_54' title='bbox 1621 911 1798 968; x_wconf 86' lang='lat' dir='ltr'><strong>nullas</strong></span> 
     </span>
    </p>
   </div>
   <div class='ocr_carea' id='block_1_10' title="bbox 206 1003 1798 1079">
    <p class='ocr_par' dir='ltr' id='par_1_10' title="bbox 206 1003 1798 1079">
     <span class='ocr_line' id='line_1_10' title="bbox 206 1003 1798 1079; baseline -0.002 -19"><span class='ocrx_word' id='word_1_55' title='bbox 206 1017 302 1061; x_wconf 84' lang='lat' dir='ltr'><strong>aut</strong></span> <span class='ocrx_word' id='word_1_56' title='bbox 333 1024 485 1064; x_wconf 84' lang='lat' dir='ltr'><strong>raras</strong></span> <span class='ocrx_word' id='word_1_57' title='bbox 506 1022 607 1079; x_wconf 91' lang='lat' dir='ltr'><strong>pro</strong></span> <span class='ocrx_word' id='word_1_58' title='bbox 633 1005 870 1078; x_wconf 82' lang='lat' dir='ltr'><strong>peccatis</strong></span> <span class='ocrx_word' id='word_1_59' title='bbox 915 1005 1120 1061; x_wconf 89' lang='lat' dir='ltr'><strong>habere</strong></span> <span class='ocrx_word' id='word_1_60' title='bbox 1158 1004 1452 1076; x_wconf 84' lang='lat' dir='ltr'><strong>lacrymas,</strong></span> <span class='ocrx_word' id='word_1_61' title='bbox 1485 1003 1580 1060; x_wconf 90' lang='lat' dir='ltr'><strong>sed</strong></span> <span class='ocrx_word' id='word_1_62' title='bbox 1624 1011 1798 1058; x_wconf 83' lang='lat' dir='ltr'><strong>tenta-</strong></span> 
     </span>
    </p>
   </div>
   <div class='ocr_carea' id='block_1_11' title="bbox 206 1095 1799 1170">
    <p class='ocr_par' dir='ltr' id='par_1_11' title="bbox 206 1095 1799 1170">
     <span class='ocr_line' id='line_1_11' title="bbox 206 1095 1799 1170; baseline -0.002 -18"><span class='ocrx_word' id='word_1_63' title='bbox 206 1097 469 1164; x_wconf 85' lang='lat' dir='ltr'><strong>tionibus,</strong></span> <span class='ocrx_word' id='word_1_64' title='bbox 503 1108 559 1155; x_wconf 91' lang='lat' dir='ltr'><strong>et</strong></span> <span class='ocrx_word' id='word_1_65' title='bbox 603 1099 920 1154; x_wconf 89' lang='lat' dir='ltr'><strong>inﬁrmitate</strong></span> <span class='ocrx_word' id='word_1_66' title='bbox 949 1096 1339 1170; x_wconf 66' lang='lat' dir='ltr'><strong>praepediente,</strong></span> <span class='ocrx_word' id='word_1_67' title='bbox 1368 1105 1429 1153; x_wconf 91' lang='lat' dir='ltr'><strong>ut</strong></span> <span class='ocrx_word' id='word_1_68' title='bbox 1466 1095 1644 1152; x_wconf 90' lang='lat' dir='ltr'><strong>minus</strong></span> <span class='ocrx_word' id='word_1_69' title='bbox 1673 1109 1799 1166; x_wconf 84' lang='lat' dir='ltr'><strong>pos-</strong></span> 
     </span>
    </p>
   </div>
   <div class='ocr_carea' id='block_1_12' title="bbox 204 1187 1800 1261">
    <p class='ocr_par' dir='ltr' id='par_1_12' title="bbox 204 1187 1800 1261">
     <span class='ocr_line' id='line_1_12' title="bbox 204 1187 1800 1261; baseline -0.003 -17"><span class='ocrx_word' id='word_1_70' title='bbox 204 1190 320 1252; x_wconf 61' lang='lat' dir='ltr'><strong>sint</strong></span> <span class='ocrx_word' id='word_1_71' title='bbox 342 1189 569 1261; x_wconf 80' lang='lat' dir='ltr'><strong>implere</strong></span> <span class='ocrx_word' id='word_1_72' title='bbox 595 1193 739 1261; x_wconf 87' lang='lat' dir='ltr'><strong>quod</strong></span> <span class='ocrx_word' id='word_1_73' title='bbox 770 1188 1103 1259; x_wconf 84' lang='lat' dir='ltr'><strong>intelligunt,</strong></span> <span class='ocrx_word' id='word_1_74' title='bbox 1143 1195 1334 1245; x_wconf 87' lang='lat' dir='ltr'><strong>contra</strong></span> <span class='ocrx_word' id='word_1_75' title='bbox 1359 1187 1575 1243; x_wconf 86' lang='lat' dir='ltr'><strong>easdem</strong></span> <span class='ocrx_word' id='word_1_76' title='bbox 1604 1193 1660 1242; x_wconf 90' lang='lat' dir='ltr'><strong>et</strong></span> <span class='ocrx_word' id='word_1_77' title='bbox 1683 1193 1800 1240; x_wconf 86' lang='lat' dir='ltr'><strong>ten-</strong></span> 
     </span>
    </p>
   </div>
   <div class='ocr_carea' id='block_1_13' title="bbox 203 1275 1798 1348">
    <p class='ocr_par' dir='ltr' id='par_1_13' title="bbox 203 1275 1798 1348">
     <span class='ocr_line' id='line_1_13' title="bbox 203 1275 1798 1348; baseline 0 -15"><span class='ocrx_word' id='word_1_78' title='bbox 203 1281 446 1337; x_wconf 86' lang='lat' dir='ltr'><strong>tationes</strong></span> <span class='ocrx_word' id='word_1_79' title='bbox 481 1289 538 1337; x_wconf 85' lang='lat' dir='ltr'><strong>et</strong></span> <span class='ocrx_word' id='word_1_80' title='bbox 571 1280 946 1336; x_wconf 87' lang='lat' dir='ltr'><strong>inﬁrmitatem</strong></span> <span class='ocrx_word' id='word_1_81' title='bbox 993 1295 1169 1345; x_wconf 89' lang='lat' dir='ltr'><strong>suam,</strong></span> <span class='ocrx_word' id='word_1_82' title='bbox 1203 1279 1466 1335; x_wconf 88' lang='lat' dir='ltr'><strong>attentius</strong></span> <span class='ocrx_word' id='word_1_83' title='bbox 1505 1286 1668 1348; x_wconf 88' lang='lat' dir='ltr'><strong>atque</strong></span> <span class='ocrx_word' id='word_1_84' title='bbox 1691 1275 1798 1333; x_wconf 85' lang='lat' dir='ltr'><strong>fer-</strong></span> 
     </span>
    </p>
   </div>
   <div class='ocr_carea' id='block_1_14' title="bbox 204 1371 1800 1444">
    <p class='ocr_par' dir='ltr' id='par_1_14' title="bbox 204 1371 1800 1444">
     <span class='ocr_line' id='line_1_14' title="bbox 204 1371 1800 1444; baseline 0.002 -20"><span class='ocrx_word' id='word_1_85' title='bbox 204 1371 428 1429; x_wconf 70' lang='lat' dir='ltr'><strong>rentius</strong></span> <span class='ocrx_word' id='word_1_86' title='bbox 448 1380 634 1439; x_wconf 88' lang='lat' dir='ltr'><strong>orant,</strong></span> <span class='ocrx_word' id='word_1_87' title='bbox 665 1379 725 1428; x_wconf 93' lang='lat' dir='ltr'><strong>ut</strong></span> <span class='ocrx_word' id='word_1_88' title='bbox 763 1386 862 1442; x_wconf 91' lang='lat' dir='ltr'><strong>per</strong></span> <span class='ocrx_word' id='word_1_89' title='bbox 891 1372 1148 1428; x_wconf 80' lang='lat' dir='ltr'><strong>auxilium</strong></span> <span class='ocrx_word' id='word_1_90' title='bbox 1175 1372 1363 1444; x_wconf 71' lang='lat' dir='ltr'><strong>gratia:</strong></span> <span class='ocrx_word' id='word_1_91' title='bbox 1399 1371 1491 1426; x_wconf 92' lang='lat' dir='ltr'><strong>Dei</strong></span> <span class='ocrx_word' id='word_1_92' title='bbox 1541 1379 1596 1426; x_wconf 91' lang='lat' dir='ltr'><strong>et</strong></span> <span class='ocrx_word' id='word_1_93' title='bbox 1626 1378 1800 1428; x_wconf 87' lang='lat' dir='ltr'><strong>tenta-</strong></span> 
     </span>
    </p>
   </div>
   <div class='ocr_carea' id='block_1_15' title="bbox 205 1462 1800 1535">
    <p class='ocr_par' dir='ltr' id='par_1_15' title="bbox 205 1462 1800 1535">
     <span class='ocr_line' id='line_1_15' title="bbox 205 1462 1800 1535; baseline 0.001 -19"><span class='ocrx_word' id='word_1_94' title='bbox 205 1463 418 1519; x_wconf 91' lang='lat' dir='ltr'><strong>tionum</strong></span> <span class='ocrx_word' id='word_1_95' title='bbox 446 1464 727 1521; x_wconf 86' lang='lat' dir='ltr'><strong>conflictus</strong></span> <span class='ocrx_word' id='word_1_96' title='bbox 766 1473 1074 1535; x_wconf 86' lang='lat' dir='ltr'><strong>superetur,</strong></span> <span class='ocrx_word' id='word_1_97' title='bbox 1127 1471 1182 1520; x_wconf 89' lang='lat' dir='ltr'><strong>et</strong></span> <span class='ocrx_word' id='word_1_98' title='bbox 1232 1462 1585 1534; x_wconf 71' lang='lat' dir='ltr'><strong>intelligentia</strong></span> <span class='ocrx_word' id='word_1_99' title='bbox 1628 1462 1800 1534; x_wconf 88' lang='lat' dir='ltr'><strong>magis</strong></span> 
     </span>
    </p>
   </div>
   <div class='ocr_carea' id='block_1_16' title="bbox 204 1555 1801 1626">
    <p class='ocr_par' dir='ltr' id='par_1_16' title="bbox 204 1555 1801 1626">
     <span class='ocr_line' id='line_1_16' title="bbox 204 1555 1801 1626; baseline 0 -17"><span class='ocrx_word' id='word_1_100' title='bbox 204 1570 276 1610; x_wconf 83' lang='lat' dir='ltr'><strong>ac</strong></span> <span class='ocrx_word' id='word_1_101' title='bbox 298 1556 470 1626; x_wconf 86' lang='lat' dir='ltr'><strong>magis</strong></span> <span class='ocrx_word' id='word_1_102' title='bbox 493 1555 847 1624; x_wconf 88' lang='lat' dir='ltr'><strong>illuminetur,</strong></span> <span class='ocrx_word' id='word_1_103' title='bbox 875 1565 930 1612; x_wconf 90' lang='lat' dir='ltr'><strong>et</strong></span> <span class='ocrx_word' id='word_1_104' title='bbox 956 1556 1246 1613; x_wconf 82' lang='lat' dir='ltr'><strong>infirmitas</strong></span> <span class='ocrx_word' id='word_1_105' title='bbox 1281 1556 1588 1612; x_wconf 88' lang='lat' dir='ltr'><strong>roboretur.</strong></span> <span class='ocrx_word' id='word_1_106' title='bbox 1621 1555 1698 1610; x_wconf 90' lang='lat' dir='ltr'><strong>De</strong></span> <span class='ocrx_word' id='word_1_107' title='bbox 1720 1563 1801 1610; x_wconf 84' lang='lat' dir='ltr'><strong>ta-</strong></span> 
     </span>
    </p>
   </div>
   <div class='ocr_carea' id='block_1_17' title="bbox 203 1645 1800 1720">
    <p class='ocr_par' dir='ltr' id='par_1_17' title="bbox 203 1645 1800 1720">
     <span class='ocr_line' id='line_1_17' title="bbox 203 1645 1800 1720; baseline 0 -20"><span class='ocrx_word' id='word_1_108' title='bbox 203 1645 353 1702; x_wconf 82' lang='lat' dir='ltr'><strong>libus</strong></span> <span class='ocrx_word' id='word_1_109' title='bbox 401 1647 662 1718; x_wconf 89' lang='lat' dir='ltr'><strong>scriptum</strong></span> <span class='ocrx_word' id='word_1_110' title='bbox 708 1656 833 1704; x_wconf 88' lang='lat' dir='ltr'><strong>est:</strong></span> <span class='ocrx_word' id='word_1_111' title='bbox 882 1646 1037 1703; x_wconf 90' lang='lat' dir='ltr'><strong>Beati</strong></span> <span class='ocrx_word' id='word_1_112' title='bbox 1089 1649 1181 1720; x_wconf 97' lang='lat' dir='ltr'><strong>qui</strong></span> <span class='ocrx_word' id='word_1_113' title='bbox 1225 1648 1466 1704; x_wconf 73' lang='lat' dir='ltr'><strong>esuriant</strong></span> <span class='ocrx_word' id='word_1_114' title='bbox 1511 1657 1562 1703; x_wconf 89' lang='lat' dir='ltr'><strong>et</strong></span> <span class='ocrx_word' id='word_1_115' title='bbox 1615 1647 1800 1702; x_wconf 87' lang='lat' dir='ltr'><strong>sitiunt</strong></span> 
     </span>
    </p>
   </div>
   <div class='ocr_carea' id='block_1_18' title="bbox 195 1737 1763 1812">
    <p class='ocr_par' dir='ltr' id='par_1_18' title="bbox 195 1737 1763 1812">
     <span class='ocr_line' id='line_1_18' title="bbox 195 1737 1763 1812; baseline 0.002 -21"><span class='ocrx_word' id='word_1_116' title='bbox 195 1737 494 1806; x_wconf 79' lang='lat' dir='ltr'><strong>justitiam,</strong></span> <span class='ocrx_word' id='word_1_117' title='bbox 531 1741 782 1810; x_wconf 86' lang='lat' dir='ltr'><strong>quoniam</strong></span> <span class='ocrx_word' id='word_1_118' title='bbox 815 1741 919 1811; x_wconf 88' lang='lat' dir='ltr'><strong>ipsi</strong></span> <span class='ocrx_word' id='word_1_119' title='bbox 947 1739 1331 1796; x_wconf 85' lang='lat' dir='ltr'><strong>saturabumur</strong></span> <span class='ocrx_word' id='word_1_120' title='bbox 1359 1739 1580 1812; x_wconf 77' lang='lat' dir='ltr'><strong>(Matth.</strong></span> <span class='ocrx_word' id='word_1_121' title='bbox 1605 1755 1660 1805; x_wconf 91' lang='lat' dir='ltr'><strong>v,</strong></span> <span class='ocrx_word' id='word_1_122' title='bbox 1687 1737 1763 1810; x_wconf 85' lang='lat'><strong>6).</strong></span> 
     </span>
    </p>
   </div>
   <div class='ocr_carea' id='block_1_19' title="bbox 452 1817 1552 1905">
    <p class='ocr_par' dir='ltr' id='par_1_19' title="bbox 452 1817 1552 1905">
     <span class='ocr_line' id='line_1_19' title="bbox 452 1817 1552 1905; baseline -0.002 -17"><span class='ocrx_word' id='word_1_123' title='bbox 452 1832 529 1888; x_wconf 91' lang='lat' dir='ltr'><strong>De</strong></span> <span class='ocrx_word' id='word_1_124' title='bbox 551 1835 634 1889; x_wconf 80' lang='lat' dir='ltr'><strong>Itis</strong></span> <span class='ocrx_word' id='word_1_125' title='bbox 661 1835 753 1905; x_wconf 88' lang='lat' dir='ltr'><strong>qui</strong></span> <span class='ocrx_word' id='word_1_126' title='bbox 777 1835 996 1904; x_wconf 83' lang='lat' dir='ltr'><strong>cupiunt</strong></span> <span class='ocrx_word' id='word_1_127' title='bbox 1028 1817 1290 1889; x_wconf 49' lang='lat' dir='ltr'><strong>esse.cum</strong></span> <span class='ocrx_word' id='word_1_128' title='bbox 1317 1831 1552 1888; x_wconf 75' lang='lat' dir='ltr'><strong>Christo.</strong></span> 
     </span>
    </p>
   </div>
   <div class='ocr_carea' id='block_1_20' title="bbox 277 1921 1795 1996">
    <p class='ocr_par' dir='ltr' id='par_1_20' title="bbox 277 1921 1795 1996">
     <span class='ocr_line' id='line_1_20' title="bbox 277 1921 1795 1996; baseline -0.003 -17"><span class='ocrx_word' id='word_1_129' title='bbox 277 1922 460 1994; x_wconf 79' lang='lat' dir='ltr'><strong>Aliqui</strong></span> <span class='ocrx_word' id='word_1_130' title='bbox 489 1933 672 1981; x_wconf 89' lang='lat' dir='ltr'><strong>autem</strong></span> <span class='ocrx_word' id='word_1_131' title='bbox 699 1923 812 1994; x_wconf 82' lang='lat' dir='ltr'><strong>jam</strong></span> <span class='ocrx_word' id='word_1_132' title='bbox 844 1925 1114 1996; x_wconf 80' lang='lat' dir='ltr'><strong>superatis</strong></span> <span class='ocrx_word' id='word_1_133' title='bbox 1145 1923 1556 1987; x_wconf 87' lang='lat' dir='ltr'><strong>tentationibus.</strong></span> <span class='ocrx_word' id='word_1_134' title='bbox 1586 1921 1652 1978; x_wconf 90' lang='lat' dir='ltr'><strong>ad</strong></span> <span class='ocrx_word' id='word_1_135' title='bbox 1699 1925 1795 1977; x_wconf 92' lang='lat' dir='ltr'><strong>im-</strong></span> 
     </span>
    </p>
   </div>
   <div class='ocr_carea' id='block_1_21' title="bbox 199 2014 1798 2088">
    <p class='ocr_par' dir='ltr' id='par_1_21' title="bbox 199 2014 1798 2088">
     <span class='ocr_line' id='line_1_21' title="bbox 199 2014 1798 2088; baseline -0.002 -15"><span class='ocrx_word' id='word_1_136' title='bbox 199 2017 403 2088; x_wconf 86' lang='lat' dir='ltr'><strong>plenda</strong></span> <span class='ocrx_word' id='word_1_137' title='bbox 457 2032 579 2088; x_wconf 76' lang='lat' dir='ltr'><strong>qua:</strong></span> <span class='ocrx_word' id='word_1_138' title='bbox 627 2016 954 2088; x_wconf 87' lang='lat' dir='ltr'><strong>intelligunt,</strong></span> <span class='ocrx_word' id='word_1_139' title='bbox 993 2015 1268 2073; x_wconf 81' lang='lat' dir='ltr'><strong>eﬁleacius</strong></span> <span class='ocrx_word' id='word_1_140' title='bbox 1297 2029 1398 2086; x_wconf 91' lang='lat' dir='ltr'><strong>per</strong></span> <span class='ocrx_word' id='word_1_141' title='bbox 1437 2015 1531 2070; x_wconf 88' lang='lat' dir='ltr'><strong>Dei</strong></span> <span class='ocrx_word' id='word_1_142' title='bbox 1568 2014 1798 2086; x_wconf 75' lang='lat' dir='ltr'><strong>gratiam</strong></span> 
     </span>
    </p>
   </div>
   <div class='ocr_carea' id='block_1_22' title="bbox 200 2105 1800 2180">
    <p class='ocr_par' dir='ltr' id='par_1_22' title="bbox 200 2105 1800 2180">
     <span class='ocr_line' id='line_1_22' title="bbox 200 2105 1800 2180; baseline -0.001 -18"><span class='ocrx_word' id='word_1_143' title='bbox 200 2107 670 2174; x_wconf 89' lang='lat' dir='ltr'><strong>convalescentes,</strong></span> <span class='ocrx_word' id='word_1_144' title='bbox 721 2121 920 2180; x_wconf 81' lang='lat' dir='ltr'><strong>magno</strong></span> <span class='ocrx_word' id='word_1_145' title='bbox 968 2115 1102 2162; x_wconf 84' lang='lat' dir='ltr'><strong>aestu</strong></span> <span class='ocrx_word' id='word_1_146' title='bbox 1148 2106 1395 2163; x_wconf 89' lang='lat' dir='ltr'><strong>ardentis</strong></span> <span class='ocrx_word' id='word_1_147' title='bbox 1446 2105 1700 2162; x_wconf 82' lang='lat' dir='ltr'><strong>desiderii</strong></span> <span class='ocrx_word' id='word_1_148' title='bbox 1733 2105 1800 2161; x_wconf 89' lang='lat' dir='ltr'><strong>ad</strong></span> 
     </span>
    </p>
   </div>
   <div class='ocr_carea' id='block_1_23' title="bbox 198 2199 1802 2272">
    <p class='ocr_par' dir='ltr' id='par_1_23' title="bbox 198 2199 1802 2272">
     <span class='ocr_line' id='line_1_23' title="bbox 198 2199 1802 2272; baseline 0.001 -17"><span class='ocrx_word' id='word_1_149' title='bbox 198 2210 414 2256; x_wconf 80' lang='lat' dir='ltr'><strong>aeterm</strong></span> <span class='ocrx_word' id='word_1_150' title='bbox 454 2200 770 2272; x_wconf 83' lang='lat' dir='ltr'><strong>suspirant,</strong></span> <span class='ocrx_word' id='word_1_151' title='bbox 823 2207 988 2270; x_wconf 82' lang='lat' dir='ltr'><strong>atque</strong></span> <span class='ocrx_word' id='word_1_152' title='bbox 1045 2199 1340 2256; x_wconf 87' lang='lat' dir='ltr'><strong>incolatum</strong></span> <span class='ocrx_word' id='word_1_153' title='bbox 1393 2214 1549 2256; x_wconf 88' lang='lat' dir='ltr'><strong>suum</strong></span> <span class='ocrx_word' id='word_1_154' title='bbox 1599 2199 1802 2256; x_wconf 83' lang='lat' dir='ltr'><strong>diutius</strong></span> 
     </span>
    </p>
   </div>
   <div class='ocr_carea' id='block_1_24' title="bbox 194 2291 1803 2364">
    <p class='ocr_par' dir='ltr' id='par_1_24' title="bbox 194 2291 1803 2364">
     <span class='ocr_line' id='line_1_24' title="bbox 194 2291 1803 2364; baseline 0.001 -18"><span class='ocrx_word' id='word_1_155' title='bbox 194 2292 518 2364; x_wconf 81' lang='lat' dir='ltr'><strong>prolongari</strong></span> <span class='ocrx_word' id='word_1_156' title='bbox 560 2292 1003 2362; x_wconf 88' lang='lat' dir='ltr'><strong>ingemiscentes,</strong></span> <span class='ocrx_word' id='word_1_157' title='bbox 1047 2291 1272 2348; x_wconf 75' lang='lat' dir='ltr'><strong>dissolvi</strong></span> <span class='ocrx_word' id='word_1_158' title='bbox 1309 2291 1556 2362; x_wconf 88' lang='lat' dir='ltr'><strong>cupiunt,</strong></span> <span class='ocrx_word' id='word_1_159' title='bbox 1591 2302 1646 2347; x_wconf 90' lang='lat' dir='ltr'><strong>et</strong></span> <span class='ocrx_word' id='word_1_160' title='bbox 1682 2306 1803 2348; x_wconf 89' lang='lat' dir='ltr'><strong>esse</strong></span> 
     </span>
    </p>
   </div>
   <div class='ocr_carea' id='block_1_25' title="bbox 196 2379 1803 2449">
    <p class='ocr_par' dir='ltr' id='par_1_25' title="bbox 196 2379 1803 2449">
     <span class='ocr_line' id='line_1_25' title="bbox 196 2379 1803 2449; baseline 0.001 -14"><span class='ocrx_word' id='word_1_161' title='bbox 196 2395 335 2435; x_wconf 69' lang='lat' dir='ltr'><strong>cum</strong></span> <span class='ocrx_word' id='word_1_162' title='bbox 361 2379 600 2436; x_wconf 86' lang='lat' dir='ltr'><strong>Christo.</strong></span> <span class='ocrx_word' id='word_1_163' title='bbox 632 2379 836 2436; x_wconf 79' lang='lat' dir='ltr'><strong>Horum</strong></span> <span class='ocrx_word' id='word_1_164' title='bbox 874 2395 978 2436; x_wconf 72' lang='lat' dir='ltr'><strong>vox</strong></span> <span class='ocrx_word' id='word_1_165' title='bbox 1008 2390 1092 2438; x_wconf 89' lang='lat' dir='ltr'><strong>est</strong></span> <span class='ocrx_word' id='word_1_166' title='bbox 1115 2399 1133 2436; x_wconf 88' lang='lat'><strong>:</strong></span> <span class='ocrx_word' id='word_1_167' title='bbox 1165 2380 1625 2449; x_wconf 81' lang='lat' dir='ltr'><strong>Quemadmodum</strong></span> <span class='ocrx_word' id='word_1_168' title='bbox 1660 2382 1803 2436; x_wconf 88' lang='lat' dir='ltr'><strong>desi-</strong></span> 
     </span>
    </p>
   </div>
   <div class='ocr_carea' id='block_1_26' title="bbox 195 2471 1805 2544">
    <p class='ocr_par' dir='ltr' id='par_1_26' title="bbox 195 2471 1805 2544">
     <span class='ocr_line' id='line_1_26' title="bbox 195 2471 1805 2544; baseline 0.002 -18"><span class='ocrx_word' id='word_1_169' title='bbox 195 2471 361 2526; x_wconf 82' lang='lat' dir='ltr'><strong>derat</strong></span> <span class='ocrx_word' id='word_1_170' title='bbox 386 2489 568 2527; x_wconf 82' lang='lat' dir='ltr'><strong>cervus</strong></span> <span class='ocrx_word' id='word_1_171' title='bbox 587 2473 657 2527; x_wconf 92' lang='lat' dir='ltr'><strong>ad</strong></span> <span class='ocrx_word' id='word_1_172' title='bbox 699 2474 868 2543; x_wconf 81' lang='lat' dir='ltr'><strong>fontes</strong></span> <span class='ocrx_word' id='word_1_173' title='bbox 901 2490 1181 2544; x_wconf 86' lang='lat' dir='ltr'><strong>aquarum,</strong></span> <span class='ocrx_word' id='word_1_174' title='bbox 1217 2474 1294 2529; x_wconf 87' lang='lat' dir='ltr'><strong>ita</strong></span> <span class='ocrx_word' id='word_1_175' title='bbox 1335 2474 1600 2529; x_wconf 82' lang='lat' dir='ltr'><strong>desiderat</strong></span> <span class='ocrx_word' id='word_1_176' title='bbox 1623 2476 1805 2530; x_wconf 86' lang='lat' dir='ltr'><strong>anima</strong></span> 
     </span>
    </p>
   </div>
   <div class='ocr_carea' id='block_1_27' title="bbox 198 2564 1804 2638">
    <p class='ocr_par' dir='ltr' id='par_1_27' title="bbox 198 2564 1804 2638">
     <span class='ocr_line' id='line_1_27' title="bbox 198 2564 1804 2638; baseline 0.002 -20"><span class='ocrx_word' id='word_1_177' title='bbox 198 2580 328 2619; x_wconf 78' lang='lat' dir='ltr'><strong>mea</strong></span> <span class='ocrx_word' id='word_1_178' title='bbox 356 2565 427 2619; x_wconf 89' lang='lat' dir='ltr'><strong>ad</strong></span> <span class='ocrx_word' id='word_1_179' title='bbox 474 2575 526 2620; x_wconf 91' lang='lat' dir='ltr'><strong>te</strong></span> <span class='ocrx_word' id='word_1_180' title='bbox 552 2564 696 2622; x_wconf 87' lang='lat' dir='ltr'><strong>Deus</strong></span> <span class='ocrx_word' id='word_1_181' title='bbox 727 2564 903 2638; x_wconf 83' lang='lat' dir='ltr'><strong>(Psal.</strong></span> <span class='ocrx_word' id='word_1_182' title='bbox 943 2583 1054 2633; x_wconf 83' lang='lat' dir='ltr'><strong>xu,</strong></span> <span class='ocrx_word' id='word_1_183' title='bbox 1079 2567 1162 2635; x_wconf 86' lang='lat'><strong>2),</strong></span> <span class='ocrx_word' id='word_1_184' title='bbox 1188 2574 1264 2633; x_wconf 88' lang='lat' dir='ltr'><strong>et,</strong></span> <span class='ocrx_word' id='word_1_185' title='bbox 1303 2565 1477 2633; x_wconf 86' lang='lat' dir='ltr'><strong>Quam</strong></span> <span class='ocrx_word' id='word_1_186' title='bbox 1502 2565 1694 2622; x_wconf 83' lang='lat' dir='ltr'><strong>dilecta</strong></span> <span class='ocrx_word' id='word_1_187' title='bbox 1722 2575 1804 2621; x_wconf 86' lang='lat' dir='ltr'><strong>ta-</strong></span> 
     </span>
    </p>
   </div>
   <div class='ocr_carea' id='block_1_28' title="bbox 201 2655 1802 2732">
    <p class='ocr_par' dir='ltr' id='par_1_28' title="bbox 201 2655 1802 2732">
     <span class='ocr_line' id='line_1_28' title="bbox 201 2655 1802 2732; baseline 0.001 -22"><span class='ocrx_word' id='word_1_188' title='bbox 201 2655 498 2717; x_wconf 63' lang='lat' dir='ltr'><strong>osrnaeula</strong></span> <span class='ocrx_word' id='word_1_189' title='bbox 547 2667 669 2727; x_wconf 88' lang='lat' dir='ltr'><strong>tua,</strong></span> <span class='ocrx_word' id='word_1_190' title='bbox 720 2657 942 2714; x_wconf 86' lang='lat' dir='ltr'><strong>Domine</strong></span> <span class='ocrx_word' id='word_1_191' title='bbox 978 2659 1229 2714; x_wconf 82' lang='lat' dir='ltr'><strong>uirtutum</strong></span> <span class='ocrx_word' id='word_1_192' title='bbox 1260 2655 1436 2732; x_wconf 87' lang='lat' dir='ltr'><strong>(Psal.</strong></span> <span class='ocrx_word' id='word_1_193' title='bbox 1469 2673 1696 2724; x_wconf 80' lang='lat' dir='ltr'><strong>Lnxnt,</strong></span> <span class='ocrx_word' id='word_1_194' title='bbox 1721 2657 1802 2728; x_wconf 87' lang='lat'><strong>2),</strong></span> 
     </span>
    </p>
   </div>
   <div class='ocr_carea' id='block_1_29' title="bbox 200 2733 1806 2822">
    <p class='ocr_par' dir='ltr' id='par_1_29' title="bbox 200 2733 1806 2822">
     <span class='ocr_line' id='line_1_29' title="bbox 200 2733 1806 2822; baseline 0 -18"><span class='ocrx_word' id='word_1_195' title='bbox 200 2754 318 2804; x_wconf 85' lang='lat' dir='ltr'><strong>etc.</strong></span> <span class='ocrx_word' id='word_1_196' title='bbox 348 2745 414 2802; x_wconf 85' lang='lat' dir='ltr'><strong>Hi</strong></span> <span class='ocrx_word' id='word_1_197' title='bbox 453 2756 583 2803; x_wconf 92' lang='lat' dir='ltr'><strong>sunt</strong></span> <span class='ocrx_word' id='word_1_198' title='bbox 632 2750 764 2821; x_wconf 79' lang='lat' dir='ltr'><strong>ergo</strong></span> <span class='ocrx_word' id='word_1_199' title='bbox 791 2757 906 2806; x_wconf 89' lang='lat' dir='ltr'><strong>tres</strong></span> <span class='ocrx_word' id='word_1_200' title='bbox 949 2749 1172 2821; x_wconf 87' lang='lat' dir='ltr'><strong>gradus,</strong></span> <span class='ocrx_word' id='word_1_201' title='bbox 1208 2733 1606 2822; x_wconf 80' lang='lat' dir='ltr'><strong>incipientium,</strong></span> <span class='ocrx_word' id='word_1_202' title='bbox 1639 2750 1806 2821; x_wconf 81' lang='lat' dir='ltr'><strong>protl-</strong></span> 
     </span>
    </p>
   </div>
   <div class='ocr_carea' id='block_1_30' title="bbox 201 2839 988 2914">
    <p class='ocr_par' dir='ltr' id='par_1_30' title="bbox 201 2839 988 2914">
     <span class='ocr_line' id='line_1_30' title="bbox 201 2839 988 2914; baseline 0.001 -18"><span class='ocrx_word' id='word_1_203' title='bbox 201 2839 494 2912; x_wconf 87' lang='lat' dir='ltr'><strong>cientium,</strong></span> <span class='ocrx_word' id='word_1_204' title='bbox 523 2848 578 2898; x_wconf 86' lang='lat' dir='ltr'><strong>et</strong></span> <span class='ocrx_word' id='word_1_205' title='bbox 597 2840 988 2914; x_wconf 89' lang='lat' dir='ltr'><strong>perfectorum.</strong></span> 
     </span>
    </p>
   </div>
   <div class='ocr_carea' id='block_1_31' title="bbox 627 2932 1418 2991">
    <p class='ocr_par' dir='ltr' id='par_1_31' title="bbox 627 2932 1418 2991">
     <span class='ocr_line' id='line_1_31' title="bbox 627 2932 1418 2991; baseline 0.004 -4"><span class='ocrx_word' id='word_1_206' title='bbox 627 2938 730 2988; x_wconf 87' lang='lat' dir='ltr'><strong>tem</strong></span> <span class='ocrx_word' id='word_1_207' title='bbox 779 2932 918 2988; x_wconf 81' lang='lat' dir='ltr'><strong>alius</strong></span> <span class='ocrx_word' id='word_1_208' title='bbox 969 2933 1158 2988; x_wconf 87' lang='lat' dir='ltr'><strong>modus</strong></span> <span class='ocrx_word' id='word_1_209' title='bbox 1206 2933 1418 2991; x_wconf 87' lang='lat' dir='ltr'><strong>orandi.</strong></span> 
     </span>
    </p>
   </div>
   <div class='ocr_carea' id='block_1_32' title="bbox 280 3021 1808 3095">
    <p class='ocr_par' dir='ltr' id='par_1_32' title="bbox 280 3021 1808 3095">
     <span class='ocr_line' id='line_1_32' title="bbox 280 3021 1808 3095; baseline 0.003 -19"><span class='ocrx_word' id='word_1_210' title='bbox 280 3021 598 3080; x_wconf 82' lang='lat' dir='ltr'><strong>Invenimus</strong></span> <span class='ocrx_word' id='word_1_211' title='bbox 649 3030 830 3079; x_wconf 88' lang='lat' dir='ltr'><strong>autem</strong></span> <span class='ocrx_word' id='word_1_212' title='bbox 885 3024 938 3079; x_wconf 89' lang='lat' dir='ltr'><strong>in</strong></span> <span class='ocrx_word' id='word_1_213' title='bbox 982 3022 1281 3095; x_wconf 89' lang='lat' dir='ltr'><strong>Scripturis</strong></span> <span class='ocrx_word' id='word_1_214' title='bbox 1331 3033 1388 3081; x_wconf 90' lang='lat' dir='ltr'><strong>et</strong></span> <span class='ocrx_word' id='word_1_215' title='bbox 1427 3024 1564 3082; x_wconf 89' lang='lat' dir='ltr'><strong>alios</strong></span> <span class='ocrx_word' id='word_1_216' title='bbox 1616 3025 1808 3081; x_wconf 90' lang='lat' dir='ltr'><strong>modos</strong></span> 
     </span>
    </p>
   </div>
   <div class='ocr_carea' id='block_1_33' title="bbox 204 3097 1881 3212">
    <p class='ocr_par' dir='ltr' id='par_1_33' title="bbox 204 3097 1881 3212">
     <span class='ocr_line' id='line_1_33' title="bbox 204 3097 1881 3212; baseline -0.001 -40"><span class='ocrx_word' id='word_1_217' title='bbox 204 3097 430 3180; x_wconf 45' lang='lat' dir='ltr'><strong>ora‘r&#39;tdi,</strong></span> <span class='ocrx_word' id='word_1_218' title='bbox 463 3115 660 3185; x_wconf 82' lang='lat' dir='ltr'><strong>quibus</strong></span> <span class='ocrx_word' id='word_1_219' title='bbox 689 3115 790 3172; x_wconf 90' lang='lat' dir='ltr'><strong>etsi</strong></span> <span class='ocrx_word' id='word_1_220' title='bbox 820 3130 885 3170; x_wconf 89' lang='lat' dir='ltr'><strong>ea</strong></span> <span class='ocrx_word' id='word_1_221' title='bbox 908 3131 1028 3187; x_wconf 63' lang='lat' dir='ltr'><strong>qua</strong></span> <span class='ocrx_word' id='word_1_222' title='bbox 1048 3129 1215 3187; x_wconf 83' lang='lat' dir='ltr'><strong>supra</strong></span> <span class='ocrx_word' id='word_1_223' title='bbox 1243 3117 1417 3188; x_wconf 88' lang='lat' dir='ltr'><strong>posita</strong></span> <span class='ocrx_word' id='word_1_224' title='bbox 1446 3125 1574 3173; x_wconf 89' lang='lat' dir='ltr'><strong>sunt</strong></span> <span class='ocrx_word' id='word_1_225' title='bbox 1597 3132 1806 3188; x_wconf 84' lang='lat' dir='ltr'><strong>nequa-</strong></span> <span class='ocrx_word' id='word_1_226' title='bbox 1836 3149 1881 3212; x_wconf 66' lang='grc' dir='ltr'>Ο</span> 
     </span>
    </p>
   </div>
   <div class='ocr_carea' id='block_1_34' title="bbox 204 3207 1810 3281">
    <p class='ocr_par' dir='ltr' id='par_1_34' title="bbox 204 3207 1810 3281">
     <span class='ocr_line' id='line_1_34' title="bbox 204 3207 1810 3281; baseline 0.002 -19"><span class='ocrx_word' id='word_1_227' title='bbox 204 3222 380 3278; x_wconf 81' lang='lat' dir='ltr'><strong>quam</strong></span> <span class='ocrx_word' id='word_1_228' title='bbox 418 3207 672 3264; x_wconf 90' lang='lat' dir='ltr'><strong>distincte</strong></span> <span class='ocrx_word' id='word_1_229' title='bbox 697 3216 980 3278; x_wconf 87' lang='lat' dir='ltr'><strong>petantur,</strong></span> <span class='ocrx_word' id='word_1_230' title='bbox 1015 3208 1202 3264; x_wconf 89' lang='lat' dir='ltr'><strong>omnia</strong></span> <span class='ocrx_word' id='word_1_231' title='bbox 1234 3216 1439 3276; x_wconf 88' lang='lat' dir='ltr'><strong>tamen,</strong></span> <span class='ocrx_word' id='word_1_232' title='bbox 1476 3225 1597 3281; x_wconf 76' lang='lat' dir='ltr'><strong>qua:</strong></span> <span class='ocrx_word' id='word_1_233' title='bbox 1619 3209 1685 3265; x_wconf 82' lang='lat' dir='ltr'><strong>ad</strong></span> <span class='ocrx_word' id='word_1_234' title='bbox 1719 3224 1810 3265; x_wconf 84' lang='lat' dir='ltr'><strong>sa-</strong></span> 
     </span>
    </p>
   </div>
   <div class='ocr_carea' id='block_1_35' title="bbox 210 3297 1812 3372">
    <p class='ocr_par' dir='ltr' id='par_1_35' title="bbox 210 3297 1812 3372">
     <span class='ocr_line' id='line_1_35' title="bbox 210 3297 1812 3372; baseline 0.001 -19"><span class='ocrx_word' id='word_1_235' title='bbox 210 3299 394 3355; x_wconf 86' lang='lat' dir='ltr'><strong>lutem</strong></span> <span class='ocrx_word' id='word_1_236' title='bbox 441 3299 758 3371; x_wconf 80' lang='lat' dir='ltr'><strong>expediunt,</strong></span> <span class='ocrx_word' id='word_1_237' title='bbox 813 3297 1198 3370; x_wconf 88' lang='lat' dir='ltr'><strong>compendiosa</strong></span> <span class='ocrx_word' id='word_1_238' title='bbox 1241 3299 1487 3357; x_wconf 90' lang='lat' dir='ltr'><strong>oratione</strong></span> <span class='ocrx_word' id='word_1_239' title='bbox 1511 3299 1620 3372; x_wconf 89' lang='lat' dir='ltr'><strong>peti</strong></span> <span class='ocrx_word' id='word_1_240' title='bbox 1651 3300 1812 3357; x_wconf 89' lang='lat' dir='ltr'><strong>intel-</strong></span> 
     </span>
    </p>
   </div>
   <div class='ocr_carea' id='block_1_36' title="bbox 206 3389 1810 3465">
    <p class='ocr_par' dir='ltr' id='par_1_36' title="bbox 206 3389 1810 3465">
     <span class='ocr_line' id='line_1_36' title="bbox 206 3389 1810 3465; baseline -0.001 -16"><span class='ocrx_word' id='word_1_241' title='bbox 206 3396 476 3465; x_wconf 79' lang='lat' dir='ltr'><strong>liguntur,</strong></span> <span class='ocrx_word' id='word_1_242' title='bbox 509 3400 568 3448; x_wconf 89' lang='lat' dir='ltr'><strong>ut</strong></span> <span class='ocrx_word' id='word_1_243' title='bbox 595 3399 680 3448; x_wconf 89' lang='lat' dir='ltr'><strong>est</strong></span> <span class='ocrx_word' id='word_1_244' title='bbox 710 3390 839 3447; x_wconf 89' lang='lat' dir='ltr'><strong>illud</strong></span> <span class='ocrx_word' id='word_1_245' title='bbox 872 3406 888 3447; x_wconf 89' lang='lat'><strong>:</strong></span> <span class='ocrx_word' id='word_1_246' title='bbox 938 3389 1066 3447; x_wconf 87' lang='lat' dir='ltr'><strong>Fiat</strong></span> <span class='ocrx_word' id='word_1_247' title='bbox 1115 3391 1480 3446; x_wconf 86' lang='lat' dir='ltr'><strong>misericordia</strong></span> <span class='ocrx_word' id='word_1_248' title='bbox 1529 3401 1646 3458; x_wconf 90' lang='lat' dir='ltr'><strong>tua,</strong></span> <span class='ocrx_word' id='word_1_249' title='bbox 1697 3391 1810 3447; x_wconf 86' lang='lat' dir='ltr'><strong>Do-</strong></span> 
     </span>
    </p>
   </div>
   <div class='ocr_carea' id='block_1_37' title="bbox 205 3481 1814 3554">
    <p class='ocr_par' dir='ltr' id='par_1_37' title="bbox 205 3481 1814 3554">
     <span class='ocr_line' id='line_1_37' title="bbox 205 3481 1814 3554; baseline -0.001 -14"><span class='ocrx_word' id='word_1_250' title='bbox 205 3486 378 3550; x_wconf 84' lang='lat' dir='ltr'><strong>mine,</strong></span> <span class='ocrx_word' id='word_1_251' title='bbox 438 3500 596 3550; x_wconf 88' lang='lat' dir='ltr'><strong>super</strong></span> <span class='ocrx_word' id='word_1_252' title='bbox 624 3499 738 3550; x_wconf 89' lang='lat' dir='ltr'><strong>nos,</strong></span> <span class='ocrx_word' id='word_1_253' title='bbox 788 3481 1230 3554; x_wconf 88' lang='lat' dir='ltr'><strong>quemadmodum</strong></span> <span class='ocrx_word' id='word_1_254' title='bbox 1280 3483 1605 3552; x_wconf 82' lang='lat' dir='ltr'><strong>speravimus</strong></span> <span class='ocrx_word' id='word_1_255' title='bbox 1654 3483 1712 3537; x_wconf 86' lang='lat' dir='ltr'><strong>in</strong></span> <span class='ocrx_word' id='word_1_256' title='bbox 1764 3494 1814 3539; x_wconf 84' lang='lat' dir='ltr'><strong>te</strong></span> 
     </span>
    </p>
   </div>
   <div class='ocr_carea' id='block_1_38' title="bbox 208 3573 1812 3648">
    <p class='ocr_par' dir='ltr' id='par_1_38' title="bbox 208 3573 1812 3648">
     <span class='ocr_line' id='line_1_38' title="bbox 208 3573 1812 3648; baseline -0.001 -17"><span class='ocrx_word' id='word_1_257' title='bbox 208 3575 394 3644; x_wconf 81' lang='lat' dir='ltr'><strong>(Psal.</strong></span> <span class='ocrx_word' id='word_1_258' title='bbox 417 3591 589 3642; x_wconf 63' lang='grc' dir='ltr'>χχχιι,</span> <span class='ocrx_word' id='word_1_259' title='bbox 611 3574 730 3647; x_wconf 90' lang='lat'><strong>22);</strong></span> <span class='ocrx_word' id='word_1_260' title='bbox 755 3583 840 3629; x_wconf 91' lang='lat' dir='ltr'><strong>et:</strong></span> <span class='ocrx_word' id='word_1_261' title='bbox 863 3573 1112 3628; x_wconf 80' lang='lat' dir='ltr'><strong>Miserere</strong></span> <span class='ocrx_word' id='word_1_262' title='bbox 1132 3573 1234 3629; x_wconf 86' lang='lat' dir='ltr'><strong>mei</strong></span> <span class='ocrx_word' id='word_1_263' title='bbox 1253 3574 1538 3628; x_wconf 87' lang='lat' dir='ltr'><strong>secundum</strong></span> <span class='ocrx_word' id='word_1_264' title='bbox 1551 3573 1812 3648; x_wconf 87' lang='lat' dir='ltr'><strong>eloquium</strong></span> 
     </span>
    </p>
   </div>
   <div class='ocr_carea' id='block_1_39' title="bbox 208 3662 1815 3738">
    <p class='ocr_par' dir='ltr' id='par_1_39' title="bbox 208 3662 1815 3738">
     <span class='ocr_line' id='line_1_39' title="bbox 208 3662 1815 3738; baseline -0.001 -16"><span class='ocrx_word' id='word_1_265' title='bbox 208 3679 366 3722; x_wconf 80' lang='lat' dir='ltr'><strong>tuum</strong></span> <span class='ocrx_word' id='word_1_266' title='bbox 393 3665 565 3738; x_wconf 83' lang='lat' dir='ltr'><strong>(Psai.</strong></span> <span class='ocrx_word' id='word_1_267' title='bbox 585 3681 774 3733; x_wconf 79' lang='lat' dir='ltr'><strong>cxvrtt,</strong></span> <span class='ocrx_word' id='word_1_268' title='bbox 805 3663 926 3736; x_wconf 83' lang='lat'><strong>58);</strong></span> <span class='ocrx_word' id='word_1_269' title='bbox 963 3673 1050 3721; x_wconf 88' lang='lat' dir='ltr'><strong>et:</strong></span> <span class='ocrx_word' id='word_1_270' title='bbox 1077 3662 1127 3717; x_wconf 71' lang='grc' dir='ltr'><strong>ι’</strong></span> <span class='ocrx_word' id='word_1_271' title='bbox 1129 3682 1190 3719; x_wconf 90' lang='lat' dir='ltr'><strong>ac</strong></span> <span class='ocrx_word' id='word_1_272' title='bbox 1207 3681 1325 3719; x_wconf 88' lang='lat' dir='ltr'><strong>cum</strong></span> <span class='ocrx_word' id='word_1_273' title='bbox 1349 3682 1494 3720; x_wconf 81' lang='lat' dir='ltr'><strong>servo</strong></span> <span class='ocrx_word' id='word_1_274' title='bbox 1516 3676 1606 3720; x_wconf 89' lang='lat' dir='ltr'><strong>tuo</strong></span> <span class='ocrx_word' id='word_1_275' title='bbox 1629 3682 1815 3721; x_wconf 88' lang='lat' dir='ltr'><strong>secun-</strong></span> 
     </span>
    </p>
   </div>
   <div class='ocr_carea' id='block_1_40' title="bbox 209 3753 1814 3827">
    <p class='ocr_par' dir='ltr' id='par_1_40' title="bbox 209 3753 1814 3827">
     <span class='ocr_line' id='line_1_40' title="bbox 209 3753 1814 3827; baseline -0.003 -14"><span class='ocrx_word' id='word_1_276' title='bbox 209 3758 346 3813; x_wconf 85' lang='lat' dir='ltr'><strong>dum</strong></span> <span class='ocrx_word' id='word_1_277' title='bbox 368 3756 784 3812; x_wconf 80' lang='lat' dir='ltr'><strong>misericordiam</strong></span> <span class='ocrx_word' id='word_1_278' title='bbox 808 3765 954 3810; x_wconf 83' lang='lat' dir='ltr'><strong>luant</strong></span> <span class='ocrx_word' id='word_1_279' title='bbox 980 3754 1156 3827; x_wconf 86' lang='lat' dir='ltr'><strong>(ibid.,</strong></span> <span class='ocrx_word' id='word_1_280' title='bbox 1181 3753 1306 3826; x_wconf 68' lang='lat'><strong>24):</strong></span> <span class='ocrx_word' id='word_1_281' title='bbox 1327 3763 1410 3810; x_wconf 89' lang='lat' dir='ltr'><strong>et:</strong></span> <span class='ocrx_word' id='word_1_282' title='bbox 1439 3753 1688 3809; x_wconf 77' lang='lat' dir='ltr'><strong>Miserere</strong></span> <span class='ocrx_word' id='word_1_283' title='bbox 1713 3754 1814 3808; x_wconf 84' lang='lat' dir='ltr'><strong>mei</strong></span> 
     </span>
    </p>
   </div>
   <div class='ocr_carea' id='block_1_41' title="bbox 208 3843 1812 3917">
    <p class='ocr_par' dir='ltr' id='par_1_41' title="bbox 208 3843 1812 3917">
     <span class='ocr_line' id='line_1_41' title="bbox 208 3843 1812 3917; baseline -0.004 -13"><span class='ocrx_word' id='word_1_284' title='bbox 208 3848 506 3904; x_wconf 79' lang='lat' dir='ltr'><strong>secundum</strong></span> <span class='ocrx_word' id='word_1_285' title='bbox 553 3845 819 3917; x_wconf 85' lang='lat' dir='ltr'><strong>judicium</strong></span> <span class='ocrx_word' id='word_1_286' title='bbox 865 3844 1197 3916; x_wconf 73' lang='lat' dir='ltr'><strong>diligentiam</strong></span> <span class='ocrx_word' id='word_1_287' title='bbox 1229 3860 1416 3898; x_wconf 87' lang='lat' dir='ltr'><strong>nomen</strong></span> <span class='ocrx_word' id='word_1_288' title='bbox 1453 3852 1602 3898; x_wconf 87' lang='lat' dir='ltr'><strong>tuum</strong></span> <span class='ocrx_word' id='word_1_289' title='bbox 1627 3843 1812 3916; x_wconf 86' lang='lat' dir='ltr'><strong>(ibid.,</strong></span> 
     </span>
    </p>
   </div>
   <div class='ocr_carea' id='block_1_42' title="bbox 213 3935 1816 4010">
    <p class='ocr_par' dir='ltr' id='par_1_42' title="bbox 213 3935 1816 4010">
     <span class='ocr_line' id='line_1_42' title="bbox 213 3935 1816 4010; baseline -0.002 -14"><span class='ocrx_word' id='word_1_290' title='bbox 213 3940 370 4010; x_wconf 70' lang='lat'><strong>152).</strong></span> <span class='ocrx_word' id='word_1_291' title='bbox 395 3939 558 3995; x_wconf 79' lang='lat' dir='ltr'><strong>Juxta</strong></span> <span class='ocrx_word' id='word_1_292' title='bbox 578 3938 722 3993; x_wconf 92' lang='lat' dir='ltr'><strong>hunc</strong></span> <span class='ocrx_word' id='word_1_293' title='bbox 750 3951 882 4009; x_wconf 84' lang='lat' dir='ltr'><strong>ergo</strong></span> <span class='ocrx_word' id='word_1_294' title='bbox 925 3935 1148 3992; x_wconf 88' lang='lat' dir='ltr'><strong>modum</strong></span> <span class='ocrx_word' id='word_1_295' title='bbox 1206 3950 1497 4007; x_wconf 90' lang='lat' dir='ltr'><strong>possumus</strong></span> <span class='ocrx_word' id='word_1_296' title='bbox 1543 3950 1646 4006; x_wconf 92' lang='lat' dir='ltr'><strong>pro</strong></span> <span class='ocrx_word' id='word_1_297' title='bbox 1693 3935 1816 3992; x_wconf 86' lang='lat' dir='ltr'><strong>aliis</strong></span> 
     </span>
    </p>
   </div>
   <div class='ocr_carea' id='block_1_43' title="bbox 216 4026 1814 4102">
    <p class='ocr_par' dir='ltr' id='par_1_43' title="bbox 216 4026 1814 4102">
     <span class='ocr_line' id='line_1_43' title="bbox 216 4026 1814 4102; baseline -0.002 -17"><span class='ocrx_word' id='word_1_298' title='bbox 216 4026 563 4102; x_wconf 85' lang='lat' dir='ltr'><strong>quibuslibet</strong></span> <span class='ocrx_word' id='word_1_299' title='bbox 591 4037 816 4085; x_wconf 85' lang='lat' dir='ltr'><strong>orantes</strong></span> <span class='ocrx_word' id='word_1_300' title='bbox 837 4028 911 4082; x_wconf 90' lang='lat' dir='ltr'><strong>ita</strong></span> <span class='ocrx_word' id='word_1_301' title='bbox 943 4027 1145 4084; x_wconf 89' lang='lat' dir='ltr'><strong>dicere.</strong></span> <span class='ocrx_word' id='word_1_302' title='bbox 1176 4026 1288 4083; x_wconf 87' lang='lat' dir='ltr'><strong>Fac</strong></span> <span class='ocrx_word' id='word_1_303' title='bbox 1313 4041 1431 4092; x_wconf 91' lang='lat' dir='ltr'><strong>eos,</strong></span> <span class='ocrx_word' id='word_1_304' title='bbox 1465 4026 1714 4092; x_wconf 87' lang='lat' dir='ltr'><strong>Domine,</strong></span> <span class='ocrx_word' id='word_1_305' title='bbox 1739 4027 1814 4083; x_wconf 87' lang='lat' dir='ltr'><strong>ita</strong></span> 
     </span>
    </p>
   </div>
   <div class='ocr_carea' id='block_1_44' title="bbox 212 4117 1818 4193">
    <p class='ocr_par' dir='ltr' id='par_1_44' title="bbox 212 4117 1818 4193">
     <span class='ocr_line' id='line_1_44' title="bbox 212 4117 1818 4193; baseline -0.002 -16"><span class='ocrx_word' id='word_1_306' title='bbox 212 4123 267 4177; x_wconf 87' lang='lat' dir='ltr'><strong>in</strong></span> <span class='ocrx_word' id='word_1_307' title='bbox 296 4119 508 4193; x_wconf 85' lang='lat' dir='ltr'><strong>justitia</strong></span> <span class='ocrx_word' id='word_1_308' title='bbox 563 4133 827 4191; x_wconf 87' lang='lat' dir='ltr'><strong>apparere</strong></span> <span class='ocrx_word' id='word_1_309' title='bbox 861 4117 1179 4190; x_wconf 89' lang='lat' dir='ltr'><strong>conspectui</strong></span> <span class='ocrx_word' id='word_1_310' title='bbox 1223 4127 1338 4185; x_wconf 91' lang='lat' dir='ltr'><strong>tuo,</strong></span> <span class='ocrx_word' id='word_1_311' title='bbox 1379 4127 1439 4172; x_wconf 89' lang='lat' dir='ltr'><strong>ut</strong></span> <span class='ocrx_word' id='word_1_312' title='bbox 1484 4118 1672 4174; x_wconf 89' lang='lat' dir='ltr'><strong>satiari</strong></span> <span class='ocrx_word' id='word_1_313' title='bbox 1703 4133 1818 4174; x_wconf 89' lang='lat' dir='ltr'><strong>me-</strong></span> 
     </span>
    </p>
   </div>
   <div class='ocr_carea' id='block_1_45' title="bbox 211 4207 1813 4282">
    <p class='ocr_par' dir='ltr' id='par_1_45' title="bbox 211 4207 1813 4282">
     <span class='ocr_line' id='line_1_45' title="bbox 211 4207 1813 4282; baseline -0.002 -13"><span class='ocrx_word' id='word_1_314' title='bbox 211 4221 444 4270; x_wconf 87' lang='lat' dir='ltr'><strong>reantur</strong></span> <span class='ocrx_word' id='word_1_315' title='bbox 480 4226 604 4268; x_wconf 93' lang='lat' dir='ltr'><strong>eum</strong></span> <span class='ocrx_word' id='word_1_316' title='bbox 631 4209 941 4282; x_wconf 88' lang='lat' dir='ltr'><strong>apparuerit</strong></span> <span class='ocrx_word' id='word_1_317' title='bbox 973 4208 1144 4281; x_wconf 88' lang='lat' dir='ltr'><strong>gloria</strong></span> <span class='ocrx_word' id='word_1_318' title='bbox 1165 4216 1278 4265; x_wconf 92' lang='lat' dir='ltr'><strong>tua.</strong></span> <span class='ocrx_word' id='word_1_319' title='bbox 1311 4208 1409 4266; x_wconf 90' lang='lat' dir='ltr'><strong>Vel</strong></span> <span class='ocrx_word' id='word_1_320' title='bbox 1440 4208 1534 4264; x_wconf 88' lang='lat' dir='ltr'><strong>ita.</strong></span> <span class='ocrx_word' id='word_1_321' title='bbox 1565 4207 1676 4265; x_wconf 85' lang='lat' dir='ltr'><strong>Fac</strong></span> <span class='ocrx_word' id='word_1_322' title='bbox 1695 4224 1813 4275; x_wconf 90' lang='lat' dir='ltr'><strong>eos,</strong></span> 
     </span>
    </p>
   </div>
   <div class='ocr_carea' id='block_1_46' title="bbox 211 4306 1812 4379">
    <p class='ocr_par' dir='ltr' id='par_1_46' title="bbox 211 4306 1812 4379">
     <span class='ocr_line' id='line_1_46' title="bbox 211 4306 1812 4379; baseline 0.001 -17"><span class='ocrx_word' id='word_1_323' title='bbox 211 4306 472 4373; x_wconf 80' lang='lat' dir='ltr'><strong>Domine,</strong></span> <span class='ocrx_word' id='word_1_324' title='bbox 494 4308 791 4379; x_wconf 88' lang='lat' dir='ltr'><strong>participes</strong></span> <span class='ocrx_word' id='word_1_325' title='bbox 835 4309 1075 4366; x_wconf 88' lang='lat' dir='ltr'><strong>omnium</strong></span> <span class='ocrx_word' id='word_1_326' title='bbox 1108 4307 1413 4364; x_wconf 91' lang='lat' dir='ltr'><strong>timentium</strong></span> <span class='ocrx_word' id='word_1_327' title='bbox 1453 4315 1526 4373; x_wconf 91' lang='lat' dir='ltr'><strong>te,</strong></span> <span class='ocrx_word' id='word_1_328' title='bbox 1558 4315 1613 4362; x_wconf 90' lang='lat' dir='ltr'><strong>et</strong></span> <span class='ocrx_word' id='word_1_329' title='bbox 1634 4316 1812 4363; x_wconf 86' lang='lat' dir='ltr'><strong>custo-</strong></span> 
     </span>
    </p>
   </div>
   <div class='ocr_carea' id='block_1_47' title="bbox 214 4395 1812 4463">
    <p class='ocr_par' dir='ltr' id='par_1_47' title="bbox 214 4395 1812 4463">
     <span class='ocr_line' id='line_1_47' title="bbox 214 4395 1812 4463; baseline -0.001 -11"><span class='ocrx_word' id='word_1_330' title='bbox 214 4397 483 4453; x_wconf 87' lang='lat' dir='ltr'><strong>dientium</strong></span> <span class='ocrx_word' id='word_1_331' title='bbox 511 4398 766 4454; x_wconf 88' lang='lat' dir='ltr'><strong>mandata</strong></span> <span class='ocrx_word' id='word_1_332' title='bbox 789 4409 899 4453; x_wconf 89' lang='lat' dir='ltr'><strong>tua.</strong></span> <span class='ocrx_word' id='word_1_333' title='bbox 923 4397 1019 4454; x_wconf 91' lang='lat' dir='ltr'><strong>Vel</strong></span> <span class='ocrx_word' id='word_1_334' title='bbox 1039 4399 1134 4453; x_wconf 87' lang='lat' dir='ltr'><strong>ita.</strong></span> <span class='ocrx_word' id='word_1_335' title='bbox 1161 4397 1270 4454; x_wconf 85' lang='lat' dir='ltr'><strong>Fac</strong></span> <span class='ocrx_word' id='word_1_336' title='bbox 1292 4412 1414 4454; x_wconf 91' lang='lat' dir='ltr'><strong>cum</strong></span> <span class='ocrx_word' id='word_1_337' title='bbox 1436 4398 1539 4463; x_wconf 88' lang='lat' dir='ltr'><strong>eis,</strong></span> <span class='ocrx_word' id='word_1_338' title='bbox 1564 4395 1812 4462; x_wconf 90' lang='lat' dir='ltr'><strong>Domine,</strong></span> 
     </span>
    </p>
   </div>
   <div class='ocr_carea' id='block_1_48' title="bbox 1897 547 3488 622">
    <p class='ocr_par' dir='ltr' id='par_1_48' title="bbox 1897 547 3488 622">
     <span class='ocr_line' id='line_1_48' title="bbox 1897 547 3488 622; baseline 0.009 -20"><span class='ocrx_word' id='word_1_339' title='bbox 1897 547 2141 604; x_wconf 86' lang='lat' dir='ltr'><strong>sionibus</strong></span> <span class='ocrx_word' id='word_1_340' title='bbox 2169 550 2293 605; x_wconf 70' lang='lat' dir='ltr'><strong>vitae</strong></span> <span class='ocrx_word' id='word_1_341' title='bbox 2322 565 2442 620; x_wconf 75' lang='lat' dir='ltr'><strong>qua:</strong></span> <span class='ocrx_word' id='word_1_342' title='bbox 2464 567 2608 608; x_wconf 91' lang='lat' dir='ltr'><strong>nunc</strong></span> <span class='ocrx_word' id='word_1_343' title='bbox 2627 561 2730 622; x_wconf 87' lang='lat' dir='ltr'><strong>est,</strong></span> <span class='ocrx_word' id='word_1_344' title='bbox 2758 561 2815 610; x_wconf 90' lang='lat' dir='ltr'><strong>et</strong></span> <span class='ocrx_word' id='word_1_345' title='bbox 2835 561 3074 612; x_wconf 68' lang='lat' dir='ltr'><strong>sclerum.</strong></span> <span class='ocrx_word' id='word_1_346' title='bbox 3105 556 3195 613; x_wconf 85' lang='lat' dir='ltr'><strong>Vel</strong></span> <span class='ocrx_word' id='word_1_347' title='bbox 3217 558 3296 614; x_wconf 90' lang='lat' dir='ltr'><strong>sic</strong></span> <span class='ocrx_word' id='word_1_348' title='bbox 3325 573 3340 612; x_wconf 93' lang='lat'><strong>:</strong></span> <span class='ocrx_word' id='word_1_349' title='bbox 3375 558 3488 616; x_wconf 88' lang='lat' dir='ltr'><strong>Fac</strong></span> 
     </span>
    </p>
   </div>
   <div class='ocr_carea' id='block_1_49' title="bbox 1897 635 3489 714">
    <p class='ocr_par' dir='ltr' id='par_1_49' title="bbox 1897 635 3489 714">
     <span class='ocr_line' id='line_1_49' title="bbox 1897 635 3489 714; baseline 0.008 -22"><span class='ocrx_word' id='word_1_350' title='bbox 1897 649 1992 692; x_wconf 91' lang='lat' dir='ltr'><strong>eos</strong></span> <span class='ocrx_word' id='word_1_351' title='bbox 2019 635 2098 692; x_wconf 85' lang='lat' dir='ltr'><strong>sic</strong></span> <span class='ocrx_word' id='word_1_352' title='bbox 2125 637 2360 694; x_wconf 88' lang='lat' dir='ltr'><strong>transire</strong></span> <span class='ocrx_word' id='word_1_353' title='bbox 2396 653 2494 710; x_wconf 89' lang='lat' dir='ltr'><strong>per</strong></span> <span class='ocrx_word' id='word_1_354' title='bbox 2515 640 2652 696; x_wconf 90' lang='lat' dir='ltr'><strong>bona</strong></span> <span class='ocrx_word' id='word_1_355' title='bbox 2708 643 3046 714; x_wconf 85' lang='lat' dir='ltr'><strong>temporalia,</strong></span> <span class='ocrx_word' id='word_1_356' title='bbox 3072 653 3133 700; x_wconf 89' lang='lat' dir='ltr'><strong>ut</strong></span> <span class='ocrx_word' id='word_1_357' title='bbox 3178 662 3283 702; x_wconf 89' lang='lat' dir='ltr'><strong>non</strong></span> <span class='ocrx_word' id='word_1_358' title='bbox 3331 647 3489 704; x_wconf 79' lang='lat' dir='ltr'><strong>amit-</strong></span> 
     </span>
    </p>
   </div>
   <div class='ocr_carea' id='block_1_50' title="bbox 1897 730 3487 805">
    <p class='ocr_par' dir='ltr' id='par_1_50' title="bbox 1897 730 3487 805">
     <span class='ocr_line' id='line_1_50' title="bbox 1897 730 3487 805; baseline 0.008 -24"><span class='ocrx_word' id='word_1_359' title='bbox 1897 734 2016 782; x_wconf 85' lang='lat' dir='ltr'><strong>tant</strong></span> <span class='ocrx_word' id='word_1_360' title='bbox 2045 735 2274 796; x_wconf 74' lang='lat' dir='ltr'><strong>aeterna;</strong></span> <span class='ocrx_word' id='word_1_361' title='bbox 2301 730 2446 800; x_wconf 88' lang='lat' dir='ltr'><strong>quod</strong></span> <span class='ocrx_word' id='word_1_362' title='bbox 2475 731 2648 804; x_wconf 82' lang='lat' dir='ltr'><strong>magis</strong></span> <span class='ocrx_word' id='word_1_363' title='bbox 2685 732 2904 790; x_wconf 81' lang='lat' dir='ltr'><strong>videtur</strong></span> <span class='ocrx_word' id='word_1_364' title='bbox 2925 749 3026 805; x_wconf 92' lang='lat' dir='ltr'><strong>pro</strong></span> <span class='ocrx_word' id='word_1_365' title='bbox 3069 734 3155 791; x_wconf 90' lang='lat' dir='ltr'><strong>his</strong></span> <span class='ocrx_word' id='word_1_366' title='bbox 3175 749 3296 792; x_wconf 86' lang='lat' dir='ltr'><strong>esse</strong></span> <span class='ocrx_word' id='word_1_367' title='bbox 3321 752 3487 793; x_wconf 86' lang='lat' dir='ltr'><strong>oran-</strong></span> 
     </span>
    </p>
   </div>
   <div class='ocr_carea' id='block_1_51' title="bbox 1898 819 3490 900">
    <p class='ocr_par' dir='ltr' id='par_1_51' title="bbox 1898 819 3490 900">
     <span class='ocr_line' id='line_1_51' title="bbox 1898 819 3490 900; baseline 0.006 -26"><span class='ocrx_word' id='word_1_368' title='bbox 1898 819 2047 885; x_wconf 91' lang='lat' dir='ltr'><strong>dum,</strong></span> <span class='ocrx_word' id='word_1_369' title='bbox 2073 819 2244 889; x_wconf 86' lang='lat' dir='ltr'><strong>quiin</strong></span> <span class='ocrx_word' id='word_1_370' title='bbox 2279 821 2529 879; x_wconf 63' lang='lat' dir='ltr'><strong>seculari</strong></span> <span class='ocrx_word' id='word_1_371' title='bbox 2569 823 2774 896; x_wconf 88' lang='lat' dir='ltr'><strong>degunt</strong></span> <span class='ocrx_word' id='word_1_372' title='bbox 2821 827 3256 885; x_wconf 83' lang='lat' dir='ltr'><strong>conversatione.</strong></span> <span class='ocrx_word' id='word_1_373' title='bbox 3312 830 3490 900; x_wconf 87' lang='lat' dir='ltr'><strong>Atque</strong></span> 
     </span>
    </p>
   </div>
   <div class='ocr_carea' id='block_1_52' title="bbox 1897 908 3492 988">
    <p class='ocr_par' dir='ltr' id='par_1_52' title="bbox 1897 908 3492 988">
     <span class='ocr_line' id='line_1_52' title="bbox 1897 908 3492 988; baseline 0.008 -24"><span class='ocrx_word' id='word_1_374' title='bbox 1897 908 2026 965; x_wconf 89' lang='lat' dir='ltr'><strong>illud</strong></span> <span class='ocrx_word' id='word_1_375' title='bbox 2059 928 2074 966; x_wconf 90' lang='lat'><strong>:</strong></span> <span class='ocrx_word' id='word_1_376' title='bbox 2107 909 2216 968; x_wconf 87' lang='lat' dir='ltr'><strong>Fac</strong></span> <span class='ocrx_word' id='word_1_377' title='bbox 2238 927 2351 979; x_wconf 86' lang='lat' dir='ltr'><strong>eos,</strong></span> <span class='ocrx_word' id='word_1_378' title='bbox 2381 912 2630 981; x_wconf 85' lang='lat' dir='ltr'><strong>Domine,</strong></span> <span class='ocrx_word' id='word_1_379' title='bbox 2655 917 2730 972; x_wconf 87' lang='lat' dir='ltr'><strong>ita</strong></span> <span class='ocrx_word' id='word_1_380' title='bbox 2759 917 3164 988; x_wconf 87' lang='lat' dir='ltr'><strong>misericordes,</strong></span> <span class='ocrx_word' id='word_1_381' title='bbox 3191 932 3250 976; x_wconf 77' lang='lat' dir='ltr'><strong>ut</strong></span> <span class='ocrx_word' id='word_1_382' title='bbox 3280 920 3492 976; x_wconf 84' lang='lat' dir='ltr'><strong>miseri-</strong></span> 
     </span>
    </p>
   </div>
   <div class='ocr_carea' id='block_1_53' title="bbox 1897 1005 3491 1088">
    <p class='ocr_par' dir='ltr' id='par_1_53' title="bbox 1897 1005 3491 1088">
     <span class='ocr_line' id='line_1_53' title="bbox 1897 1005 3491 1088; baseline 0.009 -27"><span class='ocrx_word' id='word_1_383' title='bbox 1897 1005 2139 1061; x_wconf 89' lang='lat' dir='ltr'><strong>cordiam</strong></span> <span class='ocrx_word' id='word_1_384' title='bbox 2167 1017 2590 1080; x_wconf 84' lang='lat' dir='ltr'><strong>consequantur.</strong></span> <span class='ocrx_word' id='word_1_385' title='bbox 2620 1011 2729 1069; x_wconf 90' lang='lat' dir='ltr'><strong>Pro</strong></span> <span class='ocrx_word' id='word_1_386' title='bbox 2762 1014 2828 1070; x_wconf 91' lang='lat' dir='ltr'><strong>iis</strong></span> <span class='ocrx_word' id='word_1_387' title='bbox 2871 1029 3001 1071; x_wconf 84' lang='lat' dir='ltr'><strong>vero</strong></span> <span class='ocrx_word' id='word_1_388' title='bbox 3029 1016 3124 1086; x_wconf 91' lang='lat' dir='ltr'><strong>qui</strong></span> <span class='ocrx_word' id='word_1_389' title='bbox 3163 1016 3491 1088; x_wconf 84' lang='lat' dir='ltr'><strong>perfectiora</strong></span> 
     </span>
    </p>
   </div>
   <div class='ocr_carea' id='block_1_54' title="bbox 1897 1097 3494 1178">
    <p class='ocr_par' dir='ltr' id='par_1_54' title="bbox 1897 1097 3494 1178">
     <span class='ocr_line' id='line_1_54' title="bbox 1897 1097 3494 1178; baseline 0.008 -27"><span class='ocrx_word' id='word_1_390' title='bbox 1897 1101 2196 1163; x_wconf 86' lang='lat' dir='ltr'><strong>sectantur,</strong></span> <span class='ocrx_word' id='word_1_391' title='bbox 2241 1104 2302 1152; x_wconf 90' lang='lat' dir='ltr'><strong>ut</strong></span> <span class='ocrx_word' id='word_1_392' title='bbox 2346 1097 2420 1153; x_wconf 88' lang='lat' dir='ltr'><strong>ita</strong></span> <span class='ocrx_word' id='word_1_393' title='bbox 2465 1099 2602 1156; x_wconf 85' lang='lat' dir='ltr'><strong>ﬁant</strong></span> <span class='ocrx_word' id='word_1_394' title='bbox 2647 1115 2915 1174; x_wconf 89' lang='lat' dir='ltr'><strong>pauperes</strong></span> <span class='ocrx_word' id='word_1_395' title='bbox 2973 1105 3167 1175; x_wconf 82' lang='lat' dir='ltr'><strong>spiritu</strong></span> <span class='ocrx_word' id='word_1_396' title='bbox 3223 1115 3494 1178; x_wconf 88' lang='lat' dir='ltr'><strong>quatenus</strong></span> 
     </span>
    </p>
   </div>
   <div class='ocr_carea' id='block_1_55' title="bbox 1898 1188 3490 1264">
    <p class='ocr_par' dir='ltr' id='par_1_55' title="bbox 1898 1188 3490 1264">
     <span class='ocr_line' id='line_1_55' title="bbox 1898 1188 3490 1264; baseline 0.008 -22"><span class='ocrx_word' id='word_1_397' title='bbox 1898 1201 2122 1260; x_wconf 90' lang='lat' dir='ltr'><strong>regnum</strong></span> <span class='ocrx_word' id='word_1_398' title='bbox 2175 1188 2438 1248; x_wconf 65' lang='lat' dir='ltr'><strong>coriorum</strong></span> <span class='ocrx_word' id='word_1_399' title='bbox 2483 1193 2796 1262; x_wconf 89' lang='lat' dir='ltr'><strong>possideant</strong></span> <span class='ocrx_word' id='word_1_400' title='bbox 2827 1212 2843 1262; x_wconf 94' lang='lat'><strong>;</strong></span> <span class='ocrx_word' id='word_1_401' title='bbox 2870 1196 2950 1252; x_wconf 89' lang='lat' dir='ltr'><strong>sic</strong></span> <span class='ocrx_word' id='word_1_402' title='bbox 2979 1196 3158 1264; x_wconf 88' lang='lat' dir='ltr'><strong>mites,</strong></span> <span class='ocrx_word' id='word_1_403' title='bbox 3191 1207 3249 1253; x_wconf 87' lang='lat' dir='ltr'><strong>ut</strong></span> <span class='ocrx_word' id='word_1_404' title='bbox 3288 1207 3490 1254; x_wconf 85' lang='lat' dir='ltr'><strong>terram</strong></span> 
     </span>
    </p>
   </div>
   <div class='ocr_carea' id='block_1_56' title="bbox 1901 1278 3494 1361">
    <p class='ocr_par' dir='ltr' id='par_1_56' title="bbox 1901 1278 3494 1361">
     <span class='ocr_line' id='line_1_56' title="bbox 1901 1278 3494 1361; baseline 0.008 -28"><span class='ocrx_word' id='word_1_405' title='bbox 1901 1278 2204 1335; x_wconf 83' lang='lat' dir='ltr'><strong>viventium</strong></span> <span class='ocrx_word' id='word_1_406' title='bbox 2256 1283 2537 1352; x_wconf 90' lang='lat' dir='ltr'><strong>possidere</strong></span> <span class='ocrx_word' id='word_1_407' title='bbox 2603 1297 2964 1356; x_wconf 88' lang='lat' dir='ltr'><strong>mereantur;</strong></span> <span class='ocrx_word' id='word_1_408' title='bbox 3001 1287 3082 1344; x_wconf 89' lang='lat' dir='ltr'><strong>sic</strong></span> <span class='ocrx_word' id='word_1_409' title='bbox 3133 1288 3396 1361; x_wconf 86' lang='lat' dir='ltr'><strong>lugentes,</strong></span> <span class='ocrx_word' id='word_1_410' title='bbox 3431 1298 3494 1345; x_wconf 88' lang='lat' dir='ltr'><strong>ut</strong></span> 
     </span>
    </p>
   </div>
   <div class='ocr_carea' id='block_1_57' title="bbox 1899 1368 3494 1446">
    <p class='ocr_par' dir='ltr' id='par_1_57' title="bbox 1899 1368 3494 1446">
     <span class='ocr_line' id='line_1_57' title="bbox 1899 1368 3494 1446; baseline 0.006 -20"><span class='ocrx_word' id='word_1_411' title='bbox 1899 1368 2329 1427; x_wconf 89' lang='lat' dir='ltr'><strong>consolationem</strong></span> <span class='ocrx_word' id='word_1_412' title='bbox 2369 1383 2684 1430; x_wconf 89' lang='lat' dir='ltr'><strong>mereantur</strong></span> <span class='ocrx_word' id='word_1_413' title='bbox 2722 1385 3021 1446; x_wconf 74' lang='lat' dir='ltr'><strong>aeternam;</strong></span> <span class='ocrx_word' id='word_1_414' title='bbox 3065 1377 3150 1436; x_wconf 88' lang='lat' dir='ltr'><strong>sic</strong></span> <span class='ocrx_word' id='word_1_415' title='bbox 3190 1379 3494 1436; x_wconf 90' lang='lat' dir='ltr'><strong>esurientes</strong></span> 
     </span>
    </p>
   </div>
   <div class='ocr_carea' id='block_1_58' title="bbox 1899 1461 3492 1542">
    <p class='ocr_par' dir='ltr' id='par_1_58' title="bbox 1899 1461 3492 1542">
     <span class='ocr_line' id='line_1_58' title="bbox 1899 1461 3492 1542; baseline 0.006 -26"><span class='ocrx_word' id='word_1_416' title='bbox 1899 1469 1956 1516; x_wconf 91' lang='lat' dir='ltr'><strong>et</strong></span> <span class='ocrx_word' id='word_1_417' title='bbox 1991 1461 2244 1518; x_wconf 89' lang='lat' dir='ltr'><strong>sitientes</strong></span> <span class='ocrx_word' id='word_1_418' title='bbox 2291 1461 2584 1533; x_wconf 78' lang='lat' dir='ltr'><strong>justitiam,</strong></span> <span class='ocrx_word' id='word_1_419' title='bbox 2632 1473 2695 1521; x_wconf 92' lang='lat' dir='ltr'><strong>ut</strong></span> <span class='ocrx_word' id='word_1_420' title='bbox 2739 1467 3046 1524; x_wconf 86' lang='lat' dir='ltr'><strong>satietatem</strong></span> <span class='ocrx_word' id='word_1_421' title='bbox 3104 1470 3492 1542; x_wconf 89' lang='lat' dir='ltr'><strong>repromissam</strong></span> 
     </span>
    </p>
   </div>
   <div class='ocr_carea' id='block_1_59' title="bbox 1899 1554 3492 1628">
    <p class='ocr_par' dir='ltr' id='par_1_59' title="bbox 1899 1554 3492 1628">
     <span class='ocr_line' id='line_1_59' title="bbox 1899 1554 3492 1628; baseline 0.003 -17"><span class='ocrx_word' id='word_1_422' title='bbox 1899 1554 2226 1624; x_wconf 83' lang='lat' dir='ltr'><strong>obtineant;</strong></span> <span class='ocrx_word' id='word_1_423' title='bbox 2257 1555 2340 1614; x_wconf 91' lang='lat' dir='ltr'><strong>sic</strong></span> <span class='ocrx_word' id='word_1_424' title='bbox 2362 1556 2530 1614; x_wconf 88' lang='lat' dir='ltr'><strong>etiam</strong></span> <span class='ocrx_word' id='word_1_425' title='bbox 2557 1560 2960 1626; x_wconf 87' lang='lat' dir='ltr'><strong>mundicordes,</strong></span> <span class='ocrx_word' id='word_1_426' title='bbox 2994 1571 3056 1618; x_wconf 89' lang='lat' dir='ltr'><strong>ut</strong></span> <span class='ocrx_word' id='word_1_427' title='bbox 3086 1561 3255 1620; x_wconf 88' lang='lat' dir='ltr'><strong>Deum</strong></span> <span class='ocrx_word' id='word_1_428' title='bbox 3285 1563 3492 1628; x_wconf 87' lang='lat' dir='ltr'><strong>videre,</strong></span> 
     </span>
    </p>
   </div>
   <div class='ocr_carea' id='block_1_60' title="bbox 1901 1646 3496 1717">
    <p class='ocr_par' dir='ltr' id='par_1_60' title="bbox 1901 1646 3496 1717">
     <span class='ocr_line' id='line_1_60' title="bbox 1901 1646 3496 1717; baseline 0.003 -16"><span class='ocrx_word' id='word_1_429' title='bbox 1901 1646 1983 1702; x_wconf 86' lang='lat' dir='ltr'><strong>sic</strong></span> <span class='ocrx_word' id='word_1_430' title='bbox 2003 1647 2245 1717; x_wconf 88' lang='lat' dir='ltr'><strong>paciﬁci,</strong></span> <span class='ocrx_word' id='word_1_431' title='bbox 2269 1656 2330 1704; x_wconf 92' lang='lat' dir='ltr'><strong>ut</strong></span> <span class='ocrx_word' id='word_1_432' title='bbox 2356 1648 2451 1705; x_wconf 85' lang='lat' dir='ltr'><strong>ﬁlii</strong></span> <span class='ocrx_word' id='word_1_433' title='bbox 2485 1649 2581 1707; x_wconf 89' lang='lat' dir='ltr'><strong>Dei</strong></span> <span class='ocrx_word' id='word_1_434' title='bbox 2611 1665 2735 1708; x_wconf 90' lang='lat' dir='ltr'><strong>esse</strong></span> <span class='ocrx_word' id='word_1_435' title='bbox 2782 1661 3114 1709; x_wconf 88' lang='lat' dir='ltr'><strong>mereantur.</strong></span> <span class='ocrx_word' id='word_1_436' title='bbox 3155 1654 3246 1711; x_wconf 92' lang='lat' dir='ltr'><strong>Sic</strong></span> <span class='ocrx_word' id='word_1_437' title='bbox 3287 1655 3354 1710; x_wconf 89' lang='lat' dir='ltr'><strong>de</strong></span> <span class='ocrx_word' id='word_1_438' title='bbox 3386 1654 3496 1707; x_wconf 88' lang='lat' dir='ltr'><strong>vir-</strong></span> 
     </span>
    </p>
   </div>
   <div class='ocr_carea' id='block_1_61' title="bbox 1905 1737 3493 1814">
    <p class='ocr_par' dir='ltr' id='par_1_61' title="bbox 1905 1737 3493 1814">
     <span class='ocr_line' id='line_1_61' title="bbox 1905 1737 3493 1814; baseline 0.005 -24"><span class='ocrx_word' id='word_1_439' title='bbox 1905 1743 2022 1793; x_wconf 91' lang='lat' dir='ltr'><strong>tute</strong></span> <span class='ocrx_word' id='word_1_440' title='bbox 2044 1737 2099 1792; x_wconf 94' lang='lat' dir='ltr'><strong>in</strong></span> <span class='ocrx_word' id='word_1_441' title='bbox 2125 1737 2386 1796; x_wconf 88' lang='lat' dir='ltr'><strong>virtutem</strong></span> <span class='ocrx_word' id='word_1_442' title='bbox 2413 1740 2744 1798; x_wconf 88' lang='lat' dir='ltr'><strong>ambulando</strong></span> <span class='ocrx_word' id='word_1_443' title='bbox 2773 1742 3083 1814; x_wconf 87' lang='lat' dir='ltr'><strong>proﬁciant,</strong></span> <span class='ocrx_word' id='word_1_444' title='bbox 3117 1751 3177 1797; x_wconf 90' lang='lat' dir='ltr'><strong>ut</strong></span> <span class='ocrx_word' id='word_1_445' title='bbox 3207 1744 3276 1798; x_wconf 88' lang='lat' dir='ltr'><strong>ad</strong></span> <span class='ocrx_word' id='word_1_446' title='bbox 3307 1743 3493 1799; x_wconf 77' lang='lat' dir='ltr'><strong>vidcu~</strong></span> 
     </span>
    </p>
   </div>
   <div class='ocr_carea' id='block_1_62' title="bbox 1824 1802 3102 1904">
    <p class='ocr_par' dir='ltr' id='par_1_62' title="bbox 1824 1802 3102 1904">
     <span class='ocr_line' id='line_1_62' title="bbox 1824 1802 3102 1904; baseline 0.005 -22"><span class='ocrx_word' id='word_1_447' title='bbox 1824 1802 1874 1864; x_wconf 76' lang='grc' dir='ltr'><strong>Β</strong></span> <span class='ocrx_word' id='word_1_448' title='bbox 1900 1826 2028 1884; x_wconf 91' lang='lat' dir='ltr'><strong>dum</strong></span> <span class='ocrx_word' id='word_1_449' title='bbox 2062 1829 2232 1884; x_wconf 90' lang='lat' dir='ltr'><strong>Deum</strong></span> <span class='ocrx_word' id='word_1_450' title='bbox 2268 1829 2492 1888; x_wconf 90' lang='lat' dir='ltr'><strong>deorum</strong></span> <span class='ocrx_word' id='word_1_451' title='bbox 2521 1835 2576 1887; x_wconf 92' lang='lat' dir='ltr'><strong>in</strong></span> <span class='ocrx_word' id='word_1_452' title='bbox 2606 1833 2738 1890; x_wconf 89' lang='lat' dir='ltr'><strong>Sion</strong></span> <span class='ocrx_word' id='word_1_453' title='bbox 2759 1802 3102 1904; x_wconf 76' lang='lat' dir='ltr'><strong>perveniant.</strong></span> 
     </span>
    </p>
   </div>
   <div class='ocr_carea' id='block_1_63' title="bbox 2066 1919 3347 1997">
    <p class='ocr_par' dir='ltr' id='par_1_63' title="bbox 2066 1919 3347 1997">
     <span class='ocr_line' id='line_1_63' title="bbox 2066 1919 3347 1997; baseline 0.005 -23"><span class='ocrx_word' id='word_1_454' title='bbox 2066 1919 2221 1986; x_wconf 84' lang='lat' dir='ltr'><strong>Quod</strong></span> <span class='ocrx_word' id='word_1_455' title='bbox 2241 1922 2309 1977; x_wconf 88' lang='lat' dir='ltr'><strong>sit</strong></span> <span class='ocrx_word' id='word_1_456' title='bbox 2329 1925 2586 1979; x_wconf 88' lang='lat' dir='ltr'><strong>orandum</strong></span> <span class='ocrx_word' id='word_1_457' title='bbox 2605 1941 2700 1995; x_wconf 83' lang='lat' dir='ltr'><strong>pro</strong></span> <span class='ocrx_word' id='word_1_458' title='bbox 2725 1927 2962 1997; x_wconf 78' lang='lat' dir='ltr'><strong>prwlatis</strong></span> <span class='ocrx_word' id='word_1_459' title='bbox 2982 1928 3347 1984; x_wconf 84' lang='lat' dir='ltr'><strong>ecclesiarum.</strong></span> 
     </span>
    </p>
   </div>
   <div class='ocr_carea' id='block_1_64' title="bbox 1972 2010 3478 2088">
    <p class='ocr_par' dir='ltr' id='par_1_64' title="bbox 1972 2010 3478 2088">
     <span class='ocr_line' id='line_1_64' title="bbox 1972 2010 3478 2088; baseline 0.004 -20"><span class='ocrx_word' id='word_1_460' title='bbox 1972 2010 2250 2068; x_wconf 80' lang='lat' dir='ltr'><strong>Orandum</strong></span> <span class='ocrx_word' id='word_1_461' title='bbox 2270 2022 2357 2070; x_wconf 90' lang='lat' dir='ltr'><strong>est</strong></span> <span class='ocrx_word' id='word_1_462' title='bbox 2380 2023 2564 2072; x_wconf 89' lang='lat' dir='ltr'><strong>autem</strong></span> <span class='ocrx_word' id='word_1_463' title='bbox 2590 2031 2690 2088; x_wconf 91' lang='lat' dir='ltr'><strong>pro</strong></span> <span class='ocrx_word' id='word_1_464' title='bbox 2716 2018 2990 2075; x_wconf 85' lang='lat' dir='ltr'><strong>universis</strong></span> <span class='ocrx_word' id='word_1_465' title='bbox 3009 2019 3268 2076; x_wconf 74' lang='lat' dir='ltr'><strong>Ecclesiae</strong></span> <span class='ocrx_word' id='word_1_466' title='bbox 3295 2029 3478 2074; x_wconf 89' lang='lat' dir='ltr'><strong>recto-</strong></span> 
     </span>
    </p>
   </div>
   <div class='ocr_carea' id='block_1_65' title="bbox 1902 2102 3493 2185">
    <p class='ocr_par' dir='ltr' id='par_1_65' title="bbox 1902 2102 3493 2185">
     <span class='ocr_line' id='line_1_65' title="bbox 1902 2102 3493 2185; baseline 0.008 -27"><span class='ocrx_word' id='word_1_467' title='bbox 1902 2102 2083 2171; x_wconf 84' lang='lat' dir='ltr'><strong>ribus,</strong></span> <span class='ocrx_word' id='word_1_468' title='bbox 2106 2114 2376 2175; x_wconf 86' lang='lat' dir='ltr'><strong>quatenus</strong></span> <span class='ocrx_word' id='word_1_469' title='bbox 2405 2108 2486 2165; x_wconf 85' lang='lat' dir='ltr'><strong>sic</strong></span> <span class='ocrx_word' id='word_1_470' title='bbox 2520 2117 2684 2183; x_wconf 86' lang='lat' dir='ltr'><strong>agant</strong></span> <span class='ocrx_word' id='word_1_471' title='bbox 2712 2125 2902 2168; x_wconf 83' lang='lat' dir='ltr'><strong>curam</strong></span> <span class='ocrx_word' id='word_1_472' title='bbox 2926 2113 3160 2184; x_wconf 88' lang='lat' dir='ltr'><strong>suscepti</strong></span> <span class='ocrx_word' id='word_1_473' title='bbox 3193 2113 3493 2185; x_wconf 74' lang='lat' dir='ltr'><strong>regiminis,</strong></span> 
     </span>
    </p>
   </div>
   <div class='ocr_carea' id='block_1_66' title="bbox 1901 2198 3494 2274">
    <p class='ocr_par' dir='ltr' id='par_1_66' title="bbox 1901 2198 3494 2274">
     <span class='ocr_line' id='line_1_66' title="bbox 1901 2198 3494 2274; baseline 0.005 -25"><span class='ocrx_word' id='word_1_474' title='bbox 1901 2201 1965 2249; x_wconf 94' lang='lat' dir='ltr'><strong>ut</strong></span> <span class='ocrx_word' id='word_1_475' title='bbox 1981 2209 2159 2263; x_wconf 90' lang='lat' dir='ltr'><strong>suam,</strong></span> <span class='ocrx_word' id='word_1_476' title='bbox 2189 2204 2249 2251; x_wconf 92' lang='lat' dir='ltr'><strong>et</strong></span> <span class='ocrx_word' id='word_1_477' title='bbox 2277 2198 2618 2255; x_wconf 84' lang='lat' dir='ltr'><strong>subditorum</strong></span> <span class='ocrx_word' id='word_1_478' title='bbox 2661 2200 2900 2258; x_wconf 57' lang='lat' dir='ltr'><strong>salutem.</strong></span> <span class='ocrx_word' id='word_1_479' title='bbox 2923 2204 3139 2274; x_wconf 89' lang='lat' dir='ltr'><strong>operari</strong></span> <span class='ocrx_word' id='word_1_480' title='bbox 3163 2213 3494 2260; x_wconf 87' lang='lat' dir='ltr'><strong>mereantur.</strong></span> 
     </span>
    </p>
   </div>
   <div class='ocr_carea' id='block_1_67' title="bbox 1903 2283 3500 2367">
    <p class='ocr_par' dir='ltr' id='par_1_67' title="bbox 1903 2283 3500 2367">
     <span class='ocr_line' id='line_1_67' title="bbox 1903 2283 3500 2367; baseline 0.008 -27"><span class='ocrx_word' id='word_1_481' title='bbox 1903 2283 2010 2343; x_wconf 86' lang='lat' dir='ltr'><strong>Pro</strong></span> <span class='ocrx_word' id='word_1_482' title='bbox 2030 2287 2364 2358; x_wconf 88' lang='lat' dir='ltr'><strong>quibuslibet</strong></span> <span class='ocrx_word' id='word_1_483' title='bbox 2381 2290 2465 2346; x_wconf 91' lang='lat' dir='ltr'><strong>vel</strong></span> <span class='ocrx_word' id='word_1_484' title='bbox 2494 2291 2548 2346; x_wconf 92' lang='lat' dir='ltr'><strong>in</strong></span> <span class='ocrx_word' id='word_1_485' title='bbox 2570 2301 2760 2350; x_wconf 86' lang='lat' dir='ltr'><strong>nostro</strong></span> <span class='ocrx_word' id='word_1_486' title='bbox 2805 2295 3084 2366; x_wconf 88' lang='lat' dir='ltr'><strong>proposito</strong></span> <span class='ocrx_word' id='word_1_487' title='bbox 3109 2335 3127 2364; x_wconf 93' lang='lat'><strong>,</strong></span> <span class='ocrx_word' id='word_1_488' title='bbox 3173 2295 3259 2352; x_wconf 89' lang='lat' dir='ltr'><strong>vel</strong></span> <span class='ocrx_word' id='word_1_489' title='bbox 3287 2297 3340 2351; x_wconf 92' lang='lat' dir='ltr'><strong>in</strong></span> <span class='ocrx_word' id='word_1_490' title='bbox 3363 2308 3500 2367; x_wconf 78' lang='lat' dir='ltr'><strong>qua-</strong></span> 
     </span>
    </p>
   </div>
   <div class='ocr_carea' id='block_1_68' title="bbox 1904 2377 3500 2460">
    <p class='ocr_par' dir='ltr' id='par_1_68' title="bbox 1904 2377 3500 2460">
     <span class='ocr_line' id='line_1_68' title="bbox 1904 2377 3500 2460; baseline 0.007 -27"><span class='ocrx_word' id='word_1_491' title='bbox 1904 2377 2036 2435; x_wconf 85' lang='lat' dir='ltr'><strong>libet</strong></span> <span class='ocrx_word' id='word_1_492' title='bbox 2079 2391 2268 2438; x_wconf 86' lang='lat' dir='ltr'><strong>sancta</strong></span> <span class='ocrx_word' id='word_1_493' title='bbox 2308 2387 2731 2444; x_wconf 87' lang='lat' dir='ltr'><strong>conversatione</strong></span> <span class='ocrx_word' id='word_1_494' title='bbox 2774 2388 3115 2460; x_wconf 88' lang='lat' dir='ltr'><strong>degentibus,</strong></span> <span class='ocrx_word' id='word_1_495' title='bbox 3161 2397 3222 2445; x_wconf 93' lang='lat' dir='ltr'><strong>ut</strong></span> <span class='ocrx_word' id='word_1_496' title='bbox 3259 2389 3311 2443; x_wconf 93' lang='lat' dir='ltr'><strong>in</strong></span> <span class='ocrx_word' id='word_1_497' title='bbox 3340 2405 3500 2446; x_wconf 87' lang='lat' dir='ltr'><strong>voca-</strong></span> 
     </span>
    </p>
   </div>
   <div class='ocr_carea' id='block_1_69' title="bbox 1906 2468 3498 2549">
    <p class='ocr_par' dir='ltr' id='par_1_69' title="bbox 1906 2468 3498 2549">
     <span class='ocr_line' id='line_1_69' title="bbox 1906 2468 3498 2549; baseline 0.008 -27"><span class='ocrx_word' id='word_1_498' title='bbox 1906 2468 2054 2526; x_wconf 91' lang='lat' dir='ltr'><strong>tione</strong></span> <span class='ocrx_word' id='word_1_499' title='bbox 2083 2486 2191 2541; x_wconf 87' lang='lat' dir='ltr'><strong>qua</strong></span> <span class='ocrx_word' id='word_1_500' title='bbox 2230 2474 2408 2529; x_wconf 88' lang='lat' dir='ltr'><strong>vocati</strong></span> <span class='ocrx_word' id='word_1_501' title='bbox 2437 2483 2584 2542; x_wconf 90' lang='lat' dir='ltr'><strong>sunt,</strong></span> <span class='ocrx_word' id='word_1_502' title='bbox 2609 2477 2769 2549; x_wconf 87' lang='lat' dir='ltr'><strong>digne</strong></span> <span class='ocrx_word' id='word_1_503' title='bbox 2819 2477 3103 2533; x_wconf 85' lang='lat' dir='ltr'><strong>ambulare</strong></span> <span class='ocrx_word' id='word_1_504' title='bbox 3162 2489 3498 2534; x_wconf 88' lang='lat' dir='ltr'><strong>mereantur.</strong></span> 
     </span>
    </p>
   </div>
   <div class='ocr_carea' id='block_1_70' title="bbox 1905 2560 3502 2642">
    <p class='ocr_par' dir='ltr' id='par_1_70' title="bbox 1905 2560 3502 2642">
     <span class='ocr_line' id='line_1_70' title="bbox 1905 2560 3502 2642; baseline 0.008 -26"><span class='ocrx_word' id='word_1_505' title='bbox 1905 2560 2013 2618; x_wconf 91' lang='lat' dir='ltr'><strong>Pro</strong></span> <span class='ocrx_word' id='word_1_506' title='bbox 2042 2564 2315 2629; x_wconf 87' lang='lat' dir='ltr'><strong>universis</strong></span> <span class='ocrx_word' id='word_1_507' title='bbox 2346 2567 2605 2625; x_wconf 67' lang='lat' dir='ltr'><strong>Ecclesia:</strong></span> <span class='ocrx_word' id='word_1_508' title='bbox 2647 2571 2930 2642; x_wconf 78' lang='lat' dir='ltr'><strong>gradibus,</strong></span> <span class='ocrx_word' id='word_1_509' title='bbox 2954 2573 3091 2628; x_wconf 87' lang='lat' dir='ltr'><strong>utin</strong></span> <span class='ocrx_word' id='word_1_510' title='bbox 3117 2571 3198 2629; x_wconf 85' lang='lat' dir='ltr'><strong>eis</strong></span> <span class='ocrx_word' id='word_1_511' title='bbox 3239 2571 3502 2628; x_wconf 85' lang='lat' dir='ltr'><strong>Dominus</strong></span> 
     </span>
    </p>
   </div>
   <div class='ocr_carea' id='block_1_71' title="bbox 1907 2653 3498 2736">
    <p class='ocr_par' dir='ltr' id='par_1_71' title="bbox 1907 2653 3498 2736">
     <span class='ocr_line' id='line_1_71' title="bbox 1907 2653 3498 2736; baseline 0.008 -27"><span class='ocrx_word' id='word_1_512' title='bbox 1907 2653 2140 2712; x_wconf 88' lang='lat' dir='ltr'><strong>famulos</strong></span> <span class='ocrx_word' id='word_1_513' title='bbox 2167 2672 2298 2715; x_wconf 89' lang='lat' dir='ltr'><strong>suos</strong></span> <span class='ocrx_word' id='word_1_514' title='bbox 2329 2667 2387 2715; x_wconf 93' lang='lat' dir='ltr'><strong>et</strong></span> <span class='ocrx_word' id='word_1_515' title='bbox 2411 2675 2642 2718; x_wconf 90' lang='lat' dir='ltr'><strong>numero</strong></span> <span class='ocrx_word' id='word_1_516' title='bbox 2667 2671 2724 2718; x_wconf 93' lang='lat' dir='ltr'><strong>et</strong></span> <span class='ocrx_word' id='word_1_517' title='bbox 2748 2663 2946 2720; x_wconf 86' lang='lat' dir='ltr'><strong>merito</strong></span> <span class='ocrx_word' id='word_1_518' title='bbox 2987 2677 3186 2736; x_wconf 85' lang='lat' dir='ltr'><strong>augere</strong></span> <span class='ocrx_word' id='word_1_519' title='bbox 3205 2656 3498 2736; x_wconf 75' lang='lat' dir='ltr'><strong>dignetur,</strong></span> 
     </span>
    </p>
   </div>
   <div class='ocr_carea' id='block_1_72' title="bbox 1907 2749 3502 2826">
    <p class='ocr_par' dir='ltr' id='par_1_72' title="bbox 1907 2749 3502 2826">
     <span class='ocr_line' id='line_1_72' title="bbox 1907 2749 3502 2826; baseline 0.008 -26"><span class='ocrx_word' id='word_1_520' title='bbox 1907 2753 2072 2818; x_wconf 91' lang='lat' dir='ltr'><strong>atque</strong></span> <span class='ocrx_word' id='word_1_521' title='bbox 2108 2755 2171 2803; x_wconf 90' lang='lat' dir='ltr'><strong>ut</strong></span> <span class='ocrx_word' id='word_1_522' title='bbox 2197 2749 2501 2809; x_wconf 90' lang='lat' dir='ltr'><strong>secundum</strong></span> <span class='ocrx_word' id='word_1_523' title='bbox 2531 2750 2754 2810; x_wconf 86' lang='lat' dir='ltr'><strong>divitias</strong></span> <span class='ocrx_word' id='word_1_524' title='bbox 2802 2755 2993 2826; x_wconf 66' lang='lat' dir='ltr'><strong>gratiae</strong></span> <span class='ocrx_word' id='word_1_525' title='bbox 3017 2769 3154 2822; x_wconf 83' lang='lat' dir='ltr'><strong>suae,</strong></span> <span class='ocrx_word' id='word_1_526' title='bbox 3182 2756 3320 2812; x_wconf 89' lang='lat' dir='ltr'><strong>bene</strong></span> <span class='ocrx_word' id='word_1_527' title='bbox 3342 2756 3396 2812; x_wconf 91' lang='lat' dir='ltr'><strong>in</strong></span> <span class='ocrx_word' id='word_1_528' title='bbox 3419 2757 3502 2813; x_wconf 88' lang='lat' dir='ltr'><strong>eis</strong></span> 
     </span>
    </p>
   </div>
   <div class='ocr_carea' id='block_1_73' title="bbox 1907 2839 3496 2916">
    <p class='ocr_par' dir='ltr' id='par_1_73' title="bbox 1907 2839 3496 2916">
     <span class='ocr_line' id='line_1_73' title="bbox 1907 2839 3496 2916; baseline 0.008 -23"><span class='ocrx_word' id='word_1_529' title='bbox 1907 2839 2250 2896; x_wconf 87' lang='lat' dir='ltr'><strong>ambulantes</strong></span> <span class='ocrx_word' id='word_1_530' title='bbox 2281 2843 2346 2897; x_wconf 89' lang='lat' dir='ltr'><strong>ad</strong></span> <span class='ocrx_word' id='word_1_531' title='bbox 2372 2843 2598 2899; x_wconf 89' lang='lat' dir='ltr'><strong>meliora</strong></span> <span class='ocrx_word' id='word_1_532' title='bbox 2645 2855 3007 2915; x_wconf 88' lang='lat' dir='ltr'><strong>promoveat;</strong></span> <span class='ocrx_word' id='word_1_533' title='bbox 3041 2856 3292 2904; x_wconf 88' lang='lat' dir='ltr'><strong>errantes</strong></span> <span class='ocrx_word' id='word_1_534' title='bbox 3343 2840 3496 2916; x_wconf 85' lang='lat' dir='ltr'><strong>vero,</strong></span> 
     </span>
    </p>
   </div>
   <div class='ocr_carea' id='block_1_74' title="bbox 1909 2931 3502 3010">
    <p class='ocr_par' dir='ltr' id='par_1_74' title="bbox 1909 2931 3502 3010">
     <span class='ocr_line' id='line_1_74' title="bbox 1909 2931 3502 3010; baseline 0.007 -25"><span class='ocrx_word' id='word_1_535' title='bbox 1909 2931 1977 2986; x_wconf 87' lang='lat' dir='ltr'><strong>ad</strong></span> <span class='ocrx_word' id='word_1_536' title='bbox 2007 2932 2148 2987; x_wconf 87' lang='lat' dir='ltr'><strong>viam</strong></span> <span class='ocrx_word' id='word_1_537' title='bbox 2171 2933 2418 2990; x_wconf 86' lang='lat' dir='ltr'><strong>veritatis</strong></span> <span class='ocrx_word' id='word_1_538' title='bbox 2465 2935 2710 2992; x_wconf 88' lang='lat' dir='ltr'><strong>reducat.</strong></span> <span class='ocrx_word' id='word_1_539' title='bbox 2736 2936 2843 2994; x_wconf 90' lang='lat' dir='ltr'><strong>Pro</strong></span> <span class='ocrx_word' id='word_1_540' title='bbox 2872 2939 2957 2994; x_wconf 89' lang='lat' dir='ltr'><strong>his</strong></span> <span class='ocrx_word' id='word_1_541' title='bbox 2995 2954 3126 2996; x_wconf 90' lang='lat' dir='ltr'><strong>vero</strong></span> <span class='ocrx_word' id='word_1_542' title='bbox 3159 2940 3254 3010; x_wconf 90' lang='lat' dir='ltr'><strong>qui</strong></span> <span class='ocrx_word' id='word_1_543' title='bbox 3289 2941 3342 2995; x_wconf 92' lang='lat' dir='ltr'><strong>in</strong></span> <span class='ocrx_word' id='word_1_544' title='bbox 3367 2956 3502 3010; x_wconf 63' lang='lat' dir='ltr'><strong>qua»</strong></span> 
     </span>
    </p>
   </div>
   <div class='ocr_carea' id='block_1_75' title="bbox 1909 3021 3499 3102">
    <p class='ocr_par' dir='ltr' id='par_1_75' title="bbox 1909 3021 3499 3102">
     <span class='ocr_line' id='line_1_75' title="bbox 1909 3021 3499 3102; baseline 0.008 -26"><span class='ocrx_word' id='word_1_545' title='bbox 1909 3021 2059 3089; x_wconf 88' lang='lat' dir='ltr'><strong>libet,</strong></span> <span class='ocrx_word' id='word_1_546' title='bbox 2089 3024 2173 3081; x_wconf 91' lang='lat' dir='ltr'><strong>vel</strong></span> <span class='ocrx_word' id='word_1_547' title='bbox 2219 3025 2472 3097; x_wconf 87' lang='lat' dir='ltr'><strong>spiritali,</strong></span> <span class='ocrx_word' id='word_1_548' title='bbox 2505 3028 2591 3084; x_wconf 89' lang='lat' dir='ltr'><strong>vel</strong></span> <span class='ocrx_word' id='word_1_549' title='bbox 2632 3030 2901 3101; x_wconf 90' lang='lat' dir='ltr'><strong>corporali</strong></span> <span class='ocrx_word' id='word_1_550' title='bbox 2957 3031 3306 3088; x_wconf 87' lang='lat' dir='ltr'><strong>tribulatione</strong></span> <span class='ocrx_word' id='word_1_551' title='bbox 3331 3032 3499 3102; x_wconf 89' lang='lat' dir='ltr'><strong>positi</strong></span> 
     </span>
    </p>
   </div>
   <div class='ocr_carea' id='block_1_76' title="bbox 1913 3108 3508 3192">
    <p class='ocr_par' dir='ltr' id='par_1_76' title="bbox 1913 3108 3508 3192">
     <span class='ocr_line' id='line_1_76' title="bbox 1913 3108 3508 3192; baseline 0.005 -20"><span class='ocrx_word' id='word_1_552' title='bbox 1913 3108 2040 3172; x_wconf 85' lang='lat' dir='ltr'><strong>sunt</strong></span> <span class='ocrx_word' id='word_1_553' title='bbox 2067 3134 2083 3186; x_wconf 94' lang='lat'><strong>;</strong></span> <span class='ocrx_word' id='word_1_554' title='bbox 2109 3127 2170 3173; x_wconf 89' lang='lat' dir='ltr'><strong>ut</strong></span> <span class='ocrx_word' id='word_1_555' title='bbox 2191 3134 2380 3177; x_wconf 89' lang='lat' dir='ltr'><strong>omnes</strong></span> <span class='ocrx_word' id='word_1_556' title='bbox 2407 3121 2511 3178; x_wconf 87' lang='lat' dir='ltr'><strong>sibi</strong></span> <span class='ocrx_word' id='word_1_557' title='bbox 2536 3121 2590 3178; x_wconf 91' lang='lat' dir='ltr'><strong>in</strong></span> <span class='ocrx_word' id='word_1_558' title='bbox 2614 3123 3043 3181; x_wconf 86' lang='lat' dir='ltr'><strong>necessitatibus</strong></span> <span class='ocrx_word' id='word_1_559' title='bbox 3059 3125 3172 3182; x_wconf 89' lang='lat' dir='ltr'><strong>suis</strong></span> <span class='ocrx_word' id='word_1_560' title='bbox 3195 3126 3508 3192; x_wconf 48' lang='lat' dir='ltr'><strong>misericors</strong></span> 
     </span>
    </p>
   </div>
   <div class='ocr_carea' id='block_1_77' title="bbox 1914 3210 3505 3283">
    <p class='ocr_par' dir='ltr' id='par_1_77' title="bbox 1914 3210 3505 3283">
     <span class='ocr_line' id='line_1_77' title="bbox 1914 3210 3505 3283; baseline 0.006 -18"><span class='ocrx_word' id='word_1_561' title='bbox 1914 3210 2059 3266; x_wconf 89' lang='lat' dir='ltr'><strong>diam</strong></span> <span class='ocrx_word' id='word_1_562' title='bbox 2095 3212 2306 3268; x_wconf 92' lang='lat' dir='ltr'><strong>Domini</strong></span> <span class='ocrx_word' id='word_1_563' title='bbox 2333 3214 2524 3271; x_wconf 90' lang='lat' dir='ltr'><strong>adesse</strong></span> <span class='ocrx_word' id='word_1_564' title='bbox 2551 3215 2830 3283; x_wconf 89' lang='lat' dir='ltr'><strong>sentiant;</strong></span> <span class='ocrx_word' id='word_1_565' title='bbox 2859 3216 2943 3272; x_wconf 91' lang='lat' dir='ltr'><strong>vel</strong></span> <span class='ocrx_word' id='word_1_566' title='bbox 2967 3217 3038 3273; x_wconf 90' lang='lat' dir='ltr'><strong>ita</strong></span> <span class='ocrx_word' id='word_1_567' title='bbox 3072 3235 3086 3271; x_wconf 90' lang='lat'><strong>:</strong></span> <span class='ocrx_word' id='word_1_568' title='bbox 3121 3217 3505 3275; x_wconf 88' lang='lat' dir='ltr'><strong>Utsecundum</strong></span> 
     </span>
    </p>
   </div>
   <div class='ocr_carea' id='block_1_78' title="bbox 1914 3304 3508 3378">
    <p class='ocr_par' dir='ltr' id='par_1_78' title="bbox 1914 3304 3508 3378">
     <span class='ocr_line' id='line_1_78' title="bbox 1914 3304 3508 3378; baseline 0.007 -19"><span class='ocrx_word' id='word_1_569' title='bbox 1914 3304 2132 3362; x_wconf 90' lang='lat' dir='ltr'><strong>divitias</strong></span> <span class='ocrx_word' id='word_1_570' title='bbox 2158 3306 2348 3378; x_wconf 75' lang='lat' dir='ltr'><strong>gratia:</strong></span> <span class='ocrx_word' id='word_1_571' title='bbox 2367 3322 2477 3362; x_wconf 81' lang='lat' dir='ltr'><strong>suae</strong></span> <span class='ocrx_word' id='word_1_572' title='bbox 2506 3308 2766 3366; x_wconf 91' lang='lat' dir='ltr'><strong>Dominus</strong></span> <span class='ocrx_word' id='word_1_573' title='bbox 2787 3309 3039 3366; x_wconf 88' lang='lat' dir='ltr'><strong>universa</strong></span> <span class='ocrx_word' id='word_1_574' title='bbox 3061 3311 3142 3368; x_wconf 88' lang='lat' dir='ltr'><strong>eis</strong></span> <span class='ocrx_word' id='word_1_575' title='bbox 3163 3313 3508 3370; x_wconf 79' lang='lat' dir='ltr'><strong>adversantia</strong></span> 
     </span>
    </p>
   </div>
   <div class='ocr_carea' id='block_1_79' title="bbox 1867 3397 3504 3472">
    <p class='ocr_par' dir='ltr' id='par_1_79' title="bbox 1867 3397 3504 3472">
     <span class='ocr_line' id='line_1_79' title="bbox 1867 3397 3504 3472; baseline 0.005 -23"><span class='ocrx_word' id='word_1_576' title='bbox 1867 3461 1870 3466; x_wconf 95' lang='lat'><em>_</em></span> <span class='ocrx_word' id='word_1_577' title='bbox 1913 3397 2239 3466; x_wconf 88' lang='lat' dir='ltr'><strong>propitiatus</strong></span> <span class='ocrx_word' id='word_1_578' title='bbox 2278 3398 2552 3463; x_wconf 81' lang='lat' dir='ltr'><strong>excludat,</strong></span> <span class='ocrx_word' id='word_1_579' title='bbox 2586 3409 2641 3456; x_wconf 88' lang='lat' dir='ltr'><strong>et</strong></span> <span class='ocrx_word' id='word_1_580' title='bbox 2665 3402 2848 3457; x_wconf 88' lang='lat' dir='ltr'><strong>omnia</strong></span> <span class='ocrx_word' id='word_1_581' title='bbox 2901 3403 3182 3472; x_wconf 89' lang='lat' dir='ltr'><strong>profutura</strong></span> <span class='ocrx_word' id='word_1_582' title='bbox 3221 3406 3504 3461; x_wconf 85' lang='lat' dir='ltr'><strong>concedat.</strong></span> 
     </span>
    </p>
   </div>
   <div class='ocr_carea' id='block_1_80' title="bbox 1913 3487 3506 3566">
    <p class='ocr_par' dir='ltr' id='par_1_80' title="bbox 1913 3487 3506 3566">
     <span class='ocr_line' id='line_1_80' title="bbox 1913 3487 3506 3566; baseline 0.004 -24"><span class='ocrx_word' id='word_1_583' title='bbox 1913 3487 2020 3544; x_wconf 90' lang='lat' dir='ltr'><strong>Pro</strong></span> <span class='ocrx_word' id='word_1_584' title='bbox 2042 3487 2127 3544; x_wconf 90' lang='lat' dir='ltr'><strong>his</strong></span> <span class='ocrx_word' id='word_1_585' title='bbox 2152 3489 2244 3560; x_wconf 83' lang='lat' dir='ltr'><strong>qui</strong></span> <span class='ocrx_word' id='word_1_586' title='bbox 2295 3488 2350 3545; x_wconf 93' lang='lat' dir='ltr'><strong>in</strong></span> <span class='ocrx_word' id='word_1_587' title='bbox 2401 3490 2638 3547; x_wconf 83' lang='lat' dir='ltr'><strong>haereses</strong></span> <span class='ocrx_word' id='word_1_588' title='bbox 2691 3491 2776 3548; x_wconf 85' lang='lat' dir='ltr'><strong>vel</strong></span> <span class='ocrx_word' id='word_1_589' title='bbox 2823 3493 3118 3550; x_wconf 89' lang='lat' dir='ltr'><strong>schismata</strong></span> <span class='ocrx_word' id='word_1_590' title='bbox 3168 3494 3301 3566; x_wconf 85' lang='lat' dir='ltr'><strong>lapsi</strong></span> <span class='ocrx_word' id='word_1_591' title='bbox 3360 3503 3506 3562; x_wconf 89' lang='lat' dir='ltr'><strong>sunt,</strong></span> 
     </span>
    </p>
   </div>
   <div class='ocr_carea' id='block_1_81' title="bbox 1915 3579 3508 3652">
    <p class='ocr_par' dir='ltr' id='par_1_81' title="bbox 1915 3579 3508 3652">
     <span class='ocr_line' id='line_1_81' title="bbox 1915 3579 3508 3652; baseline 0.004 -17"><span class='ocrx_word' id='word_1_592' title='bbox 1915 3588 1976 3635; x_wconf 90' lang='lat' dir='ltr'><strong>ut</strong></span> <span class='ocrx_word' id='word_1_593' title='bbox 2008 3579 2078 3636; x_wconf 90' lang='lat' dir='ltr'><strong>ad</strong></span> <span class='ocrx_word' id='word_1_594' title='bbox 2122 3581 2266 3638; x_wconf 89' lang='lat' dir='ltr'><strong>viam</strong></span> <span class='ocrx_word' id='word_1_595' title='bbox 2313 3582 2562 3639; x_wconf 82' lang='lat' dir='ltr'><strong>veritatis</strong></span> <span class='ocrx_word' id='word_1_596' title='bbox 2614 3584 2961 3641; x_wconf 83' lang='lat' dir='ltr'><strong>reducantur.</strong></span> <span class='ocrx_word' id='word_1_597' title='bbox 3024 3586 3133 3644; x_wconf 86' lang='lat' dir='ltr'><strong>Pro</strong></span> <span class='ocrx_word' id='word_1_598' title='bbox 3181 3587 3508 3652; x_wconf 88' lang='lat' dir='ltr'><strong>inﬁdelibus,</strong></span> 
     </span>
    </p>
   </div>
   <div class='ocr_carea' id='block_1_82' title="bbox 1915 3669 3507 3744">
    <p class='ocr_par' dir='ltr' id='par_1_82' title="bbox 1915 3669 3507 3744">
     <span class='ocr_line' id='line_1_82' title="bbox 1915 3669 3507 3744; baseline 0.003 -22"><span class='ocrx_word' id='word_1_599' title='bbox 1915 3677 1974 3723; x_wconf 89' lang='lat' dir='ltr'><strong>ut</strong></span> <span class='ocrx_word' id='word_1_600' title='bbox 2003 3669 2071 3724; x_wconf 88' lang='lat' dir='ltr'><strong>ad</strong></span> <span class='ocrx_word' id='word_1_601' title='bbox 2094 3681 2295 3726; x_wconf 89' lang='lat' dir='ltr'><strong>sortem</strong></span> <span class='ocrx_word' id='word_1_602' title='bbox 2329 3678 2386 3726; x_wconf 93' lang='lat' dir='ltr'><strong>et</strong></span> <span class='ocrx_word' id='word_1_603' title='bbox 2436 3672 2753 3728; x_wconf 89' lang='lat' dir='ltr'><strong>societatem</strong></span> <span class='ocrx_word' id='word_1_604' title='bbox 2781 3673 3076 3729; x_wconf 88' lang='lat' dir='ltr'><strong>electorum</strong></span> <span class='ocrx_word' id='word_1_605' title='bbox 3117 3675 3507 3744; x_wconf 88' lang='lat' dir='ltr'><strong>perducantur.</strong></span> 
     </span>
    </p>
   </div>
   <div class='ocr_carea' id='block_1_83' title="bbox 1917 3758 3512 3833">
    <p class='ocr_par' dir='ltr' id='par_1_83' title="bbox 1917 3758 3512 3833">
     <span class='ocr_line' id='line_1_83' title="bbox 1917 3758 3512 3833; baseline 0.001 -17"><span class='ocrx_word' id='word_1_606' title='bbox 1917 3758 2072 3816; x_wconf 87' lang='lat' dir='ltr'><strong>Sicut</strong></span> <span class='ocrx_word' id='word_1_607' title='bbox 2093 3768 2274 3816; x_wconf 89' lang='lat' dir='ltr'><strong>autem</strong></span> <span class='ocrx_word' id='word_1_608' title='bbox 2299 3776 2397 3832; x_wconf 90' lang='lat' dir='ltr'><strong>pro</strong></span> <span class='ocrx_word' id='word_1_609' title='bbox 2433 3761 2803 3833; x_wconf 87' lang='lat' dir='ltr'><strong>adipiscendis</strong></span> <span class='ocrx_word' id='word_1_610' title='bbox 2853 3763 3133 3820; x_wconf 88' lang='lat' dir='ltr'><strong>beneﬁciis</strong></span> <span class='ocrx_word' id='word_1_611' title='bbox 3161 3765 3361 3820; x_wconf 89' lang='lat' dir='ltr'><strong>divinis</strong></span> <span class='ocrx_word' id='word_1_612' title='bbox 3386 3781 3512 3819; x_wconf 89' lang='lat' dir='ltr'><strong>ora-</strong></span> 
     </span>
    </p>
   </div>
   <div class='ocr_carea' id='block_1_84' title="bbox 1919 3850 3511 3924">
    <p class='ocr_par' dir='ltr' id='par_1_84' title="bbox 1919 3850 3511 3924">
     <span class='ocr_line' id='line_1_84' title="bbox 1919 3850 3511 3924; baseline 0.003 -19"><span class='ocrx_word' id='word_1_613' title='bbox 1919 3850 1994 3906; x_wconf 91' lang='lat' dir='ltr'><strong>tio</strong></span> <span class='ocrx_word' id='word_1_614' title='bbox 2022 3860 2106 3906; x_wconf 87' lang='lat' dir='ltr'><strong>est</strong></span> <span class='ocrx_word' id='word_1_615' title='bbox 2135 3850 2433 3920; x_wconf 78' lang='lat' dir='ltr'><strong>fundendo,</strong></span> <span class='ocrx_word' id='word_1_616' title='bbox 2466 3868 2567 3922; x_wconf 90' lang='lat' dir='ltr'><strong>pro</strong></span> <span class='ocrx_word' id='word_1_617' title='bbox 2621 3851 2833 3924; x_wconf 89' lang='lat' dir='ltr'><strong>adeptis</strong></span> <span class='ocrx_word' id='word_1_618' title='bbox 2886 3863 2972 3910; x_wconf 90' lang='lat' dir='ltr'><strong>est</strong></span> <span class='ocrx_word' id='word_1_619' title='bbox 3017 3854 3317 3924; x_wconf 87' lang='lat' dir='ltr'><strong>gratiarum</strong></span> <span class='ocrx_word' id='word_1_620' title='bbox 3367 3854 3511 3910; x_wconf 89' lang='lat' dir='ltr'><strong>actio</strong></span> 
     </span>
    </p>
   </div>
   <div class='ocr_carea' id='block_1_85' title="bbox 1917 3942 3514 4018">
    <p class='ocr_par' dir='ltr' id='par_1_85' title="bbox 1917 3942 3514 4018">
     <span class='ocr_line' id='line_1_85' title="bbox 1917 3942 3514 4018; baseline 0.003 -20"><span class='ocrx_word' id='word_1_621' title='bbox 1917 3942 2210 4000; x_wconf 90' lang='lat' dir='ltr'><strong>facienda:</strong></span> <span class='ocrx_word' id='word_1_622' title='bbox 2263 3945 2330 4000; x_wconf 92' lang='lat' dir='ltr'><strong>de</strong></span> <span class='ocrx_word' id='word_1_623' title='bbox 2384 3959 2491 4015; x_wconf 89' lang='lat' dir='ltr'><strong>qua</strong></span> <span class='ocrx_word' id='word_1_624' title='bbox 2543 3945 2830 4016; x_wconf 85' lang='lat' dir='ltr'><strong>operosius</strong></span> <span class='ocrx_word' id='word_1_625' title='bbox 2877 3946 3196 4012; x_wconf 85' lang='lat' dir='ltr'><strong>scriberem,</strong></span> <span class='ocrx_word' id='word_1_626' title='bbox 3237 3945 3342 4002; x_wconf 89' lang='lat' dir='ltr'><strong>nisi</strong></span> <span class='ocrx_word' id='word_1_627' title='bbox 3391 3962 3514 4018; x_wconf 78' lang='lat' dir='ltr'><strong>quae</strong></span> 
     </span>
    </p>
   </div>
   <div class='ocr_carea' id='block_1_86' title="bbox 1917 4035 3512 4108">
    <p class='ocr_par' dir='ltr' id='par_1_86' title="bbox 1917 4035 3512 4108">
     <span class='ocr_line' id='line_1_86' title="bbox 1917 4035 3512 4108; baseline 0 -17"><span class='ocrx_word' id='word_1_628' title='bbox 1917 4049 2082 4106; x_wconf 88' lang='lat' dir='ltr'><strong>supra</strong></span> <span class='ocrx_word' id='word_1_629' title='bbox 2110 4035 2287 4106; x_wconf 87' lang='lat' dir='ltr'><strong>posita</strong></span> <span class='ocrx_word' id='word_1_630' title='bbox 2312 4044 2440 4092; x_wconf 88' lang='lat' dir='ltr'><strong>sunt</strong></span> <span class='ocrx_word' id='word_1_631' title='bbox 2476 4035 2702 4092; x_wconf 83' lang='lat' dir='ltr'><strong>nimiam</strong></span> <span class='ocrx_word' id='word_1_632' title='bbox 2730 4036 2898 4093; x_wconf 84' lang='lat' dir='ltr'><strong>etiam</strong></span> <span class='ocrx_word' id='word_1_633' title='bbox 2923 4037 3124 4094; x_wconf 84' lang='lat' dir='ltr'><strong>habere</strong></span> <span class='ocrx_word' id='word_1_634' title='bbox 3145 4037 3512 4108; x_wconf 79' lang='lat' dir='ltr'><strong>prolixitatem</strong></span> 
     </span>
    </p>
   </div>
   <div class='ocr_carea' id='block_1_87' title="bbox 1917 4119 2251 4182">
    <p class='ocr_par' dir='ltr' id='par_1_87' title="bbox 1917 4119 2251 4182">
     <span class='ocr_line' id='line_1_87' title="bbox 1917 4119 2251 4182; baseline 0.006 -2"><span class='ocrx_word' id='word_1_635' title='bbox 1917 4119 2251 4182; x_wconf 86' lang='lat' dir='ltr'><strong>viderentur.</strong></span> 
     </span>
    </p>
   </div>
   <div class='ocr_carea' id='block_1_88' title="bbox 1923 4216 3515 4291">
    <p class='ocr_par' dir='ltr' id='par_1_88' title="bbox 1923 4216 3515 4291">
     <span class='ocr_line' id='line_1_88' title="bbox 1923 4216 3515 4291; baseline 0.002 -19"><span class='ocrx_word' id='word_1_636' title='bbox 1923 4225 1926 4228; x_wconf 81' lang='grc'><strong>’</strong></span> <span class='ocrx_word' id='word_1_637' title='bbox 1989 4216 2116 4274; x_wconf 70' lang='lat' dir='ltr'><strong>Haec</strong></span> <span class='ocrx_word' id='word_1_638' title='bbox 2138 4227 2343 4284; x_wconf 91' lang='lat' dir='ltr'><strong>autem,</strong></span> <span class='ocrx_word' id='word_1_639' title='bbox 2387 4233 2508 4290; x_wconf 56' lang='lat' dir='ltr'><strong>quas</strong></span> <span class='ocrx_word' id='word_1_640' title='bbox 2547 4218 2642 4275; x_wconf 89' lang='lat' dir='ltr'><strong>tibi</strong></span> <span class='ocrx_word' id='word_1_641' title='bbox 2676 4234 2896 4291; x_wconf 87' lang='lat' dir='ltr'><strong>quoquo</strong></span> <span class='ocrx_word' id='word_1_642' title='bbox 2930 4221 3090 4276; x_wconf 89' lang='lat' dir='ltr'><strong>modo</strong></span> <span class='ocrx_word' id='word_1_643' title='bbox 3113 4236 3276 4276; x_wconf 87' lang='lat' dir='ltr'><strong>manu</strong></span> <span class='ocrx_word' id='word_1_644' title='bbox 3308 4219 3515 4277; x_wconf 68' lang='lat' dir='ltr'><strong>acceleo</strong></span> 
     </span>
    </p>
   </div>
   <div class='ocr_carea' id='block_1_89' title="bbox 1916 4308 3512 4381">
    <p class='ocr_par' dir='ltr' id='par_1_89' title="bbox 1916 4308 3512 4381">
     <span class='ocr_line' id='line_1_89' title="bbox 1916 4308 3512 4381; baseline 0.001 -17"><span class='ocrx_word' id='word_1_645' title='bbox 1916 4317 2075 4364; x_wconf 84' lang='lat' dir='ltr'><strong>rante</strong></span> <span class='ocrx_word' id='word_1_646' title='bbox 2101 4309 2346 4377; x_wconf 81' lang='lat' dir='ltr'><strong>exaravi,</strong></span> <span class='ocrx_word' id='word_1_647' title='bbox 2371 4318 2636 4381; x_wconf 86' lang='lat' dir='ltr'><strong>quantum</strong></span> <span class='ocrx_word' id='word_1_648' title='bbox 2669 4308 2763 4363; x_wconf 90' lang='lat' dir='ltr'><strong>tibi</strong></span> <span class='ocrx_word' id='word_1_649' title='bbox 2789 4308 3071 4380; x_wconf 89' lang='lat' dir='ltr'><strong>profutura</strong></span> <span class='ocrx_word' id='word_1_650' title='bbox 3097 4310 3210 4365; x_wconf 88' lang='lat' dir='ltr'><strong>sint</strong></span> <span class='ocrx_word' id='word_1_651' title='bbox 3238 4311 3512 4376; x_wconf 76' lang='lat' dir='ltr'><strong>nesciens,</strong></span> 
     </span>
    </p>
   </div>
   <div class='ocr_carea' id='block_1_90' title="bbox 1919 4399 3516 4472">
    <p class='ocr_par' dir='ltr' id='par_1_90' title="bbox 1919 4399 3516 4472">
     <span class='ocr_line' id='line_1_90' title="bbox 1919 4399 3516 4472; baseline 0.002 -19"><span class='ocrx_word' id='word_1_652' title='bbox 1919 4399 2023 4454; x_wconf 91' lang='lat' dir='ltr'><strong>hoc</strong></span> <span class='ocrx_word' id='word_1_653' title='bbox 2046 4407 2196 4455; x_wconf 89' lang='lat' dir='ltr'><strong>certe</strong></span> <span class='ocrx_word' id='word_1_654' title='bbox 2223 4399 2360 4465; x_wconf 91' lang='lat' dir='ltr'><strong>scio,</strong></span> <span class='ocrx_word' id='word_1_655' title='bbox 2388 4408 2444 4454; x_wconf 90' lang='lat' dir='ltr'><strong>et</strong></span> <span class='ocrx_word' id='word_1_656' title='bbox 2480 4408 2534 4455; x_wconf 91' lang='lat' dir='ltr'><strong>te</strong></span> <span class='ocrx_word' id='word_1_657' title='bbox 2555 4399 2861 4455; x_wconf 91' lang='lat' dir='ltr'><strong>certissime</strong></span> <span class='ocrx_word' id='word_1_658' title='bbox 2887 4401 3030 4456; x_wconf 90' lang='lat' dir='ltr'><strong>scire</strong></span> <span class='ocrx_word' id='word_1_659' title='bbox 3063 4399 3208 4467; x_wconf 92' lang='lat' dir='ltr'><strong>volo,</strong></span> <span class='ocrx_word' id='word_1_660' title='bbox 3231 4417 3318 4457; x_wconf 91' lang='lat' dir='ltr'><strong>me</strong></span> <span class='ocrx_word' id='word_1_661' title='bbox 3343 4418 3516 4472; x_wconf 88' lang='lat' dir='ltr'><strong>quan-</strong></span> 
     </span>
    </p>
   </div>
   <div class='ocr_carea' id='block_1_91' title="bbox 213 4489 3512 4559">
    <p class='ocr_par' dir='ltr' id='par_1_91' title="bbox 213 4489 3512 4559">
     <span class='ocr_line' id='line_1_91' title="bbox 213 4489 3512 4559; baseline 0 -13"><span class='ocrx_word' id='word_1_662' title='bbox 213 4490 518 4547; x_wconf 86' lang='lat' dir='ltr'><strong>secundum</strong></span> <span class='ocrx_word' id='word_1_663' title='bbox 573 4489 1002 4546; x_wconf 87' lang='lat' dir='ltr'><strong>misericordiam</strong></span> <span class='ocrx_word' id='word_1_664' title='bbox 1050 4499 1221 4557; x_wconf 89' lang='lat' dir='ltr'><strong>tuam,</strong></span> <span class='ocrx_word' id='word_1_665' title='bbox 1253 4489 1398 4544; x_wconf 89' lang='lat' dir='ltr'><strong>sicut</strong></span> <span class='ocrx_word' id='word_1_666' title='bbox 1434 4496 1489 4542; x_wconf 92' lang='lat' dir='ltr'><strong>tu</strong></span> <span class='ocrx_word' id='word_1_667' title='bbox 1523 4497 1716 4558; x_wconf 88' lang='lat' dir='ltr'><strong>potens</strong></span> <span class='ocrx_word' id='word_1_668' title='bbox 1747 4502 1810 4543; x_wconf 90' lang='lat' dir='ltr'><strong>es</strong></span> <span class='ocrx_word' id='word_1_669' title='bbox 1839 4499 1886 4559; x_wconf 79' lang='grc' dir='ltr'>υ</span> <span class='ocrx_word' id='word_1_670' title='bbox 1917 4499 2027 4545; x_wconf 89' lang='lat' dir='ltr'><strong>tum</strong></span> <span class='ocrx_word' id='word_1_671' title='bbox 2063 4491 2322 4546; x_wconf 90' lang='lat' dir='ltr'><strong>Dominus</strong></span> <span class='ocrx_word' id='word_1_672' title='bbox 2345 4492 2508 4556; x_wconf 88' lang='lat' dir='ltr'><strong>dedit,</strong></span> <span class='ocrx_word' id='word_1_673' title='bbox 2530 4490 2798 4547; x_wconf 90' lang='lat' dir='ltr'><strong>desiderio</strong></span> <span class='ocrx_word' id='word_1_674' title='bbox 2825 4500 2916 4546; x_wconf 92' lang='lat' dir='ltr'><strong>tuo</strong></span> <span class='ocrx_word' id='word_1_675' title='bbox 2931 4492 3246 4548; x_wconf 80' lang='lat' dir='ltr'><strong>satisfacere</strong></span> <span class='ocrx_word' id='word_1_676' title='bbox 3268 4508 3512 4548; x_wconf 76' lang='lat' dir='ltr'><strong>curasse.</strong></span> 
     </span>
    </p>
   </div>
   <div class='ocr_carea' id='block_1_92' title="bbox 214 4577 1815 4654">
    <p class='ocr_par' dir='ltr' id='par_1_92' title="bbox 214 4577 1815 4654">
     <span class='ocr_line' id='line_1_92' title="bbox 214 4577 1815 4654; baseline -0.004 -14"><span class='ocrx_word' id='word_1_677' title='bbox 214 4582 730 4654; x_wconf 84' lang='lat' dir='ltr'><strong>superabundanter</strong></span> <span class='ocrx_word' id='word_1_678' title='bbox 765 4582 968 4649; x_wconf 90' lang='lat' dir='ltr'><strong>facere,</strong></span> <span class='ocrx_word' id='word_1_679' title='bbox 993 4597 1155 4653; x_wconf 87' lang='lat' dir='ltr'><strong>quam</strong></span> <span class='ocrx_word' id='word_1_680' title='bbox 1181 4596 1280 4636; x_wconf 89' lang='lat' dir='ltr'><strong>nos</strong></span> <span class='ocrx_word' id='word_1_681' title='bbox 1307 4588 1514 4650; x_wconf 92' lang='lat' dir='ltr'><strong>petere,</strong></span> <span class='ocrx_word' id='word_1_682' title='bbox 1542 4589 1636 4634; x_wconf 89' lang='lat' dir='ltr'><strong>aut</strong></span> <span class='ocrx_word' id='word_1_683' title='bbox 1656 4577 1815 4635; x_wconf 90' lang='lat' dir='ltr'><strong>intel-</strong></span> 
     </span>
    </p>
   </div>
   <div class='ocr_carea' id='block_1_93' title="bbox 215 4671 1815 4748">
    <p class='ocr_par' dir='ltr' id='par_1_93' title="bbox 215 4671 1815 4748">
     <span class='ocr_line' id='line_1_93' title="bbox 215 4671 1815 4748; baseline -0.003 -17"><span class='ocrx_word' id='word_1_684' title='bbox 215 4677 410 4748; x_wconf 83' lang='lat' dir='ltr'><strong>ligere.</strong></span> <span class='ocrx_word' id='word_1_685' title='bbox 436 4676 531 4733; x_wconf 85' lang='lat' dir='ltr'><strong>Vel</strong></span> <span class='ocrx_word' id='word_1_686' title='bbox 555 4677 627 4732; x_wconf 88' lang='lat' dir='ltr'><strong>ita</strong></span> <span class='ocrx_word' id='word_1_687' title='bbox 653 4695 667 4731; x_wconf 86' lang='lat'>:</span> <span class='ocrx_word' id='word_1_688' title='bbox 692 4676 768 4732; x_wconf 91' lang='lat' dir='ltr'><strong>Da</strong></span> <span class='ocrx_word' id='word_1_689' title='bbox 796 4676 896 4741; x_wconf 91' lang='lat' dir='ltr'><strong>eis,</strong></span> <span class='ocrx_word' id='word_1_690' title='bbox 923 4674 1169 4738; x_wconf 91' lang='lat' dir='ltr'><strong>Domine,</strong></span> <span class='ocrx_word' id='word_1_691' title='bbox 1199 4688 1451 4746; x_wconf 87' lang='lat' dir='ltr'><strong>regnum,</strong></span> <span class='ocrx_word' id='word_1_692' title='bbox 1482 4681 1536 4728; x_wconf 91' lang='lat' dir='ltr'><strong>et</strong></span> <span class='ocrx_word' id='word_1_693' title='bbox 1546 4671 1815 4741; x_wconf 85' lang='lat' dir='ltr'><strong>justitiam</strong></span> 
     </span>
    </p>
   </div>
   <div class='ocr_carea' id='block_1_94' title="bbox 217 4764 1819 4836">
    <p class='ocr_par' dir='ltr' id='par_1_94' title="bbox 217 4764 1819 4836">
     <span class='ocr_line' id='line_1_94' title="bbox 217 4764 1819 4836; baseline -0.005 -10"><span class='ocrx_word' id='word_1_694' title='bbox 217 4779 394 4826; x_wconf 88' lang='lat' dir='ltr'><strong>tuam.</strong></span> <span class='ocrx_word' id='word_1_695' title='bbox 436 4769 536 4825; x_wconf 88' lang='lat' dir='ltr'><strong>Vel</strong></span> <span class='ocrx_word' id='word_1_696' title='bbox 564 4769 684 4824; x_wconf 88' lang='lat' dir='ltr'><strong>ita:</strong></span> <span class='ocrx_word' id='word_1_697' title='bbox 725 4767 800 4824; x_wconf 89' lang='lat' dir='ltr'><strong>Ea</strong></span> <span class='ocrx_word' id='word_1_698' title='bbox 851 4766 1183 4823; x_wconf 87' lang='lat' dir='ltr'><strong>abundantia</strong></span> <span class='ocrx_word' id='word_1_699' title='bbox 1230 4764 1450 4836; x_wconf 87' lang='lat' dir='ltr'><strong>pietatis</strong></span> <span class='ocrx_word' id='word_1_700' title='bbox 1478 4771 1602 4830; x_wconf 70' lang='lat' dir='ltr'><strong>tum,</strong></span> <span class='ocrx_word' id='word_1_701' title='bbox 1630 4779 1734 4834; x_wconf 89' lang='lat' dir='ltr'><strong>qua</strong></span> <span class='ocrx_word' id='word_1_702' title='bbox 1761 4771 1819 4818; x_wconf 91' lang='lat' dir='ltr'><strong>et</strong></span> 
     </span>
    </p>
   </div>
   <div class='ocr_carea' id='block_1_95' title="bbox 218 4854 1815 4932">
    <p class='ocr_par' dir='ltr' id='par_1_95' title="bbox 218 4854 1815 4932">
     <span class='ocr_line' id='line_1_95' title="bbox 218 4854 1815 4932; baseline -0.004 -14"><span class='ocrx_word' id='word_1_703' title='bbox 218 4862 418 4918; x_wconf 86' lang='lat' dir='ltr'><strong>merita</strong></span> <span class='ocrx_word' id='word_1_704' title='bbox 467 4859 770 4932; x_wconf 85' lang='lat' dir='ltr'><strong>supplicum</strong></span> <span class='ocrx_word' id='word_1_705' title='bbox 815 4858 1038 4915; x_wconf 81' lang='lat' dir='ltr'><strong>excedis</strong></span> <span class='ocrx_word' id='word_1_706' title='bbox 1086 4865 1143 4925; x_wconf 85' lang='lat' dir='ltr'><strong>et</strong></span> <span class='ocrx_word' id='word_1_707' title='bbox 1180 4865 1332 4924; x_wconf 87' lang='lat' dir='ltr'><strong>vota,</strong></span> <span class='ocrx_word' id='word_1_708' title='bbox 1377 4854 1466 4911; x_wconf 91' lang='lat' dir='ltr'><strong>fac</strong></span> <span class='ocrx_word' id='word_1_709' title='bbox 1509 4870 1606 4912; x_wconf 84' lang='lat' dir='ltr'><strong>eos</strong></span> <span class='ocrx_word' id='word_1_710' title='bbox 1640 4855 1715 4910; x_wconf 86' lang='lat' dir='ltr'><strong>ita</strong></span> <span class='ocrx_word' id='word_1_711' title='bbox 1761 4855 1815 4911; x_wconf 91' lang='lat' dir='ltr'><strong>in</strong></span> 
     </span>
    </p>
   </div>
   <div class='ocr_carea' id='block_1_96' title="bbox 218 4946 1818 5024">
    <p class='ocr_par' dir='ltr' id='par_1_96' title="bbox 218 4946 1818 5024">
     <span class='ocr_line' id='line_1_96' title="bbox 218 4946 1818 5024; baseline -0.004 -14"><span class='ocrx_word' id='word_1_712' title='bbox 218 4952 562 5024; x_wconf 85' lang='lat' dir='ltr'><strong>beneplacito</strong></span> <span class='ocrx_word' id='word_1_713' title='bbox 584 4962 674 5008; x_wconf 92' lang='lat' dir='ltr'><strong>tuo</strong></span> <span class='ocrx_word' id='word_1_714' title='bbox 699 4951 998 5019; x_wconf 85' lang='lat' dir='ltr'><strong>ambulare,</strong></span> <span class='ocrx_word' id='word_1_715' title='bbox 1024 4959 1085 5005; x_wconf 90' lang='lat' dir='ltr'><strong>ut</strong></span> <span class='ocrx_word' id='word_1_716' title='bbox 1107 4949 1201 5006; x_wconf 90' lang='lat' dir='ltr'><strong>tibi</strong></span> <span class='ocrx_word' id='word_1_717' title='bbox 1226 4948 1478 5021; x_wconf 85' lang='lat' dir='ltr'><strong>placeant</strong></span> <span class='ocrx_word' id='word_1_718' title='bbox 1510 4946 1563 5002; x_wconf 93' lang='lat' dir='ltr'><strong>in</strong></span> <span class='ocrx_word' id='word_1_719' title='bbox 1595 4947 1818 5018; x_wconf 81' lang='lat' dir='ltr'><strong>regione</strong></span> 
     </span>
    </p>
   </div>
   <div class='ocr_carea' id='block_1_97' title="bbox 221 5040 1817 5115">
    <p class='ocr_par' dir='ltr' id='par_1_97' title="bbox 221 5040 1817 5115">
     <span class='ocr_line' id='line_1_97' title="bbox 221 5040 1817 5115; baseline -0.004 -14"><span class='ocrx_word' id='word_1_720' title='bbox 221 5047 489 5101; x_wconf 84' lang='lat' dir='ltr'><strong>vivorum.</strong></span> <span class='ocrx_word' id='word_1_721' title='bbox 522 5044 615 5101; x_wconf 80' lang='lat' dir='ltr'><strong>Vel</strong></span> <span class='ocrx_word' id='word_1_722' title='bbox 646 5046 721 5100; x_wconf 89' lang='lat' dir='ltr'><strong>ita</strong></span> <span class='ocrx_word' id='word_1_723' title='bbox 754 5063 768 5100; x_wconf 88' lang='lat'><strong>:</strong></span> <span class='ocrx_word' id='word_1_724' title='bbox 807 5044 990 5115; x_wconf 89' lang='lat' dir='ltr'><strong>Dirige</strong></span> <span class='ocrx_word' id='word_1_725' title='bbox 1025 5057 1120 5099; x_wconf 92' lang='lat' dir='ltr'><strong>eos</strong></span> <span class='ocrx_word' id='word_1_726' title='bbox 1149 5043 1203 5097; x_wconf 92' lang='lat' dir='ltr'><strong>in</strong></span> <span class='ocrx_word' id='word_1_727' title='bbox 1225 5041 1419 5098; x_wconf 88' lang='lat' dir='ltr'><strong>semita</strong></span> <span class='ocrx_word' id='word_1_728' title='bbox 1447 5045 1622 5103; x_wconf 90' lang='lat' dir='ltr'><strong>recta,</strong></span> <span class='ocrx_word' id='word_1_729' title='bbox 1654 5040 1729 5093; x_wconf 88' lang='lat' dir='ltr'><strong>ita</strong></span> <span class='ocrx_word' id='word_1_730' title='bbox 1759 5047 1817 5095; x_wconf 90' lang='lat' dir='ltr'><strong>ut</strong></span> 
     </span>
    </p>
   </div>
   <div class='ocr_carea' id='block_1_98' title="bbox 221 5119 1814 5195">
    <p class='ocr_par' dir='ltr' id='par_1_98' title="bbox 221 5119 1814 5195">
     <span class='ocr_line' id='line_1_98' title="bbox 221 5119 1814 5195; baseline -0.006 -2"><span class='ocrx_word' id='word_1_731' title='bbox 221 5119 542 5195; x_wconf 68' lang='lat' dir='ltr'><strong>mercantur</strong></span> <span class='ocrx_word' id='word_1_732' title='bbox 568 5137 752 5193; x_wconf 81' lang='lat' dir='ltr'><strong>videre</strong></span> <span class='ocrx_word' id='word_1_733' title='bbox 779 5137 923 5191; x_wconf 90' lang='lat' dir='ltr'><strong>bona</strong></span> <span class='ocrx_word' id='word_1_734' title='bbox 963 5133 1184 5192; x_wconf 81' lang='lat' dir='ltr'><strong>Domini</strong></span> <span class='ocrx_word' id='word_1_735' title='bbox 1224 5133 1279 5189; x_wconf 92' lang='lat' dir='ltr'><strong>in</strong></span> <span class='ocrx_word' id='word_1_736' title='bbox 1320 5141 1463 5187; x_wconf 90' lang='lat' dir='ltr'><strong>terra</strong></span> <span class='ocrx_word' id='word_1_737' title='bbox 1495 5131 1814 5187; x_wconf 90' lang='lat' dir='ltr'><strong>viventium.</strong></span> 
     </span>
    </p>
   </div>
   <div class='ocr_carea' id='block_1_99' title="bbox 223 5222 1818 5294">
    <p class='ocr_par' dir='ltr' id='par_1_99' title="bbox 223 5222 1818 5294">
     <span class='ocr_line' id='line_1_99' title="bbox 223 5222 1818 5294; baseline -0.001 -14"><span class='ocrx_word' id='word_1_738' title='bbox 223 5225 319 5284; x_wconf 82' lang='lat' dir='ltr'><strong>Vel</strong></span> <span class='ocrx_word' id='word_1_739' title='bbox 343 5229 422 5287; x_wconf 91' lang='lat' dir='ltr'><strong>sic</strong></span> <span class='ocrx_word' id='word_1_740' title='bbox 440 5247 453 5283; x_wconf 92' lang='lat'>:</span> <span class='ocrx_word' id='word_1_741' title='bbox 479 5225 704 5285; x_wconf 85' lang='lat' dir='ltr'><strong>lostitue</strong></span> <span class='ocrx_word' id='word_1_742' title='bbox 721 5227 1092 5294; x_wconf 84' lang='lat' dir='ltr'><strong>eos,Domine,</strong></span> <span class='ocrx_word' id='word_1_743' title='bbox 1117 5227 1169 5281; x_wconf 93' lang='lat' dir='ltr'><strong>in</strong></span> <span class='ocrx_word' id='word_1_744' title='bbox 1190 5240 1252 5281; x_wconf 89' lang='lat' dir='ltr'><strong>ea</strong></span> <span class='ocrx_word' id='word_1_745' title='bbox 1276 5224 1548 5282; x_wconf 87' lang='lat' dir='ltr'><strong>soliditate</strong></span> <span class='ocrx_word' id='word_1_746' title='bbox 1568 5222 1818 5278; x_wconf 84' lang='lat' dir='ltr'><strong>dilectio-</strong></span> 
     </span>
    </p>
   </div>
   <div class='ocr_carea' id='block_1_100' title="bbox 224 5317 1813 5391">
    <p class='ocr_par' dir='ltr' id='par_1_100' title="bbox 224 5317 1813 5391">
     <span class='ocr_line' id='line_1_100' title="bbox 224 5317 1813 5391; baseline -0.004 -16"><span class='ocrx_word' id='word_1_747' title='bbox 224 5321 311 5377; x_wconf 92' lang='lat' dir='ltr'><strong>nis</strong></span> <span class='ocrx_word' id='word_1_748' title='bbox 350 5328 475 5390; x_wconf 56' lang='grc' dir='ltr'><strong>ωε,</strong></span> <span class='ocrx_word' id='word_1_749' title='bbox 502 5327 564 5376; x_wconf 88' lang='lat' dir='ltr'><strong>ut</strong></span> <span class='ocrx_word' id='word_1_750' title='bbox 586 5333 765 5391; x_wconf 87' lang='lat' dir='ltr'><strong>neque</strong></span> <span class='ocrx_word' id='word_1_751' title='bbox 793 5333 962 5386; x_wconf 83' lang='lat' dir='ltr'><strong>mors,</strong></span> <span class='ocrx_word' id='word_1_752' title='bbox 989 5331 1165 5388; x_wconf 85' lang='lat' dir='ltr'><strong>neque</strong></span> <span class='ocrx_word' id='word_1_753' title='bbox 1183 5317 1318 5383; x_wconf 86' lang='lat' dir='ltr'><strong>vita,</strong></span> <span class='ocrx_word' id='word_1_754' title='bbox 1342 5330 1518 5386; x_wconf 89' lang='lat' dir='ltr'><strong>neque</strong></span> <span class='ocrx_word' id='word_1_755' title='bbox 1540 5321 1813 5381; x_wconf 87' lang='lat' dir='ltr'><strong>creatura,</strong></span> 
     </span>
    </p>
   </div>
   <div class='ocr_carea' id='block_1_101' title="bbox 227 5410 1817 5483">
    <p class='ocr_par' dir='ltr' id='par_1_101' title="bbox 227 5410 1817 5483">
     <span class='ocr_line' id='line_1_101' title="bbox 227 5410 1817 5483; baseline -0.003 -16"><span class='ocrx_word' id='word_1_756' title='bbox 227 5426 402 5483; x_wconf 85' lang='lat' dir='ltr'><strong>neque</strong></span> <span class='ocrx_word' id='word_1_757' title='bbox 431 5412 658 5468; x_wconf 89' lang='lat' dir='ltr'><strong>tentatio</strong></span> <span class='ocrx_word' id='word_1_758' title='bbox 699 5410 880 5483; x_wconf 87' lang='lat' dir='ltr'><strong>aliqua</strong></span> <span class='ocrx_word' id='word_1_759' title='bbox 921 5410 1094 5482; x_wconf 90' lang='lat' dir='ltr'><strong>possit</strong></span> <span class='ocrx_word' id='word_1_760' title='bbox 1121 5424 1217 5466; x_wconf 92' lang='lat' dir='ltr'><strong>eos</strong></span> <span class='ocrx_word' id='word_1_761' title='bbox 1258 5421 1512 5481; x_wconf 88' lang='lat' dir='ltr'><strong>separare</strong></span> <span class='ocrx_word' id='word_1_762' title='bbox 1540 5421 1568 5462; x_wconf 90' lang='lat' dir='ltr'><strong>a</strong></span> <span class='ocrx_word' id='word_1_763' title='bbox 1596 5415 1672 5472; x_wconf 91' lang='lat' dir='ltr'><strong>te,</strong></span> <span class='ocrx_word' id='word_1_764' title='bbox 1694 5413 1749 5463; x_wconf 88' lang='lat' dir='ltr'><strong>et</strong></span> <span class='ocrx_word' id='word_1_765' title='bbox 1785 5419 1817 5462; x_wconf 86' lang='lat' dir='ltr'><strong>a</strong></span> 
     </span>
    </p>
   </div>
   <div class='ocr_carea' id='block_1_102' title="bbox 227 5499 1818 5568">
    <p class='ocr_par' dir='ltr' id='par_1_102' title="bbox 227 5499 1818 5568">
     <span class='ocr_line' id='line_1_102' title="bbox 227 5499 1818 5568; baseline -0.002 -9"><span class='ocrx_word' id='word_1_766' title='bbox 227 5503 494 5560; x_wconf 89' lang='lat' dir='ltr'><strong>charitate</strong></span> <span class='ocrx_word' id='word_1_767' title='bbox 515 5512 627 5559; x_wconf 91' lang='lat' dir='ltr'><strong>tua.</strong></span> <span class='ocrx_word' id='word_1_768' title='bbox 658 5501 758 5558; x_wconf 88' lang='lat' dir='ltr'><strong>Vel</strong></span> <span class='ocrx_word' id='word_1_769' title='bbox 787 5503 862 5558; x_wconf 87' lang='lat' dir='ltr'><strong>ita</strong></span> <span class='ocrx_word' id='word_1_770' title='bbox 890 5519 905 5556; x_wconf 85' lang='lat'><strong>:</strong></span> <span class='ocrx_word' id='word_1_771' title='bbox 941 5501 1017 5557; x_wconf 90' lang='lat' dir='ltr'><strong>Da</strong></span> <span class='ocrx_word' id='word_1_772' title='bbox 1045 5499 1147 5567; x_wconf 86' lang='lat' dir='ltr'><strong>eis,</strong></span> <span class='ocrx_word' id='word_1_773' title='bbox 1189 5501 1438 5568; x_wconf 89' lang='lat' dir='ltr'><strong>Domine,</strong></span> <span class='ocrx_word' id='word_1_774' title='bbox 1469 5506 1609 5559; x_wconf 87' lang='lat' dir='ltr'><strong>uLet</strong></span> <span class='ocrx_word' id='word_1_775' title='bbox 1633 5508 1684 5555; x_wconf 91' lang='lat' dir='ltr'><strong>te</strong></span> <span class='ocrx_word' id='word_1_776' title='bbox 1707 5507 1818 5556; x_wconf 91' lang='lat' dir='ltr'><strong>toto</strong></span> 
     </span>
    </p>
   </div>
   <div class='ocr_carea' id='block_1_103' title="bbox 227 5591 1819 5666">
    <p class='ocr_par' dir='ltr' id='par_1_103' title="bbox 227 5591 1819 5666">
     <span class='ocr_line' id='line_1_103' title="bbox 227 5591 1819 5666; baseline -0.003 -16"><span class='ocrx_word' id='word_1_777' title='bbox 227 5595 389 5651; x_wconf 89' lang='lat' dir='ltr'><strong>corde</strong></span> <span class='ocrx_word' id='word_1_778' title='bbox 416 5595 756 5666; x_wconf 81' lang='lat' dir='ltr'><strong>perquirant,</strong></span> <span class='ocrx_word' id='word_1_779' title='bbox 789 5602 844 5650; x_wconf 89' lang='lat' dir='ltr'><strong>et</strong></span> <span class='ocrx_word' id='word_1_780' title='bbox 889 5609 1009 5664; x_wconf 66' lang='lat' dir='ltr'><strong>quae</strong></span> <span class='ocrx_word' id='word_1_781' title='bbox 1046 5593 1143 5649; x_wconf 87' lang='lat' dir='ltr'><strong>tibi</strong></span> <span class='ocrx_word' id='word_1_782' title='bbox 1190 5593 1386 5665; x_wconf 83' lang='lat' dir='ltr'><strong>placita</strong></span> <span class='ocrx_word' id='word_1_783' title='bbox 1428 5601 1578 5658; x_wconf 91' lang='lat' dir='ltr'><strong>sunt,</strong></span> <span class='ocrx_word' id='word_1_784' title='bbox 1604 5600 1716 5648; x_wconf 87' lang='lat' dir='ltr'><strong>tota</strong></span> <span class='ocrx_word' id='word_1_785' title='bbox 1739 5591 1819 5648; x_wconf 85' lang='lat' dir='ltr'><strong>di-</strong></span> 
     </span>
    </p>
   </div>
   <div class='ocr_carea' id='block_1_104' title="bbox 229 5683 1817 5754">
    <p class='ocr_par' dir='ltr' id='par_1_104' title="bbox 229 5683 1817 5754">
     <span class='ocr_line' id='line_1_104' title="bbox 229 5683 1817 5754; baseline 0 -16"><span class='ocrx_word' id='word_1_786' title='bbox 229 5684 458 5742; x_wconf 90' lang='lat' dir='ltr'><strong>lectione</strong></span> <span class='ocrx_word' id='word_1_787' title='bbox 513 5685 821 5754; x_wconf 90' lang='lat' dir='ltr'><strong>perﬁciant.</strong></span> <span class='ocrx_word' id='word_1_788' title='bbox 869 5684 966 5742; x_wconf 89' lang='lat' dir='ltr'><strong>Vel</strong></span> <span class='ocrx_word' id='word_1_789' title='bbox 998 5685 1123 5740; x_wconf 90' lang='lat' dir='ltr'><strong>sic:</strong></span> <span class='ocrx_word' id='word_1_790' title='bbox 1167 5683 1351 5754; x_wconf 74' lang='lat' dir='ltr'><strong>Dirige</strong></span> <span class='ocrx_word' id='word_1_791' title='bbox 1395 5696 1511 5750; x_wconf 89' lang='lat' dir='ltr'><strong>eos,</strong></span> <span class='ocrx_word' id='word_1_792' title='bbox 1566 5683 1817 5751; x_wconf 87' lang='lat' dir='ltr'><strong>Domine,</strong></span> 
     </span>
    </p>
   </div>
   <div class='ocr_carea' id='block_1_105' title="bbox 230 5769 1816 5882">
    <p class='ocr_par' dir='ltr' id='par_1_105' title="bbox 230 5769 1816 5882">
     <span class='ocr_line' id='line_1_105' title="bbox 230 5769 1816 5882; baseline 0.001 -48"><span class='ocrx_word' id='word_1_793' title='bbox 230 5779 522 5838; x_wconf 84' lang='lat' dir='ltr'><strong>secundum</strong></span> <span class='ocrx_word' id='word_1_794' title='bbox 547 5769 1279 5882; x_wconf 38' lang='lat' dir='ltr'><strong>beneplacitum&#39;voluntatis</strong></span> <span class='ocrx_word' id='word_1_795' title='bbox 1307 5787 1430 5838; x_wconf 80' lang='lat' dir='ltr'><strong>tote.</strong></span> <span class='ocrx_word' id='word_1_796' title='bbox 1463 5779 1516 5836; x_wconf 90' lang='lat' dir='ltr'><strong>in</strong></span> <span class='ocrx_word' id='word_1_797' title='bbox 1551 5781 1692 5836; x_wconf 81' lang='lat' dir='ltr'><strong>viam</strong></span> <span class='ocrx_word' id='word_1_798' title='bbox 1722 5795 1816 5874; x_wconf 31' lang='lat' dir='ltr'><strong>sae</strong></span> 
     </span>
    </p>
   </div>
   <div class='ocr_carea' id='block_1_106' title="bbox 1921 4582 3516 4654">
    <p class='ocr_par' dir='ltr' id='par_1_106' title="bbox 1921 4582 3516 4654">
     <span class='ocr_line' id='line_1_106' title="bbox 1921 4582 3516 4654; baseline 0.004 -20"><span class='ocrx_word' id='word_1_799' title='bbox 1921 4582 2051 4648; x_wconf 83' lang='lat' dir='ltr'><strong>Quae</strong></span> <span class='ocrx_word' id='word_1_800' title='bbox 2076 4582 2120 4637; x_wconf 91' lang='lat' dir='ltr'><strong>si</strong></span> <span class='ocrx_word' id='word_1_801' title='bbox 2155 4583 2249 4638; x_wconf 92' lang='lat' dir='ltr'><strong>tibi</strong></span> <span class='ocrx_word' id='word_1_802' title='bbox 2299 4583 2451 4637; x_wconf 87' lang='lat' dir='ltr'><strong>utilia</strong></span> <span class='ocrx_word' id='word_1_803' title='bbox 2499 4596 2619 4638; x_wconf 89' lang='lat' dir='ltr'><strong>esse</strong></span> <span class='ocrx_word' id='word_1_804' title='bbox 2665 4598 2996 4654; x_wconf 83' lang='lat' dir='ltr'><strong>cognoscere</strong></span> <span class='ocrx_word' id='word_1_805' title='bbox 3044 4592 3256 4654; x_wconf 89' lang='lat' dir='ltr'><strong>potero,</strong></span> <span class='ocrx_word' id='word_1_806' title='bbox 3311 4583 3516 4640; x_wconf 86' lang='lat' dir='ltr'><strong>laboris</strong></span> 
     </span>
    </p>
   </div>
   <div class='ocr_carea' id='block_1_107' title="bbox 1920 4673 3515 4746">
    <p class='ocr_par' dir='ltr' id='par_1_107' title="bbox 1920 4673 3515 4746">
     <span class='ocr_line' id='line_1_107' title="bbox 1920 4673 3515 4746; baseline 0.001 -16"><span class='ocrx_word' id='word_1_807' title='bbox 1920 4674 2027 4730; x_wconf 89' lang='lat' dir='ltr'><strong>mei</strong></span> <span class='ocrx_word' id='word_1_808' title='bbox 2053 4673 2552 4746; x_wconf 87' lang='lat' dir='ltr'><strong>compensationem</strong></span> <span class='ocrx_word' id='word_1_809' title='bbox 2574 4677 2713 4746; x_wconf 91' lang='lat' dir='ltr'><strong>apud</strong></span> <span class='ocrx_word' id='word_1_810' title='bbox 2743 4675 3022 4731; x_wconf 89' lang='lat' dir='ltr'><strong>Christum</strong></span> <span class='ocrx_word' id='word_1_811' title='bbox 3048 4676 3153 4731; x_wconf 92' lang='lat' dir='ltr'><strong>tuis</strong></span> <span class='ocrx_word' id='word_1_812' title='bbox 3176 4675 3515 4733; x_wconf 87' lang='lat' dir='ltr'><strong>orationibus</strong></span> 
     </span>
    </p>
   </div>
   <div class='ocr_carea' id='block_1_108' title="bbox 1921 4767 3514 4840">
    <p class='ocr_par' dir='ltr' id='par_1_108' title="bbox 1921 4767 3514 4840">
     <span class='ocr_line' id='line_1_108' title="bbox 1921 4767 3514 4840; baseline 0 -16"><span class='ocrx_word' id='word_1_813' title='bbox 1921 4782 2010 4824; x_wconf 89' lang='lat' dir='ltr'><strong>me</strong></span> <span class='ocrx_word' id='word_1_814' title='bbox 2049 4775 2392 4837; x_wconf 90' lang='lat' dir='ltr'><strong>recepturum</strong></span> <span class='ocrx_word' id='word_1_815' title='bbox 2430 4767 2703 4838; x_wconf 88' lang='lat' dir='ltr'><strong>sperabo;</strong></span> <span class='ocrx_word' id='word_1_816' title='bbox 2735 4769 2827 4840; x_wconf 86' lang='lat' dir='ltr'><strong>qui</strong></span> <span class='ocrx_word' id='word_1_817' title='bbox 2870 4785 2968 4840; x_wconf 91' lang='lat' dir='ltr'><strong>per</strong></span> <span class='ocrx_word' id='word_1_818' title='bbox 2999 4769 3315 4839; x_wconf 77' lang='lat' dir='ltr'><strong>Apostolum</strong></span> <span class='ocrx_word' id='word_1_819' title='bbox 3356 4787 3514 4826; x_wconf 78' lang='lat' dir='ltr'><strong>suum</strong></span> 
     </span>
    </p>
   </div>
   <div class='ocr_carea' id='block_1_109' title="bbox 1911 4857 3512 4936">
    <p class='ocr_par' dir='ltr' id='par_1_109' title="bbox 1911 4857 3512 4936">
     <span class='ocr_line' id='line_1_109' title="bbox 1911 4857 3512 4936; baseline 0.002 -22"><span class='ocrx_word' id='word_1_820' title='bbox 1911 4857 2140 4930; x_wconf 84' lang='lat' dir='ltr'><strong>jubetut</strong></span> <span class='ocrx_word' id='word_1_821' title='bbox 2162 4876 2255 4932; x_wconf 86' lang='lat' dir='ltr'><strong>per</strong></span> <span class='ocrx_word' id='word_1_822' title='bbox 2276 4861 2587 4916; x_wconf 85' lang='lat' dir='ltr'><strong>charitatem</strong></span> <span class='ocrx_word' id='word_1_823' title='bbox 2607 4863 2894 4917; x_wconf 82' lang='lat' dir='ltr'><strong>serviamus</strong></span> <span class='ocrx_word' id='word_1_824' title='bbox 2917 4862 3134 4917; x_wconf 78' lang='lat' dir='ltr'><strong>invicem</strong></span> <span class='ocrx_word' id='word_1_825' title='bbox 3156 4861 3221 4936; x_wconf 72' lang='grc' dir='ltr'><strong>(ϐ</strong></span> <span class='ocrx_word' id='word_1_826' title='bbox 3229 4862 3301 4918; x_wconf 89' lang='lat' dir='ltr'><strong>al.</strong></span> <span class='ocrx_word' id='word_1_827' title='bbox 3326 4879 3376 4928; x_wconf 74' lang='grc' dir='ltr'><strong>ν,</strong></span> <span class='ocrx_word' id='word_1_828' title='bbox 3398 4862 3512 4935; x_wconf 80' lang='lat'><strong>25).</strong></span> 
     </span>
    </p>
   </div>
   <div class='ocr_carea' id='block_1_110' title="bbox 1919 4952 3515 5024">
    <p class='ocr_par' dir='ltr' id='par_1_110' title="bbox 1919 4952 3515 5024">
     <span class='ocr_line' id='line_1_110' title="bbox 1919 4952 3515 5024; baseline 0.001 -16"><span class='ocrx_word' id='word_1_829' title='bbox 1919 4952 2142 5008; x_wconf 89' lang='lat' dir='ltr'><strong>Fratres</strong></span> <span class='ocrx_word' id='word_1_830' title='bbox 2171 4967 2363 5009; x_wconf 91' lang='lat' dir='ltr'><strong>omnes</strong></span> <span class='ocrx_word' id='word_1_831' title='bbox 2385 4967 2483 5024; x_wconf 92' lang='lat' dir='ltr'><strong>per</strong></span> <span class='ocrx_word' id='word_1_832' title='bbox 2514 4965 2566 5008; x_wconf 88' lang='lat' dir='ltr'><strong>te</strong></span> <span class='ocrx_word' id='word_1_833' title='bbox 2591 4954 2808 5009; x_wconf 90' lang='lat' dir='ltr'><strong>nomine</strong></span> <span class='ocrx_word' id='word_1_834' title='bbox 2845 4968 2967 5010; x_wconf 91' lang='lat' dir='ltr'><strong>meo</strong></span> <span class='ocrx_word' id='word_1_835' title='bbox 2995 4953 3218 5010; x_wconf 88' lang='lat' dir='ltr'><strong>salutari</strong></span> <span class='ocrx_word' id='word_1_836' title='bbox 3247 4955 3515 5023; x_wconf 89' lang='lat' dir='ltr'><strong>desidero,</strong></span> 
     </span>
    </p>
   </div>
   <div class='ocr_carea' id='block_1_111' title="bbox 1922 5044 3514 5122">
    <p class='ocr_par' dir='ltr' id='par_1_111' title="bbox 1922 5044 3514 5122">
     <span class='ocr_line' id='line_1_111' title="bbox 1922 5044 3514 5122; baseline 0.003 -22"><span class='ocrx_word' id='word_1_837' title='bbox 1922 5059 2027 5101; x_wconf 91' lang='lat' dir='ltr'><strong>non</strong></span> <span class='ocrx_word' id='word_1_838' title='bbox 2083 5059 2275 5101; x_wconf 89' lang='lat' dir='ltr'><strong>omnes</strong></span> <span class='ocrx_word' id='word_1_839' title='bbox 2332 5044 2512 5114; x_wconf 86' lang='lat' dir='ltr'><strong>simul,</strong></span> <span class='ocrx_word' id='word_1_840' title='bbox 2561 5047 2658 5103; x_wconf 89' lang='lat' dir='ltr'><strong>sed</strong></span> <span class='ocrx_word' id='word_1_841' title='bbox 2709 5046 3019 5104; x_wconf 88' lang='lat' dir='ltr'><strong>nominibus</strong></span> <span class='ocrx_word' id='word_1_842' title='bbox 3059 5063 3175 5119; x_wconf 69' lang='lat' dir='ltr'><strong>suis</strong></span> <span class='ocrx_word' id='word_1_843' title='bbox 3229 5049 3514 5122; x_wconf 84' lang='lat' dir='ltr'><strong>singulos;</strong></span> 
     </span>
    </p>
   </div>
   <div class='ocr_carea' id='block_1_112' title="bbox 1921 5137 3519 5210">
    <p class='ocr_par' dir='ltr' id='par_1_112' title="bbox 1921 5137 3519 5210">
     <span class='ocr_line' id='line_1_112' title="bbox 1921 5137 3519 5210; baseline 0.001 -19"><span class='ocrx_word' id='word_1_844' title='bbox 1921 5152 2154 5208; x_wconf 90' lang='lat' dir='ltr'><strong>quorum</strong></span> <span class='ocrx_word' id='word_1_845' title='bbox 2199 5137 2540 5193; x_wconf 90' lang='lat' dir='ltr'><strong>orationibus</strong></span> <span class='ocrx_word' id='word_1_846' title='bbox 2563 5146 2619 5192; x_wconf 88' lang='lat' dir='ltr'><strong>et</strong></span> <span class='ocrx_word' id='word_1_847' title='bbox 2649 5141 2756 5194; x_wconf 91' lang='lat' dir='ltr'><strong>tuis</strong></span> <span class='ocrx_word' id='word_1_848' title='bbox 2783 5137 3028 5208; x_wconf 84' lang='lat' dir='ltr'><strong>adjuvari</strong></span> <span class='ocrx_word' id='word_1_849' title='bbox 3073 5149 3336 5210; x_wconf 89' lang='lat' dir='ltr'><strong>quantum</strong></span> <span class='ocrx_word' id='word_1_850' title='bbox 3383 5138 3519 5194; x_wconf 83' lang='lat' dir='ltr'><strong>indi-</strong></span> 
     </span>
    </p>
   </div>
   <div class='ocr_carea' id='block_1_113' title="bbox 1918 5222 3519 5304">
    <p class='ocr_par' dir='ltr' id='par_1_113' title="bbox 1918 5222 3519 5304">
     <span class='ocr_line' id='line_1_113' title="bbox 1918 5222 3519 5304; baseline 0.003 -24"><span class='ocrx_word' id='word_1_851' title='bbox 1918 5241 2096 5297; x_wconf 85' lang='lat' dir='ltr'><strong>geam,</strong></span> <span class='ocrx_word' id='word_1_852' title='bbox 2123 5242 2224 5283; x_wconf 91' lang='lat' dir='ltr'><strong>nec</strong></span> <span class='ocrx_word' id='word_1_853' title='bbox 2252 5222 2498 5298; x_wconf 80' lang='lat' dir='ltr'><strong>praesens</strong></span> <span class='ocrx_word' id='word_1_854' title='bbox 2520 5227 2653 5284; x_wconf 90' lang='lat' dir='ltr'><strong>satis</strong></span> <span class='ocrx_word' id='word_1_855' title='bbox 2693 5228 2937 5287; x_wconf 88' lang='lat' dir='ltr'><strong>indicare</strong></span> <span class='ocrx_word' id='word_1_856' title='bbox 2985 5231 3161 5304; x_wconf 90' lang='lat' dir='ltr'><strong>potui,</strong></span> <span class='ocrx_word' id='word_1_857' title='bbox 3193 5245 3297 5290; x_wconf 88' lang='lat' dir='ltr'><strong>nec</strong></span> <span class='ocrx_word' id='word_1_858' title='bbox 3325 5231 3519 5286; x_wconf 89' lang='lat' dir='ltr'><strong>absens</strong></span> 
     </span>
    </p>
   </div>
   <div class='ocr_carea' id='block_1_114' title="bbox 1919 5314 2430 5376">
    <p class='ocr_par' dir='ltr' id='par_1_114' title="bbox 1919 5314 2430 5376">
     <span class='ocr_line' id='line_1_114' title="bbox 1919 5314 2430 5376; baseline 0.01 -7"><span class='ocrx_word' id='word_1_859' title='bbox 1919 5314 2176 5375; x_wconf 87' lang='lat' dir='ltr'><strong>intimare</strong></span> <span class='ocrx_word' id='word_1_860' title='bbox 2201 5317 2430 5376; x_wconf 78' lang='lat' dir='ltr'><strong>sufﬁcio.</strong></span> 
     </span>
    </p>
   </div>
   <div class='ocr_carea' id='block_1_115' title="bbox 2483 5411 2939 5473">
    <p class='ocr_par' dir='ltr' id='par_1_115' title="bbox 2483 5411 2939 5473">
     <span class='ocr_line' id='line_1_115' title="bbox 2483 5411 2939 5473; baseline 0.009 -5"><span class='ocrx_word' id='word_1_861' title='bbox 2483 5411 2820 5473; x_wconf 77' lang='lat' dir='ltr'><strong>EPISTOLA</strong></span> <span class='ocrx_word' id='word_1_862' title='bbox 2851 5413 2939 5472; x_wconf 85' lang='lat' dir='ltr'><strong>lli.</strong></span> 
     </span>
    </p>
   </div>
   <div class='ocr_carea' id='block_1_116' title="bbox 2535 5523 2899 5565">
    <p class='ocr_par' dir='ltr' id='par_1_116' title="bbox 2535 5523 2899 5565">
     <span class='ocr_line' id='line_1_116' title="bbox 2535 5523 2899 5565; baseline -0.003 -3"><span class='ocrx_word' id='word_1_863' title='bbox 2535 5523 2603 5563; x_wconf 73' lang='grc' dir='ltr'><strong>ΔΙ)</strong></span> <span class='ocrx_word' id='word_1_864' title='bbox 2625 5523 2899 5565; x_wconf 68' lang='lat' dir='ltr'><strong>BUGONEM.</strong></span> 
     </span>
    </p>
   </div>
   <div class='ocr_carea' id='block_1_117' title="bbox 1923 5587 3518 5676">
    <p class='ocr_par' dir='ltr' id='par_1_117' title="bbox 1923 5587 3518 5676">
     <span class='ocr_line' id='line_1_117' title="bbox 1923 5587 3518 5676; baseline 0.003 -28"><span class='ocrx_word' id='word_1_865' title='bbox 1923 5591 1997 5676; x_wconf 81' lang='lat' dir='ltr'><strong>De</strong></span> <span class='ocrx_word' id='word_1_866' title='bbox 2017 5595 2172 5651; x_wconf 89' lang='lat' dir='ltr'><strong>modo</strong></span> <span class='ocrx_word' id='word_1_867' title='bbox 2217 5599 2426 5669; x_wconf 86' lang='lat' dir='ltr'><strong>orandi,</strong></span> <span class='ocrx_word' id='word_1_868' title='bbox 2465 5616 2528 5655; x_wconf 88' lang='lat' dir='ltr'><strong>ac</strong></span> <span class='ocrx_word' id='word_1_869' title='bbox 2550 5601 2840 5671; x_wconf 69' lang='lat' dir='ltr'><strong>prmertim</strong></span> <span class='ocrx_word' id='word_1_870' title='bbox 2864 5599 2929 5653; x_wconf 87' lang='lat' dir='ltr'><strong>de</strong></span> <span class='ocrx_word' id='word_1_871' title='bbox 2965 5587 3256 5670; x_wconf 69' lang='lat' dir='ltr'><strong>gratiarum</strong></span> <span class='ocrx_word' id='word_1_872' title='bbox 3289 5608 3518 5653; x_wconf 68' lang='lat' dir='ltr'><strong>autem.</strong></span> 
     </span>
    </p>
   </div>
   <div class='ocr_carea' id='block_1_118' title="bbox 1993 5683 3494 5770">
    <p class='ocr_par' dir='ltr' id='par_1_118' title="bbox 1993 5683 3494 5770">
     <span class='ocr_line' id='line_1_118' title="bbox 1993 5683 3494 5770; baseline 0.002 -28"><span class='ocrx_word' id='word_1_873' title='bbox 1993 5687 2360 5749; x_wconf 84' lang='lat' dir='ltr'><strong>Dilectissimo</strong></span> <span class='ocrx_word' id='word_1_874' title='bbox 2409 5707 2510 5750; x_wconf 90' lang='lat' dir='ltr'><strong>suo</strong></span> <span class='ocrx_word' id='word_1_875' title='bbox 2547 5691 2702 5748; x_wconf 87' lang='lat' dir='ltr'><strong>fratri</strong></span> <span class='ocrx_word' id='word_1_876' title='bbox 2745 5689 2978 5760; x_wconf 63' lang='lat' dir='ltr'><strong>tiosos),</strong></span> <span class='ocrx_word' id='word_1_877' title='bbox 3043 5687 3210 5746; x_wconf 83' lang='lat' dir='ltr'><strong>frater</strong></span> <span class='ocrx_word' id='word_1_878' title='bbox 3260 5683 3494 5770; x_wconf 55' lang='lat' dir='ltr'><strong>rituum:</strong></span> 
     </span>
    </p>
   </div>
   <div class='ocr_carea' id='block_1_119' title="bbox 1921 5779 2179 5839">
    <p class='ocr_par' dir='ltr' id='par_1_119' title="bbox 1921 5779 2179 5839">
     <span class='ocr_line' id='line_1_119' title="bbox 1921 5779 2179 5839; baseline 0.004 -1"><span class='ocrx_word' id='word_1_879' title='bbox 1921 5779 2179 5839; x_wconf 86' lang='lat' dir='ltr'><strong>salutem.</strong></span> 
     </span>
    </p>
   </div>
  </div>
