3984 6410
189 316 284 394 ut

188 424 330 502 inedi

187 549 312 591 vero
344 547 466 602 qua:
494 547 592 602 per
619 531 964 590 dilectionem
1002 541 1284 602 operatur,
1331 534 1612 606 pietatem,
1634 536 1766 596 cba-

184 628 428 691 ritatem,
456 624 707 680 timorem
733 634 980 681 sanctum
1019 633 1076 681 et
1109 635 1307 681 caetera
1340 643 1591 683 verarum
1625 629 1768 685 dona

182 721 465 787 virtutum,
493 717 623 774 solis
644 716 832 772 electis
875 717 994 772 dari
1042 718 1390 775 manifestum
1423 727 1530 776 cst.
1561 721 1766 776 Audia-

183 826 302 866 mus
331 811 496 881 igitur
523 811 810 880 quemdam
835 810 888 865 in
919 809 1128 881 psalmo
1151 812 1333 868 divina
1352 813 1499 869 circa
1529 830 1586 869 se
1609 814 1770 870 bene-

182 903 300 959 licia
323 919 450 959 eum
498 902 858 966 exsultatione
906 903 1257 960 recolentem.
1309 905 1652 975 Exspectaus,
1675 907 1764 961 in-

177 993 312 1062 quit,
341 995 635 1063 exspectavi
651 993 960 1060 Dominum,
982 1005 1029 1050 et
1046 997 1266 1050 intendit
1288 999 1450 1052 mihi:
1472 1008 1520 1053 et
1541 997 1768 1053 exaudi-

176 1083 245 1135 rit
270 1099 449 1152 preces
484 1099 649 1148 meas,
683 1092 734 1138 et
756 1084 937 1140 eduxit
971 1102 1054 1141 me
1082 1087 1147 1140 de
1173 1091 1295 1141 lacu
1347 1089 1594 1153 miserita,
1633 1099 1680 1143 et
1701 1089 1766 1142 de

180 1171 288 1225 luto
312 1171 461 1240 [retis
498 1171 674 1242 (Psal.
698 1189 888 1239 xxxrx,
918 1173 974 1241 2,
1003 1175 1078 1245 ὅ).
1105 1175 1222 1232 Huc
1245 1192 1416 1246 usque
1436 1177 1673 1232 ostendit
1700 1177 1768 1232 de

174 1277 276 1330 quo
297 1263 572 1334 profundo
599 1265 868 1320 malorum
892 1282 990 1337 per
1007 1268 1238 1336 gratiam
1272 1269 1366 1324 Dei
1388 1269 1648 1326 liberatus
1671 1269 1762 1324 sit.

174 1354 394 1412 Duobus
422 1371 554 1414 vero
584 1359 939 1429 sequentibus
989 1361 1240 1416 versibus
1265 1361 1762 1431 conﬁrmationem,

171 1457 226 1501 et
275 1449 658 1514 directionem,
707 1461 761 1506 et
815 1451 1224 1510 innovatioiiem
1271 1469 1425 1508 suam
1475 1455 1761 1522 describit,

174 1537 364 1594 dicens
388 1555 404 1592 :
431 1539 498 1594 Et
525 1543 712 1596 statuit
747 1558 910 1610 supra
951 1553 1154 1612 petram
1203 1545 1358 1615 pedes
1391 1562 1532 1600 meos
1557 1544 1760 1617 (ibid.),

168 1636 221 1683 ct
267 1630 500 1701 reliqua.
541 1630 650 1703 Ubi
673 1633 776 1690 etsi
821 1633 955 1690 nihil
1001 1634 1239 1704 positum
1269 1637 1364 1702 sit,
1407 1639 1551 1707 quod
1591 1639 1762 1694 bene-

168 1719 484 1786 dictionem.
542 1723 628 1778 vel
686 1724 984 1796 gratiarum
1022 1727 1293 1783 actionem
1338 1729 1629 1800 signiticet,
1661 1729 1759 1799 pia

331 423 442 438 ‘—-'

1431 317 1748 392 ιςιηδτοὶπ

1848 333 2140 405 animus
2910 345 2914 350 ·
3354 333 3465 412 ses

409 422 920 512 “reprobisﬂpariter
979 440 1178 496 dantur
1220 449 1280 498 et
1325 442 1539 501 electis.
1584 445 1771 502 Fidem
1801 448 1848 509 Α
1876 445 2023 502 omni
2057 453 2300 514 tempore
2347 440 2647 508 benedicit,
2696 455 2807 498 non
2859 440 3032 498 solum
3086 440 3140 498 in
3185 422 3513 516 prosperis

3354 333 3465 412 ses
3491 329 3499 424 ς

1872 537 1966 593 sed
1990 545 2048 592 et
2091 536 2144 592 in
2204 533 2444 590 adversis
2498 533 2701 606 gratias
2745 533 2875 606 agit.
2912 533 3048 590 Nam
3077 525 3134 590 et
3164 538 3286 606 mali
3319 521 3468 594 inter

1870 643 2132 700 prospera
2164 626 2389 682 laudant
2425 627 2617 692 Deum,
2659 627 2798 684 sicut
2848 617 3112 698 scriptum
3153 637 3277 684 est:
3317 627 3458 684 Con-

1869 719 2246 789 ﬁtebiturtibi,
2277 735 2395 772 cum
2458 718 2766 788 benefaceris
2793 720 2840 775 ei
2880 719 3053 790 (Psal.
3103 736 3292 787 ιιγιιι,
3345 721 3454 792 19),
3487 714 3490 716 ’

1871 811 1935 877 in,
1957 810 2204 871 adversis
2244 820 2431 866 autem
2483 825 2824 866 murmurare
2864 811 3057 877 solent,
3108 822 3162 866 et
3209 812 3462 883 bl.ispbe-.

1869 917 2036 961 mare.
3236 890 3238 892 V
3332 969 3334 973 _
3479 900 3482 902 ⁷

2104 969 2141 990 δ
2508 991 2583 1048 De
2612 991 2813 1049 eodem.
3297 1059 3302 1062 _

1945 1080 2047 1149 Qui
2081 1090 2266 1138 autem
2303 1083 2357 1136 in
2400 1081 2698 1152 gratiarum
2728 1084 2941 1140 actione
2978 1085 3250 1140 studiosus
3278 1095 3360 1141 est
3401 1095 3457 1142 et
3487 1087 3496 1097 “

1869 1171 2118 1238 devotus,
2151 1182 2276 1229 ante
2299 1175 2482 1230 omnia
2529 1175 2688 1231 debet
2730 1175 2856 1230 illud
2895 1177 3135 1231 omnium
3170 1177 3455 1232 l-cncﬁcio-

1870 1280 1988 1322 rum
2039 1265 2346 1320 divinorum
2397 1267 2693 1321 maximum
2732 1277 2892 1337 atque
2939 1268 3456 1325 excellentissimum

1869 1356 2135 1422 recolere,
2156 1343 2436 1427 eliquanta
2469 1365 2644 1427 potest
2681 1358 3039 1454 devotiouenet
3057 1361 3254 1430 pietate
3273 1377 3368 1428 pro
3387 1376 3454 1416 eo

1867 1448 2070 1517 gratias
2127 1461 2314 1520 agere,
2369 1463 2477 1518 quo
2530 1464 2626 1519 per
2671 1448 3077 1505 sacrosanctum
3136 1452 3450 1523 mysterium

1866 1539 2265 1595 incarnationis
2299 1549 2356 1596 et
2399 1540 2670 1610 passionis
2714 1539 2936 1606 Christi,
2961 1557 2992 1596 a
3033 1553 3207 1598 morte
3249 1554 3451 1597 aeterna

1867 1627 2129 1699 redempti
2161 1637 2218 1684 et
2247 1628 2316 1683 ad
2351 1629 2518 1684 vitam
2567 1637 2828 1685 aeternam
2868 1647 3054 1688 sumus
3107 1633 3359 1702 reparati.
3394 1633 3451 1686 In

1865 1720 2084 1777 Christo
2109 1738 2344 1792 namque
2372 1723 2486 1795 ipsa
2511 1722 2658 1779 salus
2686 1723 2753 1779 ad
2793 1731 3044 1790 aegrotos,
3074 1721 3188 1790 ipsa
3245 1723 3453 1777 miscri-

170 1821 344 1868 tamen
372 1815 679 1872 divinorum
729 1817 1116 1874 beneﬁciorum
1155 1821 1480 1886 recordatio,
1514 1836 1612 1890 pro
1633 1836 1758 1891 gra-
1790 1789 1834 1845 Β
1859 1811 2044 1866 cordia
2086 1812 2154 1867 ad
2203 1814 2455 1882 miseros.
2499 1815 2615 1884 ipsa
2666 1813 2932 1885 sapientia
2990 1813 3056 1866 ad
3107 1813 3305 1878 ίδιιιιοεν
3337 1813 3450 1882 ipsa

166 1903 361 1960 tiarum
387 1907 604 1963 actione
625 1908 878 1964 habetur.
916 1909 971 1964 lu
1013 1910 1120 1965 alio
1148 1926 1366 1982 quoque
1407 1912 1614 1981 psalmo
1644 1913 1758 1983 glo-

163 1997 335 2054 riﬁcat
364 1998 556 2068 Deum,
581 2000 811 2066 dicendo
838 2016 854 2056 :
881 2001 1013 2067 Quas
1053 2002 1195 2058 Deus
1220 2016 1415 2071 praeter
1443 2004 1753 2070 Dominum,

158 2098 247 2142 aut
265 2090 396 2160 quis
422 2091 564 2146 Deus
582 2102 772 2162 prater
795 2091 959 2146 Deum
987 2102 1225 2147 nostrum
1246 2094 1272 2146 ?
1289 2092 1465 2162 (Psal.
1495 2110 1629 2158 xm,
1663 2096 1753 2166 12)

156 2190 209 2235 et
245 2181 408 2252 quasi
428 2197 820 2253 quaereremus,
870 2184 999 2252 quid
1051 2185 1149 2240 tibi
1199 2185 1328 2240 fecit
1358 2186 1381 2241 l
1410 2201 1584 2255 quare
1628 2201 1753 2243 eum

155 2271 226 2324 ita
256 2272 580 2341 magniﬁcas
607 2282 662 2326 et
709 2271 900 2328 laudas
924 2273 948 2327 ?
970 2283 1278 2330 enumerat
1321 2275 1521 2330 multas
1565 2279 1756 2346 gratiae

151 2359 354 2418 divinae
375 2363 522 2418 circa
550 2379 609 2419 se
628 2363 1073 2434 operationes,-et
1093 2366 1276 2422 subdit
1301 2384 1316 2420 :
1344 2365 1595 2437 Deus'qut'
1617 2383 1755 2436 pm.-

153 2454 315 2508 ciurit
345 2470 430 2509 me
458 2455 666 2518 virtute,
697 2465 746 2509 et
779 2457 952 2525 posuit
989 2458 1384 2512 immaculatum
1418 2460 1554 2513 siam
1583 2477 1752 2514 meam

153 2541 330 2613 (Psal.
368 2559 503 2608 ιω,
533 2543 646 2615 12),
683 2552 738 2600 et
782 2553 976 2600 caetera
1017 2561 1188 2615 usque
1237 2546 1384 2613 illuc,
1409 2557 1584 2602 etnon
1629 2558 1750 2606 sunt

161 2631 430 2701 inﬁrmata
461 2635 676 2706 uestigia
722 2652 837 2691 mea
864 2636 1018 2708 (ibid.
1047 2653 1248 2703 xsxttt,
1288 2638 1402 2709 37).
1459 2639 1751 2708 Apostolus

155 2730 356 2788 autem,
403 2721 638 2790 Gratias,
680 2725 878 2797 inquit,
912 2727 1029 2797 'ago
1077 2728 1146 2794 ei,
1172 2729 1262 2797 qui
1293 2745 1374 2785 me
1407 2730 1748 2798 coufortarit,

153 2817 238 2886 qui
263 2817 480 2890 ﬁdelem
519 2833 600 2872 me
642 2820 982 2886 existimavit,
1009 2837 1208 2891 ponens
1249 2838 1330 2879 me
1350 2823 1407 2878 in
1431 2825 1742 2883 ministerio.

155 2907 444 2964 Subdendo
472 2924 626 2975 vero,
646 2912 738 2981 qui
763 2911 912 2981 prius
933 2911 1015 2980 fui
1041 2911 1396 2984 blasphemus,
1423 2925 1471 2970 et
1497 2933 1763 2986 persae».

153 3009 252 3067 tor,
284 3011 334 3056 et
364 3001 776 3058 contumeliosus
805 3002 854 3075 (Ι
883 3002 1020 3058 Tim.
1035 3019 1102 3069 tt,
1128 3005 1216 3071 12,
1247 3005 1375 3078 l3);
1404 3016 1559 3063 tanto
1581 3007 1748 3077 majo-

153 3105 260 3148 rem
287 3094 438 3151 circa
465 3109 526 3151 se
546 3095 777 3167 gratiam
803 3096 898 3153 Dei
927 3097 1187 3165 ostendit,
1217 3107 1427 3169 quanto
1468 3101 1744 3172 indignior
1771 3127 1817 3190 ο

151 3187 402 3256 erat,qui
429 3200 552 3242 eam
573 3186 825 3256 accipere
879 3199 1204 3248 mereretur.
1256 3190 1477 3247 Gratias
1525 3208 1745 3263 quoque

151 3277 257 3348 agit
305 3279 398 3334 ubi
456 3280 626 3337 dicit:
683 3281 1000 3339 Benedictus
1039 3285 1208 3352 Deus,
1250 3293 1298 3339 et
1326 3283 1490 3340 Pater
1533 3285 1744 3342 Domini

151 3369 306 3424 nostri
345 3369 485 3426 Iesu
523 3370 743 3441 Christi,
794 3371 960 3429 Pater
987 3376 1472 3431 ntisericordiarum
1503 3375 1590 3448 (II
1615 3376 1742 3434 Cor.

152 3471 190 3524 ι,
208 3457 284 3531 5),
313 3470 427 3517 etc.
660 3523 665 3528 ,

331 3551 651 3622 Differeutia
688 3552 827 3610 inter
850 3564 1088 3610 orantem
1111 3566 1161 3611 et
1187 3554 1518 3614 laudantem.

216 3641 324 3700 [loc
367 3655 561 3700 autem
601 3644 744 3700 inter
787 3645 1040 3701 allectum
1082 3650 1292 3705 orantis
1337 3650 1525 3715 distat,
1575 3659 1741 3720 atque

149 3731 436 3800 laudantis,
465 3735 608 3813 quod
635 3735 814 3793 oratio
855 3739 1243 3796 contritionem
1279 3741 1464 3807 habet,
1499 3744 1742 3813 etgetni-

149 3833 273 3893 tum,
308 3828 554 3890 maxime
585 3830 803 3899 quando
833 3840 1054 3900 peccata
1077 3831 1371 3896 deﬂentur,
1397 3843 1492 3890 aut
1521 3835 1739 3897 quando
1767 3878 1770 3879 ν

147 3914 278 3976 inter
301 3919 660 3984 tentatioues,
683 3929 738 3976 et
767 3921 1151 3978 tribulationes
1191 3923 1432 3980 divinum
1475 3926 1736 3984 auxilium

145 4009 483 4081 imploratur.
515 4011 620 4080 Qui
667 4028 797 4070 vero
846 4013 1061 4080 laudat,
1092 4023 1148 4070 et
1173 4016 1382 4087 gratias
1419 4019 1554 4093 agit,
1600 4033 1736 4091 gau-

145 4101 226 4158 dio
243 4113 296 4158 et
324 4103 522 4160 laetitia
550 4104 818 4174 spirituali
873 4104 1246 4176 perfunditur.
1278 4107 1433 4164 Unde
1483 4109 1610 4174 illis,
1640 4111 1735 4180 qui

144 4206 234 4261 pro
255 4194 499 4266 peccatis
521 4195 873 4252 vehementer
897 4205 1276 4265 conteruntur,
1301 4200 1562 4269 expedire
1587 4201 1738 4258 vide-

1857 1903 1969 1958 vita
2009 1904 2078 1960 ad
2117 1915 2378 1970 mortuos,
2412 1907 2528 1978 ipsa
2573 1908 2658 1961 via
2691 1909 2759 1962 ad
2803 1916 3070 1971 errantes,
3103 1907 3216 1976 ipsa
3249 1907 3451 1960 veritas

1857 1995 1924 2051 ad
1955 1994 2271 2076 mendaces,
2295 1999 2408 2068 ipse
2438 1999 2766 2068 Redemptor
2789 2001 2855 2054 ad
2878 1999 3143 2070 captivos,
3172 1999 3283 2069 ipse
3311 1999 3450 2053 Deus
3494 1993 3495 1996 “

1857 2089 1927 2144 ad
1962 2089 2214 2148 homines
2255 2091 2424 2146 venit.
2457 2091 2551 2146 llla
2591 2091 2846 2160 majestas
2899 2091 3094 2146 divinae
3146 2089 3445 2160 sapientiae,

1857 2195 1979 2250 quae
2021 2190 2316 2248 coaeterna,
2366 2191 2422 2236 et
2475 2181 2977 2246 consubstantialis,
3025 2189 3080 2235 et
3133 2167 3495 2250 coomnipo-g'”

1857 2279 1978 2327 tens
2014 2271 2183 2338 Patri,
2221 2282 2278 2328 et
2303 2272 2531 2343 Spiritui
2571 2282 2778 2339 sancto,
2817 2282 2998 2344 portat
3042 2271 3226 2326 omnia
3279 2271 3446 2324 verbo

1855 2363 2070 2420 virtutis
2095 2379 2232 2429 suae,
2264 2375 2320 2420 et
2341 2366 2658 2436 attingensa
2693 2365 2798 2420 line
2833 2379 3004 2434 usque
3042 2365 3110 2426 ad
3141 2365 3299 2416 tinem
3329 2359 3442 2428 for-

1857 2454 2001 2518 titer,
2023 2455 2460 2525 disponitomnia
2478 2456 2740 2522 suaviter,
2769 2463 2919 2511 tanta
2949 2455 3300 2510 miseratione
3325 2461 3444 2510 tan-

1854 2550 2015 2611 taque
2038 2543 2368 2599 abundantia
2401 2545 2617 2615 pietatis
2641 2560 2773 2612 suae,
2792 2554 2992 2600 nostra:
3019 2544 3251 2600 miseriae
3272 2544 3446 2600 voluit

1851 2634 2166 2702 subvenire,
2211 2644 2271 2689 ut
2313 2651 2422 2692 non
2483 2637 2659 2692 solum
2719 2653 2890 2714 usque
2940 2637 3007 2692 ad
3039 2635 3442 2708 susceptionem

1852 2735 2055 2784 nostra:
2109 2735 2347 2792 naturae,
2393 2727 2486 2782 sed
2527 2728 2693 2782 etiam
2753 2742 2921 2798 usque
2957 2728 3025 2781 ad
3087 2726 3468 2782 contumelias,

1849 2815 1979 2872 etad
2001 2827 2230 2892 mortem
2249 2817 2449 2884 crucis,
2471 2833 2569 2887 pro
2591 2827 2776 2873 nostra
2802 2817 3170 2888 redemptione
3185 2828 3240 2872 et
3261 2817 3439 2884 salute

1848 2921 1911 2963 se
1943 2908 2202 2964 inclinare
2231 2908 2568 2978 dignaretur.
2622 2910 2934 2966 Altissimus
2983 2909 3162 2966 Patris
3188 2910 3438 2966 altissimi
3475 2895 3479 2900 ⁷

1849 3003 2181 3073 unigenitus,
2211 3004 2353 3060 sicut
2381 3021 2490 3063 non
2521 3005 2840 3076 habuit-quo
2857 3004 2995 3061 ultra
3019 3019 3079 3061 se
3100 3005 3438 3062 humiliando

1849 3094 2224 3160 descenderet,
2259 3109 2420 3166 quam
2450 3104 2510 3150 ut
2539 3095 2593 3150 in
2618 3095 2853 3159 homine,
2880 3109 3040 3165 quem
3065 3093 3164 3150 sibi
3193 3094 3246 3148 in
3275 3108 3435 3156 unam
3460 3087 3480 3106 ³

1848 3199 2136 3254 personam
2171 3187 2363 3252 univit,
2411 3186 2568 3258 quasi
2615 3201 2758 3250 reus,
2785 3195 2841 3242 et
2883 3184 3232 3262 damnatitius
3262 3193 3436 3240 morte
3475 3233 3478 3236 .

1849 3277 2170 3346 turpissima
2204 3288 2537 3346 moreretur;
2579 3277 2660 3332 sic
2688 3287 2876 3332 nostra
2900 3287 3094 3331 natura
3118 3291 3222 3331 non
3249 3276 3434 3332 habuit
3473 3325 3475 3336 .

1846 3382 1955 3438 quo
1989 3367 2126 3422 ultra
2157 3377 2340 3438 posset
2371 3369 2672 3434 sublimari,
2696 3384 2861 3440 quam
2890 3378 2950 3424 ut
2980 3368 3031 3423 in
3087 3368 3304 3435 Christo
3349 3384 3433 3424 se-
3474 3432 3478 3439 ε

1844 3459 1978 3516 dens
2017 3459 2084 3514 ad
2116 3462 2396 3515 dexteram
2451 3460 2653 3528 Patris,
2708 3461 2907 3516 habeat
2940 3474 3134 3515 nomen
3164 3459 3309 3529 quod
3346 3468 3434 3516 est
3473 3449 3479 3458 ’

1841 3566 2006 3622 super
2027 3566 2187 3607 omne
2213 3567 2431 3617 nomen,
2471 3562 2527 3608 et
2552 3553 2804 3608 ﬂectatur
2833 3552 2882 3608 ei
2909 3565 3071 3608 onme
3117 3568 3296 3623 genu,-
3321 3567 3433 3608 caa-

1841 3641 2082 3709 lestium,
2113 3644 2455 3698 terrestrium
2483 3653 2539 3698 et
2562 3643 2918 3704 infernarum.
2947 3642 3107 3712 Spem
3131 3652 3311 3696 autent
3342 3658 3433 3695 uo.

1839 3735 1925 3790 bis
1948 3733 2318 3790 ﬁrmissimam
2343 3736 2514 3802 dedit,
2547 3751 2667 3802 nos,
2697 3735 2741 3791 si
2785 3736 2832 3790 ei
2881 3734 3111 3790 ﬁdeliter
3139 3733 3433 3790 adbmscri-
3455 3735 3470 3802 ί

1839 3840 1981 3890 mus,
1999 3826 2236 3896 quoipse
2250 3826 2526 3896 praecessit
2546 3841 2666 3891 csse
2695 3836 2996 3882 secuturos.
3026 3824 3206 3891 Pater,
3231 3825 3431 3894 inquit,

1837 3934 1967 3988 quos
2017 3919 2208 3972 dedisti
2239 3919 2386 3988 milii,
2427 3919 2540 3974 volo
2579 3930 2634 3973 ut
2676 3921 2762 3974 ubi
2797 3937 2892 3990 ego
2938 3937 3080 3984 sum,
3113 3935 3162 3974 et
3198 3919 3278 3975 illi
3317 3921 3429 3976 sint

1838 4023 2062 4076 mecum,
2086 4020 2142 4062 ut
2168 4009 2372 4064 videant
2395 4009 2689 4065 claritatem
2709 4027 2867 4081 quam
2891 3995 3224 4065 dedistimilri
3239 3997 3423 4082 (Jour.
3449 4016 3454 4020 ”

1836 4116 1975 4169 xvtt,
2005 4101 2121 4174 24).
2151 4101 2284 4171 Quis
2310 4110 2514 4157 tantam
2548 4103 2782 4174 gratiam
2813 4103 2973 4176 digne
3012 4103 3274 4174 cogitare.
3305 4102 3428 4172 quis
3455 4156 3460 4160 .

1833 4191 2068 4250 suﬂiciat
2104 4195 2264 4265 digne
2282 4209 2383 4265 pro
2410 4209 2476 4250 ea
2501 4193 2688 4252 laudes
2712 4203 2770 4252 et
2813 4195 3020 4266 gratias
3045 4193 3285 4256 referre?
3318 4192 3425 4250 Sed
3464 4181 3467 4188 ’

145 4291 244 4352 tur,
271 4296 327 4342 ut
352 4293 484 4359 post
509 4301 800 4344 mererem
841 4303 940 4358 pro
985 4290 1223 4359 peccatis
1276 4290 1543 4356 habitum,
1576 4307 1637 4349 se
1665 4294 1734 4348 ad
1834 4285 1936 4341 etsi
1965 4301 2072 4342 non
2099 4285 2343 4342 valemus
2391 4286 2584 4358 dignas
2611 4287 2798 4342 laudes
2826 4286 3163 4358 persolvere,
3202 4302 3308 4341 non
3340 4295 3414 4342 ιιι·
3456 4340 3458 4342 ,

143 4376 432 4444 gratiarum
477 4376 746 4432 actionem
800 4387 1119 4434 convertant
1155 4395 1171 4446 ;
1229 4390 1318 4457 ut_
1345 4381 1589 4436 animum
1630 4396 1732 4452 pro
1832 4393 1956 4442 men
1987 4378 2245 4436 debemus
2289 4393 2320 4434 a
2375 4380 2676 4449 gratiarum
2720 4381 2935 4435 actione
2965 4393 3213 4443 cessare,
3253 4380 3464 4450 donec‘

144 4469 368 4533 peccatis
399 4477 750 4534 maerentem,
780 4469 1078 4540 gratiarum
1106 4472 1249 4528 actio
1264 4472 1582 4529 consoletur
1609 4490 1624 4528 :
1659 4490 1730 4530 ne
1759 4477 1807 4533 D
1832 4470 1952 4541 ipso
1981 4471 2233 4536 ducente,
2265 4471 2394 4527 illuc
2421 4473 2827 4541 perveniamus,
2881 4471 2971 4527 ubi
3019 4471 3123 4526 hoc
3168 4471 3288 4524 sine
3318 4469 3426 4524 ﬁne

145 4554 272 4612 forte
291 4557 682 4616 abundantiori
715 4557 932 4613 tristitia
957 4560 1314 4617 absorbeatur
1330 4563 1422 4632 qui
1449 4563 1720 4633 ejusmodi
1765 4618 1768 4620 .

143 4657 218 4702 est
240 4665 257 4714 ;
279 4651 471 4722 sicque
500 4663 652 4704 meus
691 4665 792 4720 pro
831 4651 1069 4722 peccatis
1091 4652 1312 4719 amicta,
1359 4655 1427 4710 de
1456 4645 1754 4724 perceptis~

143 4737 410 4801 beneﬁciis
465 4744 668 4813 gratias
735 4743 1039 4812 referendo,
1089 4748 1156 4801 ad
1210 4763 1361 4818 spem
1406 4751 1577 4805 venia:
1642 4765 1730 4812 re-

144 4843 367 4890 creetur.
428 4835 564 4890 Aliis
605 4848 823 4904 quoque
868 4850 900 4889 a
943 4837 1245 4907 gratiarum
1312 4840 1530 4898 actione
1592 4840 1727 4900 inci-

143 4921 325 4986 pienda
357 4924 576 4980 videtur
599 4923 799 4993 oratio,
829 4933 891 4980 ut
931 4941 1086 4983 mens
1105 4929 1314 4986 orantis
1333 4931 1605 5001 spirituali
1625 4932 1724 5002 ju-

143 5015 408 5073 cunditate
456 5014 699 5088 perfusa,
742 5027 798 5074 et
840 5017 1038 5074 ﬁducia
1094 5019 1321 5089 repleta,
1383 5036 1452 5076 ex
1488 5024 1726 5095 quadam

145 5103 301 5161 animi
345 5107 672 5180 pinguedine
721 5121 892 5169 totam
957 5124 1276 5184 sequentem
1329 5113 1567 5181 eﬂ‘uudat
1595 5131 1726 5174 .ora-

146 5192 358 5257 tionem.

467 5294 687 5368 Semper
705 5295 951 5356 debemus
974 5297 1176 5371 gratias
1197 5315 1373 5372 agere.

209 5377 323 5438 Non
339 5384 511 5442 solum
531 5396 711 5445 autem
738 5391 793 5446 in
817 5392 1118 5464 prosperis,
1143 5392 1239 5448 sed
1267 5401 1324 5448 et
1346 5391 1488 5448 inter
1507 5391 1720 5462 ﬂagella

144 5466 391 5532 debentus
432 5480 639 5550 gratias
673 5496 839 5552 agere
874 5481 1049 5552 Patri,
1074 5484 1168 5555 qui
1219 5483 1457 5555 ﬂagellat
1503 5499 1720 5540 omnem

144 5555 300 5620 ﬁlium
324 5579 481 5634 quem
513 5571 728 5641 recipit,
763 5572 905 5628 sicut
939 5574 994 5629 in
1032 5589 1264 5646 persona
1287 5573 1424 5644 justi
1455 5575 1718 5646 scriptum

143 5655 593 5742 tatBenedicam
628 5665 910 5723 Dominum
952 5669 1007 5722 in
1042 5669 1198 5723 omni.
1227 5679 1477 5742 tempore,
1516 5684 1720 5739 semper

142 5739 251 5802 laus
289 5749 401 5821 ejus
421 5755 476 5811 in
522 5772 611 5816 ore
645 5758 956 5831 meo(Psal.
1007 5776 1206 5830 xum,
1231 5739 1448 5836 2).Qui
1491 5763 1635 5820 enim
1661 5762 1716 5819 in

1830 4562 2119 4630 faciamus,
2144 4565 2292 4620 sicut
2315 4564 2583 4634 scriptum
2610 4573 2695 4620 est
2725 4581 2740 4618 :
2783 4563 2936 4618 Beati
2976 4563 3066 4632 qui
3095 4562 3332 4616 habitant
3366 4562 3422 4628 iu

1830 4653 1986 4707 domo
2013 4663 2129 4720 tua,
2183 4654 2406 4708 Domine
2429 4672 2449 4719 ;
2483 4656 2536 4708 in
2558 4655 2753 4710 stccula
2782 4653 3099 4708 saeculorum
3127 4652 3420 4706 laudabunt

1829 4749 1878 4796 te
1908 4741 2081 4815 (Psal.
2113 4759 2345 4809 ume,
2377 4743 2454 4815 5).
2484 4743 2641 4799 Nunc
2662 4745 2808 4798 enim
2835 4752 3049 4813 tempus
3091 4752 3175 4798 est
3226 4743 3419 4796 orandi

1828 4834 2056 4904 pariter,
2079 4843 2133 4889 et
2162 4834 2438 4903 laudandi,
2461 4843 2588 4888 tunc
2607 4834 2713 4888 erit
2737 4833 3108 4904 tantummodo
3139 4832 3415 4893 laudandi.

1829 4926 1984 4996 Tune
2010 4927 2207 4999 quippe
2243 4928 2387 4984 sicut
2435 4927 2668 4982 miseriae
2721 4925 3024 4990 beatitudo,
3060 4925 3136 4980 ita
3181 4924 3413 4988 orationi

1827 5021 2082 5077 succedet
2103 5020 2363 5091 laudatio.
2391 5019 2630 5090 lmpletis
2649 5032 2884 5086 namque
2906 5019 3159 5074 omnibus
3185 5017 3418 5088 promis-
3451 5017 3456 5022 ’

1825 5111 2072 5168 sionibus
2099 5113 2214 5179 Dei,
2243 5112 2377 5167 nihil
2427 5111 2699 5183 supererit
2745 5109 3057 5182 petendum,
3108 5109 3250 5166 sicut
3299 5105 3439 5180 ipse

1825 5201 1999 5259 dicit:
2027 5201 2094 5256 In
2116 5202 2207 5257 illo
2241 5203 2326 5258 die
2370 5220 2452 5259 me
2484 5219 2590 5258 non
2621 5203 2874 5282 rogabitis
2911 5202 3196 5275 quidquam
3225 5200 3410 5274 (lauri.

1824 5310 1938 5360 xvt,
1964 5295 2078 5366 23).
2096 5294 2266 5363 Quem
2297 5305 2502 5367 quanto
2531 5297 2763 5368 amplius
2790 5296 3083 5368 diligimus,
3117 5307 3412 5370 tautn‘stn-

1823 5386 2028 5443 diosius
2065 5386 2369 5453 canonicis,
2408 5387 2513 5444 hoc
2543 5397 2649 5452 est,
2697 5388 3050 5460 propheticis,
3093 5396 3149 5443 et
3194 5397 3406 5458 aposto-

1822 5479 1960 5547 licis,
1987 5494 2089 5536 nec
2117 5495 2222 5536 non
2253 5487 2314 5560 et.
2342 5479 2464 5536 aliis
2511 5479 2811 5552 Scripturis
2847 5481 3126 5537 intendere
3151 5479 3410 5550 debemus

1820 5581 1878 5628 et
1900 5572 2312 5644 vigilantissime
2337 5573 2671 5641 auscultare,
2699 5574 2830 5648 quid
2857 5574 2924 5629 de
2952 5573 3045 5630 illo
3094 5570 3406 5648 nobisliusie
3434 5631 3436 5633 ,

1821 5671 2011 5732 nuent,
2045 5661 2130 5718 vel
2151 5663 2280 5735 quid
2312 5665 2428 5735 ipse
2465 5667 2621 5723 nobis
2647 5665 2699 5722 in
2737 5666 2818 5720 eis
2845 5665 3122 5735 loquatur.
3154 5665 3286 5733 Quis
3309 5681 3408 5720 au-

1821 5759 1975 5817 diens
2030 5757 2179 5816 illum
2235 5759 2506 5817 dicentem
2562 5774 2663 5832 per
2705 5759 3071 5832 prophetam:
3118 5757 3194 5815 De
3244 5775 3404 5813 utanu
