3984 6434
579 305 688 368 9‘25

1465 302 1748 362 JOANNIS
1786 299 2043 360 CARTH.
2076 301 2462 360 PORTARUM
2502 298 2810 358 MONACHI
3682 309 3753 368 ια

581 423 738 480 morti
746 439 766 475 s
787 419 1020 474 liberabo
1043 433 1151 481 eas,
1178 417 1242 472 de
1265 418 1428 471 morte
1466 420 1719 473 redimam
1750 434 1838 473 eos
1865 430 1885 471 :
1917 419 2005 472 ero
2033 433 2176 472 mors
2208 423 2253 482 Α
2281 431 2407 472 nam
2445 417 2548 473 hac
2571 415 2824 472 violentia
2855 427 3074 486 regnum
3100 413 3366 471 calorum
3391 416 3598 488 diripere
3610 435 3756 480 nam

581 523 697 577 tua,
722 530 751 565 ο
785 527 945 576 mors,
971 508 1174 562 morsus
1203 517 1323 562 tuus
1353 524 1441 561 ero
1471 508 1675 578 inferne
1697 507 1873 579 (Osee.
1904 521 2026 571 xm,
2058 508 2168 574 M),

582 615 904 669 noueruntp
943 609 962 653 t
1005 600 1056 652 iu
1092 599 1230 653 hanc
1261 611 1444 653 vocem
1471 597 1831 667 jucunditatis
1877 607 1935 654 et
1976 597 2171 665 laudis,

586 709 643 749 ut
674 695 859 750 dicat:
883 691 1121 756 Gratias,
1154 690 1398 754 Domine,
1430 699 1594 745 tanta:
1631 690 1840 760 pietati,
1873 703 2036 759 quam
2083 703 2177 743 no—

585 794 714 842 stra:
746 784 1104 854 redcntptioni
1136 784 1246 853 imp
1267 783 1451 839 -ndere
1480 782 1736 853 dignatus
1765 797 1825 837 es
1850 799 1865 836 :
1895 790 1952 837 et
1983 796 2178 852 precor

589 889 646 930 ut
678 877 795 948 ejus
833 890 919 931 em
947 875 1361 961 redemptionis,
1390 884 1446 931 et
1472 875 1665 930 salutis
1694 883 1914 930 aeternae
1948 890 2069 945 qua:
2094 883 2179 931 est
2251 916 2256 922 .
2297 903 2302 906 -

590 970 645 1025 in
665 979 734 1034 te,
755 984 852 1023 nos
877 968 1044 1023 facias
1067 967 1119 1024 in
1143 977 1404 1024 :eternum
1423 969 1698 1024 veraciter
1713 982 1834 1024 esse
1855 969 2180 1040 participes?

590 1062 724 1130 Quis
759 1060 984 1115 audiens
1029 1059 1344 1129 Apostolum
1395 1059 1703 1117 dicentem:
1738 1045 1943 1115 Fidelis
1986 1077 2178 1128 sermo,

589 1156 714 1224 quia
750 1151 990 1208 Christus
1018 1151 1174 1207 Iesus
1215 1154 1348 1207 venit
1383 1153 1439 1206 in
1482 1153 1622 1208 hunc
1652 1152 1909 1207 mundum
1939 1162 2180 1223 peccato-

591 1262 674 1300 res
703 1246 873 1300 salvos
902 1243 1145 1314 facere(l
1183 1243 1297 1298 Tim
1325 1259 1366 1308 ι,
1397 1243 1516 1312 15);
1561 1259 1667 1298 non
1703 1241 1943 1299 effundat
1969 1242 2180 1299 laudem

591 1337 794 1406 pariter
823 1346 875 1392 et
901 1351 1143 1407 precem,
1168 1345 1223 1392 et
1251 1337 1421 1391 dicat:
1457 1334 1601 1402 Tibi,
1633 1335 1878 1402 Domine,
1911 1334 2048 1401 laus,
2085 1334 2180 1389 tibi

592 1429 888 1500 gratiarum
913 1429 1075 1495 actio,
1109 1428 1200 1500 qui
1231 1436 1379 1482 tanta
1413 1427 1762 1482 miseratione
1791 1428 1957 1482 vitam
1992 1442 2183 1498 pecca-

596 1530 793 1583 torum,
819 1536 920 1573 non
945 1530 1174 1574 mortem
1200 1519 1447 1588 inquiris.
1481 1518 1704 1575 Placeat
1719 1520 1835 1589 tibi,
1866 1520 2110 1585 Domine,
2127 1529 2184 1574 ut

587 1608 678 1679 jus
705 1610 892 1665 ᾕρει-ε
929 1624 1026 1665 nos
1052 1624 1083 1664 a
1124 1612 1385 1679 peccatis,
1440 1621 1496 1667 et
1548 1611 1723 1667 salute
1760 1622 1960 1667 aeterna
2006 1613 2185 1668 salvos

593 1714 694 1754 nos
722 1702 900 1752 facere
927 1698 1186 1768 digneris.
1221 1700 1516 1756 Audientes
1547 1717 1678 1772 ergo
1721 1702 1956 1772 eloquia,
1987 1702 2184 1772 quibus

595 1789 862 1846 beneficia
899 1788 1016 1858 ejus
1041 1790 1123 1845 vel
1153 1791 1482 1859 referuntur,
1508 1798 1591 1848 vel
1623 1794 2038 1865 promittuntur,
2091 1795 2183 1850 de-
2214 1774 2260 1836 Β

597 1885 789 1938 bemus
808 1882 965 1951 (sicut
985 1882 1275 1954 Apostolus
1291 1884 1470 1955 docet)
1503 1886 1773 1940 abundare
1791 1886 1844 1939 in
1872 1884 1964 1939 illo
1983 1886 2035 1938 in
2060 1901 2184 1956 gra-

595 1974 791 2028 tiarum
811 1975 1016 2029 actione
1063 1974 1258 2046 (Cales.
1291 1991 1328 2030 ll
1363 2015 1380 2042 ,
1405 1975 1480 2046 7).
1505 1975 1611 2041 Sed
1635 1975 1850 2030 animus
1872 1976 2106 2031 amantis
2129 1985 2185 2031 et

597 2066 980 2135 desiderantis,
1035 2068 1320 2138 praemissa
1368 2068 1665 2139 gratiarum
1740 2067 1979 2134 actione,
2029 2069 2189 2123 debet

595 2158 761 2212 cziam
795 2173 984 2228 preces
1007 2159 1264 2226 subdere,
1288 2170 1347 2214 ut
1371 2158 1822 2230 promissionibus
1851 2159 1967 2230 ejus
1994 2159 2188 2230 dignus

597 2248 881 2305 uilici-stur.
920 2251 1020 2318 Qui
1074 2252 1218 2306 enim
1267 2251 1538 2306 audiendo
1588 2251 1803 2320 eloquia
1855 2251 2062 2319 divina,
2119 2250 2186 2306 ad

596 2343 884 2410 orandum,
917 2343 1004 2399 vel
1051 2343 1402 2412 laudandum,
1448 2343 1532 2400 vel
1580 2343 1870 2399 amandum
1905 2334 2076 2399 Deum
2108 2343 2191 2398 in-

597 2434 924 2504 flammatur,
981 2436 1251 2492 veraciter
1292 2444 1469 2506 potest
1497 2437 1678 2491 dicere
1705 2437 1850 2508 quod
1876 2436 1930 2490 in
1965 2435 2191 2492 Cantica

597 2528 936 2584 canticorum
966 2527 1229 2599 scriptum
1254 2537 1377 2584 est:
1412 2527 1600 2582 Animo
1635 2545 1750 2583 mea
1781 2528 2066 2600 liquefacta
2113 2537 2190 2584 est

598 2617 779 2684 (Cant.
805 2635 858 2686 v,
890 2619 970 2687 6),
997 2619 1050 2674 id
1089 2629 1194 2687 est,
1220 2619 1274 2674 in
1294 2619 1563 2691 lacrymas
1587 2620 1788 2675 amoris
1818 2620 2056 2676 resoluta
2081 2629 2187 2676 εει.

597 2708 726 2767 Scio
753 2727 853 2783 rgo
880 2712 1203 2784 prudentem
1226 2711 1540 2783 quemdam,
1569 2721 1625 2769 et
1673 2711 1984 2783 religiosum
2013 2714 2190 2770 virum

597 2800 836 2859 dixisse:
875 2802 1140 2875 Spiritum
1172 2803 1375 2861 Christi
1407 2821 1516 2860 non
1567 2805 1750 2870 habet,
1783 2805 1877 2876 qui
1923 2805 2190 2862 audiendo

597 2894 764 2951 verba
796 2894 1022 2960 Christi,
1057 2911 1164 2952 non
1202 2897 1376 2952 ardet.
1407 2897 1512 2953 Sed
1533 2897 1626 2968 qui
1653 2898 1757 2955 hoc
1785 2897 1944 2966 dixit,
1979 2897 2192 2954 videtur

600 2985 735 3040 mihi
763 2986 866 3041 hoc
892 2988 1034 3058 quod
1065 2988 1120 3042 in
1151 3003 1210 3044 se
1225 2988 1514 3054 sentiebat,
1543 2988 1843 3044 aestimasse
1861 2990 1931 3044 de
1951 2989 2188 3056 caeteris,

601 3079 746 3146 quod
785 3077 1063 3148 proprium
1097 3086 1182 3133 est
1218 3077 1498 3133 hominum
1542 3078 1777 3134 maxime
1808 3077 2186 3150 plurimorum.

602 3169 718 3240 Ego
747 3185 876 3226 vero
913 3171 1093 3227 sciens
1136 3169 1340 3228 multos
1365 3169 1529 3225 etiam
1570 3165 1741 3226 bonus
1766 3181 1822 3226 ει
1864 3169 2043 3241 justos
2073 3170 2192 3225 nul-

602 3261 712 3318 lam
744 3264 948 3320 habere
970 3262 1053 3319 vel
1083 3279 1265 3320 raram
1319 3262 1553 3335 gratiam
1600 3263 1988 3336 lacrymarum,
2017 3263 2083 3318 ad
2110 3271 2194 3318 ta-

602 3353 735 3409 lium
759 3355 1185 3411 consolationem
1210 3355 1351 3412 dico.
1379 3355 1607 3424 Quidam
1630 3355 1777 3411 enim
1790 3355 2196 3426 diligunthri-

603 3449 749 3497 stum
780 3442 991 3497 ardenti
1033 3442 1318 3498 charitatis
1368 3439 1568 3497 affectu
1602 3461 1616 3496 :
1649 3442 1871 3513 quidam
1923 3457 2030 3498 non
2072 3456 2193 3499 sen-

605 3531 745 3587 tiunt
768 3530 986 3600 quidem
1016 3546 1271 3601 magnum
1321 3529 1572 3586 affectum
1601 3531 1912 3587 dilectionis
1935 3531 2068 3599 ejus,
2099 3533 2196 3589 sed

603 3624 898 3678 ostendunt
927 3637 1048 3677 eam
1078 3621 1132 3676 in
1174 3622 1356 3693 operis
1398 3621 1620 3678 eﬁ'cctu.
1662 3621 1738 3678 De
1766 3622 1835 3679 iis
1861 3623 1976 3690 ipse
2021 3624 2194 3680 dicit:

605 3714 713 3781 Qui
743 3715 898 3770 habet
933 3714 1190 3769 mandata
1219 3730 1355 3783 mea,
1384 3722 1435 3769 et
1461 3722 1632 3770 servat
1661 3729 1746 3781 ea,
1777 3715 1861 3769 hic
1897 3723 1973 3770 est
1999 3715 2088 3787 qui
2115 3715 2199 3769 di-

605 3805 716 3875 ligit
747 3823 828 3861 nte
857 3804 1040 3878 (Joan.
1080 3821 1191 3871 xw,
1226 3803 1344 3876 21).
1376 3805 1445 3862 Ει
1486 3805 1683 3862 iterum
1718 3823 1733 3860 :
1767 3805 1831 3862 Si
1867 3806 1986 3878 quis
2025 3805 2199 3877 diligit

606 3911 710 3964 me,
747 3913 1037 3952 sermonem
1067 3913 1240 3952 meum
1271 3896 1498 3953 servabit
1528 3897 1704 3966 (ibid,
1737 3897 1864 3970 '25);
1889 3899 2031 3954 unde
2059 3897 2199 3956 Gre-

608 3986 822 4056 gorius:
855 4005 874 4040 ι
909 3987 1166 4045 Probatio
1195 3987 1524 4056 dilectionis,
1549 3989 1812 4045 exhibitio
1839 3999 1922 4046 est
1943 3991 2144 4061 operis.
2175 4007 2195 4042 ι

610 4079 670 4133 lu
723 4095 956 4148 persona
1002 4096 1222 4151 quoque
1267 4081 1505 4149 illorum,
1549 4083 1640 4153 qui
1671 4081 1951 4138 Christum
1987 4082 2199 4138 ardenti

611 4168 806 4226 affectu
830 4171 1080 4241 diligunt,
1123 4173 1327 4227 dictum
1363 4163 1484 4229 est:
1515 4172 1971 4240 Quemadmodum
1995 4175 2201 4231 deside-

612 4270 696 4316 rat
726 4278 905 4317 ceruus
926 4264 995 4316 ad
1026 4264 1196 4332 fontes
1222 4279 1480 4334 aquarum
1510 4263 1684 4334 (Psal.
1713 4280 1823 4331 xu,
1846 4267 1926 4335 8),
1962 4274 2070 4322 etc.
2099 4267 2204 4322 De-

612 4352 779 4426 nique
820 4354 959 4420 dico,
991 4355 1119 4425 quia
1164 4362 1316 4409 tanto
1358 4354 1588 4426 quisque
1622 4355 1815 4410 melior
1850 4365 1956 4422 est,
1986 4365 2044 4411 et
2079 4372 2202 4412 san-

2275 510 2381 564 ris!
2412 508 2672 564 Fructum
2705 516 2889 563 autem
2918 507 3118 564 laboris
3141 509 3250 564 mei
3279 524 3310 562 a
3345 509 3549 569 Domino
3570 513 3654 572 tuis
3671 531 3754 577 on-

2277 601 2509 656 tionibus
2533 599 2881 672 exspectabo.

2840 687 3175 744 EPISTOLA
3203 689 3294 745 IV.

2861 786 2928 836 lto
2967 795 3278 836 Βειυιιυωι.

2791 871 2869 927 De
2891 875 3130 928 custodia
3159 874 3359 928 cordis.

2350 964 2710 1022 Dilectissimo
2740 965 2898 1020 fratri
2947 966 3229 1032 Bessum,
3266 967 3434 1023 frater
3455 967 3646 1027 leum
3667 975 3761 1032 sals.

2283 1065 2388 1112 tem
2397 1097 2412 1111 .

2353 1149 2636 1205 Petitionis
2671 1159 2775 1203 tua:
2801 1157 3007 1215 votum,
3025 1159 3080 1204 et
3100 1151 3474 1220 promissionis
3493 1162 3580 1207 tua
3597 1155 3760 1209 debita

2280 1239 2530 1311 praesenti
2553 1239 2806 1294 schedula
2835 1240 3100 1308 persolvo.
3127 1238 3268 1294 Nam
3295 1255 3416 1295 cum
3436 1241 3520 1296 tibi
3531 1242 3762 1300 etlratrihss

2281 1334 2372 1403 qui
2411 1342 2586 1387 tecum
2624 1331 2690 1385 ad
2719 1346 2821 1387 nos
2849 1343 3130 1396 venerant,
3177 1333 3248 1388 de
3297 1334 3524 1388 custodia
3549 1337 3684 1391 cordis
3700 1353 3761 1392 es-

2283 1423 2646 1480 hortationem
2676 1421 2959 1488 fecissem;
2990 1433 3048 1477 et
3081 1423 3360 1493 quomodo
3405 1426 3568 1478 anima
3601 1426 3664 1480 rel
3681 1443 3764 1483 caro

2282 1514 2660 1584 obtemperare
2687 1513 2882 1570 debeat
2903 1514 3124 1576 rationi,
3152 1513 3524 1583 ostendissent,
3548 1519 3764 1572 obnitem-

2283 1606 2422 1676 gasti
2446 1613 2589 1661 utea
2617 1621 2738 1675 qua:
2759 1605 2942 1661 verbis
2969 1619 3375 1674 espresseram,
3396 1607 3576 1676 scripto
3593 1607 3663 1660 tibi
3682 1609 3766 1662 diri-

2286 1711 2558 1767 geremus.
2583 1694 2966 1750 Animadverte
2992 1696 3161 1768 igitur
3181 1695 3295 1752 duo
3313 1710 3451 1761 esse,
3469 1711 3526 1750 es
3545 1697 3691 1766 quibus
3705 1697 3765 1752 lto-

2290 1803 2376 1842 mo
2410 1794 2647 1852 constat,
2697 1786 2908 1843 scilicet
2934 1788 3173 1842 animam
3205 1796 3265 1842 et
3300 1802 3506 1856 corpus.
3535 1786 3620 1843 Sed
3640 1803 3763 1843 rursus

2287 1879 2492 1944 anima,
2525 1894 2634 1934 non
2667 1879 2884 1950 quidem
2940 1880 3223 1948 dividitur,
3254 1880 3347 1935 sed
3379 1882 3428 1935 in
3457 1881 3549 1935 duo
3571 1881 3764 1951 distingui-

2289 1978 2397 2035 tur,
2428 1968 2481 2024 id
2511 1977 2597 2025 est
2633 1970 2686 2025 in
2725 1971 2960 2024 animam
2997 1979 3055 2026 et
3104 1971 3381 2041 spiritum.
3412 1970 3500 2024 Est
3520 1979 3660 2025 autem
3675 1985 3765 2038 qua-

2289 2063 2410 2119 dam
2435 2064 2520 2119 vis
2541 2063 2736 2120 animae
2759 2063 3002 2130 inferior,
3027 2079 3150 2133 quae
3167 2063 3408 2119 viviﬁcat
3433 2073 3484 2118 ει
3514 2071 3676 2134 vegetat
3690 2077 3765 2118 cor-

2289 2173 2416 2228 pus,
2448 2166 2505 2212 et
2533 2158 2716 2215 carnis
2752 2157 3004 2214 sensibus
3036 2155 3230 2212 favens
3252 2171 3351 2226 per
3380 2156 3592 2212 carnales
3618 2155 3766 2212 delicias

2293 2250 2650 2307 immoderate
2675 2251 2914 2308 defluere
2940 2252 3105 2323 gestit
3133 2271 3146 2306 :
3183 2267 3308 2324 quae
3351 2251 3402 2306 in
3437 2249 3765 2322 Scripturisani-

2291 2357 2380 2398 ma
2407 2353 2768 2415 nuncupatur,
2792 2359 2858 2400 eo
2881 2345 3024 2415 quod
3041 2345 3274 2412 animet,
3293 2347 3346 2402 id
3364 2357 3465 2411 est,
3487 2345 3664 2400 viriﬁeet
3681 2358 3764 2397 cor-

2291 2449 2413 2506 pus.
2445 2435 2778 2503 Quibusdam
2801 2445 2982 2492 autem
3035 2436 3266 2507 placuit,
3298 2447 3357 2492 ut
3391 2453 3520 2504 eam,
3545 2433 3764 2492 sensualita-

2293 2532 2402 2581 tem
2428 2525 2783 2596 appellarent.
2816 2526 2880 2582 Et
2919 2527 3223 2582 secundum
3259 2528 3400 2583 hanc
3421 2543 3514 2581 non
3539 2526 3724 2580 distamus
3740 2537 3763 2574 a

2291 2617 2604 2688 pecoribus,
2631 2619 2759 2688 quia
2781 2627 2836 2674 et
2866 2633 3060 2689 pecora
3091 2621 3337 2674 animam
3367 2621 3561 2683 habent,
3586 2633 3672 2688 qua
3689 2629 3765 2671 tuo-

2291 2715 2383 2762 νει
2407 2715 2462 2763 ει
2483 2706 2726 2762 vivificat
2751 2721 2967 2778 corpus,
2997 2717 3055 2764 et
3073 2710 3287 2780 appetit
3305 2707 3632 2770 conducibilia,
3646 2713 3685 2760 et
3702 2717 3765 2758 no-

2291 2799 2380 2852 xia
2408 2797 2562 2870 fugit.
2585 2798 2684 2854 Est
2704 2807 2886 2854 autem
2919 2799 3164 2869 quaedam
3201 2801 3285 2857 vis
3315 2801 3477 2872 ipsius
3494 2799 3646 2853 anima
3665 2809 3766 2862 supe-

2292 2891 2424 2958 rior,
2449 2905 2571 2960 qua:
2607 2889 2832 2962 spiritus
2856 2889 2936 2945 vel
2965 2891 3102 2946 ratio
3128 2891 3354 2956 dicitur,
3388 2904 3477 2961 per
3504 2903 3632 2958 quam
3655 2886 3764 2938 dista-

2293 2997 2414 3038 mus
2435 2997 2465 3036 a
2498 2981 2790 3052 pecoribus
2818 3000 2832 3036 :
2863 2982 3160 3039 secundum
3201 2999 3365 3054 quam
3411 2980 3592 3038 seilioet
3607 2978 3658 3032 ad
3678 2975 3766 3030 itus-

2296 3075 2475 3145 ginem
2503 3074 2598 3130 Dei
2625 3072 2754 3129 facti
2783 3089 2992 3140 sumus,
3021 3076 3147 3146 quia
3208 3091 3307 3147 per
3339 3076 3468 3131 hanc
3504 3074 3618 3128 inter
3634 3071 3763 3125 bonum

2295 3173 2351 3220 et
2370 3164 2600 3232 malum,
2617 3172 2674 3221 et
2699 3166 2838 3220 inter
2864 3164 3177 3221 Creatorem
3233 3174 3610 3232 creaturamque
3634 3158 3767 3213 distar-

2295 3255 2495 3311 nimus.
2555 3256 2689 3312 Haec
2731 3257 2856 3322 tria,
2909 3255 3119 3312 scilicet
3167 3257 3419 3328 spiritum
3461 3254 3540 3325 qui
3581 3247 3763 3316 ἱιιιεηίιίίι

2296 3349 2533 3404 animam
2561 3363 2684 3418 qua
2712 3348 2979 3415 viviﬁcat,
3027 3363 3232 3419 corpus
3262 3349 3402 3421 quod
3444 3344 3701 3402 viviﬂcatur,
3723 3338 3766 3390 its

2297 3455 2406 3496 uno
2430 3439 2549 3497 loco
2571 3440 2854 3511 distinguit
2874 3440 3188 3510 Apostolus,
3215 3441 3418 3497 dicens:
3432 3439 3610 3508 Integer
3621 3432 3766 3502 spiritu

2296 3543 2487 3600 vester,
2519 3542 2568 3588 et
2607 3534 2810 3598 anima,
2836 3543 2884 3588 et
2909 3550 3100 3600 corpus
3141 3534 3261 3588 sine
3297 3531 3515 3604 querela,
3539 3530 3583 3582 in
3617 3524 3767 3577 «dum

2299 3626 2514 3682 Domini
2545 3628 2713 3682 nostri
2759 3626 2889 3682 Jesu
2911 3625 3108 3682 Christi
3135 3624 3437 3690 servetur”
3473 3622 3620 3677 Thess.
3641 3612 3766 3678 7.35)-

2298 3718 2602 3789 Principale
2630 3720 2812 3790 itaque
2835 3729 3103 3784 nostrum,
3131 3719 3361 3792 spiritus
3379 3727 3475 3782 est,
3502 3714 3577 3785 qui
3598 3717 3767 3766 etme».

2299 3820 2354 3868 et
2391 3812 2552 3879 ratio,
2576 3820 2632 3868 et
2661 3812 2876 3867 animus
2910 3811 3110 3868 dicitur
3135 3829 3150 3865 :
3181 3827 3288 3868 nec
3317 3819 3401 3866 est
3425 3805 3599 3876 aliquid
3619 3801 3669 3854 ab
3695 3798 3766 3864 ipsa

2301 3904 2482 3960 anima
2511 3904 2809 3970 diversum,
2843 3904 2938 3960 sed
2967 3903 3232 3974 quiddam
3287 3902 3449 3974 ipsius
3487 3897 3644 3953 anima:
3677 3883 3767 3958 quod

2307 3996 2469 4052 debet
2487 3995 2798 4066 praesidere.
2827 3994 3056 4051 Inferius
3078 4002 3262 4051 autem
3311 4001 3536 4050 nostrum
3573 3993 3652 4047 est,
3690 3981 3762 4048 ἱρει

2300 4087 2410 4142 vita
2439 4086 2705 4158 corporis,
2735 4085 2786 4142 id
2812 4095 2897 4142 est
2923 4087 3127 4152 anima,
3153 4102 3280 4156 (tuae
3303 4086 3460 4140 etiam
3485 4079 3590 4151 quia
3610 4067 3768 4129 carnalia

2300 4177 2528 4248 appetit,
2567 4193 2693 4233 caro
2745 4177 3079 4234 ominatur.
3133 4176 3291 4234 Unde
3341 4172 3628 4246 Apostolus:
3658 4161 3768 4218 Ιιιιι

2300 4269 2468 4324 servio
2491 4267 2593 4339 legi
2631 4269 2751 4333 Dei,
2783 4285 2942 4324 carne
2970 4280 3170 4334 autem,
3230 4269 3332 4340 legi
3355 4265 3535 4339 peccati
3557 4259 3688 4331 (Rost-
3707 4264 3767 4312 πῖ,

2301 4361 2415 4432 25).
2443 4361 2512 4416 Ει
2531 4361 2727 4416 iterum
2762 4379 2776 4417 :
2817 4360 2958 4417 Caro
2985 4363 3307 4432 concupiscit
3339 4361 3562 4416 adversus
3590 4348 3764 4417 φίήιιιτν

612 4443 773 4513 ctior,
803 4454 1012 4516 quanto
1040 4445 1108 4501 ad
1129 4445 1442 4512 amandum,
1465 4455 1520 4501 et
1544 4449 1895 4518 qutcrendum
1917 4449 2086 4506 Deum
2109 4449 2203 4505 dc-
2234 4477 2280 4533 ι)
2303 4461 2352 4507 et
2380 4454 2595 4524 spiritus
2641 4455 2894 4510 adversus
2924 4469 3136 4508 carnem
3167 4450 3313 4526 (Gal.
3341 4469 3394 4517 ε,
3426 4449 3523 4520 l7).
3547 4446 3656 4500 Caro
3687 4445 3767 4488 *ιω

608 4537 788 4594 votior
819 4547 900 4595 est
921 4547 1084 4610 atque
1105 4537 1422 4595 ferventior.
1455 4539 1591 4596 Nam
1620 4539 1764 4597 sicut
1800 4541 2078 4598 orationes
2101 4541 2202 4596 ali-

611 4629 831 4699 quando
856 4628 1028 4696 Patri,
1055 4630 1350 4701 aliquando
1401 4630 1682 4689 oll'erimus
1710 4632 1938 4704 Spiritui
1986 4642 2199 4699 sancto,

611 4721 707 4777 sed
731 4722 1082 4794 frequentiori
1114 4739 1214 4780 usu
1243 4722 1744 4791 oderantur-Patri,
1777 4741 1872 4796 per
1896 4725 2116 4792 Filium,
2148 4725 2201 4781 in

613 4812 818 4882 Spiritu
846 4824 1058 4881 sancto,
1087 4817 1159 4870 ita
1177 4825 1232 4871 et
1252 4814 1320 4870 de
1332 4819 1630 4890 gratiarum
1658 4818 1870 4875 actione
1892 4817 2200 4875 faciendum

613 4913 719 4970 cst,
748 4906 962 4963 dicente
988 4907 1297 4978 Apostolo:
1340 4907 1551 4966 Gratias
1599 4919 1811 4981 agentes
1866 4909 1973 4965 Deo
2028 4910 2202 4979 Patri,

614 5012 708 5066 per
731 4997 901 5067 ipsum
937 4998 1075 5070 (Col.
1110 5016 1192 5066 ιιι,
1222 5001 1334 5074 l7),
1360 5001 1414 5057 id
1440 5010 1544 5068 est,
1575 5017 1676 5073 per
1695 5001 1992 5059 Christum.
2018 5001 2205 5071 Quan-

615 5100 733 5145 tum
759 5103 888 5145 vero
911 5091 1062 5162 potui
1099 5093 1334 5164 experiri
1359 5102 1652 5166 utrumque
1690 5095 1988 5168 negotium,
2013 5096 2202 5152 orandi

617 5181 830 5238 scilicet
864 5191 916 5238 ει
961 5185 1164 5255 gratias
1185 5187 1400 5258 agendi,
1443 5189 1638 5246 melius
1663 5190 1776 5262 agit
1815 5190 2044 5260 quisque
2069 5190 2202 5258 suis,

618 5275 674 5333 id
699 5282 805 5342 est,
835 5275 901 5330 de
935 5275 1128 5332 intimo
1148 5277 1312 5334 corde
1334 5281 1582 5350 prolatis,
1614 5297 1778 5354 quam
1803 5283 2030 5340 aliorum
2075 5297 2205 5339 ver-

615 5369 724 5429 bis.
753 5367 886 5425 Nam
912 5382 1092 5440 neque
1141 5369 1198 5426 in
1243 5374 1518 5442 oratione,
1566 5391 1744 5448 neque
1796 5375 1851 5431 in
1906 5377 2204 5448 gratiarum

617 5463 830 5521 actione
859 5461 1126 5536 qureritur
1150 5466 1437 5522 verborum
1463 5477 1709 5538 ornatus,
1729 5469 1825 5525 sed
1851 5468 2053 5526 mentis
2075 5467 2207 5524 alle-

615 5565 756 5614 ctus.
784 5557 883 5612 Cui
917 5559 1100 5612 autem
1138 5570 1235 5612 sua
1271 5558 1436 5614 verba
1472 5573 1582 5615 non
1613 5568 1922 5632 suppetunt,
1955 5560 2202 5632 psalmis,

616 5658 675 5704 et
692 5649 816 5706 aliis
835 5651 1030 5721 quibus
1052 5658 1232 5720 potest
1259 5650 1432 5706 modis
1449 5661 1588 5717 oret,
1615 5660 1667 5708 et
1687 5652 1892 5724 gratias
1911 5663 2054 5726 agat.
2076 5652 2204 5708 Feci

622 5739 887 5812 siquidem
913 5742 1059 5815 quod
1087 5741 1255 5816 potui,
1280 5742 1418 5802 sicut
1443 5743 1646 5818 petisti.
1693 5742 1969 5803 Violentus
1985 5760 2063 5802 es.
2093 5743 2206 5802 Uti-

2304 4545 2440 4601 nihil
2459 4546 2578 4603 sine
2603 4546 2784 4602 anima
2809 4545 3164 4615 concupiscit.
3200 4543 3451 4601 Ultimum
3474 4552 3580 4593 vero
3605 4535 3766 4627 nostris!

2303 4649 2390 4696 est
2417 4655 2632 4710 corpus,
2674 4639 2820 4710 quod
2867 4647 2953 4694 est
2996 4638 3162 4694 etiam
3191 4636 3417 4693 visibile.
3448 4633 3580 4702 Sarpe
3611 4624 3765 4679 vero“

2304 4730 2600 4802 loquuntur
2629 4730 2946 4801 Scripturte,
2976 4739 3038 4786 ut
3066 4731 3168 4787 hac
3200 4727 3527 4786 distinctione
3550 4712 3765 4810 nocebit“

2305 4830 2449 4888 vata,
2484 4830 2539 4877 et
2560 4819 2674 4877 solo
2701 4821 2920 4878 nomine
2950 4819 3166 4886 anima,
3193 4829 3250 4876 et
3273 4818 3382 4875 solo
3403 4813 3589 4872 nomine
3603 4803 3760 4888 spiritui.

2305 4885 2600 4984 utrumque
2625 4911 2789 4968 simul
2816 4911 3172 4984 signiﬁcetur.
3199 4911 3447 4968 Dominus
3473 4903 3594 4960 enim
3615 4885 3763 4987 dicenti0

2306 5006 2360 5062 in
2387 5005 2678 5078 Evangelio
2703 5022 2718 5060 :
2755 5005 3002 5060 Animam
3058 5021 3232 5061 meam
3251 5019 3383 5074 pono
3409 5015 3493 5070 pro
3520 4990 3655 5049 oribus
3681 4990 3764 5078 τιεῆ

2307 5096 2492 5169 (Joan.
2507 5070 2693 5166 3,15),
2709 5111 2818 5152 uno
2829 5095 3045 5152 nomine
3069 5070 3286 5160 animre,
3306 5090 3427 5148 illud
3441 5095 3583 5143 totum
3599 5070 3700 5169 quod
3713 5071 3764 5120 ⁵⁸

2307 5165 2486 5246 anima
2509 5198 2565 5247 et
2591 5189 2813 5261 spiritus
2833 5184 3394 5258 designavit.Dicendo
3411 5165 3680 5261 «μιαίνει-ξ’

2307 5297 2407 5336 nus
2429 5290 2548 5335 tuas
2561 5254 2864 5335 commendo
2874 5254 3117 5348 spiritum
3139 5254 3682 5356 meum(Luc.ssttt.l6lr

2307 5372 2564 5444 spiritum
2591 5371 2661 5428 ab
2689 5371 2872 5426 anima
2889 5346 3222 5441 distinguere
3243 5359 3510 5430 voluit,scd
3521 5346 3761 5446 sussilit"?

2307 5427 2527 5522 domine
2547 5472 2841 5533 utrumque
2869 5427 3158 5533 expressit.
3191 5460 3352 5532 Igitur
3378 5447 3563 5525 quando
3582 5427 3760 5533 vivit

2308 5570 2401 5612 mo
2429 5555 2726 5612 secundum
2752 5529 2975 5625 corpus.
3006 5529 3241 5609 carnalis
3264 5548 3342 5606 vel
3363 5529 3756 5634 animalis-“loci?

2308 5649 2578 5716 Carnalis,
2623 5647 2752 5719 quia
2812 5618 3054 5700 carnalia
3103 5653 3370 5707 sectatur;
3415 5623 3619 5690 animalis
3660 5618 3758 5719 uti:

2466 5703 2660 5801 fertur‘
2673 5737 2936 5798 dissoluta
2958 5736 3174 5795 licentia
3200 5703 3385 5793 animat
3408 5737 3523 5791 suae,
3543 5719 3664 5787 qum
3686 5703 3756 5754 ³⁸⁸
