3920 6298
1400 281 1762 342 ΕΡΙΞΤΟΕᾸΞ
1796 281 2128 355 QUINQUE.
2149 331 2160 338 .

3316 278 3426 358 926

152 406 282 478 regit
305 399 565 473 spiritus,
593 398 718 471 quia
740 413 843 456 nec
863 398 979 472 ipse
997 398 1180 458 subdit
1203 412 1264 456 se
1283 400 1576 471 regendum
1599 399 1734 457 Deo.
1765 400 1813 457 Α
1836 413 1944 470 qua
1974 415 2073 457 nos
2113 374 2404 470 Apostolus
2460 400 2677 459 instruit
2705 412 3036 461 armaturam
3067 406 3284 482 (Ephes.
3323 405 3402 478 vt)

151 497 270 553 llzec
295 504 377 551 est
405 496 518 549 vita
564 493 1148 558 hominisinordinata,
1173 501 1230 549 et
1254 493 1544 562 perditioni
1566 495 1740 550 obnoo

152 590 255 643 xia.
279 585 377 653 Qui
409 596 602 640 autem
632 584 820 655 spiritu
846 585 1082 640 animam
1112 585 1271 656 regit,
1299 594 1354 640 et
1375 601 1472 656 per
1498 587 1734 651 animant

162 692 344 748 corpus
374 691 595 747 quoque
623 685 840 731 coercet
869 675 1008 731 intra
1032 684 1205 731 metas
1234 677 1500 730 naturalis
1529 675 1736 731 ordinis

161 770 316 842 (quod
346 781 449 822 non
481 776 659 838 potest
692 766 892 834 facere,
935 766 1038 821 nisi
1079 767 1247 821 Deum
1297 765 1496 820 habeat
1537 776 1592 822 et
1623 766 1736 836 ipse

159 858 442 930 rectorem)
487 868 712 913 vocatur
768 857 1049 928 spiritalis.
1101 856 1227 913 llaec
1269 866 1354 912 est
1405 858 1587 928 itaque
1628 859 1735 913 vita

159 953 421 1019 ordinata,
453 960 516 1006 nt
545 950 767 1022 spiritus
792 950 1290 1019 hominis-seipsunt
1326 949 1434 1004 Deo
1463 949 1734 1019 suhjiciat,

160 1049 206 1102 id
235 1053 336 1111 est,
358 1053 610 1115 paratum
643 1058 702 1100 se
727 1045 794 1099 ad
832 1044 924 1099 Dei
951 1045 1283 1100 voluntatem
1312 1043 1614 1099 faciendam
1640 1059 1736 1099 ex-

160 1137 354 1203 hibeat,
386 1144 442 1191 et
467 1143 596 1192 tunc
638 1143 863 1191 munere
891 1135 1074 1191 divino
1119 1134 1340 1191 habebit
1375 1144 1432 1190 et
1453 1134 1566 1204 ipse
1619 1149 1737 1188 car-

158 1245 294 1292 nem,
331 1225 681 1298 auintamqne
701 1227 1025 1298 subjectum,
1049 1226 1101 1282 id
1140 1235 1246 1292 est,
1296 1225 1493 1282 rationi
1527 1225 1739 1282 obtem-

158 1329 443 1394 perantem.
483 1320 699 1376 Primus
746 1320 1012 1391 siquidem
1036 1320 1202 1376 homo
1252 1318 1490 1391 quandiu
1533 1330 1739 1387 pretee-

157 1424 294 1483 ptum
317 1409 641 1466 obedientize
662 1412 715 1466 in
745 1411 1002 1482 paradiso
1029 1411 1288 1476 servavit,
1318 1408 1580 1480 spiritalis
1609 1406 1730 1463 fuit.

157 1509 435 1577 Postquam
469 1522 601 1562 vero
629 1507 893 1578 peccavit,
917 1507 1174 1563 dimissus
1201 1505 1268 1562 de
1289 1504 1564 1576 paradiso,
1593 1505 1645 1560 in
1669 1517 1736 1560 eo

157 1597 408 1653 remansit
439 1606 499 1653 ttt
528 1607 671 1654 esset
694 1598 967 1653 animalis.
999 1599 1062 1653 Et
1083 1599 1206 1654 ideo
1229 1598 1502 1654 hominem
1526 1596 1735 1656 anima.-

157 1689 250 1742 lem
280 1684 427 1758 prius
467 1688 680 1759 agimus
701 1705 909 1754 omnes,
941 1690 1034 1761 qui
1060 1689 1127 1745 de
1174 1689 1266 1745 illo
1309 1704 1405 1759 per
1451 1695 1733 1758 peccatum

158 1781 437 1844 nascimur,
463 1781 636 1836 donec
655 1795 752 1851 per
768 1782 997 1852 gratiam
1022 1781 1115 1836 Dei
1131 1780 1404 1850 spiritales
1414 1777 1730 1836 eﬂiciamur.
1764 1748 1810 1810 Β

158 1872 298 1929 Unde
333 1871 628 1940 Apostolus
660 1889 674 1926 :
711 1872 835 1927 Non
879 1874 1028 1942 prius
1050 1871 1190 1944 quod
1235 1869 1476 1941 spiritale
1503 1879 1600 1935 est,
1642 1871 1734 1925 sed

157 1963 282 2034 quod
307 1960 574 2027 animale;
598 1963 787 2017 deinde
813 1963 954 2033 quod
991 1961 1227 2033 spiritale
1254 1961 1307 2028 (Ι
1340 1962 1463 2016 Cor.
1491 1975 1581 2026 xv,
1612 1959 1729 2030 46).

156 2054 317 2110 Etiam
353 2069 499 2109 nune
530 2053 583 2109 in
606 2069 933 2126 unoquoque
963 2055 1180 2110 homine
1225 2053 1358 2109 nihil
1381 2053 1525 2108 aliud
1555 2052 1736 2124 agitur

156 2162 266 2202 cum
290 2146 356 2200 ad
381 2153 670 2216 peccatum
709 2145 994 2208 dilabitur,
1021 2161 1182 2216 quam
1215 2155 1342 2201 tunc
1364 2154 1546 2202 actum
1573 2145 1732 2202 estin

155 2235 393 2306 paradiso
415 2237 470 2292 in
513 2236 622 2293 illis
646 2237 847 2302 tribus,
886 2237 1115 2303 scilicet,
1164 2245 1438 2306 serpente,
1487 2235 1732 2303 muliere,

153 2335 207 2380 et
228 2327 357 2382 viro.
391 2325 534 2380 Nam
581 2327 756 2396 primo
792 2325 852 2382 tit
891 2341 922 2381 a
956 2334 1210 2398 serpente
1255 2325 1556 2397 suggestio,
1615 2327 1734 2383 sive

157 2440 242 2497 per
268 2425 678 2496 cogitationem,
731 2426 846 2482 sive
875 2441 972 2497 per
1000 2441 1195 2484 sensus
1239 2425 1507 2494 corporis,
1543 2425 1627 2481 vel
1655 2427 1735 2480 vi-

158 2517 336 2582 dendo,
364 2515 446 2571 vel
473 2517 770 2587 tangendo,
795 2517 879 2573 vel
909 2516 1199 2583 audiendo,
1227 2515 1310 2570 vel
1334 2515 1624 2586 gustando,
1651 2515 1734 2571 vel

157 2605 625 2676 olfaciendu.'Qu:e
659 2610 934 2680 suggestiu
959 2621 1084 2664 cum
1125 2610 1267 2666 facta
1299 2608 1484 2674 fuerit,
1516 2605 1560 2661 si
1604 2623 1738 2664 con-

160 2700 473 2770 cupiscentia
542 2716 648 2756 non
689 2710 974 2762 moveatm'
1005 2701 1071 2755 ad
1103 2702 1459 2772 peccandum,
1491 2701 1737 2759 excludi-

166 2796 244 2842 tur
264 2791 538 2858 serpentis
571 2789 794 2846 astutia.
827 2790 882 2846 Si
929 2800 1109 2847 autent
1149 2801 1291 2847 mota
1343 2793 1524 2860 fuerit,
1577 2795 1736 2864 quasi

157 2880 261 2950 jam
302 2879 520 2935 mulieri
567 2895 884 2953 persuasum
925 2882 1052 2939 erit.
1100 2883 1207 2937 Sed
1255 2882 1548 2954 aliquando
1595 2884 1736 2940 ratio

158 2973 303 3026 etiam
333 2982 669 3028 commotam
701 2973 1049 3044 cupiditatem
1091 2975 1322 3031 viriliter
1362 2976 1601 3034 refrenat
1654 2986 1740 3033 at-

1839 490 1980 547 Dicit
2002 492 2146 548 enim
2173 491 2449 564 Scriptura
2478 512 2492 549 :
2527 493 2684 549 Omni
2705 496 2943 551 custodia
2968 515 3115 554 serva
3145 510 3422 566 cortaum,

1836 581 2084 650 quoniam
2104 597 2170 637 cu:
2190 599 2301 651 ipso
2327 583 2431 638 rita
2461 585 2691 654 procedit
2721 584 2906 656 (Prov.
2939 602 3014 652 tv,
3052 587 3167 659 25).
3198 589 3303 645 Cor
3329 606 3426 645 au—

1837 679 1946 742 tem
1997 673 2166 732 nullo.
2205 673 2314 729 alio
2363 675 2523 731 modo
2575 676 2768 733 melius
2821 679 3144 745 custoditur,
3172 697 3331 751 quam
3368 689 3428 737 ttt

1839 776 2059 832 semper
2083 766 2287 821 sanctis
2328 767 2744 837 cogitationibus
2769 769 3050 840 (quantum
3079 787 3173 841 per
3199 775 3426 842 gratiam

1841 853 1936 910 Dei
1970 854 2086 910 fieri
2128 858 2328 928 potest)
2377 869 2699 930 occupatum
2732 869 2995 930 teneatur,
3026 863 3166 917 sicut
3192 863 3424 935 legitur:

1837 943 2100 1016 Cogitatio
2152 959 2335 1004 sancta
2377 952 2599 1008 servabit
2629 961 2680 1007 te
2710 951 2891 1024 (Prov.
2939 969 3000 1020 tt,
3033 955 3144 1024 Η).
3188 955 3341 1024 Quod
3381 956 3427 1012 si

1837 1030 2235 1096 studiosissime
2262 1041 2514 1110 facimus,
2543 1061 2686 1103 nunc
2708 1060 2806 1116 per
2830 1045 3138 1112 lectionem,
3163 1062 3306 1102 nunc
3331 1062 3429 1117 per

1839 1133 2168 1201 orationem,
2202 1134 2494 1205 aliquando
2548 1153 2648 1208 per
2695 1139 3071 1211 psalmodiam,
3102 1141 3430 1211 quandoque

1836 1238 1934 1296 per
1964 1232 2206 1282 sanetam
2257 1226 2659 1285 meditationem
2693 1248 2707 1284 :
2749 1230 3082 1302 impossibile
3112 1242 3290 1286 tamen
3345 1237 3431 1284 est

1839 1326 1902 1374 ut
1937 1318 2124 1390 pravis
2150 1319 2372 1376 omnino
2393 1321 2815 1392 cogitationibus
2839 1339 3140 1379 careamus.
3169 1323 3276 1378 Sed
3305 1321 3429 1377 nul.

1837 1409 1949 1466 lum
1971 1418 2056 1467 est
2083 1409 2407 1482 periculum,
2439 1410 2642 1467 nullum
2665 1422 2747 1468 est
2771 1414 2995 1470 omnino
3035 1423 3340 1483 peccatum,
3381 1413 3428 1468 si

1837 1517 1933 1560 eas
1960 1501 2208 1573 improbe
2237 1501 2514 1558 irruentes
2551 1502 2944 1559 instantissime
2973 1505 3154 1578 abigat
3183 1505 3428 1576 spiritus.

1837 1597 1954 1654 sive
1982 1597 2124 1653 ratio
2166 1595 2585 1668 vigilantissime
2628 1609 2841 1666 semper
2863 1597 3120 1654 excubias
3157 1613 3347 1670 agens,
3372 1606 3430 1651 et

1837 1700 2028 1750 contra
2061 1690 2409 1749 illecebrosos
2434 1705 2499 1746 ac
2521 1691 2714 1747 noxios
2742 1690 3012 1762 cogitatus
3038 1699 3276 1758 nostros,
3304 1705 3432 1745 ora-

1837 1786 2000 1842 tionis
2045 1785 2316 1857 clypeum,
2355 1791 2410 1842 et
2440 1793 2755 1840 sanctarum
2807 1782 3198 1854 cogitationum
3252 1782 3431 1836 muni-

1836 1886 2016 1934 menta
2043 1891 2342 1950 opponens.
2369 1875 2426 1932 Si
2457 1891 2587 1933 vero
2612 1876 2753 1932 ratio
2778 1875 3056 1944 dormitat,
3116 1883 3172 1930 et
3217 1873 3423 1945 passim

1835 1972 2103 2044 quaslibet
2133 1970 2440 2027 immundas
2493 1978 2549 2026 et
2575 1967 2770 2024 noxias
2797 1966 3174 2039 cogitationes,
3207 1979 3312 2019 non
3341 1979 3434 2019 so-

1833 2063 1947 2120 lum
1978 2062 2208 2134 ingredi,
2233 2060 2326 2118 sed
2359 2061 2524 2118 etiam
2552 2076 2762 2117 moram
2785 2059 2840 2114 in
2870 2058 3055 2114 animo
3100 2057 3283 2113 facere
3310 2068 3434 2124 per-

1836 2155 2026 2222 mittit,
2065 2155 2311 2224 increpat
2335 2169 2433 2210 nos
2463 2168 2559 2224 per
2593 2151 2914 2223 prophetam
2958 2164 3141 2206 sermo
3191 2147 3429 2208 divinus.

1835 2246 2024 2302 dicens
2056 2264 2071 2299 :
2113 2243 2392 2315 Usquequo
2421 2243 2765 2298 morabuntur
2788 2243 2844 2296 in
2868 2251 2917 2296 te
2967 2240 3305 2310 cogitationes
3335 2253 3433 2291 uo-

1833 2331 2228 2403 xiw?(1erem.
2259 2348 2334 2398 tv,
2369 2332 2480 2401 14.)
2512 2329 2568 2386 Si
2590 2338 2768 2386 autem
2813 2337 2936 2400 post
2973 2342 3197 2398 pravam
3239 2340 3434 2396 sugge-

1835 2422 2088 2487 stionem,
2116 2435 2214 2490 per
2257 2419 2480 2476 nimiam
2527 2417 2932 2487 negligentiam,
2983 2417 3148 2470 etiam
3179 2413 3431 2482 concupi-

1836 2512 2043 2568 scentia
2074 2520 2221 2566 mota
2260 2509 2425 2565 fuerit
2457 2526 2472 2563 :
2504 2517 2631 2564 tunc
2658 2508 2850 2562 saltem
2879 2506 3039 2561 debet
3069 2503 3284 2559 animus
3309 2503 3436 2558 evi—

1825 2603 2005 2680 ggilare
2034 2619 2050 2669 ;
2077 2611 2132 2658 et
2157 2602 2512 2672 exstinguens
2549 2600 2728 2670 ignem
2767 2597 3090 2663 excitatum,
3118 2595 3433 2663 hostesiam

1823 2696 1981 2756 intra
2001 2694 2223 2765 ianuam
2249 2693 2534 2760 admissos,
2565 2691 2776 2747 fortiter
2804 2689 3102 2746 resistendo
3123 2686 3432 2749 excludere,

1837 2798 1975 2846 neet
1995 2789 2110 2858 ipse
2133 2787 2298 2858 (quod
2318 2785 2480 2856 absit)
2503 2794 2725 2855 peccato
2747 2782 3091 2839 consentiens
3112 2780 3432 2852 perimatur.

1837 2881 1966 2938 Htee
1990 2881 2085 2936 tibi
2115 2878 2355 2935 breviter
2390 2877 2606 2950 scripsi,
2639 2877 2884 2949 petitioni
2929 2884 3032 2930 ture
3065 2874 3229 2946 (sicut
3257 2872 3432 2945 potui)

1840 2971 2156 3032 satisfacere
2181 2986 2384 3027 curans
2415 2989 2428 3025 :
2457 2985 2577 3040 qua:
2607 2969 2650 3025 si
2678 2968 2772 3024 tibi
2818 2976 2973 3039 grata
3002 2981 3123 3022 esse
3170 2964 3429 3028 didicero,

159 3079 252 3134 que
277 3065 595 3137 compescit.
623 3065 775 3134 Quod
811 3081 934 3122 cum
966 3067 1058 3133 fit,
1101 3082 1209 3122 non
1253 3067 1454 3124 labitur
1485 3069 1648 3124 homo
1683 3070 1736 3123 in
1756 3095 1812 3158 ,ο
1843 3063 2149 3122 mercedem
2181 3064 2288 3121 tuis
2315 3061 2657 3120 orationibus
2680 3059 3066 3128 compensabit.

159 3166 443 3226 peccatum,
490 3156 587 3213 sed
613 3172 738 3215 cum
787 3156 965 3228 aliqua
994 3157 1288 3214 luctatione
1317 3169 1630 3216 coronatur.
1678 3159 1737 3216 Si

160 3257 323 3304 autem
351 3249 502 3304 ratio
547 3250 871 3315 consentiat,
901 3251 1120 3321 etquod
1150 3251 1314 3306 libido
1360 3251 1736 3320 commoverit,

161 3339 446 3397 faciendum
483 3357 608 3398 esse
634 3343 921 3410 decernat;
954 3345 1023 3400 ab
1074 3344 1220 3400 omni
1272 3344 1426 3400 beata
1476 3347 1586 3401 vita
1619 3355 1739 3403 tau-

159 3447 303 3501 quam
321 3433 387 3488 de
414 3434 677 3504 paradiso
705 3436 995 3507 expellitur
1023 3437 1206 3494 homo.
1229 3437 1348 3493 Jam
1375 3438 1518 3493 enim
1540 3454 1737 3510 pecca-

162 3533 261 3577 tum
300 3524 622 3594 imputatur,
680 3526 892 3582 etiamsi
941 3543 1046 3583 non
1103 3529 1466 3598 subsequatur
1509 3529 1736 3596 factum,

159 3613 396 3679 quoniam
444 3631 547 3671 rea
582 3624 798 3671 tenetur
826 3617 877 3670 in
914 3632 1074 3674 sensu
1110 3619 1460 3674 conscientia.
1501 3621 1571 3676 lis
1608 3637 1737 3694 ergo

162 3705 322 3762 tribus
367 3706 548 3763 modis
592 3715 935 3777 perpetratur
988 3718 1306 3779 peccatum:
1364 3713 1735 3782 suggestione,

159 3809 267 3864 qua:
293 3795 352 3851 fit
393 3812 500 3868 per
546 3796 848 3864 diabolum;
882 3799 1317 3869 concupiscentia
1357 3802 1470 3856 sive
1496 3801 1735 3860 delecta-

160 3887 314 3953 tione,
345 3904 470 3959 qua
500 3888 558 3944 lit
586 3904 683 3960 per
703 3904 946 3952 carnem,
980 3899 1037 3946 et
1064 3891 1326 3959 animam,
1355 3901 1410 3946 et
1439 3908 1735 3962 consensu,

159 3979 242 4048 qui
263 3978 437 4051 fltper
469 3979 743 4051 spiritum.
795 3979 912 4036 Scit
935 3993 1168 4052 namque
1218 3985 1596 4055 perversitatis
1647 3986 1738 4043 ille

157 4074 458 4138 persuaSor,
492 4070 760 4127 rationem
799 4071 866 4126 ad
916 4073 1128 4143 peccati
1177 4088 1502 4132 consensum
1544 4076 1735 4134 deduci

158 4173 254 4214 non
285 4176 473 4232 posse,
507 4162 609 4218 nisi
635 4163 786 4234 prius
813 4163 1122 4230 delectatio,
1156 4165 1271 4223 sive
1298 4168 1737 4239 concupiscentia

158 4263 292 4309 mota
320 4255 488 4312 fuerit
515 4255 570 4312 in
590 4270 654 4312 ea
683 4264 838 4325 parte
863 4259 1077 4326 animat,
1105 4274 1227 4329 qua:
1259 4260 1420 4318 debet
1459 4264 1740 4332 obtempe-

157 4361 271 4404 rare
297 4351 520 4416 rationi,
557 4360 813 4425 tanquam
866 4356 984 4411 viro
1021 4358 1254 4428 regenti.
1310 4358 1380 4414 Et
1418 4359 1537 4415 ideo
1585 4360 1736 4416 miris

2422 3153 2760 3212 EPISTOLA
2800 3151 2867 3210 γ.
3363 3201 3366 3204 .

1839 3267 1908 3308 AD
1938 3267 2256 3308 BERNABDUI
2279 3263 2526 3307 NEPOTEI
2555 3262 2714 3314 SUUI,
2732 3262 2820 3312 QUI
2849 3260 2914 3300 DE
2941 3255 3328 3300 οΑιιτιιυειειεει
3357 3252 3431 3296 AD

2107 3358 2272 3400 Αιιιτκ
2298 3356 2534 3399 οιωιιιιειι
2565 3355 2824 3398 TRANSIBE
2855 3353 3179 3394 COGITABAT.

2232 3431 2311 3487 De
2337 3430 2631 3486 constantia
2662 3431 2716 3484 in
2748 3428 3033 3500 proposito.

1910 3523 2106 3580 Frater
2161 3523 2417 3588 Jouxes,
2472 3521 2666 3577 domus
2709 3520 2996 3577 Portarum
3041 3515 3433 3588 qualiscunque

1839 3616 2160 3680 monachus,
2185 3615 2475 3670 Bauxauno
2493 3612 2845 3669 dilectissimo
2865 3609 3159 3666 secundum
3181 3585 3430 3675 spiritu’m

1839 3707 1976 3773 filio,
1999 3715 2056 3762 et
2079 3709 2374 3762 secundum
2403 3720 2624 3761 carnem
2655 3703 2858 3774 nepoti,
2882 3701 3120 3757 debitam
3169 3699 3224 3752 in
3248 3697 3431 3753 divino

1839 3800 2102 3858 famulatu
2137 3799 2598 3871 perseverantiam
2634 3807 2688 3852 et
2712 3795 3036 3866 profectum.

1910 3894 2266 3964 Audiviquod
2291 3909 2320 3948 a
2352 3892 2628 3963 proposito
2656 3891 2723 3945 ad
2753 3887 2895 3959 quod
2929 3896 3000 3955 te,
3026 3884 3232 3942 Christi
3256 3883 3431 3956 gratia

1840 3991 2152 4050 vocaverat,
2198 3984 2282 4038 vis
2327 3982 2602 4047 recedere,
2658 3988 2714 4036 et
2742 3981 2808 4035 ad
2839 3979 3004 4034 alium
3047 3977 3293 4033 ordinem
3331 3975 3432 4030 mi-

1840 4093 2020 4152 grare.
2053 4077 2180 4133 Haec
2210 4075 2490 4148 persuasio
2526 4089 2632 4130 non
2658 4081 2743 4128 est
2767 4087 2832 4127 ex
2863 4086 2928 4126 eo
2956 4070 3048 4141 qui
3097 4077 3151 4124 te
3194 4068 3430 4132 vocavit,

1839 4173 1934 4228 sed
1958 4185 2208 4242 serpens,
2229 4169 2322 4240 qui
2355 4165 2571 4223 seduxit
2620 4164 2787 4219 Evam
2826 4165 3026 4218 astutia
3065 4178 3185 4227 sua,
3222 4171 3273 4215 te
3295 4174 3434 4229 quo-

1840 4282 1947 4337 que
1979 4264 2092 4320 vult
2117 4264 2398 4330 seducere,
2433 4271 2486 4319 et
2514 4264 2583 4317 ab
2605 4271 2836 4334 angusta
2865 4261 2978 4326 via,
3006 4274 3129 4329 quae
3167 4257 3316 4312 ducit
3364 4256 3434 4311 ad

1839 4362 2029 4426 vitam,
2063 4375 2164 4430 per
2194 4374 2357 4430 quant
2386 4371 2634 4427 coeperas
2677 4354 2976 4419 ambulare,
3007 4360 3058 4407 te
3083 4351 3233 4420 cupit
3267 4349 3334 4404 ad
3357 4347 3434 4402 la-

156 4440 321 4496 ntodis
347 4457 458 4498 non
484 4453 663 4499 cessat
709 4459 1000 4516 suggerere
1025 4462 1122 4518 per
1147 4449 1535 4518 cogitationem
1581 4451 1737 4518 quid-
1764 4442 1815 4502 Ι)
1843 4461 1954 4507 tam
1988 4461 2043 4508 et
2066 4451 2362 4520 spatiosant
2394 4449 2554 4511 viam,
2582 4462 2702 4518 quae
2741 4446 2888 4501 ducit
2935 4444 3004 4499 ad
3049 4441 3431 4514 perditionem,

156 4531 274 4601 quid
303 4543 503 4603 potest,
533 4543 588 4590 et
612 4535 735 4606 (nisi
763 4536 1008 4607 repulsus
1043 4537 1227 4606 fuerit)
1268 4547 1390 4608 post
1440 4540 1740 4611 suggestio-

158 4636 271 4676 nem
293 4625 494 4691 carnis,
510 4626 1006 4696 concupiscentiam
1037 4626 1397 4696 inﬂammare,
1415 4638 1474 4684 ut
1497 4641 1741 4701 postmo-

155 4712 274 4768 dum
300 4719 574 4786 captivum
601 4718 843 4772 animum
895 4719 963 4773 ad
1003 4720 1212 4789 peccati
1257 4737 1580 4777 consensum
1613 4738 1740 4793 per-

160 4805 367 4862 trahere
394 4808 594 4865 valeat.
625 4807 786 4866 Novlt
820 4821 1001 4867 autem
1040 4811 1127 4867 ille
1157 4813 1244 4868 cui
1302 4814 1531 4883 inspiret
1561 4823 1738 4870 tumo-

157 4909 265 4953 rem
289 4903 574 4972 superhize,
599 4903 685 4959 cui
715 4911 974 4974 suggerat
1001 4905 1299 4974 appetitum
1323 4906 1503 4961 inanis
1532 4906 1735 4977 gloriae.

157 4992 236 5046 cui
261 4991 409 5050 virus
434 4994 683 5065 propinet
705 4995 943 5062 invidiae,
963 5010 1124 5067 quem
1139 4997 1207 5052 ad
1225 4997 1499 5054 libidinem
1523 4998 1738 5055 inﬂam-

160 5092 284 5147 met,
313 5099 473 5156 quem
507 5086 574 5141 ad
603 5086 937 5144 iracundiam
984 5088 1184 5155 irritet,
1210 5104 1372 5160 quem
1399 5091 1632 5147 aliorunt
1658 5100 1739 5148 at-

157 5187 258 5242 que
284 5175 512 5234 aliorum
541 5179 798 5236 vitiorum
824 5181 978 5252 pes'te
1017 5183 1392 5238 contaminet:
1444 5192 1604 5254 prout
1646 5187 1740 5240 de-

159 5265 488 5330 prehendere
516 5277 694 5341 potest
723 5270 1064 5328 diversorum
1093 5270 1430 5341 all'ectiones,
1460 5275 1737 5331 variorum

160 5353 408 5413 Vbiorum
437 5358 679 5417 fomitem
707 5364 972 5435 recipere.
1013 5363 1132 5435 Ipse
1160 5366 1338 5436 itaque
1385 5368 1550 5438 (sicut
1583 5368 1649 5423 de
1671 5382 1737 5422 eo

159 5448 412 5518 scriptum
441 5454 544 5526 est)
574 5454 842 5524 caleaneo,
875 5456 928 5512 id
962 5466 1067 5525 est,
1095 5457 1266 5529 lapsui
1295 5470 1484 5520 nostro
1507 5461 1735 5518 insidia-

161 5549 243 5596 tttr
269 5541 418 5614 (Gen.
452 5549 674 5620 "1.15).
699 5549 808 5606 Nos
845 5559 1026 5607 autem
1075 5551 1336 5609 debemus
1376 5564 1542 5626 caput
1597 5555 1732 5624 ejus,

163 5629 212 5685 id
241 5643 345 5701 est,
376 5637 584 5695 initium
619 5655 800 5711 prava:
848 5643 1214 5714 suggestiouis
1239 5653 1544 5715 conterere,
1576 5662 1738 5713 exer-

164 5729 270 5781 tutn
294 5738 768 5802 setttpertcnentes
814 5733 1052 5807 gladium
1099 5734 1344 5809 spiritus,
1371 5745 1428 5796 et
1473 5738 1635 5796 aliam
1666 5739 1734 5819 de

1844 4541 2126 4596 reducere.
2177 4539 2316 4593 Audi
2365 4552 2496 4607 ergo
2553 4536 2732 4604 potius
2784 4533 3058 4589 Christum
3109 4531 3428 4586 dicentem:

1843 4624 2152 4680 Coutendite
2186 4625 2389 4677 intrare
2418 4637 2512 4691 per
2533 4629 2808 4690 angustam
2848 4628 3076 4684 portam,
3113 4616 3238 4684 quia
3280 4613 3433 4667 multi

1844 4717 1987 4788 (dico
2020 4715 2188 4785 vobis)
2223 4726 2454 4784 quwreut
2487 4714 2707 4777 intrare,
2749 4722 2796 4764 et
2832 4725 2932 4762 non
2981 4717 3220 4778 poterunt
3275 4703 3428 4776 (Luc.

1841 4825 1964 4874 xm,
1993 4806 2106 4880 54).
2129 4798 2243 4863 Non
2273 4806 2352 4861 ait
2402 4802 2805 4867 tantummodo,
2844 4802 3055 4863 intrate,
3094 4798 3187 4854 sed
3218 4807 3432 4852 conten-

1839 4905 1947 4958 dite
1990 4903 2206 4967 intrare,
2259 4901 2386 4972 quia
2445 4898 2692 4971 profecto
2728 4911 2921 4967 magna
2973 4892 3322 4950 contentione
3373 4900 3431 4944 et

1843 5013 2040 5071 pugna,
2073 5013 2268 5069 magno
2295 4995 2581 5052 conamine
2609 5001 2665 5049 et
2698 4991 2951 5048 conﬂictu
2987 5003 3126 5061 Opus
3155 4996 3258 5053 est,
3298 4999 3430 5040 con-

1843 5099 1927 5144 tra
1959 5088 2330 5143 infirmitatem
2355 5094 2412 5142 et
2453 5085 2651 5140 utentis
2671 5092 2727 5138 et
2750 5082 3016 5153 corporis,
3043 5091 3232 5134 contra
3275 5077 3422 5132 itine-

1809 5179 2131 5240 .merahiles
2162 5195 2282 5250 qua:
2309 5185 2608 5234 occurrunt
2659 5175 3028 5240 infirmitates,
3065 5180 3122 5228 et
3145 5168 3417 5226 dilliculta-

1841 5282 1943 5337 tes,
1973 5279 2030 5326 et
2050 5271 2459 5342 impedimenta,
2485 5276 2678 5324 contra
2707 5266 2883 5338 iacula
2901 5267 3204 5338 linguarum
3228 5273 3283 5320 et
3299 5277 3423 5318 con.

1838 5361 2114 5430 tumelias,
2141 5374 2196 5420 et
2230 5363 2598 5420 detractiones
2621 5352 3061 5432 obleqitetttiunt;
3091 5369 3282 5415 contra
3303 5370 3430 5412 car-

1837 5457 1988 5513 nales
2037 5465 2381 5514 etterrenas
2450 5456 2799 5529 cupiditates,
2861 5463 3048 5512 contra
3110 5452 3430 5505 innumeras

1839 5551 2164 5608 tentatiunes
2189 5551 2433 5619 etdolos,
2449 5530 2624 5623 latque
2650 5550 2873 5606 insidias
2896 5543 3178 5602 invisibilis
3199 5539 3422 5596 inimici.

1837 5641 1994 5699 Sicut
2030 5643 2175 5699 enint
2211 5642 2288 5698 ait
2317 5643 2557 5714 quidam.
2589 5641 2749 5698 Novit
2775 5637 2926 5694 exsul
2955 5634 3100 5699 coeli,
3139 5631 3268 5703 quid
3291 5646 3421 5702 aga-

1837 5739 2012 5823 tur.in
2047 5739 2218 5813 cotlo;
2264 5749 2321 5798 et
2369 5739 2618 5838 invidens
2657 5736 2813 5795 nobis
2841 5731 3228 5835 beatitudinem
3258 5741 3436 5802 quam,
