3984 6422
609 321 710 378 ἲετ
726 332 734 349 τ

1488 302 1772 364 JOANNIS
1808 299 2069 359 CARTII.
2110 296 2494 357 PORTARUM
2527 292 2846 366 MONACHI
3166 347 3172 352 .
3369 342 3372 344 .
3676 309 3740 370 σῃ

603 451 719 508 ,ρδθ
741 427 999 502 perdidit,
1032 441 1139 480 non
1169 431 1348 479 cessat
1379 421 1864 508 (tentamentorum
1895 415 2197 471 innumeris
2227 418 2274 474 A
2429 408 2588 508 dulce
2616 421 2738 464 esse
2769 404 3113 508 debetII-quia
3147 403 3340 508 recipit
3361 412 3444 508 :net

599 507 796 596 modis)
823 537 920 593 per
961 535 1042 585 se,
1083 529 1138 572 et
1189 531 1286 586 per
1316 511 1579 569 satellites
1616 524 1742 566 suos
1781 507 2087 572 elaborare,
2133 514 2193 561 ut

601 619 742 675 sicut
773 603 1024 684 parentes
1047 617 1262 664 nostros
1290 608 1356 662 de
1386 605 1638 676 paradiso
1668 599 1980 659 seducendo
2007 598 2188 670 ejecit,

598 719 674 762 tta
705 707 915 775 aliquos
944 703 1080 757 bene
1109 697 1400 754 viventium
1439 695 1804 767 illaqueando,
1835 695 1900 751 de
1939 693 2192 764 paradiso

601 797 690 852 illo
737 794 1030 851 evcludat:
1085 792 1149 846 de
1183 806 1288 860 quo
1342 790 1473 845 dicit
1522 789 1769 845 Christus
1800 789 1852 842 in
1898 785 2136 842 Canticis
2174 799 2188 838 :

607 889 803 946 Hortus
823 886 1121 948 conclusus,
1146 900 1297 936 soror
1315 900 1428 936 mea
1451 899 1663 952 sponsa,
1688 882 1871 934 hortus
1890 878 2188 933 conclusus.

601 979 890 1039 fiaradisus
925 990 1157 1045 namque
1181 977 1368 1028 hortus
1393 973 1799 1041 interpretatur.
1836 970 2035 1024 llortus
2061 984 2190 1040 ergo

605 1069 931 1135 Cbristi,est
973 1077 1160 1123 sancta
1196 1067 1490 1122 electorum
1547 1065 1598 1119 in
1644 1063 1898 1132 prteseuti
1950 1061 2188 1117 Ecclesia

598 1161 959 1216 sonversatio.
1007 1158 1332 1222 Conclusus,
1367 1156 1417 1211 id
1449 1165 1553 1220 est,
1613 1154 1952 1224 protectioue
2004 1153 2189 1207 divina

599 1253 860 1309 munitus.
907 1253 964 1307 In
1016 1253 1121 1307 hoc
1169 1252 1329 1305 horto
1381 1247 1689 1320 germinant
1739 1246 1848 1300 lilia
1895 1245 2186 1313 eastitatis,

598 1342 1233 1416 hyssopushumilitatis,
1266 1357 1406 1396 rosre
1461 1340 1756 1411 patientize,
1812 1338 2016 1393 abieles
2059 1353 2189 1393 con-

599 1435 961 1504 templatiouis
988 1453 1001 1490 :
1033 1433 1238 1505 fragrat
1264 1436 1426 1488 etiam
1467 1433 1686 1504 myrrha
1736 1429 2077 1486 abstinentiae
2107 1429 2189 1483 vel

598 1525 935 1591 sobrietatis,
993 1533 1048 1579 et
1101 1524 1223 1579 thus
1252 1523 1535 1585 orationis,
1591 1531 1894 1590 caeteraque
1929 1521 2188 1574 virtutum

597 1627 938 1680 ornamenta,
972 1630 1093 1684 quae
1130 1614 1361 1668 diversis
1390 1623 1716 1680 aromatum,
1750 1613 1834 1666 vel
1864 1611 2186 1667 aromatica-

599 1722 719 1760 rum
745 1708 999 1760 arborum
1022 1707 1135 1761 sive
1158 1707 1449 1760 herbarum
1497 1704 1775 1759 vocabulis
1801 1704 1855 1758 in
1886 1701 2188 1773 Scripturis

598 1797 996 1867 significantur.
1031 1798 1084 1852 ln
1139 1797 1240 1852 hoc
1273 1797 1432 1852 horto
1458 1797 1599 1850 servi
1633 1796 1749 1860 Dei,
1783 1804 1985 1864 quanto
2013 1795 2186 1865 magis

599 1890 860 1957 prolicere
890 1898 1184 1953 merentur,
1219 1897 1369 1943 tanto
1395 1889 1615 1944 suavius
1672 1897 1727 1942 et
1769 1885 2043 1941 ellicacius
2067 1902 2187 1942 car-

602 1987 738 2048 punt
763 1977 881 2034 illos
904 1977 1110 2036 fructus
1137 1979 1392 2052 Spiritus,
1418 1996 1554 2050 quos
1577 1978 2182 2047 euumeratApostolus,

595 2073 818 2127 dicens:
849 2070 1079 2126 Fructus
1107 2081 1282 2126 autent
1343 2071 1576 2139 Spiritus
1623 2080 1720 2133 est,
1768 2069 2024 2134 charitas,
2047 2085 2184 2139 gau-

593 2163 761 2230 t'ium,
777 2163 1168 2234 par-{patientia
1190 2160 1335 2234 (Gal,
1357 2177 1409 2225 v,
1424 2161 1537 2234 ἓξ),
1554 2171 1657 2218 etc.
1679 2160 1879 2215 llorum
1909 2159 2183 2216 fructuum

594 2240 730 2307 adeo
755 2261 942 2307 amant
971 2253 1338 2319 dulcedinem,
1367 2261 1427 2307 ut
1451 2254 1663 2309 etiamsi
1691 2253 1836 2308 nulla
1869 2262 2186 2323 sequeretur

596 2346 787 2398 futurre
813 2343 936 2399 vita:
961 2345 1240 2400 beatitudo
1260 2386 1275 2410 ,
1308 2335 1584 2418 magnam,
1614 2348 1723 2401 imo
1769 2344 2056 2414 multiplici
2105 2344 2186 2398 fe-

596 2449 730 2488 nore
753 2435 1140 2502 abundantem,
1173 2452 1232 2492 se
1262 2437 1375 2508 jam
1404 2436 1684 2507 accepisse
1737 2451 1766 2491 a
1817 2438 1929 2492 Deo
1973 2452 2184 2493 recom-

593 2525 962 2596 pensatiouem
995 2526 1315 2594 faterentur,
1348 2545 1444 2600 pro
1463 2529 1690 2596 divitiis,
1712 2539 1767 2584 et
1797 2529 2182 2600 voluptatibus,

593 2629 649 2675 et
691 2621 874 2675 mundi
922 2621 1154 2689 gaudiis,
1209 2623 1405 2694 quibus
1447 2621 1988 2679 abrenuntiaverunt.
2047 2622 2183 2677 Nam

591 2713 837 2782 profecto
864 2730 1054 2786 magna
1079 2716 1279 2785 portio,
1313 2723 1366 2771 et
1395 2716 1642 2786 quaedam
1698 2715 1932 2772 imitatio
1988 2714 2185 2772 futura:

591 2806 943 2864 beatitudinis
966 2815 1067 2874 est,
1108 2807 1252 2863 nulla
1293 2810 1543 2879 superbia
1574 2807 1771 2874 inflari,
1803 2809 1946 2864 nulla
1979 2810 2182 2866 invidia

594 2897 856 2964 morderi,
889 2897 1121 2956 liberum
1142 2915 1262 2956 esse
1285 2915 1316 2955 a
1345 2901 1604 2956 servitute
1623 2901 1857 2971 peccati;
1893 2901 2037 2956 nulla
2068 2917 2183 2956 am-

593 2989 818 3058 bitione,
862 2992 1010 3048 nulla
1042 2993 1292 3058 avaritia,
1330 2993 1492 3050 nullis
1524 2995 1644 3050 aliis
1677 2995 2062 3066 cupiditatibus
2096 3001 2183 3049 ra-

589 3084 758 3154 ptati;
784 3086 1058 3156 prosperis
1075 3101 1179 3141 non
1197 3086 1402 3154 extolli;
1424 3087 1584 3144 nullis
1598 3087 2016 3170 adversitatibus
2036 3087 2180 3142 frau-
2207 3109 2254 3173 ρ

589 3173 666 3244 gi,
692 3173 821 3229 nulli
844 3191 1062 3243 nocere,
1084 3179 1338 3234 omnibus
1364 3178 1502 3236 velle
1543 3162 1830 3250 prodesse;
1858 3179 2070 3235 lmdeuti
2097 3179 2183 3236 vel

591 3268 890 3336 quamlibet
913 3268 1165 3340 iniuriam
1199 3271 1476 3338 inferenti,
1519 3289 1626 3328 non
1685 3273 1859 3329 solum
1907 3273 2180 3330 lmsioncm

591 3355 678 3410 vel
722 3355 977 3426 iniuriam
1031 3375 1138 3416 non
1187 3360 1421 3429 referre,
1459 3363 1552 3418 sed
1605 3364 1825 3434 insuper
1855 3364 2050 3420 bonum
2082 3381 2182 3436 pro

592 3445 735 3500 maio
749 3445 996 3516 reddere;
1011 3449 1261 3507 omnibus
1277 3449 1528 3507 allectum
1543 3451 1691 3507 citari
1702 3456 1828 3508 talis
1843 3455 2179 3524 impendere,

590 3538 873 3610 Scriptura
885 3556 999 3594 rum
1026 3551 1339 3597 sanctarum
1361 3543 1534 3613 epulis
1561 3545 1732 3615 pasci,
1759 3545 1994 3616 SpEritus
2007 3549 2180 3604 sancti

588 3628 1053 3687 consolationibus
1066 3630 1268 3703 perfrui
1288 3647 1304 3701 ;
1323 3633 1528 3688 exitum
1547 3633 1614 3689 de
1630 3633 1730 3688 hac
1749 3636 1856 3689 vita
1877 3652 1982 3692 non
2004 3637 2177 3692 solum

588 3741 695 3781 non
715 3727 924 3794 timere,
946 3726 1041 3783 sed
1059 3728 1223 3783 etiam
1238 3741 1304 3783 ex
1320 3729 1629 3784 testimonio
1645 3729 1799 3785 bona:
1811 3727 2177 3799 conscientite,

590 3834 711 3873 cum
733 3816 1005 3875 desiderio
1025 3830 1362 3892 exspectare.
1377 3820 1503 3877 llazc
1525 3829 1580 3878 et
1597 3821 1702 3878 alia
1729 3820 2034 3892 huiusmodi
2057 3822 2179 3880 ideo

587 3909 1122 3980 appellatApostolus
1143 3911 1351 3969 fructus
1366 3911 1620 3984 Spiritus,
1639 3915 1768 3984 quia
1788 3929 1947 3971 nemo
1963 3914 2067 3970 nisi
2081 3929 2178 3986 per

587 4001 819 4069 gratiam
833 4001 1068 4073 Spiritus
1080 4004 1254 4060 sancti
1273 4004 1394 4060 talis
1406 4020 1526 4061 esse
1555 4012 1753 4076 potest.
1771 4006 1942 4074 Quem
1969 4019 2178 4078 quanto

587 4089 955 4148 abundantius
982 4095 1210 4162 quisque
1242 4093 1454 4164 recipit,
1490 4103 1641 4150 tanto
1667 4094 1880 4152 facilius
1907 4106 1964 4152 et
1991 4095 2176 4152 efﬁca-

588 4178 707 4234 cius
731 4177 847 4234 ltacc
876 4189 928 4235 et
955 4181 1060 4236 alia
1098 4197 1220 4251 quae
1256 4182 1556 4254 Scriptura:
1585 4196 1786 4241 sanctae
1819 4185 2034 4254 docent,
2069 4187 2173 4243 im-

589 4270 741 4342 plere
811 4281 1072 4327 meretur.
1127 4273 1384 4330 Diabolus
1439 4289 1566 4345 ergo
1627 4276 1837 4334 duobus
1900 4279 2175 4350 praecipue

590 4373 1046 4422 teutamcutorum
1077 4365 1253 4422 modis
1302 4367 1534 4438 insurgit
1579 4368 1839 4425 adversus
1879 4380 1996 4436 eos,
2037 4384 2175 4442 quos

585 4458 653 4516 de
681 4457 934 4530 paradiso
962 4458 1247 4529 prmscutis
1273 4436 1530 4516 Ecclesia:
1577 4458 1796 4531 ejicere,
1832 4462 1936 4518 hoc
1967 4436 2072 4530 est,
2106 4463 2174 4522 de
2206 4462 2250 4518 D
2275 4453 2542 4524 ωεθηιβιο·
2591 4455 2760 4526 Igitur
2803 4467 2914 4508 ηοη
2967 4461 3177 4510 tantum
3206 4453 3277 4507 de
3313 4459 3399 4506 illa
3426 4436 3682 4531 ³Ρ⁰⁵¹²⁵ί²τὶ

2294 503 2481 568 debes,
2515 501 2560 556 si
2611 510 2870 569 tanquam
2920 496 3068 554 filius
3102 497 3334 552 mereris
3361 493 3600 566 ﬂagellari.
3621 497 3661 569 Si
3683 501 3741 560 huc

2294 591 2510 657 feceris,
2565 592 2682 646 haec
2722 590 2831 645 duo
2872 595 3136 658 operatur
3196 585 3296 642 tibi
3335 585 3573 656 ﬂagellum
3609 589 3741 658 Patris;

2293 683 2420 752 quia
2469 679 2679 736 scilicet
2733 685 2792 733 et
2831 676 3107 750 pmterita
3177 684 3397 748 peccata
3442 688 3745 748 purgamus

2292 777 2475 830 futura
2527 781 2816 830 caventur.
2861 770 3146 852 Prester-ita
3204 778 3508 840 purgantur,
3545 763 3640 838 quia
3663 773 3748 828 lunt

2294 867 2517 922 dubium
2543 865 2673 935 quin
2703 864 2874 928 Deus,
2917 863 3063 917 sicut
3092 860 3362 930 scriptum
3391 868 3499 913 est:
3525 857 3696 916 Remittat
3718 866 3746 916 is

2292 968 2521 1028 tempore
2569 953 2927 1010 tribulationis
2976 961 3195 1022 peccata
3237 948 3407 1020 (Eccl.
3430 964 3496 1015 It,
3520 949 3606 1019 l3).
3625 951 3746 1007 Futura

2292 1056 2572 1113 caventur,
2600 1046 2725 1116 quia
2759 1046 2889 1100 item
2922 1043 3190 1113 scriptum
3217 1050 3304 1108 est
3333 1037 3630 1109 :Priusqueut
3647 1043 3748 1096 lumi-

2292 1138 2456 1192 liarer
2483 1138 2667 1209 (idest
2716 1137 3032 1207 priusquam
3085 1148 3184 1202 per
3236 1129 3494 1202 ﬂagellum
3537 1130 3747 1201 afﬂigeret),

2291 1245 2384 1298 ego
2417 1228 2613 1298 deliqui
2642 1225 2816 1299 (Psal.
2848 1240 3038 1288 cxvm,
3059 1222 3184 1292 ,67).
3227 1219 3450 1297 Namet
3485 1221 3530 1273 iu
3551 1220 3628 1274 hoc
3653 1220 3748 1285 low,

2289 1331 2347 1376 et
2393 1321 2482 1375 ubi
2535 1322 2738 1376 dictqu
2799 1327 2924 1374 est:
2960 1315 3290 1371 lluntiliatus
3335 1329 3444 1368 sum
3505 1329 3750 1382 usquequaque

2292 1413 2455 1483 (ibid.
2488 1412 2664 1483 l07);
2725 1412 2828 1466 hoc
2880 1419 2964 1466 est
3009 1408 3198 1473 valde,
3247 1415 3342 1461 et:
3384 1403 3498 1458 Vide
3520 1405 3751 1461 humilitatem

2289 1523 2480 1571 meam,
2515 1515 2564 1561 et
2593 1507 2734 1573 eripe
2757 1521 2841 1558 me
2870 1503 3048 1574 (ibid.,
3078 1501 3238 1570 155);
3271 1508 3356 1554 et:
3386 1496 3502 1552 Vide
3519 1497 3750 1550 [inutilium

2290 1617 2460 1655 meum
2489 1610 2538 1656 et
2571 1599 2806 1654 laborem
2858 1613 3058 1662 meum,
3091 1605 3138 1650 et
3173 1594 3374 1672 dimitte
3419 1597 3617 1646 auium
3635 1591 3751 1643 delicti

2291 1703 2407 1747 mea
2449 1691 2636 1764 (Psal.
2669 1689 2994 1760 sitim-is),
3049 1698 3105 1744 et
3141 1689 3197 1744 in
3249 1686 3502 1756 plerisque
3545 1683 3634 1737 aliis
3659 1683 3750 1750 locis,

2222 1761 2264 1820 Β
2293 1761 2716 1838 humilitas-non
2759 1792 2844 1838 est
2891 1796 3085 1838 nomen
3121 1781 3363 1844 virtutis,
3404 1778 3491 1833 sed
3532 1776 3750 1830 alllictiotus

2289 1873 2690 1945 Justus'ergo,
2726 1874 2779 1928 in
2830 1886 3063 1943 persona
3107 1869 3267 1940 cujus
3318 1877 3453 1924 totus
3495 1865 3566 1921 ille
3598 1864 3747 1934 psalmus

2287 1967 2525 2036 scriptus
2578 1975 2685 2032 est,
2727 1965 2958 2022 dicendo
2985 1983 2998 2019 :
3028 1963 3355 2034 Priusquam
3404 1958 3748 2024 bumiliarer,t90

2287 2059 2524 2130 deliqui;
2555 2058 2882 2130 significavit
2936 2056 3080 2129 quod
3103 2064 3393 2127 propterea
3430 2050 3660 2122 ﬂagellatus
3687 2058 3746 2112 est,

2300 2169 2356 2212 te
2385 2161 2658 2224 peccaret.
2707 2150 3036 2223 Flagellatus
3067 2164 3201 2204 vero
3230 2146 3396 2203 desiit
3430 2139 3748 2214 peccarentur

2286 2249 2467 2304 subdit
2509 2260 2531 2301 ει
2567 2245 2853 2316 Propterea
2898 2244 3165 2316 eloquium
3224 2252 3376 2296 tuum
3425 2237 3639 2294 custodiri.
3663 2233 3745 2288 Audi

2285 2351 2446 2407 ergo.
2496 2351 2602 2391 non
2657 2342 3002 2406 serpentem,
3042 2334 3141 2391 sed
3197 2329 3497 2402 Apostolum
3534 2328 3740 2382 dicentes:

2285 2428 2355 2483 In
2382 2427 2662 2499 disciplina
2703 2437 3070 2494 perseverate;
3102 2425 3157 2482 id
3182 2435 3287 2492 est,
3319 2424 3372 2480 in
3419 2421 3594 2492 ﬂagello
3621 2431 3738 2488 μεδε-

2284 2525 2588 2578 verantiam
2617 2521 2784 2578 nolite
2810 2522 3061 2591 perdere.
3076 2521 3142 2576 Et
3166 2518 3374 2588 adjecit
3403 2537 3416 2573 :
3448 2517 3652 2586 Tanqm
3665 2510 3742 2578 filiis

2283 2617 2428 2672 vobis
2469 2617 2698 2687 o/I‘ertse
2730 2615 2868 2672 Deus
2898 2613 3088 2684 (Hebr.
3126 2629 3232 2678 xu,
3265 2613 3341 2684 7).
3378 2611 3433 2667 Si
3469 2619 3620 2672 autem,
3639 2602 3744 2671 inquit

2284 2721 2433 2764 extra
2483 2707 2976 2778 disciplinam'estis
3026 2706 3102 2778 (id
3149 2716 3238 2763 est
3286 2706 3332 2761 si
3371 2701 3591 2773 ﬂagellari
3627 2695 3741 2758 renui-

2289 2798 2403 2870 tis),
2425 2816 2548 2869 ergo
2572 2797 2799 2853 adulteri
2825 2809 2872 2852 et
2897 2813 2999 2852 non
3021 2796 3122 2866 ﬁlii
3152 2796 3304 2851 eritis
3331 2794 3493 2865 (ibid.,
3517 2789 3578 2857 8).
3599 2784 3742 2854 Quodsi

2284 2889 2560 2958 serpenti,
2607 2886 3427 2944 coaeervationetentationum
3471 2881 3550 2936 tibi
3581 2881 3743 2945 desim-

2287 2981 2488 3037 tionem
2521 2981 2703 3038 facere
2751 2979 2972 3036 conanti
3004 2979 3239 3036 credere
3279 2975 3531 3038 malueris,
3555 2967 3743 3026 etiscibu

2286 3071 2452 3138 illius,
2479 3071 2622 3128 sicut
2651 3072 2914 3141 scriptum
2941 3079 3025 3126 est
3053 3087 3070 3125 :
3115 3067 3358 3140 δεῖ-ρετιζὶ
3385 3065 3532 3137 puluis
3558 3056 3742 3132 punisti,“

2287 3163 2442 3235 (Isai.
2491 3179 2616 3228 va,
2657 3162 2775 3233 25).
2825 3162 3006 3218 Pulvis
3051 3161 3215 3217 enim.
3251 3171 3394 3222 sunt,
3425 3158 3472 3213 id
3497 3165 3588 3217 est,
3616 3146 3741 3235 pulveri

2285 3233 2586 3325 comparati
2619 3253 2722 3318 illi,
2753 3255 2820 3307 de
2849 3252 3046 3322 quibus
3074 3251 3286 3308 dictum
3324 3257 3438 3306 est:
3466 3245 3566 3300 lion
3583 3243 3637 3296 sic
3653 3233 3740 3304 inpii

2283 3361 2386 3401 non
2409 3346 2528 3412 sic;
2567 3345 2658 3400 sed
2700 3354 2954 3414 tanquam
2991 3342 3159 3413 pulvis
3199 3358 3350 3414 quem
3384 3336 3552 3410 projiit
3585 3339 3741 3422 rentius

2282 3437 2419 3507 facie
2440 3445 2596 3490 terra:
2617 3432 2790 3506 (Psal.
2807 3450 2852 3499 ι,
2869 3432 2948 3503 4).
2965 3433 3196 3500 Ventus,
3229 3433 3281 3488 id
3292 3418 3741 3514 est,tentatio;sfacie

2290 3538 2474 3594 terrae,
2527 3503 2635 3584 hoc
2671 3535 2788 3592 est,
2834 3541 2866 3582 a
2915 3524 3222 3583 stabilitate
3265 3503 3742 3609 Ecclesiaentulisti"1

2279 3632 2366 3678 est
2387 3621 2558 3693 impii,
2578 3621 2668 3692 qui
2689 3619 3076 3676 tentationibus
3103 3634 3214 3676 non
3235 3610 3619 3680 resistunt,sicut
3633 3601 3740 3674 pultis

2279 3722 2444 3770 vento
2467 3713 2724 3769 resistere
2753 3727 2859 3768 non
2885 3710 3048 3767 valet.
3070 3695 3740 3789 Siserpenticredideris,

2279 3806 2528 3862 inimicos
2536 3804 2636 3859 Dei
2651 3803 3012 3876 reputaberis,
3026 3802 3306 3882 dequibus
3317 3800 3501 3858 dictum
3509 3799 3575 3850 est
3585 3807 3597 3846 :
3607 3786 3740 3882 Inicio

2283 3897 2493 3952 Domini
2517 3871 2870 3952 mentiti-sunt
2897 3894 2964 3960 ei,
2981 3903 3029 3949 et
3060 3871 3156 3948 erit
3177 3903 3378 3964 tempus
3401 3901 3552 3946 eorum
3568 3871 3741 3936 iusim“

2279 3987 2627 4062 (Paul-un,
2647 3987 2757 4058 tu).
2778 3987 2835 4043 Si
2850 3987 2997 4043 enim
3013 3987 3156 4057 quod
3175 3986 3233 4042 in
3265 3986 3352 4043 die
3375 3971 3740 4055 professionum

2278 4082 2635 4153 spopondisti,
2650 4081 2864 4136 irritum
2876 4079 3089 4146 feceris,
3104 4080 3216 4136 voti
3227 4089 3386 4149 atque
3396 4066 3737 4130 meudaciiomﬂ

2277 4172 2391 4230 Deo
2405 4182 2461 4229 et
2471 4172 2783 4230 hominibus
2796 4171 3064 4228 reuseris.
3079 4169 3197 4226 Non
3211 4170 3382 4228 solu
3397 4175 3550 4223 autem
3563 4155 3740 4213 ultimor-

2275 4269 2380 4338 bis,
2399 4269 2493 4325 sed
2517 4268 2682 4324 etiam
2698 4268 2881 4324 multis
2899 4283 2930 4324 e
2943 4266 3163 4324 ﬂicieris
3176 4278 3333 4339 petra
3345 4244 3736 4339 scandalum!!!"

2276 4358 2527 4431 pluribus
2569 4360 2792 4418 nocebis
2821 4358 3104 4425 seandalo,
3151 4338 3317 4429 quam
3357 4338 3738 4482 palmaria“;

2276 4453 2521 4482 A-A-.nl-
2591 4455 2760 4482 Ιηζιη-
2803 4467 2914 4482 nan
2967 4461 3176 4482 iuni-nm
3207 4453 3276 4482 ΑΔ
3313 4459 3396 4482 Ino
3427 4457 3536 4482 «nnc
3582 4452 3616 4482 SI
3644 4471 3654 4482 .

583 4524 772 4605 sancta
823 4524 1260 4618 conversatione,
1312 4550 1379 4606 ad
1409 4549 1577 4606 vitam
1603 4524 1909 4622 vreprobam
1955 4524 2174 4610 trahere
2275 4548 2343 4604 de
2369 4547 2584 4604 illorum
2607 4524 2848 4618 pernicie
2867 4545 3226 4615 judicaberis.
3254 4524 3732 4601 Dicitenimllomiwi

590 4649 846 4694 conatur.
896 4637 1065 4709 Namf,
1107 4641 1249 4696 sicut
1285 4640 1416 4696 dicit
1453 4641 1650 4697 beatus
1683 4641 2050 4713 Augustinus,
2082 4654 2175 4700 aut

586 4742 756 4787 terret
786 4742 845 4787 ut
883 4731 1119 4802 frangat,
1161 4743 1258 4789 aut
1286 4733 1565 4791 blanditur
1595 4746 1655 4792 ut
1682 4736 1943 4806 decipiat.
1978 4735 2175 4793 Terret

582 4825 788 4880 scilicet
815 4839 913 4895 per
937 4826 1190 4891 adversa,
1220 4826 1452 4882 suadens
1475 4827 1861 4895 intolerabilia,
1890 4835 1946 4882 et
1972 4828 2175 4898 impor-

585 4916 774 4972 tabilia
822 4930 1055 4984 esseea,
1109 4933 1232 4988 qua:
1281 4917 1544 4990 molesta},
1603 4921 1745 4976 dura
1796 4927 1854 4976 et
1903 4918 2172 4976 laboriosa

581 5017 917 5075 occurrunt;
945 5017 1006 5064 ut
1031 5009 1410 5080 desperatione
1432 5011 1592 5069 fracti
1614 5023 1669 5068 et
1697 5011 1969 5079 dissoluti,
2001 5025 2177 5084 apro-

581 5098 761 5172 posito
787 5108 976 5156 sancto
1003 5100 1266 5158 resiliunt.
1292 5099 1575 5161 Blanditur
1597 5119 1730 5162 vero
1750 5121 1846 5176 per
1871 5119 2166 5179 prospera;

579 5191 652 5249 ad
685 5190 934 5247 carnales
977 5195 1306 5266 voluptates,
1347 5206 1404 5254 et
1429 5211 1495 5253 ea
1522 5213 1644 5270 quae
1683 5199 1737 5253 in
1776 5199 1977 5254 mundo
2006 5211 2176 5269 appe-

580 5281 754 5339 tibilia
803 5281 1088 5350 videntur,
1139 5285 1440 5344 inritando.
1477 5285 1560 5342 Tu
1616 5301 1747 5359 ergo
1795 5288 2172 5344 animadverte

577 5390 704 5448 quae
735 5375 882 5432 circa
917 5383 970 5432 te
1002 5386 1150 5445 sunt,
1185 5385 1240 5431 et
1264 5391 1393 5432 cave
1423 5393 1492 5433 ne
1530 5392 1560 5433 a
1590 5388 1842 5448 serpente
1867 5379 2166 5435 seducaris.

576 5468 742 5526 Pater
779 5483 1015 5543 namque
1039 5471 1130 5543 qui
1171 5485 1310 5541 quos
1340 5470 1534 5543 diligit,
1567 5473 1816 5541 corripit,
1855 5482 1909 5528 et
1937 5472 2172 5543 ﬂagellat

578 5579 776 5618 omnen
805 5563 976 5620 tilium
998 5579 1157 5635 quem
1188 5563 1402 5633 recipit,
1427 5572 1481 5620 te
1501 5577 1600 5634 per
1637 5566 1972 5633 corporalem
2003 5581 2165 5636 quam

585 5657 823 5714 sustines
854 5656 1180 5727 molestiam,
1212 5655 1689 5729 cmpitllagcllare.
1721 5655 1781 5711 Si
1813 5671 1943 5728 ergo
1969 5658 2164 5718 durum

583 5741 679 5804 tibi
715 5749 947 5820 videtur,
964 5748 1108 5821 quod
1121 5747 1356 5819 ﬂagellat
1380 5765 1396 5817 ;
1418 5745 1920 5818 incomparabiliter
1936 5747 2166 5819 amplius

2283 4639 2376 4695 Var
2411 4639 2610 4695 homini
2647 4654 2740 4710 per
2769 4653 2922 4710 quem
2949 4637 3265 4693 scandalum
3293 4635 3422 4692 venit
3449 4623 3617 4701 (Hell!!-

2276 4734 2356 4805 7).
2384 4733 2487 4790 Job
2507 4743 2736 4790 scatens
2755 4734 3101 4790 vermibuset
3115 4727 3566 4805 percussusfulcere

2273 4802 2516 4898 a‘planta
2539 4826 2696 4897 pedis
2729 4839 2904 4896 usque
2950 4825 3018 4881 ad
3059 4802 3316 4883 verticem
3339 4863 3355 4891 ,
3387 4802 3725 4898 dimi-ﬂ“?

2272 4887 2571 4989 [irationem
2591 4934 2760 4973 meum
2779 4887 2939 4989 quam
2961 4919 3089 4988 capi
3123 4927 3298 4973 tenere
3319 4887 3417 4970 non
3435 4911 3616 4997 (1⁸³8⁸⁸³
3628 4887 3727 4997 (θ

2273 5027 2408 5079 xm,
2421 5012 2499 5084 6).
2515 5011 2698 5068 Usore
2708 5025 2851 5080 quoq
2859 5025 2927 5066 ue
2939 5009 3085 5066 illius
3096 5015 3412 5082 suggerente
3423 4992 3726 5084 ωιερδθωψῗ

2275 5104 2337 5161 Si
2357 5069 2513 5174 bona,
2545 5069 2750 5176 inquit,
2777 5069 3106 5173 suscepimus
3137 5069 3393 5159 47mm
3427 5085 3620 5152 limini,
3640 5069 3729 5176 If“

2271 5215 2434 5270 quare
2481 5214 2587 5254 non
2629 5198 3022 5269 suscipiamus!
3058 5189 3458 5270 (Job.-tt,10.)
3499 5176 3726 5274 ,επις

2270 5265 2563 5358 Apostolus
2592 5303 2608 5343 :
2637 5288 2705 5342 In
2753 5265 2894 5358 fame
2939 5296 2990 5344 et
3037 5265 3149 5356 siti,
3197 5289 3252 5343 in
3287 5280 3488 5358 jejuniis

2271 5348 2470 5453 frigore
2488 5390 2539 5435 et
2567 5348 2825 5444 nuditate,
2843 5374 2901 5435 in
2923 5348 3223 5435 carceribus
3247 5348 3475 5448 ululavit,
3501 5348 3723 5458 duo???

2271 5436 2572 5544 irequcnter
2616 5471 2689 5543 (1
2733 5436 2977 5538 Const,
3019 5471 3132 5544 27).
3160 5473 3216 5527 In
3237 5436 3487 5543 potica-lis,
3521 5462 3563 5510 et
3581 5436 3725 5544 tribui?

2269 5541 2530 5631 tionibus,
2563 5541 2633 5619 eti
2655 5541 3128 5634 persecutionibus
3167 5541 3442 5620 innumeris
3463 5544 3628 5607 οιιήειο

2267 5656 2420 5711 vicus
2458 5628 2566 5735 non
2608 5628 2920 5723 deﬁciebat,
2969 5656 3063 5712 sed
3110 5656 3329 5713 dicebat-
3362 5668 3390 5705 ει
3417 5628 3718 5735 amati.

2270 5730 2724 5820 tribulationibus,
2779 5719 3004 5807 scientes
3060 5749 3203 5821 quod
3250 5738 3485 5804 tribulatio
3507 5719 3712 5803 patient“!
