3984 6410
151 379 251 440 ὒίθ

1382 376 1740 435 EPISTOLE
1779 378 2110 448 QUINQUE.

3309 389 3416 451 950

154 487 418 570 operatur,
475 501 527 549 et
573 493 826 564 patientia
877 495 1269 567 probationem,
1318 495 1556 564 probatio
1600 511 1718 550 vero
1747 501 1793 560 Α
1826 495 1964 549 taria
1984 503 2163 550 erunt.
2183 493 2450 566 litecergo
2473 506 2527 552 et
2552 496 2747 554 similia
2763 498 3092 569 meditando,
3110 502 3418 561 conlortare

148 605 284 660 spent
342 583 536 659 (Rom.
592 601 652 653 v,
701 588 760 653 ὅ,
796 587 888 658 4),
952 599 1062 646 etc.
1115 590 1184 645 Et
1247 588 1373 645 alibi
1419 605 1433 643 :
1485 587 1717 653 Placeo,

152 683 346 754 inquit,
395 681 525 736 mihi
572 681 626 735 in
666 682 1100 750 inﬁrmitatibus,
1159 685 1215 738 in
1252 681 1616 748 contumeliis,
1665 681 1721 737 in

151 770 562 836 necessitatibus,
601 771 655 824 in
693 771 1178 841 persecutionibus,
1215 772 1272 826 in
1326 771 1582 841 angustiis
1627 786 1722 839 pro

149 857 469 931 Christo“!
519 858 643 914 Cor.
687 875 790 924 xit,
829 859 948 932 10).
979 861 1044 916 Ει
1071 866 1237 932 quare
1263 861 1314 915 in
1355 860 1439 914 his
1470 857 1723 913 omnibus

148 971 248 1010 non
285 953 581 1020 deﬁceret,
639 954 817 1011 reddit
863 971 1084 1012 causam
1139 956 1290 1021 alibi,
1332 956 1557 1012 dicens:
1596 954 1723 1009 0m-

151 1043 233 1098 nia
255 1060 463 1114 possunt
492 1046 547 1098 in
567 1061 626 1099 eo
647 1047 736 1115 qui
756 1061 838 1100 me
859 1045 1118 1116 confortat
1143 1047 1161 1118 (
1185 1045 1330 1100 Pltil.
1360 1044 1575 1116 “1.13).
1615 1043 1722 1099 Nec

147 1136 312 1191 solum
355 1151 479 1191 eum
524 1136 898 1206 conlortabat,
946 1138 1040 1194 sed
1085 1150 1176 1203 et,
1232 1139 1537 1193 consolatur
1586 1153 1678 1190 nos
1705 1176 1721 1204 ,

153 1225 339 1296 inquit,
396 1225 449 1281 in
503 1235 682 1281 nostra
735 1227 1036 1282 omnimodo
1087 1227 1425 1281 tribulatione
1459 1224 1563 1297 (11
1597 1227 1719 1280 (lor.

149 1333 186 1384 ι,
208 1316 282 1387 4).
307 1315 388 1370 Tu
421 1330 548 1371 vero
579 1315 850 1387 corporali
870 1356 886 1382 ,
929 1316 1176 1386 quamvis
1201 1316 1462 1372 tolerabili
1488 1315 1720 1378 {molesti

147 1417 443 1478 correptus,
474 1409 656 1464 animo
704 1408 947 1464 deiecisti
982 1425 996 1463 :
1037 1410 1160 1480 quia
1207 1425 1356 1479 spem
1387 1417 1442 1462 et
1469 1408 1719 1463 lidut-iam

144 1514 298 1568 quam
338 1499 505 1555 debes
528 1500 729 1556 habere
765 1499 818 1554 in
855 1499 966 1555 Deo
1005 1501 1072 1554 de
1102 1501 1354 1555 ommbus
1404 1514 1527 1570 quae
1573 1499 1720 1556 circa

147 1601 195 1647 te
219 1601 363 1658 sunt,
399 1592 479 1646 vel
521 1591 699 1647 futura
735 1602 885 1658 sunt,
931 1592 1232 1662 perdidisti,
1285 1592 1578 1648 dissolutus
1618 1607 1678 1646 es
1703 1631 1720 1658 ,

145 1691 196 1738 et
223 1684 388 1754 cmpit
415 1685 580 1738 minui
608 1685 851 1754 corporis
900 1693 954 1739 et
981 1685 1146 1739 animi
1172 1686 1246 1738 lui
1276 1685 1556 1750 fortitudo,
1583 1683 1723 1739 sicut

143 1774 268 1831 dicit
297 1792 450 1832 sacra
499 1776 778 1848 Scriptura
808 1794 821 1831 :
858 1775 918 1831 Si
956 1777 1308 1846 desperaveris
1357 1777 1527 1831 lassus
1553 1778 1608 1830 in
1637 1777 1722 1830 die

1824 587 1878 643 in
1911 588 2158 653 Domino,
2196 599 2251 644 et
2296 589 2527 644 viriliter
2569 605 2685 662 age.
2737 591 2794 648 Si
2849 609 2955 650 non
3005 603 3158 665 potes
3173 593 3419 664 jejunarc

1821 690 2083 752 quantum
2127 681 2255 745 alii,
2318 681 2502 754 jejuna
2552 693 2814 754 quantum
2873 696 3066 757 potes,
3112 689 3418 744 certissime

1827 773 2040 838 sciens,
2059 774 2185 844 quia
2221 789 2325 829 non
2355 785 2532 846 potest
2553 784 2606 831 ‘m
2631 777 2812 848 aliqua
2830 781 3029 836 virtute
3075 797 3195 836 esse
3243 783 3418 851 perle-

1823 874 1964 932 ctus,
1989 867 2074 921 cni
2124 866 2260 938 gula:
2289 868 2478 923 vitium
2521 869 2850 927 dominatur.
2887 872 3018 927 Nam
3065 885 3122 929 ut
3159 883 3414 928 consueta

1815 956 2022 1028 jcjunia
2053 960 2274 1014 omnino
2319 960 2580 1027 dimittas,
2630 964 2791 1018 crede
2831 965 2986 1026 mihi.
3037 981 3142 1022 non
3200 968 3417 1037 expedit

1823 1047 2203 1102 adolescentia:
2236 1060 2360 1104 tute.
2399 1049 2515 1104 Noli
2546 1065 2676 1123 ergo
2709 1054 3056 1122 temporalem
3081 1065 3136 1110 et
3168 1071 3414 1112 momen-

1827 1146 2040 1192 taneam
2069 1139 2316 1208 corporis
2341 1139 2633 1196 sanitatem
2661 1156 2975 1212 pl‘at‘pOitCl‘e
3013 1144 3174 1198 saluti
3196 1156 3416 1199 aiterna:

1823 1234 2038 1288 animae.
2100 1231 2233 1286 Nam
2295 1234 2588 1304 Apostolus
2639 1236 2814 1290 dicit:
2857 1236 2962 1302 Qui
3002 1236 3201 1291 Citriin
3259 1247 3415 1299 sunt,

1824 1341 2036 1380 carnem
2082 1342 2232 1378 suam
2261 1327 2573 1396 cruci/igua!
2603 1343 2721 1380 cum
2755 1329 2877 1382 vitio
2915 1338 2962 1382 et
2995 1330 3415 1398 concupiscentia

1825 1415 1968 1489 (Gal.
2000 1433 2052 1483 ν,
2085 1407 2218 1490 24)(
2239 1418 2304 1470 Et
2352 1417 2613 1474 Dominus
2647 1435 2661 1474 :
2692 1417 2796 1483 Qui
2838 1436 2938 1473 non
2969 1421 3163 1490 accepit
3210 1436 3415 1473 crucem

1823 1525 1975 1564 suam
2011 1519 2058 1562 et
2085 1493 2321 1579 sequitur
2344 1525 2445 1575 tne,
2470 1527 2573 1564 non
2601 1520 2672 1563 est
2699 1527 2842 1564 meus
2875 1511 3165 1580 discipulus
3197 1511 3413 1581 (Matth.

1824 1617 1881 1665 x,
1911 1600 2020 1666 58;
2067 1600 2194 1655 Luc.
2225 1617 2353 1667 xiv,
2383 1601 2497 1672 27).
2542 1601 2617 1656 De
2671 1603 2912 1656 sananda
2970 1617 3099 1672 ergo
3147 1603 3232 1658 vel
3284 1603 3415 1657 levi-

1825 1693 1997 1763 ganda
2051 1694 2298 1762 corporis
2350 1693 2698 1764 :cgritudine,
2749 1704 2803 1748 et
2849 1694 2916 1748 de
2952 1693 3188 1763 jejuuiis,
3236 1703 3292 1749 et
3348 1694 3416 1748 de

1824 1785 2075 1840 omnibus
2131 1785 2351 1841 omnino
2407 1801 2529 1856 qua:
2596 1785 2663 1838 ad
2721 1784 3141 1854 justiﬁcationcs
3203 1784 3412 1838 Domini

139 1869 432 1937 angustia’,
485 1868 751 1922 ntinuetur
817 1877 911 1921 tua
979 1867 1235 1936 fortitudo
1297 1865 1493 1938 (Prov.
1551 1884 1718 1933 xxiv,

1828 1878 2120 1946 pertinent,
2151 1891 2301 1946 spera
2329 1876 2383 1928 in
2429 1891 2490 1928 eo
2518 1885 2562 1928 et
2593 1875 2701 1943 ipse
2725 1875 2877 1942 faciet
2908 1873 3082 1944 (Psal.
3115 1890 3301 1938 χχχιιι,
3333 1874 3411 1944 ὃ).

146 1960 257 2029 10).
289 1959 424 2017 Nam
473 1962 516 2018 si
565 1977 668 2017 non
721 1961 1097 2033 desperasses,
1148 1962 1420 2016 veraciter
1465 1961 1720 2018 diceres:

142 2041 204 2103 In
249 2050 478 2107 Domino
521 2069 741 2123 sperans
777 2069 878 2107 non
909 2051 1220 2121 in/irntabor
1245 2049 1431 2123 (Psal.
1461 2067 1600 2118 xxv,
1638 2054 1718 2122 1).

141 2145 302 2213 Igitur
333 2147 622 2218 'resipisce,
675 2159 731 2204 et
784 2149 914 2204 time
966 2149 1108 2219 quod
1155 2149 1420 2218 scriptum
1462 2157 1592 2203 est:
1634 2146 1726 2200 Va:

136 2236 405 2291 dissolutis
433 2239 610 2302 corde,
640 2240 730 2310 qui
758 2255 859 2292 non
895 2240 1112 2294 credunt
1141 2238 1290 2304 Deo;
1322 2237 1438 2292 ideo
1471 2253 1572 2290 non
1601 2254 1724 2308 pro-

139 2340 374 2397 tegentur
420 2330 483 2384 ab
531 2332 642 2400 ipso
679 2330 878 2403 (Eccfi.
908 2347 967 2394 ll,
1001 2329 1099 2398 15)
1126 2349 1141 2397 ;
1170 2339 1225 2386 et
1269 2330 1439 2385 illud:
1495 2328 1587 2384 Va:
1635 2330 1715 2382 Itis

139 2423 222 2488 qui
259 2421 598 2492 perdiderunt
643 2424 1010 2477 sustinentiam
1037 2423 1198 2493 (ibid.
1230 2421 1352 2492 l6).
1400 2417 1678 2491 Resipisco
1705 2461 1722 2485 ,

143 2512 386 2580 inquam,
431 2520 486 2566 et
523 2526 688 2582 super
726 2512 849 2577 hoc,
886 2513 1010 2582 quia
1045 2511 1478 2583 suggesﬁonilms
1520 2511 1722 2564 inimici

144 2618 415 2660 assensum
430 2603 722 2674 praebuisti,
742 2603 1109 2673 pmnitentiam
1128 2617 1305 2673 agere,
1324 2610 1377 2656 et
1396 2601 1556 2656 crede
1572 2600 1725 2656 Chri-

147 2693 427 2748 stodiceuti
445 2711 458 2748 τ
479 2691 669 2748 Omnia
697 2694 968 2764 possibilia
993 2704 1116 2748 sunt
1137 2694 1369 2748 credenti
1392 2692 1590 2765 (.llarc.
1623 2709 1717 2759 vn,

145 2785 249 2856 22),
269 2794 322 2841 et
347 2787 608 2857 quidquid
623 2796 830 2842 orantes
858 2787 1052 2858 petitis,
1074 2787 1268 2841 credite
1289 2787 1414 2855 quia
1431 2786 1719 2857 accipietis,

146 2892 188 2932 et
206 2878 292 2947 ﬁci
320 2879 461 2933 robis
487 2877 682 2950 (Marc.
720 2894 796 2945 xi,
829 2879 953 2950 2|).
977 2877 1109 2935 Pete
1127 2879 1290 2950 igitur
1317 2879 1474 2933 abeo
1508 2893 1719 2933 mecum

147 2973 397 3026 instanter
421 2979 476 3027 et
501 2971 717 3035 devote,
758 2982 816 3027 ut
843 2973 934 3028 det
965 2972 1059 3027 tibi
1091 2972 1142 3027 in
1166 2987 1265 3028 suo
1294 2969 1560 3026 famulatu
1593 2986 1720 3040 per-

145 3063 525 3131 severantiam,
573 3074 630 3120 et
675 3077 890 3134 semper
935 3065 1003 3119 ad
1033 3063 1256 3120 meliora
1295 3064 1596 3135 profectum
1623 3081 1638 3120 :
1666 3071 1722 3118 et

146 3155 191 3210 iu
221 3156 490 3227 corporali
519 3157 839 3228 aegritudine
867 3156 941 3210 ita
984 3155 1150 3211 iaciat
1185 3163 1374 3225 (tecum
1400 3156 1717 3227 (secundum

1830 1969 1946 2040 Ipse
1981 1969 2147 2032 enim,
2176 1967 2318 2022 sicut
2349 1967 2546 2038 legitur
2575 1967 2626 2020 in
2659 1967 2816 2031 Isaia,
2857 1968 2948 2019 dat
2985 1967 3124 2021 lasso
3151 1967 3413 2028 virtutem,

1825 2072 1872 2114 et
1903 2061 1984 2114 Itis
2019 2060 2108 2130 qui
2137 2076 2239 2113 non
2264 2069 2406 2124 sunt,
2435 2058 2798 2128 fortitudinem
2827 2067 2873 2111 et
2906 2059 3067 2110 robur
3094 2057 3412 2126 multiplicat

1826 2150 1960 2222 (Isa.
1995 2167 2082 2213 ιι,
2115 2149 2227 2219 9⁸)).
2268 2149 2406 2203 Audi
2445 2147 2608 2219 igitur
2635 2147 2764 2218 quid
2788 2147 2935 2202 dicat
2963 2145 3243 2217 Scriptura
3267 2161 3282 2199 :
3310 2144 3415 2210 Qui

1824 2243 1996 2296 mollis
2022 2251 2097 2296 est
2139 2251 2187 2295 et
2220 2239 2506 2294 dissolutus
2557 2240 2610 2293 in
2650 2255 2802 2307 opere
2839 2255 2957 2304 suo,
3000 2238 3167 2307 frater
3196 2247 3271 2290 est
3315 2252 3414 2290 sua

1826 2352 1998 2404 apera-
2023 2335 2328 2405 dissipantis
2355 2330 2538 2402 (Prov.
2571 2347 2724 2397 xvut,
2761 2329 2837 2401 9).
2885 2329 3002 2385 Noli
3041 2343 3162 2383 esse
3193 2326 3400 2382 inutilis

1825 2436 1879 2480 et
1911 2427 2170 2480 remissus
2206 2425 2258 2478 in
2293 2423 2399 2477 tuis
2419 2423 2698 2493 apcrilms,
2727 2423 2822 2476 sed
2845 2420 3172 2491 spiritualia,
3210 2428 3417 2488 quanto

1825 2515 2121 2570 studiesius
2170 2525 2223 2568 ct
2265 2515 2514 2568 devotius
2563 2514 2784 2583 poteris,
2818 2512 3119 2583 corporalia
3163 2525 3292 2564 vero
3319 2524 3418 2564 suo

1825 2615 2065 2676 tempore
2098 2606 2395 2676 impigreet
2417 2613 2622 2673 quanto
2650 2604 2836 2659 utilius
2867 2613 2922 2658 et
2953 2602 3148 2658 melius
3180 2600 3414 2665 valebis,

1824 2697 2076 2752 invocata
2130 2711 2346 2767 semper
2396 2694 2598 2750 auxilio
2643 2696 2828 2751 divino
2870 2708 3223 2764 prosequere.
3290 2691 3418 2747 llaec

1824 2788 2093 2843 meditare
2138 2789 2232 2841 :in
2279 2788 2364 2843 his
2414 2797 2568 2852 esto,
2618 2802 2687 2843 ne
2741 2787 2883 2842 forte
2935 2785 3120 2857 (quod
3151 2783 3324 2853 absit)
3369 2783 3416 2836 si

1824 2881 2135 2935 immundus
2155 2880 2380 2950 spiritus
2402 2891 2685 2934 vacantem
2720 2887 2772 2934 te
2802 2877 3094 2937 invenerit.
3124 2873 3418 2944 assumptis

1822 2971 1944 3027 aliis
1954 2971 2621 3043 spiritibus,naquioribns
2631 2978 2938 3026 revertatur
2960 2969 3013 3022 in
3034 2968 3251 3024 donmm
3273 2967 3418 3022 unde

1823 3066 2055 3132 exierat,
2086 3073 2142 3122 et
2186 3064 2320 3120 ﬁant
2355 3063 2653 3119 novissima
2701 3070 2789 3117 tua
2819 3060 3092 3117 deteriora
3121 3058 3414 3130 prioribus.

1822 3155 2220 3213 instantissime
2257 3163 2439 3211 autem
2467 3163 2524 3210 et
2573 3153 2922 3210 devodssime
2948 3160 3073 3224 pete
3103 3165 3134 3206 a
3162 3150 3414 3216 Dcmino,

143 3263 242 3303 sane
292 3250 488 3320 gratia:
544 3248 1024 3305 clementissimum
1083 3248 1526 3319 dispositionem)
1576 3249 1718 3304 sicut
1743 3237 1790 3301 C
1821 3250 1964 3304 utin
2005 3247 2278 3304 charltate
2318 3245 2551 3302 radicari
2591 3254 2646 3300 et
2692 3245 2910 3301 fundari
2942 3243 3226 3299 merearis.
3261 3239 3416 3308 Quod

144 3341 245 3409 ipse
288 3342 448 3397 novit
502 3342 597 3398 tibi
651 3342 930 3413 expedire,
977 3349 1032 3396 et
1064 3341 1301 3397 salutare
1333 3356 1478 3398 esse.
1504 3340 1571 3396 Et
1602 3340 1720 3396 haec

140 3433 348 3500 orando,
375 3434 552 3490 crede
592 3435 715 3504 quia
743 3433 828 3489 vel
864 3434 1095 3498 sanabit,
1141 3435 1225 3490 vel
1270 3434 1590 3499 sublevabit,
1633 3433 1718 3488 vel

139 3525 286 3580 citata
326 3534 513 3582 morte
561 3525 712 3582 llniet
762 3541 905 3582 eam.
962 3524 1098 3580 Nam
1140 3524 1375 3582 fortasse
1416 3527 1521 3582 hoc
1555 3525 1711 3581 novit

141 3613 374 3681 Satanas,
407 3625 477 3672 le
519 3616 727 3673 scilicet
763 3616 925 3672 citius
965 3618 1288 3671 moriturum
1317 3634 1331 3671 :
1360 3616 1484 3672 ideo
1506 3617 1582 3672 ita
1616 3616 1717 3670 im-

137 3703 379 3772 portunus
441 3716 542 3770 est,
592 3717 647 3762 Li
673 3707 766 3763 tibi
823 3709 1241 3777 perseverantiae
1297 3707 1499 3763 bonum
1543 3707 1714 3762 tollat.

135 3795 371 3854 Novimus
439 3797 588 3852 enim
632 3797 700 3852 de
752 3797 912 3852 domo
951 3797 1003 3852 in
1043 3813 1149 3868 qua
1181 3812 1260 3865 es,
1292 3805 1348 3852 et
1387 3798 1454 3853 de
1489 3795 1720 3852 Cartim-

141 3889 316 3954 siensi,
365 3899 435 3944 eL
484 3889 554 3945 de
605 3897 815 3954 nostra,
863 3898 918 3943 et
965 3889 1034 3945 de
1083 3889 1206 3944 aliis
1249 3889 1415 3960 hujus
1451 3889 1716 3960 propositi

141 3981 484 4047 particulares
525 3981 724 4047 exisse,
767 3997 998 4052 quorum
1045 3981 1287 4036 nonnulli
1339 3991 1462 4052 post
1513 3995 1717 4052 paucos

144 4074 286 4141 dies,
330 4075 502 4148 aliqui
546 4089 680 4130 "ero
735 4085 856 4145 post
900 4090 1104 4144 paucos
1165 4089 1380 4130 menses
1439 4072 1715 4128 obierunt.

143 4167 266 4223 Audi
334 4170 501 4240 igitur
567 4167 906 4241 Scripturam
973 4167 1294 4224 dicentem:
1334 4165 1502 4221 Crede
1561 4164 1713 4228 Deo,

144 4267 186 4311 et
227 4261 552 4333 recuperabit
603 4269 652 4313 te
684 4259 882 4330 (Eccli.
910 4275 978 4325 ιι,
1022 4260 1098 4330 6).
1150 4257 1218 4313 Et
1267 4257 1462 4312 iterum
1495 4255 1715 4311 :Bonus

145 4351 420 4422 Dominus,
479 4363 530 4409 et
594 4354 896 4423 confortans
961 4355 1016 4408 in
1068 4354 1152 4408 die
1209 4352 1596 4415 tribulationis,
1666 4359 1714 4404 et

141 4445 294 4501 sciens
313 4454 582 4515 sperantes
615 4445 670 4498 in
699 4461 754 4498 se
775 4444 1036 4516 (Nattam.
1062 4461 1101 4513 ι,
1127 4445 1204 4515 7).
1236 4445 1301 4500 Et
1353 4445 1520 4500 illud:
1551 4442 1715 4514 Spera

142 4533 189 4587 in
211 4551 288 4599 eo,
317 4548 362 4591 et
386 4538 498 4607 ipse
533 4535 690 4605 faciet
728 4533 899 4604 (Psal.
923 4547 1110 4597 xxxvr,
1144 4534 1220 4604 5).
1261 4517 1376 4588 Non
1400 4534 1537 4588 dixit
1584 4533 1713 4603 quid

1821 3356 1945 3397 com
1972 3339 2293 3405 obtinueris,
2336 3347 2465 3393 tunc
2508 3337 2674 3410 (sicut
2699 3336 2960 3406 scriptum
2989 3335 3094 3405 est)
3146 3349 3325 3388 curres
3366 3343 3414 3387 et

1818 3449 1924 3488 non
1948 3432 2230 3496 laborabis,
2265 3431 2560 3486 ambulabis
2587 3441 2635 3486 et
2663 3446 2766 3485 non
2786 3429 2997 3498 tle/ieies
3011 3426 3150 3498 (lsa.
3177 3441 3267 3491 ιι,
3286 3426 3399 3495 5|).

1819 3518 1876 3575 Si
1900 3518 2080 3574 credis
2103 3519 2290 3574 videre
2313 3519 2451 3573 bona
2483 3515 2698 3574 Domini
2726 3516 2778 3571 in
2808 3524 2952 3570 terra
2982 3513 3302 3576 viventium,
3328 3509 3416 3565 lae

1818 3614 1960 3683 quod
1973 3611 2220 3682 sequitur
2245 3627 2261 3666 :
2286 3610 2546 3682 Exspecta
2566 3605 3093 3675 Domintmz,rrrilitcr
3118 3621 3214 3675 age
3239 3603 3412 3675 (Psm'.

1817 3719 1971 3769 xxvi,
2001 3702 2112 3774 14),
2143 3710 2250 3758 etc.
2295 3699 2352 3756 Si
2388 3701 2471 3755 sic
2499 3699 2697 3769 egeris,
2732 3713 2854 3751 mox
2889 3695 3095 3764 Spiritu
3119 3692 3406 3763 principali

1816 3796 2195 3861 conﬁrmatus,
2234 3793 2346 3847 Deo
2371 3791 2574 3862 gratias
2613 3788 2820 3859 agendo
2845 3785 3174 3850 chuItabis,
3217 3794 3275 3838 ct
3303 3784 3410 3837 ini-

1819 3887 1974 3941 micis
2001 3885 2109 3940 tuis
2138 3881 2448 3945 insultabis,
2497 3881 2724 3934 dicens:
2759 3877 2863 3944 Qui
2890 3877 3148 3930 tribulam
3179 3891 3260 3929 me
3306 3874 3409 3928 iui-

1817 3979 1942 4032 mici
1971 3977 2104 4042 ntei,
2153 3975 2256 4045 ipsi
2291 3973 2546 4045 inﬁrmati
2585 3981 2707 4026 sunt
2737 3981 2784 4025 et
2813 3969 3109 4024 ceciderunt
3154 3967 3303 4037 (ibid.
3339 3967 3420 4034 l).

1818 4068 1886 4123 Et
1911 4069 2109 4124 lterum
2143 4083 2156 4119 :
2191 4065 2412 4136 Confusi
2439 4071 2584 4130 sunt,
2624 4063 2749 4134 quia
2777 4065 2982 4131 speravi
3004 4057 3154 4130 (Job.
3189 4072 3261 4123 ri,
3292 4056 3410 4125 9.0).

1817 4160 1931 4217 Deo
1962 4170 2142 4215 autem
2175 4158 2380 4231 gratias
2409 4155 2618 4228 agendo
2642 4155 2826 4211 dices:
2853 4151 3174 4217 Beuedicite,
3208 4159 3407 4221 gentes,

1818 4255 1987 4310 Deum
2009 4264 2244 4308 nostrum
2264 4250 2436 4325 (Psal.
2463 4249 2810 4317 uv,8),ctc.
2849 4245 3031 4314 Usque
3062 4254 3108 4297 ct
3139 4259 3244 4296 non
3267 4242 3410 4296 dedit

1816 4345 1872 4399 in
1923 4344 2317 4398 commotionem
2365 4345 2545 4412 pedem
2591 4355 2761 4394 meum
2817 4335 3093 4405 (ibid.9).
3127 4335 3310 4390 Addes
3357 4343 3415 4388 et

1817 4438 2026 4508 reliqua
2074 4452 2195 4507 qua:
2232 4445 2560 4506 sequuntur,
2613 4449 2785 4501 usque
2815 4430 2943 4486 illuc
2981 4444 2996 4483 :
3037 4430 3274 4484 Reddam
3321 4427 3413 4480 tit-i

1819 4541 1936 4586 vota
2006 4547 2119 4583 utea
2172 4544 2290 4598 qutc
2329 4529 2679 4581 distinxerunt
2736 4523 2877 4577 labia
2923 4537 3037 4575 mea
3081 4520 3244 4584 (ibid,
3286 4518 3411 4586 Μ).

143 4624 327 4684 faciet:
366 4631 460 4686 sed
493 4630 596 4685 hoc
628 4629 769 4694 ideo,
827 4636 885 4682 ut
921 4624 1342 4696 intelligeremus
1381 4642 1504 4682 eum
1533 4625 1714 4680 omnia
1749 4616 1793 4672 ὓ
1825 4626 1980 4690 Vale,
2021 4641 2117 4680 ora
2161 4639 2260 4696 pro
2295 4637 2400 4678 mc.
2433 4622 2619 4676 Saluta
2671 4621 2802 4676 mini
2844 4618 3102 4674 domuum
3142 4613 3412 4686 priorem,

145 4719 416 4796 facturum,
453 4739 579 4797 quae
604 4719 946 4796 sperantibus
979 4719 1030 4774 in
1074 4735 1132 4775 se
1160 4720 1465 4776 necessaria
1496 4730 1552 4775 et
1573 4718 1718 4775 saluo

1827 4731 1882 4778 et
1925 4719 2060 4776 alios
2097 4715 2408 4774 nominibus
2432 4715 2565 4771 suis.

1554 4989 1928 5010 ——.——-—.
2006 5008 2008 5011 .
