3984 6414
598 417 697 483 931

1131 417 1193 474 S.
1235 416 1325 472 DE
1356 408 1740 471 CHALMETO
1777 405 2032 464 CARTll.
2075 404 2181 460 PP.
2213 401 2381 460 MON.
2414 399 2630 458 EP.ST.
2676 398 2766 454 DE
2792 396 3084 454 PERSEV.
3135 393 3295 454 ORD.

3680 403 3747 460 ES!

633 548 3747 604 Μ

1055 608 2083 893 grumaim?

2101 629 3402 824 ne-.chme

2179 813 2432 840 Mn“.-.

1649 905 2073 967 CARTIIUSUE
2110 900 2499 961 PORTARUM
2537 895 2854 957 MONACHI

1939 1073 2522 1169 EPISTOLA

3508 680 3655 808 an

3061 869 3094 906 Ι

3447 1031 3747 1046 -ᾑμ

3167 897 3187 920 ν
3513 921 3522 936 ι
3601 912 3627 934 l‘
3647 908 3659 930 Ι
3735 895 3746 910 .

3025 920 3186 1020 Tali}:
3203 969 3380 1023 κιιαε
3437 937 3538 1026 at
3578 938 3734 1023 ("rei
3748 994 3783 1015 ι

1161 1306 1343 1420 DE
1403 1288 2588 1415 PERSEVERANTIA
2700 1282 3283 1401 ORDINIS

1533 1521 1625 1576 AD
1659 1513 1984 1575 NOVlTlOS
2019 1512 2081 1570 S.
2120 1508 2414 1568 SULPITII
2447 1507 2614 1566 0RD.
2647 1505 2966 1565 CISTERC.

1490 1678 1591 1752 (Ex
1621 1677 1806 1734 codice
1835 1690 1937 1731 ms.
1969 1675 2032 1730 S.
2053 1668 2298 1743 Augendi
2337 1667 2588 1724 Jurensis
2607 1681 2702 1724 seu
2735 1665 2794 1722 S.
2819 1665 3074 1737 Claudii.)

673 1951 1047 2009 Dilectissimis
1081 1952 1134 2004 in
1174 1947 1392 2004 Christo
1435 1944 1725 2007 fratribus,
1757 1942 2108 2005 Boxosmco,
2139 1947 2196 1994 et
2223 1945 2271 2005 Α
2297 1936 2412 2010 3|).
2446 1935 2574 1991 Noli
2601 1944 2739 1990 retro
2770 1933 3040 2001 respicere,
3091 1933 3171 1990 ait
3223 1933 3437 2007 angelus
3476 1935 3534 1992 ad
3565 1935 3666 2004 tot,
3701 1957 3754 1994 ne

608 2043 770 2099 sociis
790 2040 906 2110 ejus
929 2037 1069 2106 apud
1100 2037 1358 2092 Sanctum
1385 2033 1684 2103 Sulpicium
1704 2032 1756 2085 in
1785 2045 1964 2085 annua
1988 2031 2198 2086 exarui-

608 2135 826 2190 natione
875 2132 1086 2202 positis,
1139 2129 1450 2198 Stephanus
1500 2125 1566 2182 de
1613 2125 1943 2191 Cannam,
1989 2123 2198 2196 Spiritu

607 2225 889 2299 principali
921 2222 1260 2280 conﬁrmari.

683 2318 911 2385 Quidam
941 2315 1099 2370 amici
1125 2313 1289 2369 vestri
1318 2320 1650 2382 rogaverunt
1677 2310 1962 2382 me(supra
1985 2311 2036 2367 id
2055 2309 2198 2383 quod

609 2427 730 2465 sum
765 2411 997 2464 fortasse
1027 2421 1113 2462 me
1142 2404 1543 2474 existimantes)
1576 2413 1635 2458 ut
1665 2405 1731 2458 ad
1761 2404 2192 2470 conﬁrmandos,

609 2503 725 2557 sive
751 2498 1135 2555 coufortandos
1161 2513 1275 2557 vos.
1309 2511 1470 2565 quam
1495 2509 1707 2565 possem
1734 2511 1954 2565 operam
1987 2496 2196 2564 impen-

611 2595 816 2651 derem.
849 2591 1005 2649 Unde
1033 2605 1131 2661 ego
1161 2589 1346 2645 volens
1376 2605 1482 2644 non
1513 2597 1622 2642 tam
1645 2589 1938 2644 subvenire
1962 2589 2202 2644 necessi-

613 2687 711 2742 tati
735 2695 946 2749 vestrae,
962 2700 1121 2754 quam
1147 2699 1254 2738 non
1277 2683 1467 2739 deesse
1489 2682 1900 2746 charitati,cum
1916 2683 2200 2738 Dominum

614 2780 851 2852 priorem
879 2777 1292 2840 consuluissem,
1320 2776 1495 2831 visum
1519 2786 1604 2831 est
1631 2775 1679 2830 ei
1713 2785 1774 2830 ut
1803 2776 1917 2832 haec
1944 2775 2200 2832 schedula

612 2889 733 2929 meo
783 2872 1000 2928 nomine
1039 2871 1107 2925 ad
1162 2885 1260 2926 vos
1297 2869 1647 2940 dirigeretur.
1707 2867 1878 2939 Igitur
1922 2884 2030 2924 non
2099 2882 2201 2940 ego

609 2976 863 3035 tanquam
893 2951 1134 3020 emeritas
1166 2961 1373 3018 militia:
1387 2970 1943 3033 vetcranus,tyrones
1964 2962 2198 3029 instruo,

608 3057 704 3113 sed
740 3056 895 3125 quasi
954 3055 1108 3112 miles
1159 3055 1338 3110 adlmc
1385 3055 1453 3110 ad
1497 3069 1634 3109 nova
1679 3052 1814 3109 bella
1847 3054 2036 3119 rudis,
2079 3069 2200 3124 qua:

609 3149 674 3204 ad
700 3164 896 3215 meam,
919 3147 1144 3204 sicutad
1174 3155 1411 3204 vestram
1434 3160 1586 3216 aeque
1617 3144 1702 3200 vel
1729 3144 2198 3201 conﬁrmationem

606 3237 693 3293 vel
720 3237 1161 3292 exhortationem
1189 3235 1428 3299 valeant,
1458 3232 1696 3305 profero.
1733 3232 2001 3289 Debemus
2046 3247 2196 3304 ergo,

609 3343 723 3384 tam
751 3345 850 3400 ego
895 3345 1057 3400 quam
1095 3344 1212 3394 vos,
1251 3328 1448 3383 divinze
1485 3327 1627 3382 circa
1667 3341 1767 3382 nos
1807 3325 2198 3382 misericordia:

609 3420 1030 3490 opera-sollicita
1061 3420 1264 3489 pietate
1292 3417 1661 3474 considerare.
1685 3415 1927 3471 Primum
1952 3415 2194 3485 quidem,

610 3512 753 3583 quod
795 3527 900 3566 non
941 3511 1206 3566 conclusit
1259 3525 1359 3565 nos
1408 3508 1742 3562 inmanibus
1775 3506 2014 3571 inimici,
2057 3507 2200 3562 sicut

609 3616 1003 3666 merueramus,
1033 3609 1092 3655 ut
1112 3600 1282 3672 (juxta
1305 3597 1448 3668 quod
1472 3595 1735 3666 scriptum
1752 3604 1836 3650 est
1857 3594 2042 3668 [Αροσ.
2059 3611 2196 3662 xxn,

610 3693 725 3767 11])
755 3695 844 3764 qui
878 3693 928 3748 in
956 3690 1207 3748 sordibus
1231 3704 1470 3756 eramus,
1511 3688 1688 3744 adhuc
1716 3687 2154 3745 sordesceremus
2180 3703 2195 3754 ;

608 3787 704 3840 sed
729 3793 918 3841 contra
950 3783 1141 3840 merita
1172 3791 1378 3846 nostra,
1407 3797 1512 3838 non
1548 3779 1722 3846 solum
1746 3779 2195 3846 misericorditer,

2232 3297 2275 3352 B

2300 2028 2504 2083 steteris
2535 2028 2590 2080 in
2627 2026 2770 2080 omni
2800 2025 2914 2078 loco
2945 2027 3086 2078 circa
3137 2026 3426 2094 regionem,
3464 2027 3541 2080 sed
3580 2028 3622 2080 ia
3651 2043 3757 2082 om
3805 2019 3819 2034 ’

2300 2119 2501 2176 salvum
2529 2129 2578 2174 te
2601 2117 2687 2188 {ac
2717 2116 2870 2188 (Gen.
2901 2132 3017 2182 nx,
3049 2117 3159 2188 t7).
3187 2117 3290 2185 Qui
3315 2130 3522 2176 vocante
3553 2136 3626 2176 nos
3643 2121 3756 2176 dirius

2301 2211 2476 2282 gratia
2509 2219 2749 2266 montem
2777 2210 3218 2275 conscendimus,
3251 2211 3303 2264 id
3327 2220 3427 2277 est,
3453 2213 3638 2266 arduum
3658 2224 3757 2281 stone

2302 2317 2616 2373 supremum
2663 2301 2882 2356 virtutis
2917 2309 3080 2371 atque
3113 2300 3341 2370 justitize
3386 2303 3480 2358 iter
3517 2305 3756 2374 arripimus,

2303 2393 2566 2464 (Justitia,
2598 2393 2804 2463 inquit,
2836 2402 2926 2446 tua
2975 2393 3108 2447 sicut
3135 2403 3336 2449 montes
3374 2395 3464 2448 Dei
3490 2393 3628 2465 (l’sal.
3658 2412 3755 2460 xm,

2304 2486 2358 2547 7)
2387 2501 2491 2542 non
2524 2487 2784 2544 debemus
2811 2489 2878 2543 ad
2905 2493 3233 2562 campestria
3271 2493 3490 2563 regionis
3511 2494 3757 2556 descendere,

2305 2578 2358 2634 id
2381 2587 2484 2646 est,
2514 2580 2580 2634 ad
2605 2578 2849 2636 faciliora
2876 2581 3130 2651 qumiibet
3146 2593 3206 2640 et
3234 2585 3408 2640 minus
3431 2585 3646 2640 laboriosa
3662 2584 3760 2638 dali-

2304 2687 2457 2738 nare,
2496 2687 2562 2728 ne
2584 2673 2725 2730 forte
2764 2675 3040 2732 iuvolvant
3077 2693 3178 2733 nos
3227 2678 3462 2734 incendia
3493 2678 3759 2739 Sodomorum,

2304 2773 2398 2819 aut
2426 2779 2495 2820 ne
2519 2765 2663 2822 sicut
2684 2767 2818 2822 Abel
2847 2785 2878 2822 a
2906 2768 3071 2834 Cain,
3105 2770 3179 2825 ita
3212 2786 3312 2827 nos
3335 2787 3365 2825 a
3393 2771 3575 2826 diabolo
3606 2770 3759 2824 trucide-

2303 2871 2442 2911 mur.
2476 2857 2531 2912 In
2573 2874 2768 2930 campo
2816 2861 3017 2931 quippe
3057 2862 3199 2918 Abel
3242 2865 3448 2928 occisus
3490 2875 3574 2918 est.
3607 2861 3757 2930 Campus

2303 2956 2486 3004 autem
2517 2959 2601 3005 est
2621 2949 2728 3006 lata
2755 2960 2815 3007 ct
2845 2953 3081 3023 spatiosa
3111 2954 3222 3022 via,
3249 2971 3368 3026 qua:
3391 2956 3523 3012 ducit
3546 2955 3597 3010 ad
3615 2962 3760 3009 morte-

2301 3049 2358 3097 et
2385 3043 2935 3111 perditionem.Licet
2959 3061 3089 3120 ergo
3121 3063 3274 3107 mors
3297 3049 3426 3105 Abel
3451 3049 3642 3120 pretiosa
3664 3044 3762 3099 fuerit
3864 3103 3865 3114 χ

2303 3135 2358 3190 in
2389 3145 2682 3206 conspectu
2715 3137 2951 3205 Domini,
2975 3155 3080 3194 non
3118 3139 3416 3214 incongrue
3466 3151 3612 3196 tamen
3642 3149 3758 3192 eum
3864 3169 3865 3211 ἢ

2303 3225 2526 3281 exitium
2569 3226 2888 3298 intelligitur
2931 3229 3283 3298 signiﬁcare,
3333 3232 3422 3302 qui
3474 3230 3583 3287 nihil
3616 3229 3761 3284 ardent

2302 3317 2386 3372 vel
2432 3317 2760 3374 laboriosum
2807 3323 3212 3393 aggredientes,
3267 3324 3320 3391 in
3364 3337 3551 3392 campo,
3580 3321 3618 3375 id
3637 3318 3760 3381 estis

2301 3408 2408 3464 lata
2481 3412 2668 3467 mundi
2720 3413 2808 3466 via
2858 3430 2889 3466 a
2933 3413 3149 3472 diabolo
3204 3417 3544 3488 perimuntur.
3582 3411 3649 3467 Ait
3681 3421 3761 3478 etp

2300 3501 2562 3560 Dominus
2589 3505 2656 3558 ad
2693 3503 2932 3576 Moysem
2963 3523 2976 3560 :
3015 3506 3141 3562 Non
3172 3525 3362 3579 coques
3404 3508 3582 3563 nedum
3624 3504 3764 3557 inluta

2299 3599 2485 3652 matris
2533 3615 2646 3653 sua:
2691 3599 2871 3668 (ﬂent.
2903 3600 3170 3671 x1v,2|).
3234 3601 3452 3656 Nomine
3501 3600 3632 3672 igitur
3664 3593 3761 3655 belli.

2300 3687 2679 3758 intelliguntur
2706 3701 3041 3761 peccatores.
3093 3693 3245 3750 Haedi
3275 3695 3466 3766 quippe
3490 3695 3548 3748 ad
3580 3691 3762 3746 sinistram

2301 3780 2353 3835 in
2387 3779 2593 3849 judicio
2643 3783 2891 3851 stabunt,
2920 3795 2975 3840 et
3005 3785 3058 3839 in
3109 3784 3233 3853 lege
3285 3787 3462 3842 hircus
3504 3797 3586 3855 pro
3615 3791 3759 3851 peccato

606 3891 796 3932 verum
826 3877 990 3932 etiam
1030 3884 1284 3948 potenter
1325 3873 1513 3928 eduxit
1541 3889 1640 3930 nos
1667 3873 1735 3928 de
1763 3871 1884 3928 lacu
1938 3872 2195 3938 miserim,
2294 3871 2516 3943 jubctur
2543 3874 2728 3932 oll'erri
2761 3876 2918 3948 (Leu.
2953 3893 3114 3945 xxm,
3149 3879 3264 3951 19).
3295 3879 3400 3935 Lac
3424 3891 3537 3934 vero
3555 3872 3692 3930 matris
3709 3875 3758 3921 est

611 3976 670 4024 et
697 3969 763 4024 de
788 3967 902 4023 luto
926 3967 1096 4033 faecis,
1126 3965 1214 4022 ubi
1231 3963 1572 4034 jacebamus.
1597 3963 1799 4020 Deinde
1821 3962 1965 4034 quod
1991 3971 2196 4019 tantam

609 4059 768 4116 nobis
791 4059 972 4114 sobrie
996 4067 1051 4114 et
1087 4057 1262 4126 iuste,
1289 4065 1343 4111 et
1366 4055 1454 4126 pie
1484 4054 1699 4110 vivendi
1731 4055 2194 4126 opportunitatem

609 4152 910 4216 concessit;
935 4150 1298 4221 prazveniente
1343 4150 1641 4220 nos'gratia
1672 4165 1791 4216 sua,
1838 4157 1898 4203 ut
1925 4163 2032 4202 non
2063 4144 2200 4200 faci-

608 4242 745 4298 liora
771 4251 827 4298 et
856 4241 1060 4297 leviora
1083 4239 1310 4312 qua'que
1333 4240 1798 4312 pusillanimitatis
1821 4241 2013 4311 spiritu
2035 4239 2200 4309 elige«

609 4347 814 4398 remus,
831 4333 1055 4388 sedeam
1094 4332 1429 4404 potissimum
1463 4332 1733 4388 serviendi
1782 4331 2008 4388 Domino
2054 4331 2210 4390 viam.

607 4434 926 4484 constanter
949 4426 1387 4497 aggrederemur,
1420 4440 1542 4494 qua:
1566 4432 1770 4494 quanto
1791 4423 2017 4489 aretior,
2047 4432 2198 4479 tamo

607 4520 677 4577 ad
719 4519 950 4576 salutem
1011 4518 1236 4583 certior,
1290 4527 1496 4588 quanto
1557 4517 1729 4588 magis
1787 4518 1978 4583 ardua,
2047 4525 2198 4572 tanto

605 4615 874 4681 securior,
921 4621 978 4668 et
1024 4612 1091 4667 ad
1135 4610 1560 4682 perveniendum
1607 4609 2058 4682 compendiosior.
2091 4610 2196 4666 Pro
2223 4649 2266 4708 ο

605 4705 801 4777 quibus
827 4705 1077 4760 omnibus
1091 4704 1328 4759 debitam
1351 4703 1593 4774 quotidie
1613 4704 1909 4773 gratiarum
1923 4703 2194 4759 actionem

603 4799 678 4862 ei,
703 4798 794 4868 qui
833 4813 931 4852 nos
963 4797 1176 4851 vocavit
1205 4795 1526 4850 exhibentes
1565 4795 1848 4850 audiamus
1876 4794 2193 4865 Apostolum

604 4890 904 4946 dicentem:
936 4887 1228 4942 Hortamur
1257 4903 1347 4941 vos
1388 4903 1452 4940 ne
1487 4887 1541 4941 in
1582 4901 1808 4939 vacuum
1845 4885 2071 4955 gratiam
2098 4883 2196 4939 Dei

604 4983 867 5051 recipiatis
917 4979 1014 5053 (ll
1041 4980 1164 5036 Cor.
1197 4995 1282 5046 vt,
1310 4979 1399 5052 7).
1440 4979 1496 5035 lu
1535 4993 1768 5032 vacuum
1816 4977 2050 5049 gratiam
2101 4975 2194 5032 Dei

603 5073 793 5144 recipit
859 5073 1104 5145 quisquis
1155 5081 1316 5145 prout
1362 5072 1430 5128 ab
1473 5086 1541 5128 eo
1589 5070 2036 5142 praeparationem
2079 5069 2196 5126 sive

603 5168 1060 5236 opportunitatem
1105 5165 1316 5236 accepit
1370 5165 1558 5236 gratia:
1593 5163 1718 5230 Dei,
1757 5177 1864 5219 non
1911 5171 2193 5233 operatur.

603 5257 661 5314 In
705 5272 932 5313 vacuum
973 5257 1135 5311 etiam
1184 5258 1278 5313 Dei
1329 5258 1561 5329 gratiam
1608 5255 1823 5327 recipit,
1877 5255 1969 5325 qui
2025 5253 2194 5310 missa

601 5368 766 5410 manu
797 5352 865 5408 ad
895 5360 1137 5407 aratrum
1170 5361 1317 5407 retro
1351 5352 1570 5422 respicit
1597 5349 1751 5420 (Luc.
1778 5346 2191 5418 tx,62),quales

602 5446 840 5516 (dicente
866 5444 1110 5517 Domino)
1141 5460 1248 5500 non
1280 5454 1406 5500 sunt
1433 5445 1581 5518 digni
1611 5461 1710 5500 nec
1733 5444 1842 5514 apti
1871 5457 2040 5512 regno
2062 5441 2186 5496 Dei:

600 5537 849 5594 habentes
877 5537 1059 5608 (juxta
1091 5536 1445 5609 Apostolum)
1473 5539 1897 5600 damnationem,
1936 5533 2189 5606 quoniam

599 5630 823 5699 primam
848 5627 1007 5698 fidem
1033 5628 1238 5682 irritam
1271 5627 1502 5697 fecerunt
1527 5627 1595 5700 (I
1631 5627 1768 5683 Tim.
1797 5643 1860 5691 v,
1901 5624 2018 5695 l2).
2051 5624 2188 5681 Cum

601 5738 801 5795 magno
823 5723 1062 5796 pondere
1095 5731 1150 5780 et
1179 5725 1456 5780 tremenda
1491 5724 1687 5782 divina:
1725 5723 1875 5780 vocis
1902 5721 2190 5778 denuntia-

603 5815 746 5873 tione
773 5818 974 5875 dictum
1002 5826 1114 5877 est:
1143 5816 1453 5877 Mementote
1480 5820 1656 5875 uxoris
1685 5816 1814 5873 Loth
1850 5814 2012 5890 (Luc.
2041 5831 2183 5883 xvu,

2300 3965 2511 4024 facilior
2542 3968 2798 4025 Ecclesiae
2826 3970 3104 4038 doctrina,
3148 3973 3443 4030 secundum
3482 3982 3616 4041 quam
3642 3959 3763 4018 nterim

2298 4060 2691 4130 permittuntur
2737 4061 2940 4128 vivere,
2982 4063 3074 4132 qui
3108 4062 3258 4119 nulla
3294 4063 3469 4135 gravia
3496 4057 3646 4115 delicta
3669 4066 3762 4106 com-

2301 4151 2583 4206 miserunt.
2626 4150 2734 4206 Nos
2783 4167 2912 4223 ergo
2945 4163 3156 4223 quanto
3203 4154 3386 4209 minus
3426 4149 3694 4206 abstinemus
3722 4136 3762 4189 ab

2301 4239 2523 4307 illicitis,
2583 4250 2734 4298 tanto
2759 4241 2964 4311 justius
2995 4244 3150 4300 nobis
3180 4244 3558 4316 amputavimus
3581 4237 3700 4295 licita,
3718 4226 3759 4282 ad

2301 4329 2386 4386 lac
2442 4332 2634 4388 matris
2682 4333 2943 4390 Ecclesiae
2993 4335 3365 4404 pertinentia:
3399 4343 3452 4389 ut
3479 4333 3630 4402 dignos
3657 4317 3765 4393 Ρίεηί·

2301 4425 2484 4480 tentia:
2508 4424 2716 4481 fructus
2742 4425 3022 4493 faciendo,
3063 4429 3281 4484 veniam
3311 4444 3342 4483 a
3370 4426 3572 4483 Domino
3603 4429 3644 4475 et
3665 4415 3764 4472 misc-

2302 4519 2588 4574 ricordiam
2639 4534 3059 4590 consequamur.
3115 4520 3284 4592 Igitur
3331 4520 3477 4591 juxta
3520 4509 3762 4588 apostolicam

2300 4609 2757 4676 exhortationem,
2784 4611 3087 4676 videamus,
3117 4628 3181 4667 ne
3221 4613 3356 4682 forte
3395 4613 3455 4666 sit
3489 4611 3536 4664 in
3558 4606 3686 4674 aliqua
3702 4612 3761 4651 ιο·

2299 4712 2469 4758 strum
2495 4720 2586 4758 cor
2605 4703 2802 4759 nmium
2818 4705 3220 4772 incredulitatis,
3261 4703 3542 4761 discedendi
3561 4718 3587 4754 α
3609 4690 3763 4752 ﬁeri“

2298 4807 2346 4853 et
2371 4797 2695 4869 tvero(flebr.
2728 4816 2819 4866 tu,
2847 4799 2938 4871 12)
2971 4817 2984 4855 :
3026 4800 3118 4856 sed
3141 4802 3489 4856 adhortemur
3515 4788 3762 4855 noslaetittsﬂ5

2297 4905 2398 4963 per
2423 4891 2660 4963 singulos
2691 4892 2826 4966 dies,
2865 4900 2925 4947 ut
2963 4907 3070 4948 non
3106 4893 3409 4949 obduretur
3457 4889 3563 4960 quis
3589 4899 3633 4941 ex
3658 4874 3760 4933 nobis

2299 4981 2510 5039 fallacia
2547 4987 2776 5054 peccati.
2831 4985 2890 5040 Si
2944 5003 3049 5041 non
3079 4987 3300 5058 capiant
3335 5002 3431 5042 nos
3471 4978 3761 5040 blandimenti.

2300 5090 2422 5147 quze
2451 5077 2690 5148 Suggerit
2730 5086 2987 5146 tentator,
3023 5088 3082 5134 ut
3110 5079 3334 5135 seducat
3363 5095 3376 5132 :
3408 5078 3451 5134 si
3486 5089 3576 5130 non
3611 5065 3763 5122 terra!"

2299 5183 2399 5224 nos
2425 5182 2487 5223 ea
2516 5183 2637 5239 qua:
2669 5168 2901 5225 ditlicilia
2971 5179 3025 5226 et
3055 5170 3414 5228 intolerabilia
3455 5180 3560 5224 esse
3581 5149 3762 5234 ρτοροιιίίι

2297 5271 2357 5317 ιιι
2386 5261 2629 5334 frangat;
2663 5263 2955 5333 adjuvante
2993 5263 3251 5329 Domino,
3284 5263 3374 5335 qui
3406 5257 3631 5329 refugium
3654 5247 3761 5302 factus

2293 5363 2378 5409 est
2409 5353 2582 5421 nobis,
2620 5354 2777 5410 facile
2797 5370 2990 5411 omnes
3018 5355 3375 5412 tentationum
3408 5353 3601 5422 laqueos
3617 5347 3760 5409 sﬂPen'

2296 5443 2493 5500 bimus.
2523 5445 2579 5500 ln
2607 5445 2722 5515 ipso
2760 5446 2905 5502 enim
2935 5456 3215 5517 Sperantes
3239 5461 3344 5502 non
3371 5433 3759 5500 inlirmabitirrtll"c

2297 5537 2614 5609 deliuquent
2643 5552 2855 5603 omnes,
2891 5539 2984 5608 qui
3024 5550 3245 5609 sperant
3282 5539 3335 5592 in
3369 5551 3448 5592 eo.
3477 5527 3639 5587 Fidelis
3663 5529 3759 5609 nam:

2295 5643 2420 5700 que,
2449 5601 2541 5699 qui
2597 5644 2702 5684 non
2739 5601 2974 5700 patietur
3020 5601 3121 5686 nos
3182 5628 3374 5686 tentari
3425 5638 3570 5696 supra
3603 5616 3644 5671 id
3671 5601 3757 5703 qafd

2295 5697 2631 5792 possumus;
2714 5697 2928 5778 dicente
3019 5721 3277 5793 Apostolo
3316 5737 3332 5776 :
3391 5712 3620 5774 Patientia
3668 5697 3754 5795 to"?

2295 5816 2592 5876 πίθηαι-ἔα
2616 5825 2714 5885 est,
2740 5825 2795 5872 ut
2827 5815 3144 5874 voluntatem
3177 5815 3269 5872 Dei
3299 5813 3551 5886 facientes,
3575 5798 3756 5874 περαίαν

2222 5939 2277 5961 ’ἢ
2320 5955 2324 5959 .
