3984 6422
143 395 255 453 933

655 393 1002 451 APPENDLX
1038 387 1556 450 PROBATlONUM.
1598 420 1667 431 —
1709 388 1798 444 DE
1832 387 2086 446 TRlBUS
2121 387 2515 447 BERNABDIS
2553 387 2905 448 CARTIIUS.

3321 385 3439 452 953.

140 509 516 584 promissiones
557 507 758 581 (Hebr.
787 526 852 578 ς,
893 509 1020 579 '56).
1061 508 1169 564 Per
1212 509 1524 580 patientiam
1567 507 1732 578 igitur
1758 509 1808 569 Α
1838 503 1902 556 Et
1925 502 2122 557 iterum
2153 517 2166 553 :
2194 499 2256 557 Si
2280 501 2496 570 spiritus
2519 513 2822 571 potestatem
2868 504 3105 560 habentis
3136 509 3432 565 ascenderit

141 619 423 659 curramus
439 604 508 658 ad
519 603 838 673 propositum
865 601 1010 655 nobis
1035 611 1296 656 certamen
1318 598 1507 672 (Hebr.
1528 615 1627 664 xu,
1648 599 1728 669 l):

138 697 508 766 recogitantes
537 703 794 764 quantam
825 709 925 765 pro
954 692 1111 748 nobis
1134 729 1152 758 ,
1201 700 1256 747 et
1306 689 1646 762 patientiam,
1679 699 1735 744 et

139 785 508 841 obedientiam
538 799 709 854 usque
733 786 800 838 ad
826 781 1184 839 contumelias
1210 791 1265 837 et
1279 791 1508 836 mortem
1531 778 1733 845 crucis,

137 877 454 934 exhibuerit
482 877 765 944 Christus;
787 886 848 932 ut
875 891 980 931 non
1006 872 1294 944 fatigemur
1315 873 1514 929 animis
1536 871 1737 927 nostris

137 969 482 1026 deﬁcientes.
509 967 626 1025 Non
657 971 803 1025 enim
833 970 1040 1024 dictum
1075 977 1179 1033 est,
1209 967 1302 1038 qui
1335 967 1588 1037 coeperit,
1616 964 1733 1031 sed,

134 1061 235 1130 qui
267 1059 668 1130 perseveraverit
723 1075 886 1131 usque
941 1060 998 1114 in
1043 1059 1234 1128 ﬁnem,
1271 1058 1357 1112 llic
1410 1055 1588 1111 salvus
1639 1055 1736 1109 erit

136 1144 361 1222 (Matth.
386 1167 444 1218 χ,
471 1151 586 1222 22).
617 1152 752 1207 Cum
785 1159 967 1207 autem
1006 1149 1497 1221 ipsauinﬁrmitatis
1529 1155 1736 1203 nostra:

134 1243 478 1312 experientia
521 1242 815 1299 doceamur
859 1257 1024 1314 quam
1085 1257 1215 1298 vera
1274 1241 1344 1296 sit
1383 1239 1471 1294 illa
1521 1236 1735 1294 Domini

134 1334 446 1399 sententia,
481 1349 586 1403 qua
623 1334 796 1390 dicit:
831 1331 958 1389 Sine
996 1349 1077 1388 me
1122 1333 1251 1388 nihil
1287 1331 1504 1402 potestis
1545 1330 1723 1400 {acere

135 1420 344 1492 (Joau.
374 1438 443 1476 xv
465 1463 480 1488 ,
511 1423 579 1496 5)
605 1439 620 1489 ;
649 1439 771 1478 cum
820 1423 1194 1479 misericordia
1235 1421 1354 1491 ejus
1399 1419 1732 1491 przevenerit

133 1529 267 1580 nos,
307 1527 519 1570 certum
549 1525 633 1571 est
667 1515 811 1587 quod
850 1515 964 1586 ipse
1003 1531 1112 1571 non
1143 1514 1424 1570 subtrahet
1455 1513 1611 1568 nobis
1636 1528 1734 1566 au-

135 1605 337 1660 xilium
360 1607 547 1676 gratia:
573 1622 703 1672 suae,
733 1607 834 1662 nisi
869 1607 968 1678 ipsi
995 1606 1146 1678 prius
1161 1605 1592 1662 subtraxerimus
1615 1619 1732 1660 nos.

135 1693 304 1750 Unde
327 1696 379 1750 in
407 1710 637 1766 persona
665 1696 832 1768 ipsius
861 1699 1072 1754 Domini
1099 1698 1229 1753 dicit
1256 1696 1550 1767 Apostolus
1588 1712 1602 1750 :
1637 1695 1737 1751 Ju-

132 1796 258 1841 stus
283 1798 457 1843 autem
473 1805 616 1844 meus
643 1807 707 1845 ex
726 1790 831 1859 ﬁde
849 1791 968 1844 vivit
997 1789 1182 1861 (Hebr.
1203 1807 1255 1855 κ,
1269 1789 1541 1859 58).ριιοά
1554 1790 1596 1844 si
1609 1789 1736 1845 sub-

1853 611 2009 662 super
2054 605 2124 660 te,
2185 592 2358 648 locum
2414 609 2562 648 tuum
2606 613 2667 650 ne
2705 597 2965 652 dimiseris
3015 601 3207 667 (Ereti.
3248 620 3317 668 ι,
3349 605 3428 674 4).

1838 681 2105 750 Quoniam
2183 692 2366 738 autem
2413 684 2725 741 abundante
2774 687 3057 757 iniquitate
3120 691 3424 763 refrigescit

1839 773 2081 828 charitas
2111 773 2422 838 multorum,
2469 785 2526 830 et
2565 778 2782 846 quidam
2812 794 2844 832 a
2893 792 3145 851 serpente
3181 786 3387 842 seducti
3414 829 3430 853 ,

1838 874 1893 921 et
1923 880 1954 918 a
1985 875 2168 921 vestro
2224 877 2280 920 et
2331 883 2362 921 a
2393 877 2580 922 nostro
2629 871 2904 940 proposito
2944 873 3266 941 resilientes,
3310 878 3432 948 plus

1839 965 2038 1012 nocent
2091 957 2352 1013 seandalo
2418 975 2584 1028 quam
2633 961 2950 1031 profuerant
2997 970 3246 1040 exetnplo
3286 973 3430 1041 (non

1841 1043 2199 1102 formidantes
2228 1047 2375 1102 illam
2405 1049 2691 1107 dominicae
2733 1053 3163 1112 denrntiationis
3199 1071 3430 1116 tremen-

1838 1140 1994 1206 dam,
2036 1141 2443 1212 terribilemque
2517 1147 2840 1201 sententiam
2885 1164 2991 1218 qua
3058 1151 3302 1209 dicitur:
3344 1151 3433 1208 Va:

1839 1232 2040 1287 homini
2085 1250 2177 1302 per
2203 1251 2354 1305 quem
2395 1237 2706 1291 scandalum
2741 1241 2877 1294 venit
2908 1240 3124 1311 (Jfattli.
3149 1259 3308 1309 xvttt,
3333 1246 3386 1314 7)
3413 1262 3430 1312 ;

1839 1335 2036 1378 cavere
2060 1321 2216 1378 valde
2249 1324 2508 1380 debemus
2540 1340 2608 1380 ne
2633 1326 2752 1396 plus
2788 1330 3064 1398 perturbet
3107 1347 3206 1386 nos
3235 1348 3434 1402 pauco-

1840 1431 1960 1470 rum
1989 1422 2140 1471 retro
2173 1417 2487 1472 abeuntium
2516 1418 2738 1482 levitas,
2767 1431 2822 1475 et
2860 1423 3238 1488 inconstantia.
3267 1442 3432 1495 quant

1839 1507 2122 1561 confirmet
2175 1506 2466 1564 multorum
2547 1513 3012 1579 perseverantium:
3071 1516 3311 1584 gravitas
3379 1525 3436 1570 ct

1840 1599 2166 1651 constantia.
2223 1597 2334 1652 Imo
2390 1613 2521 1654 vero
2569 1600 2710 1655 sicut
2769 1601 2931 1656 debet
2987 1619 3087 1661 nos
3171 1606 3432 1662 roborare

1840 1687 2108 1742 bonorum
2169 1691 2601 1759 perseverantia,
2656 1701 2716 1746 ut
2793 1705 3206 1763 perseveranter
3267 1708 3433 1768 atque

1843 1777 2072 1832 viriliter
2092 1788 2331 1846 stemus;
2381 1781 2456 1836 ita
2485 1782 2644 1837 debet
2692 1799 2791 1839 nos
2847 1796 3038 1841 cautos
3077 1795 3130 1841 et
3178 1787 3438 1844 sollicitos

132 1879 366 1932 traxerit
378 1893 452 1944 se,
470 1896 572 1934 non
586 1879 807 1950 placebit
820 1882 1012 1936 animae
1031 1897 1178 1936 mete.
1197 1881 1319 1934 Mox
1336 1896 1467 1936 vero
1487 1895 1553 1936 ex
1574 1896 1670 1936 sua
1686 1889 1742 1936 et

1851 1865 2080 1922 reddere
2145 1881 2526 1936 perversorum
2577 1873 2878 1940 apostasia,
2930 1890 2998 1930 ne
3035 1876 3318 1932 cadamus.
3372 1879 3438 1933 Et

129 1969 442 2024 electorum
457 1984 587 2025 voce
601 1971 931 2040 subjungens
943 1969 1231 2041 Apostolus
1245 1967 1403 2034 :Nos,
1419 1971 1611 2040 inquit,
1626 1970 1741 2041 fra-

136 2071 284 2125 tres,
313 2077 416 2115 non
437 2078 618 2117 sumus
646 2061 1017 2132 subtractionis
1035 2061 1160 2130 ﬁlii,
1187 2062 1243 2115 in
1265 2060 1632 2128 perditionem,
1653 2059 1744 2114 sed

125 2149 293 2219 ﬁdei,
317 2152 371 2206 in
395 2152 790 2222 acquisitionem
817 2152 1014 2206 animae
1045 2151 1221 2222 (ibid.,
1246 2152 1361 2220 59).
1397 2149 1605 2218 Quibus
1625 2165 1745 2205 ver-

127 2239 230 2296 bis
251 2240 386 2296 satis
410 2238 1057 2307 terribiliterinsinuavit,
1091 2239 1184 2310 qui
1234 2239 1344 2295 sint
1384 2237 1480 2292 lilii
1521 2239 1742 2293 subtra-

125 2343 182 2386 ct
195 2331 364 2397 iouis,
376 2346 470 2388 eos
482 2346 604 2388 esse
615 2334 778 2388 etiam
793 2332 931 2387 filios
945 2332 1280 2402 perditionis.
1298 2329 1410 2386 Nisi
1426 2339 1605 2386 autem
1619 2345 1743 2386 cum

126 2421 327 2476 debita
351 2424 752 2492 perseverantia
781 2423 940 2494 digne
961 2421 1434 2487 ,ambnlaverimus
1456 2421 1742 2476 vocatione

125 2527 250 2583 qua
269 2512 442 2568 vocati
470 2526 674 2577 sumus,
698 2513 910 2568 dicente
929 2512 1174 2582 apostolo
1200 2512 1393 2568 Petro:
1413 2511 1603 2565 Metius
1628 2519 1741 2565 erat

127 2604 292 2658 nobis
306 2619 408 2658 non
421 2619 728 2676 cognoscere
753 2603 889 2658 viam
901 2602 1148 2672 justitiw,
1167 2619 1326 2673 quam
1353 2611 1466 2671 post
1479 2599 1738 2670 cognitio-

128 2711 263 2750 nem
288 2705 574 2751 retrorsum
619 2695 849 2750 converti
870 2693 956 2767 (II
983 2692 1130 2750 Petr.
1152 2709 1226 2762 ιι,
1247 2692 1359 2762 21).
1395 2691 1550 2748 Unde
1575 2690 1740 2747 etiam

130 2785 404 2842 Salomon
434 2804 448 2842 :
485 2785 634 2842 Sicut
657 2785 806 2842 canis
840 2786 928 2857 qui
957 2785 1241 2866 revertitur.
1259 2785 1329 2840 ad
1367 2787 1638 2850 vomitum,
1665 2783 1740 2839 sic

131 2879 476 2950 imprudens,
519 2881 612 2952 qui
659 2881 813 2936 iterat
852 2880 1133 2937 stultitiam
1175 2894 1325 2935 suam
1371 2876 1558 2951 (Prov.
1581 2895 1735 2944 xxvi,

130 2969 258 3042 Η).
290 2971 467 3042 Atque
491 2971 687 3027 iterum
713 2989 728 3028 :
774 2970 864 3026 Vir
889 2973 978 3044 qui
1008 2971 1262 3027 erraverit
1290 2988 1322 3024 a
1356 2972 1438 3024 via
1459 2971 1738 3036 doctrinm,

128 3063 196 3115 in
249 3072 381 3116 carm
438 3063 712 3134 gigantum
758 3063 1172 3118 commorabitur
1218 3059 1402 3134 (Prov.
1449 3077 1578 3126 xxi,
1625 3061 1735 3129 16).

132 3150 248 3207 Hic
273 3165 403 3208 vero
433 3152 653 3208 nomine
699 3153 998 3224 gigantum,
1049 3152 1289 3224 superbi,
1338 3160 1502 3223 atque
1545 3167 1575 3205 a
1625 3151 1736 3205 Deo

1841 1955 1992 2025 juxta
2045 1959 2258 2014 Domini
2306 1975 2491 2014 vocem
2524 1961 2574 2016 in
2633 1963 2941 2032 Evangelia,
2981 1966 3110 2034 ﬁant
3155 1969 3437 2022 novissima

1848 2059 2027 2102 nostra
2079 2049 2342 2105 deteriora
2362 2053 2625 2121 prioribus
2657 2053 2871 2124 (Matth.
2889 2073 2986 2119 xu,
3012 2057 3122 2128 45).
3143 2057 3218 2113 De
3241 2071 3439 2116 czetero

1845 2137 2141 2209 Scripturis
2182 2144 2384 2199 sanctis
2426 2144 2693 2214 legendis,
2723 2147 3028 2216 audiendis,
3071 2151 3435 2215 meditandis,

1845 2247 1978 2289 aure
2003 2233 2314 2290 fidelissima
2345 2237 2607 2296 debemus
2643 2241 2944 2309 intendere,
2993 2251 3051 2298 et
3087 2243 3348 2313 quidquid
3377 2244 3436 2300 in

1843 2325 1924 2380 eis
1977 2325 2383 2394 invenerimus,
2426 2330 2494 2384 de
2539 2317 2867 2386 destruenda
2918 2348 3016 2402 per
3075 2333 3435 2388 humilitatem

1844 2419 2197 2487 superbia,de
2210 2421 2514 2491 superanda
2531 2437 2626 2492 per
2647 2424 3148 2480 mansuetudiniset
3162 2426 3437 2494 patientia:

1841 2509 2121 2567 lenitatem
2148 2514 2430 2569 iracundia
2453 2515 2533 2570 vel
2567 2505 2925 2586 impatientia,
2970 2517 3037 2572 de
3077 2516 3309 2584 fuganda
3341 2534 3438 2589 per

1841 2599 2115 2657 fervorem
2145 2605 2370 2675 spiritus
2407 2607 2643 2674 torporis
2675 2616 2727 2662 et
2759 2609 2961 2678 teporis
2991 2607 3344 2679 negligentia,
3369 2612 3436 2666 de

1842 2693 2150 2763 repellendo
2170 2710 2266 2766 per
2292 2697 2644 2769 benignitatis
2673 2699 2905 2770 gratiam
2959 2700 3130 2756 livore
3181 2700 3431 2771 invidae;
3513 2742 3519 2750 .

1843 2785 1910 2841 de
1953 2787 2218 2842 calcando
2255 2803 2354 2858 per
2394 2790 2763 2846 testimonium
2803 2792 3154 2848 conscientia:
3189 2793 3430 2863 appetitu

1843 2877 2021 2933 inanis
2047 2877 2258 2950 glorim,
2288 2881 2356 2934 de
2386 2881 2651 2962 orationis
2680 2883 2963 2948 instantia,
2991 2885 3060 2940 de
3091 2883 3209 2960 jugi
3248 2886 3433 2942 cordis

1841 2979 1895 3024 et
1915 2970 2028 3025 oris
2065 2971 2312 3025 custodia
2363 2971 2432 3026 de
2482 2957 2954 3043 apprehendendis
2988 2957 3224 3046 quatuor
3263 2978 3437 3032 virtu-

1842 3059 2008 3124 tibus,
2034 3060 2347 3130 prudentia,
2376 3062 2756 3132 temperantia,
2788 3062 3110 3122 fortitudine
3129 3106 3144 3130 ,
3196 3075 3254 3122 et
3274 3065 3437 3136 justi-

1844 3149 1952 3214 tia;
1994 3150 2061 3204 de
2085 3149 2422 3206 observanda
2448 3151 2503 3206 in
2534 3152 2777 3218 incessu,
2821 3153 2875 3208 in
2899 3155 3148 3223 silentio,
3183 3157 3235 3212 in
3263 3157 3429 3213 collo-

130 3243 333 3310 alieni,
356 3244 441 3301 vel
469 3245 761 3313 daemones,
789 3245 872 3301 vel
901 3245 1148 3301 homines
1172 3243 1570 3315 significantur.
1594 3242 1731 3312 Quia
1760 3247 1804 3310 ρ
1835 3239 1992 3308 quio,
2027 3240 2079 3294 in
2109 3241 2256 3295 omni
2289 3250 2437 3296 statu
2462 3250 2520 3296 et
2548 3245 2993 3315 actu,.gravitate
3033 3257 3088 3301 et
3127 3248 3428 3314 modestia;

132 3348 280 3388 vero
303 3334 522 3405 quidam
553 3349 676 3390 cum
701 3335 768 3391 ad
801 3345 1046 3392 nostrum
1075 3335 1161 3391 vel
1193 3343 1438 3390 vestrum
1491 3335 1742 3406 proposi-

1844 3335 1911 3388 de
1948 3333 2170 3388 vitando
2188 3347 2285 3403 per
2310 3333 2538 3390 sincera:
2566 3335 2887 3394 obedientia
2928 3337 3336 3406 subiectionem.
3377 3342 3432 3394 in

133 3424 556 3494 tumtvenerint,
589 3427 762 3485 solent
788 3428 870 3484 vel
902 3427 968 3484 de
1015 3436 1202 3483 nostro
1230 3425 1298 3480 ad
1346 3434 1610 3490 vestrum,
1654 3423 1739 3478 vel
1841 3424 2162 3481 obedientize
2185 3424 2350 3491 malo,
2385 3426 2450 3482 de
2485 3426 2946 3497 apprehendetido
2975 3428 3155 3485 debite
3195 3445 3316 3484 cum
3347 3429 3436 3500 pio

132 3518 216 3574 de
241 3526 422 3574 vestro
466 3519 534 3575 ad
562 3531 810 3580 nostrum
863 3520 1139 3590 suspirare
1166 3536 1182 3587 ;
1213 3533 1281 3575 ne
1320 3533 1450 3574 vero
1489 3527 1546 3574 et
1583 3517 1740 3574 nobis
1838 3517 2082 3589 profectu
2100 3519 2522 3588 perseverantiae
2536 3520 2998 3591 bono;postremo
3017 3522 3084 3577 de
3111 3537 3334 3592 ea,qu'.e
3349 3533 3437 3577 est

131 3609 454 3680 huiusmodi
483 3613 922 3686 suggestionibus
943 3622 1176 3669 tentator
1210 3612 1424 3679 illudat,
1448 3611 1736 3667 audiamus
1840 3611 2022 3666 omnis
2051 3611 2539 3667 consummationis
2566 3611 2688 3667 linis
2712 3621 2768 3667 et
2795 3605 2929 3682 legis
2957 3612 3253 3682 plenitudo,
3303 3611 3434 3668 cha-

129 3703 462 3772 Apostolum
503 3706 811 3762 dicentem:
839 3704 1177 3777 Unusquique
1217 3707 1272 3759 in
1313 3721 1418 3776 qua
1464 3703 1734 3759 vocatione
1843 3701 2049 3766 ritate;
2081 3700 2240 3756 debet
2292 3699 2620 3770 quotidianis
2664 3716 2848 3756 coram
2887 3702 2995 3757 Deo
3020 3701 3351 3772 profectibus
3379 3710 3438 3756 et

131 3804 360 3849 vocatus
385 3804 480 3862 est,
513 3797 568 3852 in
597 3814 660 3853 ea
706 3807 1011 3867 permaneat
1055 3797 1108 3868 (Ι
1147 3795 1270 3852 Cor.
1295 3795 1531 3867 “1.20).
1576 3793 1731 3852 Unde
1850 3793 2226 3858 incrementis,
2272 3793 2323 3847 in
2370 3794 2786 3849 conversatione
2835 3802 2890 3848 et
2931 3793 3174 3850 moribus
3231 3791 3438 3848 nostris

132 3885 437 3944 Salomon:
468 3887 618 3944 Sicut
663 3891 776 3946 avis
826 3890 1211 3960 transmigrans
1251 3890 1315 3945 de
1348 3888 1471 3942 nido
1506 3903 1624 3954 suo,
1653 3889 1726 3941 itu
1835 3900 2118 3956 apparere.
2137 3885 2554 3940 Valcte.Vestris
2569 3894 2623 3940 et
2638 3887 2803 3942 totius
2820 3886 3438 3966 sancticonventusora-

129 3987 190 4034 et
218 3979 298 4034 vir
347 3979 438 4050 qui
483 3980 726 4053 relinquit
784 3980 956 4036 locum
983 3996 1139 4035 suum
1206 3979 1398 4052 (Prov.
1430 3994 1600 4044 xxvii,
1631 3979 1721 4050 8).
1846 3979 2105 4047 tionibus,
2137 3994 2237 4050 per
2261 3979 2708 4035 interventionem
2733 3990 2970 4034 vestram
2996 3978 3437 4035 mecommendo-

745 4184 1337 4282 EPISTOLA
1413 4187 1761 4278 ALEXt

1840 4185 2117 4276 NDRI
2194 4183 2532 4274 ΡΑΡΑΞ
2608 4183 2754 4272 ΙΙΙ

645 4338 732 4402 ω
766 4338 1173 4404 Arthaudum
1208 4338 1492 4420 priorem
1529 4335 1843 4411 Alverite,
1877 4335 1958 4399 de
1991 4335 2342 4400 schismate
2380 4333 2556 4398 illius
2595 4332 2928 4414 temporis.

136 4103 3411 4134 ————-———-—-—————————————————————————~—————-———-<

977 4503 1080 4576 (Ex
1104 4503 1345 4560 Archivo
1381 4501 1576 4558 domus
1604 4500 1862 4564 Alveriai,
1885 4500 2096 4556 ordinis
2117 4497 2580 4568 Carthusiensis.)

1581 4601 1960 4622 ﬂ

206 4722 538 4777 Aunnnen
568 4719 872 4790 episcopus,
902 4731 1093 4774 servus
1117 4730 1397 4772 servorum
1431 4715 1548 4779 Dei,
1585 4712 1784 4770 dilecto
1810 4711 1922 4767 lilio
1957 4710 2026 4765 A.
2067 4710 2266 4781 prioris
2291 4708 2524 4766 Alveriae
2553 4707 2783 4764 salutem
2812 4715 2860 4761 et
2887 4704 3237 4776 apostolicam
3261 4703 3428 4761 bene-

134 4815 457 4872 dictionem.
490 4815 622 4870 Dum
650 4814 794 4884 piam
823 4809 1248 4882 simplicitatem,
1277 4816 1386 4863 etc.
1419 4806 1600 4878 (Hanc
1620 4805 1771 4876 epist.
1800 4806 1916 4861 vide
1936 4805 2073 4859 inter
2093 4820 2211 4874 opp.
2252 4802 2540 4858 Alexandri
2561 4801 2646 4856 PP
2675 4799 2786 4869 111.)

168 4923 3412 4964 ____________________.___,__________________..__

1432 5023 2090 5120 APPENDIX.

133 5183 556 5250 Probationes
595 5199 814 5247 eorum
853 5187 1192 5246 continens
1231 5194 1376 5259 quae
1417 5178 1496 5259 de
1533 5175 1740 5259 tribus
1775 5169 2118 5259 Deynardis
2160 5171 2494 5259 Portarum
2539 5167 2886 5259 prioribus.
2933 5173 2994 5231 et
3027 5165 3128 5232 his
3166 5167 3424 5249 illigato

802 5261 1162 5333 Nantelmo,
1202 5249 1273 5320 ἱιῖ
1325 5255 1699 5337 praefatione
1740 5253 1817 5315 ad
1854 5251 2158 5312 lectorem
2191 5249 2515 5328 disputata
2551 5253 2726 5311 sunt.

134 5388 191 5447 1.
231 5417 304 5430 --
336 5385 635 5442 Rainaldus
679 5383 910 5438 reclusus
955 5381 1135 5436 Sancti
1181 5377 1524 5450 Ragniberti,
1577 5377 1721 5432 circa

619 5472 814 5511 annum
853 5452 1048 5510 Christi
1086 5451 1242 5507 1154.

1831 5373 1990 5444 liquit
2020 5390 2034 5425 :
2065 5371 2374 5444 iuravitque
2409 5371 2462 5426 in
2499 5387 2663 5427 manu
2697 5370 2944 5427 Bainaldi
2997 5371 3193 5427 reclusi
3237 5370 3425 5427 Sancti

1833 5464 2148 5534 Bagniberti
2171 5506 2185 5531 ,
2218 5463 2431 5519 ﬁdelem
2471 5464 2551 5520 eis
2590 5464 2891 5534 adjutorem
2931 5473 2988 5518 et
3021 5464 3256 5518 amicum
3283 5461 3420 5517 fore.

1832 5556 1901 5612 Et
1937 5557 2060 5611 inde
2101 5556 2295 5610 habuit
2332 5564 2445 5610 tres
2480 5557 2704 5624 solidos,
2739 5555 3023 5613 duodecim
3061 5569 3341 5616 nummos.
3368 5565 3425 5608 et

1830 5659 2037 5721 septem
2066 5649 2338 5704 denarios.
2367 5649 2560 5705 Testes
2597 5649 2907 5704 Bernardus
2937 5647 3216 5702 Pot-tarum
3246 5646 3418 5716 prior,

1831 5741 1986 5813 Hugo
2011 5750 2332 5814 procurator
2361 5741 2612 5814 Majorevi
2630 5781 2646 5808 ,
2677 5750 2734 5796 et
2756 5739 3089 5796 Donatianls
3119 5736 3422 5794 monachus

1831 5833 2019 5896 Sancti
2049 5835 2387 5910 Ragniberti.

399 5615 499 5685 (Ex
533 5614 800 5671 tabulario
827 5610 1128 5668 Carthasim
1157 5608 1460 5680 Majorevi.)

210 5753 384 5811 ϐωυο
425 5753 490 5809 de
518 5752 736 5810 Aranda
769 5765 985 5808 omnem
1017 5747 1348 5806 calumniam
1397 5759 1560 5814 quam
1610 5741 1724 5798 fra-

139 5847 315 5903 tribus
341 5845 593 5915 blatorevi
625 5843 855 5901 faciebat
887 5857 1051 5914 super
1088 5839 1308 5913 pascuis
1337 5852 1545 5925 eorum.
1565 5836 1724 5924 dere:
