3984 6416
639 387 750 445 935

613 497 616 500 ⁴
711 499 1196 561 IL—Bernnrdus
1226 500 1291 552 de
1325 497 1502 552 Portis
1522 539 1537 562 ,

750 610 753 612 -
855 575 1092 644 episcopo
1121 569 1420 635 Bellicensi,
1447 565 1588 623 anno
1611 565 1809 622 Christi
1841 566 2004 622 1H7.

907 684 1010 755 (Es
1036 681 1302 737 tabulario
1324 678 1626 736 Carthusite
1657 677 1958 751 Majorevi.)

659 816 663 820 -
709 779 1034 834 Bennannus
1075 775 1141 830 de
1185 773 1383 836 Portis,
1421 771 1706 826 Portarum
1745 759 1894 841 prior
1931 770 2128 838 dictas,
2170 771 2226 827 in

642 871 862 929 Christo
898 866 1259 924 dilectissimis
1292 865 1590 920 Huneanro
1627 863 1796 934 priori
1835 862 2120 933 Majorevi,
2170 875 2227 920 et

645 962 903 1018 fratribus
929 960 1046 1030 ejus
1075 957 1300 1012 salutem
1332 965 1384 1011 ct
1411 972 1572 1012 omne
1602 956 1834 1012 bonum.

715 1051 910 1107 Notum
953 1051 1022 1104 sit
1054 1047 1208 1104 vobis
1246 1048 1387 1117 quod
1433 1046 1498 1102 ϐ.
1553 1045 1620 1102 de
1672 1045 1936 1101 Benuutia
1983 1044 2226 1100 laudavit

643 1139 902 1210 quidquid
938 1147 1092 1208 pater
1127 1145 1262 1192 suus
1303 1136 1458 1191 vobis
1497 1145 1756 1206 perpetuo
1789 1143 2137 1189 concesserat
2172 1134 2226 1212 in

645 1239 827 1284 monte
859 1229 925 1283 de
953 1227 1261 1284 Chevillaco
1283 1267 1299 1292 ,
1339 1226 1405 1280 ad
1439 1241 1614 1282 meam
1652 1225 2065 1295 requisitionem
2104 1240 2229 1282 cum

643 1321 818 1374 adhuc
846 1309 1170 1373 Bellicensis
1185 1318 1472 1388 episcopus
1503 1315 1695 1370 forem.
1736 1314 2000 1370 Promisit
2027 1317 2234 1386 pariter

644 1409 784 1463 idem
804 1409 1058 1464 Giraldus
1087 1409 1240 1463 vobis
1265 1421 1480 1462 omnem
1515 1404 1828 1461 fidelitatem
1863 1415 1919 1461 et
1941 1415 2229 1462 mannten-

643 1499 846 1567 tionem
877 1499 1088 1554 cunctis
1118 1497 1330 1562 diebus,
1363 1497 1504 1552 sicut
1529 1505 1685 1566 pater
1715 1511 1846 1552 suus
1873 1495 2230 1568 promiserat.

1154 378 1496 452 API’ENDIX
1527 375 2056 436 PROBATIONUM.
2091 407 2161 418 -—
2191 375 2282 432 DE
2329 373 2582 433 TRIBUS
2623 373 3017 433 BERNARDIS
3059 373 3398 436 CARTHUS.
3717 390 3780 447 εδδ
3874 359 3875 390 1

1578 497 1726 566 prior
1763 495 2055 550 Portarum
2083 510 2150 550 ex
2250 497 2298 560 Α
2329 492 2400 549 ab
2429 493 2813 549 lnearna‘tione
2851 491 3066 548 Domini
3100 493 3381 550 millesimo
3413 498 3658 555 centesimo
3682 518 3780 563 seu.

2333 586 2543 658 gesimo
2569 593 2788 656 quarto.
2827 584 3199 643 lnterfneruut
3224 596 3400 644 autem
3425 588 3537 646 huic
3553 591 3781 655 deterruiss-

2334 675 2466 730 tioni
2498 688 2713 730 mecum
2742 674 2820 729 hi.
2853 673 3173 732 Guillelmus
3205 676 3684 748 capellanus-noster,
3711 703 3780 744 no.

2333 767 2543 823 nachus
2598 766 2910 822 Portarum.
2971 767 3226 836 Magister
3278 769 3540 826 Ansehnus
3582 779 3780 837 ωιιοιιίωι

2334 859 2666 923 Bellicensis,
2687 859 2934 915 Andreas
2949 861 3110 916 etiam
3135 859 3317 916 Sancti
3347 863 3546 934 Sulpicii
3563 871 3781 936 monachus,

2333 960 2388 1006 et
2428 949 2730 1006 Willencus
2771 951 3096 1007 monachus.
3147 953 3223 1007 De
3271 951 3520 1025 Majorevo
3556 956 3781 1019 ﬂantem

2334 1040 2514 1110 prior,
2550 1046 2608 1094 et
2660 1038 2817 1112 [lngo
2850 1049 3204 1111 procurator,
3237 1045 3504 1112 conversi,
3537 1046 3780 1116 Bontullk‘ts,

2333 1130 2613 1202 Philippus
2649 1131 2950 1198 Girardus,
2999 1130 3303 1189 Willehnus
3341 1152 3356 1189 :
3393 1135 3649 1193 sacerdotes
3670 1153 3780 1196 sact-

2335 1223 2500 1292 lares,
2545 1224 2808 1281 Vicardus
2833 1225 2905 1280 de
2933 1224 3200 1291 Balmeto,
3227 1225 3484 1284 Jordanus
3505 1239 3553 1284 et
3575 1229 3779 1286 Willelnns

2335 1314 2404 1369 de
2428 1314 2642 1370 Brenno
2664 1354 2681 1380 ,
2717 1313 3048 1370 Humbertus
3079 1315 3151 1372 de
3179 1314 3379 1382 Burco,
3415 1316 3518 1372 Ilua
3536 1329 3579 1372 et
3598 1318 3780 1380 Johannis

2335 1406 2403 1461 de
2437 1406 2672 1461 lsinana.
2710 1406 2906 1464 Milites
2954 1421 3083 1462 vero
3117 1405 3273 1477 llugo
3309 1417 3364 1463 et
3391 1407 3618 1466 Vicardus
3639 1413 3784 1469 deiid-

2333 1511 2453 1561 ma,
2477 1496 2745 1553 Aalardus
2777 1497 2848 1552 de
2887 1496 3186 1566 Biliniaco,
3217 1499 3498 1554 (ἔκπιθι-ἰαῦ
3527 1503 3581 1556 de
3605 1501 3782 1575 Balnea,

639 1589 756 1647 lloc
785 1601 964 1647 autem
992 1590 1192 1646 factum
1223 1599 1307 1646 est
1333 1590 1384 1644 in
1415 1588 1654 1644 Ecclesia
1686 1598 1876 1643 nostra
1898 1630 1912 1653 ,
1945 1589 2032 1645 die
2059 1591 2232 1646 sancti
2332 1587 2641 1645 Jordannus
2669 1588 2738 1645 de
2762 1588 3120 1645 Camberiaco
3140 1630 3159 1656 ,
3192 1589 3426 1646 Erardus
3455 1591 3512 1645 de
3537 1591 3781 1658 Iartiniaco,

641 1678 864 1736 Thema:
891 1681 1154 1751 apostoli,
1200 1695 1342 1735 anno
1375 1679 1580 1736 Christi
1618 1680 1907 1736 millesimo
1932 1675 2232 1737 centesimo
2333 1677 2604 1736 Jordanus
2631 1691 2688 1738 et
2720 1681 2878 1736 Aimo
2905 1681 2975 1737 de
3002 1680 3260 1737 Eullafol.
3292 1682 3414 1737 Fuit
3433 1684 3576 1738 etiam
3603 1685 3782 1742 ibiGnido

641 1769 1062 1837 quadragesimo
1085 1771 1346 1841 septimo,
1376 1785 1558 1824 coram
1585 1779 1698 1824 toto
1724 1779 1995 1825 conventu
2021 1782 2227 1839 nostro,
2333 1773 2655 1842 prmpositus
2676 1772 3012 1838 Bellicensis,
3049 1773 3369 1829 Lambertus
3405 1775 3617 1841 clericus,
3642 1788 3682 1832 et
3697 1778 3784 1833 Pon-

641 1869 697 1913 et
727 1859 892 1915 Paulo
930 1871 985 1916 et
1021 1862 1258 1916 Antonio
1289 1860 1367 1916 los
1396 1861 1558 1917 Forts
1585 1862 1928 1929 domicellis,‘
1960 1871 2017 1918 et
2064 1863 2228 1919 Petro
2262 1846 2308 1907 Β
2333 1865 2452 1920 eius
2481 1864 2651 1921 frater
2681 1864 2806 1936 ejus
2829 1866 2898 1922 de
2937 1866 3184 1923 Balmeto
3204 1906 3220 1933 ,
3259 1867 3539 1924 Willelmus
3571 1872 3780 1940 polliceris:

638 1949 881 2007 Lloscbet
908 1954 974 2008 de
998 1952 1302 2010 Latiniaco.

639 2064 758 2121 111.
788 2098 860 2108 —
887 2066 1237 2124 Nant/tehnus
1267 2071 1536 2143 episcOpus
1568 2069 1920 2143 pellit-ensis,
1955 2071 2046 2143 qui
2075 2069 2226 2142 inriga

621 2155 624 2158 ·
917 2143 1210 2204 Antelmus,
1233 2141 1301 2193 ad
1327 2157 1522 2195 annum
1552 2141 1745 2194 Christi
1770 2141 1926 2196 1164.

887 2231 994 2302 (Ex
1021 2231 1290 2286 tabulario
1320 2231 1624 2286 Carthasim
1655 2231 1976 2304 Majorevi.)

708 2319 787 2372 Ad
813 2322 1160 2376 concordiam
1205 2329 1260 2376 et
1297 2337 1484 2390 pacem
1528 2321 1866 2389 futurorum,
1897 2332 1958 2377 ut
1987 2322 2226 2392 quietius

639 2409 692 2464 in
725 2410 942 2464 silentio
969 2412 1176 2476 vivant,
1203 2410 1407 2479 placuit
1435 2412 1674 2480 antiquis
1707 2429 1794 2468 res
1819 2422 2000 2483 gestas
2031 2414 2228 2468 litteris

636 2500 917 2557 memoria:
969 2503 1374 2555 commendare.
1429 2500 1655 2557 Noverit
1713 2504 1878 2572 igitur
1921 2504 2229 2573 quicunque

641 2588 786 2642 hanc
807 2586 1056 2640 chartam
1085 2588 1276 2656 regerit
1299 2585 1380 2640 vel
1402 2587 1656 2653 audierit,
1676 2589 1818 2657 quod
1847 2603 1947 2660 ego
1967 2589 2228 2644 Nauthel-

637 2694 762 2736 mus
787 2679 1006 2735 humilis
1036 2679 1350 2759 Belliccnsis
1385 2681 1629 2737 ecclesiae
1659 2682 1981 2751 episcopus,
2029 2682 2096 2735 ad
2135 2682 2230 2738 do-

637 2787 784 2826 mum
813 2771 1055 2827 venerim
1083 2771 1362 2842 Majorevi,
1390 2775 1460 2829 ob
1491 2774 1754 2844 quasdam
1781 2773 2085 2829 calumnias
2110 2789 2230 2843 quae

635 2863 847 2918 oborta:
879 2863 1100 2918 fuerant
1130 2864 1272 2918 inter
1293 2863 1514 2919 domum
1545 2865 1688 2919 illam
1722 2873 1778 2920 et
1805 2864 2003 2920 milites
2025 2865 2091 2919 de
2113 2865 2227 2919 Ru-

635 2954 963 3021 beomonte;
1011 2956 1156 3011 inter
1183 2971 1322 3026 quos
1361 2971 1465 3027 pax
1499 2957 1601 3010 hoc
1632 2957 1792 3011 modo
1828 2957 1938 3012 Deo
1964 2956 2230 3029 largiente

637 3043 932 3100 reformata
957 3052 1057 3101 est.
1102 3045 1328 3102 llcmota
1372 3047 1640 3115 siquidem
1667 3048 1814 3103 omni
1851 3049 2074 3118 querela
2099 3090 2114 3114 ,
2173 3058 2232 3106 et

635 3135 825 3191 sedato
858 3136 1004 3191 omni
1053 3152 1282 3192 rancore
1323 3145 1379 3192 et
1420 3138 1722 3206 discordia,
1756 3150 2146 3195 concesserunt
2175 3149 2230 3197 et

636 3230 806 3286 libere
825 3231 1092 3286 dederunt
1121 3232 1372 3288 dominus
1407 3232 1706 3288 Willelmus
1736 3243 1800 3289 et
1841 3234 2070 3290 domnus
2093 3234 2231 3291 Gar-

639 3319 828 3375 nerius
854 3335 977 3375 cum
1007 3321 1132 3376 [iliis
1158 3323 1272 3377 suis
1291 3361 1306 3387 ,
1351 3339 1450 3394 pro
1477 3340 1538 3379 se
1567 3327 1789 3394 suisque
1811 3325 2064 3382 omnibus
2093 3328 2230 3383 vivis

639 3421 700 3465 et
727 3411 1026 3477 defunctis,
1063 3411 1324 3468 fratribus
1360 3414 1615 3486 Majorevi
1646 3417 1829 3471 omnia
1861 3433 1981 3488 quae
2006 3420 2074 3475 ab
2100 3420 2230 3491 ipsis

637 3503 725 3558 vel
753 3506 1191 3561 antecessoribus
1215 3508 1358 3562 dono
1386 3509 1464 3563 vel
1493 3510 1667 3579 pretio
1719 3512 2133 3582 acquisierant,
2175 3524 2230 3572 et

637 3592 842 3665 quibus
885 3595 1000 3664 ipso
1045 3595 1134 3649 die
1176 3596 1417 3652 investiti
1460 3609 1637 3654 erant.
1683 3599 1880 3657 Terras
1920 3604 2130 3662 scilicet
2175 3615 2230 3661 et

638 3699 859 3739 nemora
889 3725 904 3751 ,
951 3700 1274 3754 pascuarum
1318 3702 1474 3742 usum
1505 3705 1600 3759 per
1627 3706 1843 3746 omnem
1878 3703 2078 3750 terram
2109 3711 2230 3766 quae

599 3768 602 3771 ’
637 3776 782 3831 infra
817 3777 1007 3832 eadem
1039 3779 1349 3834 continetur
1372 3795 1573 3851 pascua
1601 3797 1617 3835 :
1644 3782 1716 3837 ita
1761 3793 1820 3838 ut
1868 3786 2069 3841 rmllam
2099 3802 2227 3858 per-

637 3884 826 3924 sonam
857 3872 1118 3941 cujusque
1141 3873 1350 3928 ordinis
1377 3875 1456 3929 vel
1495 3875 1788 3947 religionis,
1830 3879 1881 3933 iu
1916 3888 2058 3934 terra
2086 3896 2227 3951 pra:-

634 3959 784 4015 dicta
812 3961 878 4016 ad
904 3962 1258 4017 habitandum
1285 3965 1625 4035 suscipiant,
1677 3969 1790 4024 imo
1815 3969 2092 4040 suscipere
2136 3987 2230 4027 vo-

638 4050 875 4108 lentibus
921 4068 1018 4123 pro
1063 4069 1223 4124 posse
1261 4069 1360 4110 suo
1402 4058 1625 4113 omnino
1675 4059 1951 4115 resistant.
1989 4060 2228 4132 Excepto

639 4144 787 4214 quod
825 4145 1058 4199 domnus
1117 4145 1414 4200 Garnerius
1455 4147 1506 4200 in
1545 4148 1672 4203 villa
1718 4150 1784 4205 de
1830 4150 2034 4216 Miouz,
2073 4153 2127 4208 in
2162 4169 2230 4210 eo

640 4237 786 4308 quod
814 4252 972 4292 suum
993 4248 1106 4303 est,
1138 4238 1418 4310 religiosos
1439 4257 1574 4311 quos
1604 4241 1830 4298 voluerit
1861 4253 2037 4313 potest
2059 4247 2230 4301 susei-

639 4343 773 4400 pere
804 4328 869 4382 ad
917 4327 1306 4395 habitandum;
1354 4347 1458 4384 non
1490 4333 1557 4385 ad
1599 4347 1797 4401 pascua
1831 4334 2074 4391 eremitis
2105 4337 2228 4392 data

643 4423 1004 4486 devastanda,
1036 4421 1135 4476 nisi
1165 4431 1425 4490 quantum
1455 4423 1516 4477 ad
1543 4425 1713 4494 ipsam
1742 4425 1923 4480 villam
1955 4429 2224 4497 pertinet:

2334 1963 2402 2018 de
2425 1962 2728 2020 Nantuaco.
2763 1963 3056 2020 Sciendum
3088 1980 3223 2021 vero
3248 1975 3332 2021 est
3357 1967 3486 2037 quod
3516 1981 3596 2037 pro
3617 1967 3782 2037 pudica

2331 2054 2689 2111 concessione
2717 2065 2774 2112 et
2807 2057 3123 2123 donatione,
3155 2047 3424 2113 Willelmo
3443 2059 3503 2112 de
3528 2057 3784 2112 Bubeomontc

2332 2145 2654 2202 eondonata:
2674 2157 2802 2203 sunt
2828 2163 2925 2204 sex
2945 2147 3099 2203 libr-re
3119 2148 3552 2206 Gebennensium.
3570 2148 3660 2204 Filii
3679 2150 3781 2202 etiam

2333 2238 2516 2293 domni
2543 2236 2795 2294 Garnerii
2823 2239 3123 2310 supradicti
3155 2240 3212 2297 in
3243 2249 3496 2297 conventu
3517 2241 3781 2295 monadtormn

2330 2327 2690 2384 laudaverunt
2726 2345 2848 2399 qute
2893 2332 3150 2402 pra-dicta
3177 2343 3336 2400 sunt,
3372 2343 3424 2388 et
3458 2333 3782 2388 habueruntimle

2333 2421 2504 2476 ferme
2529 2422 2886 2493 quadraginta
2919 2423 3122 2481 solidos
3156 2427 3579 2483 Gebenneusiuiu.

2333 2535 2358 2592 Ι
2375 2535 2438 2592 ι’.
2466 2569 2538 2578 -—
2567 2535 2727 2609 Origo
2758 2541 2917 2610 castri
2957 2539 3223 2610 Major-eoi
3251 2542 3303 2597 in
3333 2543 3459 2597 valle
3489 2544 3539 2597 de
3563 2539 3692 2604 Maia,
3719 2538 3778 2590 ubi

2619 2623 2755 2663 nunc
2794 2609 3080 2665 Cartltusi’a
3115 2613 3354 2681 ejusde-n
3391 2613 3596 2667 nominis.

2583 2703 2696 2771 (Ex
2731 2703 3000 2760 tabulario
3034 2703 3342 2762 Carthasim
3376 2705 3623 2776 Majorevi.)

2402 2793 2715 2850 RMNALDUS
2757 2795 2850 2850 Dei
2889 2796 3063 2865 gratia
3091 2796 3287 2867 primae
3319 2795 3638 2867 Lugdunensis
3661 2787 3781 2846 Eccle-

2332 2889 2428 2945 sia:
2460 2890 2707 2945 minister
2745 2890 2986 2945 humilis.

2404 2980 2600 3035 Notum
2636 2981 2864 3036 facimus
2896 2982 3168 3037 universis
3188 3023 3200 3042 ,
3240 2995 3380 3051 quoa
3412 2993 3499 3034 nos
3519 2976 3724 3038 'vidimus,
3754 2977 3784 3025 et

2331 3069 2400 3125 de
2425 3072 2587 3125 verbo
2615 3071 2680 3124 ad
2713 3073 2934 3125 verbum
2966 3070 3199 3142 legimus
3226 3070 3496 3140 diligenter
3517 3064 3708 3137 quasdam
3729 3061 3783 3113 Iit-

2256 3190 2300 3249 ρ
2336 3171 2508 3229 teras,
2535 3178 2728 3229 sanas,
2763 3163 3034 3235 integras,
3067 3179 3179 3219 non
3214 3177 3398 3230 rasas,
3427 3175 3521 3216 non
3543 3158 3782 3213 Violatasnec

2331 3265 2619 3326 corruptas
2641 3296 2654 3319 .
2701 3254 2878 3326 sigillo
2908 3269 3075 3311 aureo
3111 3255 3433 3326 perantiqno
3467 3251 3678 3311 munitas,
3703 3257 3782 3312 qu-

2331 3359 2453 3401 rum
2495 3354 2651 3401 tenor
2692 3346 2817 3401 talis
2855 3355 2939 3402 est
2977 3359 2994 3400 :
3034 3345 3293 3400 Nouerlnt
3324 3359 3487 3398 omnes
3525 3347 3781 3411 primum“

2332 3435 2501 3510 futuri
2543 3439 2683 3511 quod
2740 3437 3143 3493 Valentinianus
3190 3438 3467 3508 imperator
3517 3449 3627 3488 anno
3656 3428 3780 3483 derint

2332 3534 2476 3603 regni
2496 3532 2610 3603 ejus
2633 3534 2862 3587 concessi
2867 3549 2882 3586 ι
2900 3529 3172 3602 Majorevo
3185 3532 3302 3603 ejus
3313 3527 3611 3591 eubieulario,
3621 3517 3782 3594 auido“

2329 3624 2378 3677 ei
2402 3633 2554 3677 antea
2582 3623 2794 3678 dederat
2825 3624 2880 3677 in
2909 3621 3173 3676 montibus
3197 3633 3249 3677 et
3285 3621 3505 3686 vallibus,
3527 3630 3649 3688 prope
3667 3610 3781 3666 ulla

2332 3713 2608 3781 Helnonis,
2632 3731 2790 3785 prope
2809 3713 2996 3768 uallem
3029 3712 3086 3767 Μ
3090 3715 3300 3768 icltalia:
3329 3723 3376 3768 et
3398 3727 3537 3783 prope
3557 3716 3716 3762 utam
3734 3695 3782 3750 td

2331 3806 2569 3870 Cambes,
2609 3823 2726 3860 cum
2765 3807 3066 3860 omnimodo
3104 3816 3360 3875 potestate
3387 3805 3483 3859 alte
3501 3812 3542 3856 et
3563 3799 3694 3858 boue;
3721 3793 3780 3843 δυ’

2331 3913 2472 3960 mos,
2511 3905 2680 3952 turres
2703 3938 2718 3963 ,
2758 3908 2930 3952 castra
2951 3907 2998 3952 et
3028 3898 3182 3953 urbes
3213 3896 3544 3959 construendi,
3585 3891 3682 3959 (ινα
3710 3895 3784 3936 του·

2329 3989 2508 4055 detuli,
2532 3991 2745 4061 prapria
2776 3991 3092 4045 numismato
3122 3990 3436 4061 fabricandi,
3457 3997 3497 4042 et
3529 3987 3588 4040 ita
3605 3975 3784 4071 ιςτπάὶαξ

2328 4082 2374 4137 si
2395 4093 2524 4136 esset
2569 4082 2872 4152 imperator.
2919 4082 2996 4136 Eo
3031 4085 3176 4153 quod
3204 4083 3293 4138 ille
3330 4081 3500 4136 maluit
3536 4076 3653 4132 oculo
3675 4070 3782 4124 mm

2330 4173 2533 4238 dextro,
2571 4187 2729 4242 quam
2754 4173 2940 4228 clauim
2967 4173 3196 4228 cubiculi
3222 4169 3535 4244 imperatoris
3559 4156 3782 4220 tradenti!-

2330 4265 2531 4335 bogasti
2551 4264 2706 4318 hosti.
2729 4265 2882 4335 Apud
2902 4264 3178 4320 Iscrnoros
3201 4263 3443 4320 Kalendis
3458 4254 3675 4332 Aprilis.A
3692 4260 3783 4314 ergo

2331 4367 2511 4412 autem
2539 4359 2653 4412 lucc
2675 4360 2873 4427 scripta
2897 4367 3074 4413 erant.
3102 4357 3403 4430 Majorevus
3427 4347 3651 4420 redi/learn
3674 4341 3782 4396 urit!

2330 4450 2414 4503 del
2436 4449 2694 4518 Balmeto,
2709 4470 2740 4504 ιι
2766 4467 2870 4521 qua
2903 4467 3088 4505 nomen
3113 4461 3187 4505 est
3210 4451 3440 4513 sortitus,
3460 4456 3501 4501 et
3522 4451 3695 4498 castrum

639 4518 735 4574 ubi
783 4518 946 4574 etiam
985 4519 1272 4589 pecoribus
1313 4517 1566 4588 lllajurevi
1612 4522 1869 4578 transitus
1910 4538 2016 4578 non
2062 4539 2227 4595 nega-
2261 4537 2308 4594 ι)
2333 4542 2446 4610 prio
2489 4517 2697 4596 ηοηιίηέ
2734 4517 2797 4595 ab
2834 4543 2945 4610 ερεο
2975 4554 3218 4596 vocum",
3255 4541 3555 4611 Majomum
3581 4533 3622 4586 in
3643 4519 3781 4583 relicti

639 4622 750 4666 tur.
779 4611 1050 4666 PaL-terea
1076 4611 1256 4667 omnia
1288 4627 1406 4680 qum
1432 4609 1660 4666 fratrum
1686 4613 1942 4684 Majorcvi
1967 4625 2130 4681 sunt,
2172 4617 2225 4671 in

638 4708 1047 4762 rnanuleuentia
1080 4715 1135 4760 et
1159 4706 1401 4761 custodia
1430 4719 1524 4760 sua
1553 4715 1937 4776 susceperunt;
1973 4709 2230 4764 euntibus

640 4801 698 4849 εει
736 4795 1086 4850 redeuntibus
1117 4797 1182 4850 ad
1227 4799 1446 4852 domum
1467 4798 1864 4869 supradictam,
1905 4798 2120 4853 firmam
2162 4798 2230 4854 de

643 4904 706 4944 se
732 4891 954 4961 suisque
980 4892 1288 4948 hominibus
1318 4894 1672 4948 securitatem
1723 4894 1990 4948 dederunt
2021 4907 2036 4946 :
2083 4902 2138 4948 et
2181 4893 2225 4948 si

621 4982 806 5048 quam
834 4980 1125 5051 aliquando
1165 4983 1420 5051 iniuriam
1464 4983 1769 5054 srcpedictis
1810 4982 2106 5050 fratribus,
2144 4985 2229 5040 vel

643 5070 713 5124 ad
739 5085 797 5126 se
821 5073 1189 5138 venienti-bus,
1218 5077 1300 5131 vel
1328 5077 1675 5132 redeuntibus
1698 5074 1943 5131 fecerant
1961 5116 1977 5142 ,
2012 5081 2228 5133 veniam

643 5161 962 5232 suppliciter
994 5167 1420 5235 postulaverunt.
1460 5168 1585 5225 llaec
1614 5183 1735 5240 qua:
1760 5168 1904 5224 dicta
1941 5163 2068 5225 sant
2097 5169 2231 5226 fide-

641 5254 772 5310 liter
798 5254 1068 5321 intellexi,
1110 5262 1474 5326 promiserunt
1515 5271 1570 5318 et
1605 5262 1940 5334 iuraverunt
1979 5262 2032 5317 in
2064 5278 2225 5318 manu

641 5353 828 5403 nostra
869 5346 1119 5404 dominus
1145 5349 1445 5407 Willehnus
1480 5353 1550 5408 de
1589 5352 1994 5420 Rubenmoute,
2029 5363 2086 5410 et
2131 5354 2226 5410 ﬁlii

621 5429 814 5501 'iusius
840 5437 1142 5495 Willelmus
1183 5450 1237 5496 et
1275 5445 1466 5508 Aimo,
1516 5446 1744 5504 domnus
1775 5446 2074 5504 Garnerins
2097 5447 2147 5515 ;‘
2175 5457 2232 5505 et

637 5532 736 5590 filii
759 5533 878 5606 ejus
906 5532 1209 5589 Willelnms
1229 5575 1245 5603 ,
1275 5533 1619 5603 Guitl‘redus,
1647 5538 1978 5605 Garnerius,
2011 5539 2228 5597 Gauce-

642 5623 1260 5681 rannus.Laudantibus
1278 5625 1442 5680 etiam
1471 5624 1700 5694 idipsum
1727 5630 1989 5684 uxoribus
2015 5645 2227 5696 eorum,

639 5732 764 5787 qua:
784 5717 852 5774 ad
878 5732 1122 5774 eremum
1153 5719 1343 5775 venire
1369 5733 1477 5773 non
1509 5727 1779 5789 poterant.
1823 5721 2054 5777 Deﬁnita
2101 5737 2230 5778 vero

642 5820 772 5889 sunt
790 5810 900 5868 lucc
928 5813 1068 5882 apud
1097 5810 1424 5881 Major-crum
1453 5853 1466 5874 ,
1510 5811 1562 5866 in
1596 5811 1756 5868 domo
1780 5811 2064 5881 inferiori,
2083 5828 2227 5871 attito

2333 4631 2540 4700 Meria,
2581 4634 2722 4688 dicta
2757 4652 2787 4688 a
2838 4634 2992 4703 fustis
3031 4634 3282 4689 arborum
3324 4629 3602 4690 (pulsarum,
3628 4620 3782 4710 ad

2329 4726 2493 4780 cenda
2525 4726 2804 4781 latrocinia
2829 4725 3010 4782 Iovini
3046 4725 3209 4798 Papa:
3239 4727 3426 4797 nefarii
3443 4734 3484 4780 et
3504 4717 3655 4792 feraris
3671 4703 3780 4798 tangit

2331 4815 2811 4889 Montisa’grorum.
2876 4819 3067 4873 (ienuit
3121 4790 3416 4889 Majorevrts
3463 4790 3698 4870 Ginioldut
3731 4790 3781 4846 άά

2329 4917 2567 4972 Bulmeto
2598 4932 2710 4988 post
2752 4919 2966 4990 triginta
2994 4930 3185 4989 septem
3228 4927 3428 4989 nepotes
3469 4914 3525 4967 ab
3551 4899 3781 4997 ἔμω-δῆθ’

2330 5011 2716 5077 descendentes,
2753 5011 3029 5068 Cinioldns
3055 5013 3300 5068 Pontium
3332 5004 3610 5083 procreavit,
3644 4995 3781 5083 Pontitt

2329 5115 2450 5157 vero
2482 5074 2811 5169 Ritbotdam,
2839 5103 3113 5158 Rubellius
3152 5074 3505 5160 Nomadum.
3525 5093 3612 5148 Nos
3638 5095 3724 5138 vero
3742 5074 3780 5125 ad

2329 5207 2522 5263 preces
2574 5193 2821 5250 Aimonis
2873 5194 3146 5250 domicelli
3194 5194 3276 5250 del
3329 5191 3581 5247 Balmeto.
3626 5174 3780 5246 ww“

2335 5292 2731 5354 transumptqu
2773 5285 2998 5339 fecimus
3047 5284 3270 5354 sigillnri
3319 5279 3482 5352 sigillo
3511 5279 3679 5328 nostro.
3711 5267 3780 5354 ¹³¹ξ⁹

2329 5390 2492 5445 quam
2548 5350 2878 5431 conveniens
2927 5391 3050 5430 cum
3098 5374 3366 5444 originali.
3419 5369 3580 5425 Testes
3622 5350 3776 5445 luetati}

2329 5429 2635 5522 iVillelmus
2657 5467 2725 5522 de
2759 5429 3015 5538 Coniugia
3041 5507 3056 5532 ,
3103 5429 3235 5521 Ᾰιιῖο
3271 5465 3340 5520 de
3380 5461 3538 5516 Μοηῑθ
3560 5458 3708 5538 ³¹¹Γ⁸Ῠ⁹
3738 5429 3776 5486 θ’

2329 5560 2806 5630 ρωιιίιθιιιίειιὶιιε,
2866 5537 2963 5615 Le.
3008 5558 3344 5615 seuescalcus
3381 5543 3626 5609 rei-conuii.
3654 5537 3775 5630 Daltttl

2332 5619 2474 5708 anno
2505 5653 2572 5710 ab
2613 5619 2987 5709 incarnatione
3019 5653 3223 5708 Domini
3255 5649 3417 5715 12l5,
3459 5651 3612 5701 mense
3647 5619 3775 5696 Ανιῦίο

2330 5762 2448 5802 cum
2487 5745 2659 5818 sigillo
2689 5746 2921 5817 ejusdem
2950 5745 3226 5816 pontiﬁcis.
