3984 6406
185 337 300 399 ἰε

195 484 2181 512 W

1595 346 1774 402 VITA.
1816 346 2040 402 —LlB.
2080 346 2117 401 Ι.

3364 346 3472 404 9N

2189 493 2194 497 -
2205 488 2403 507 *Ψ

2420 486 3451 512 W

1377 636 1730 724 LIBER
1803 637 2292 726 PRIMUS.

618 871 1019 931 CAPITULUM
1057 871 1354 929 PRIMUM.

183 941 903 1025 Qualiter-Mugogenitricis
930 944 1120 998 solatio
1147 944 1452 1025 destitutus,
1472 951 1522 1025 et
1547 941 1778 1025 regulari

255 1015 476 1086 collegio
509 1014 818 1086 clericorum
847 1031 965 1086 Auno
987 1030 1105 1069 cum
1135 1014 1370 1086 genitore
1397 1014 1778 1086 sociatus,-ju-

258 1082 626 1155 gum'Domini
670 1084 736 1138 ab
772 1083 1001 1152 infantia
1035 1082 1340 1155 portaverit,
1378 1093 1444 1155 et
1475 1082 1780 1138 inseruntur

257 1153 324 1209 de
351 1171 448 1208 sua
479 1155 806 1208 institutione
828 1155 1022 1223 puerili
1051 1153 1207 1208 verba
1232 1153 1490 1225 ejusdem.

256 1245 515 1317 Hugoil)
551 1245 829 1314 genitricis
873 1243 1097 1311 solatio,
1146 1259 1269 1300 cum
1320 1244 1552 1299 necdum
1602 1241 1777 1297 aetatis

182 1345 363 1393 metas
403 1337 748 1402 excessisset,
784 1337 1009 1392 orbatus
1047 1345 1153 1402 est,
1189 1335 1527 1406 collegioque
1565 1333 1777 1405 regula-

175 1429 326 1483 rium
356 1427 674 1484 clericorum
705 1443 811 1483 una
839 1443 960 1484 cum
986 1427 1229 1498 genitore
1252 1426 1400 1484 brevi
1432 1425 1776 1496 postmodum

176 1517 442 1573 sociatus.
466 1517 597 1572 Erat
623 1517 792 1572 ferme
816 1517 1084 1585 octennis,
1108 1533 1228 1573 cum
1253 1516 1458 1572 militiae
1479 1514 1775 1586 Spiritualis

177 1609 349 1663 subiit
393 1609 661 1664 tirocinia.
708 1609 838 1664 Boni
887 1610 1085 1680 quippe
1140 1609 1415 1680 parentis,
1485 1608 1775 1664 salubriter

173 1712 283 1767 pro
319 1712 384 1753 eo
423 1697 788 1772 invigilantis,
827 1699 1049 1756 solertia
1089 1701 1242 1771 prius
1275 1700 1503 1755 docetur
1536 1698 1774 1754 militare

175 1787 316 1854 Deo,
347 1805 508 1861 quam
553 1792 858 1848 addiscerct
908 1792 1093 1847 vivere
1141 1792 1364 1848 mundo.
1418 1790 1511 1846 Sic
1555 1792 1771 1847 demum

173 1879 431 1939 infantile
476 1885 854 1954 corpusculum
888 1883 1095 1958 ﬂagella
1131 1886 1410 1958 paedagogi
1457 1894 1769 1951 attrectant,

169 1972 262 2029 sic
291 1974 588 2047 disciplinae
629 1978 918 2048 compedes
948 1987 1126 2034 motus
1156 1978 1209 2032 in
1249 1993 1316 2034 eo
1352 1978 1587 2050 pueriles
1615 1993 1770 2034 coer-

170 2071 335 2130 cent,
368 2075 510 2121 utet
540 2066 832 2124 virtutibus
868 2068 999 2124 vitia
1039 2069 1382 2140 praeteriret,
1421 2078 1477 2127 et
1515 2077 1623 2124 tota
1661 2069 1767 2124 vita

168 2149 299 2221 ejus
339 2168 582 2224 prmsens
623 2170 652 2209 a
684 2155 767 2211 sui
795 2166 919 2211 ortu
961 2173 1130 2228 usque
1185 2158 1260 2215 ad
1300 2146 1556 2216 occasum
1604 2175 1767 2214 unum

1766 941 1778 953 .
1810 870 1859 930 Α
1885 869 2021 926 Huic
2061 872 2322 930 nobilium
2366 876 2522 934 liberi
2565 880 2817 937 certatim
2857 895 2888 936 a
2927 881 3240 952 parentibus
3288 885 3469 940 trade-

1880 971 2101 1028 oantur,
2146 964 2498 1025 saecularibus
2541 970 2704 1026 simul
2741 981 2799 1030 et
2844 972 3228 1031 ecclesiasticis
3271 975 3468 1032 litteris

1883 1050 2176 1119 lmbuendi,
2210 1071 2311 1112 nec
2341 1073 2446 1114 non
2477 1067 2533 1117 et
2561 1062 2757 1118 ethicis
2791 1063 3118 1120 informandi
3148 1066 3465 1138 disciplinis.

1880 1139 1983 1196 ilic
2011 1142 2145 1198 mihi
2184 1158 2370 1201 sacras
2401 1146 2610 1205 litteras
2640 1150 2783 1206 inter
2819 1151 2934 1222 ipsa
2979 1154 3283 1209 rudimenta
3318 1170 3466 1210 sum-

1877 1246 2099 1302 mopere
2151 1234 2443 1306 ingerens,
2494 1238 2878 1299 blandimentis
2940 1243 3136 1315 quibus
3183 1254 3367 1317 posset
3411 1257 3467 1300 et

1879 1326 2100 1382 monitis
2129 1334 2346 1386 teneros
2377 1331 2588 1388 animos
2628 1347 2778 1392 meos
2808 1337 2877 1391 ad
2908 1336 3181 1392 solidioris
3211 1337 3465 1407 spiritua-

1878 1417 2050 1487 lisqne
2079 1433 2319 1475 amorem
2361 1422 2622 1480 doctrinae
2653 1427 2948 1483 accendere
2981 1429 3285 1495 nitebatur;
3325 1444 3355 1483 a
3385 1429 3467 1483 ln-

1877 1506 2038 1561 dendi
2075 1522 2203 1565 vero
2237 1511 2564 1584 jocandique
2598 1516 2839 1570 vanitate
2881 1517 3082 1574 mentis
3122 1534 3257 1574 mete
3285 1519 3464 1573 inteno

1879 1600 2079 1656 tionem
2106 1601 2261 1657 varia
2293 1612 2410 1679 arte
2455 1606 2812 1676 suspendens,
2863 1606 3110 1664 honestis
3154 1609 3465 1680 implicabat

1874 1691 2244 1766 cujuscunque
2270 1696 2348 1752 rei
2378 1698 2673 1754 exercitiis.
2732 1699 2941 1756 Coaevis
2969 1710 3148 1756 autem
3180 1711 3236 1758 et
3257 1702 3462 1759 sodali-

1875 1782 1975 1837 bus
2002 1784 2184 1852 pueris
2208 1783 2523 1856 frequenter
2548 1803 2616 1844 ex
2639 1804 2790 1844 more
2816 1789 3150 1856 ludentibus,
3174 1791 3304 1846 mihi
3337 1792 3464 1847 talia

1873 1869 2068 1928 leniter
2113 1873 2410 1930 instillabat
2455 1885 2695 1946 paternae
2743 1879 3049 1935 dilectionis
3087 1881 3462 1936 hortamenta:

1879 1981 1898 2015 ‹
1940 1961 2060 2019 Non
2108 1972 2181 2034 te,
2229 1965 2426 2036 inquit,
2467 1966 2821 2025 dilectissime
2869 1969 2977 2037 ﬁli,
3029 1962 3223 2026 stolida
3277 1972 3465 2026 illiciat

1875 2069 2117 2128 vagaque
2141 2056 2335 2114 levitas
2363 2059 2665 2126 sociorum;
2702 2061 2817 2117 sine
2846 2062 2986 2117 illos.
3023 2062 3168 2118 Sorti
3198 2071 3301 2118 tuae
3327 2063 3464 2119 isto-

1875 2161 1994 2201 rum
2023 2147 2196 2204 studia
2233 2150 2412 2206 minus
2435 2153 2783 2207 conveniunt.
2811 2171 2830 2205 ι
2883 2153 3234 2224 Addebatque
3259 2170 3270 2208 :
3301 2153 3463 2230 «ilu-

168 2217 519 2315 e'ssej'atque
539 2242 667 2317 iuge
695 2217 1058 2319 martyrium;
1079 2249 1197 2320 [pse
1222 2251 1444 2322 quidem
1472 2252 1540 2308 de
1566 2252 1767 2323 “ipso,
1806 2217 1846 2274 Β
1872 2247 2088 2306 gonete,
2120 2237 2424 2311 ilugonete,
2457 2257 2556 2313 ego
2600 2253 2650 2299 te
2677 2242 2895 2299 Christo
2925 2244 3124 2309 nutrio,
3150 2243 3324 2314 jocari
3354 2261 3460 2300 non

169 2332 529 2391 familiariter
557 2337 754 2408 sapius
782 2353 906 2396 cum
938 2341 1051 2397 suis
1079 2356 1265 2410 agens,
1300 2343 1423 2398 talia
1453 2343 1763 2400 referebat:

167 2440 197 2474 ι
231 2420 468 2490 Revera,
502 2424 704 2494 aiebat,
730 2443 831 2499 ego
862 2430 1046 2485 mundi
1078 2431 1236 2500 hujus
1265 2433 1457 2504 gaudia
1489 2450 1767 2505 nunquam

164 2510 358 2585 attigi,
389 2511 546 2584 jocos
575 2530 850 2587 nunquam
879 2516 1068 2584 didici,
1096 2517 1280 2574 ludere
1306 2535 1581 2591 nunquam
1611 2522 1764 2576 scivi.

164 2599 358 2667 Pater,
389 2601 584 2674 inquit,
613 2620 798 2674 meus,
825 2622 948 2664 cum
981 2607 1219 2678 pueriles
1267 2609 1547 2680 ingressus
1569 2683 1572 2686 ἢ
1597 2627 1769 2668 annos

161 2689 440 2748 elementa
467 2692 582 2764 jam
623 2695 797 2766 prima
836 2696 1142 2754 litterarum
1169 2701 1555 2772 percepissem,
1600 2704 1770 2773 patri-

168 2782 419 2838 monium
465 2784 654 2842 liberis
695 2787 808 2844 suis
849 2788 930 2862 (2)
971 2789 1028 2844 in
1070 2789 1312 2849 funiculo
1369 2792 1769 2851 distributionis

167 2874 410 2944 partitus
438 2885 555 2945 est;
594 2879 900 2950 portionem
936 2895 1086 2949 vero,
1117 2899 1239 2954 quae
1279 2885 1423 2940 inter
1450 2885 1651 2943 fratres
1681 2903 1768 2944 me

164 2967 528 3040 contingebat
572 2970 881 3040 minimum,
933 2973 1267 3047 regularium
1311 2975 1389 3048 (ὅ)
1441 2977 1766 3034 clericorum

163 3056 400 3130 collegio
446 3062 697 3120 contulit.
729 3083 747 3117 ι
802 3062 914 3121 Nec
959 3067 1050 3122 diu
1100 3077 1365 3134 moratus,
1417 3070 1599 3125 omnia
1647 3086 1768 3142 qua:

172 3151 364 3205 mundi
398 3162 523 3209 sunt
545 3153 791 3212 funditus
815 3156 1094 3227 abjiciens,
1121 3157 1320 3214 Christi
1361 3160 1606 3216 militiam
1642 3163 1768 3219 sub-

168 3239 371 3304 iturus.
403 3243 508 3300 tiro
536 3245 590 3300 in
637 3247 836 3303 castris
880 3248 1214 3316 coelestibus,
1256 3251 1310 3305 in
1343 3253 1629 3310 mundanis
1650 3253 1766 3324 jam

163 3334 458 3404 emeritus,
489 3348 713 3408 repente
741 3338 996 3407 edicitur,
1025 3341 1151 3396 vitae
1178 3341 1442 3413 regularis
1470 3345 1624 3418 cujus
1652 3347 1764 3418 jam

165 3422 303 3478 oiim
341 3437 582 3495 gesserat
624 3439 859 3486 mentem
907 3433 1208 3502 suscipiens
1243 3443 1482 3502 vestem,
1511 3445 1595 3504 et,
1622 3439 1766 3509 quod

167 3515 277 3572 sibi
312 3533 630 3576 concessum
671 3537 778 3578 non
823 3523 990 3579 fuisse
1037 3525 1346 3582 medullitus
1387 3529 1658 3598 gemebat,
1708 3531 1762 3586 in

169 3604 292 3677 ipso
336 3610 519 3666 nnrndi
571 3612 816 3682 ingressu
854 3615 919 3669 de
949 3616 1148 3670 mundo
1187 3617 1391 3686 egredi,
1419 3635 1540 3690 qua:
1581 3623 1766 3678 mundi

168 3705 324 3759 sunt,
365 3700 698 3756 nescientem
746 3702 906 3759 facile
955 3706 1312 3776 persuadens,
1341 3723 1428 3764 me
1455 3710 1533 3780 (4)
1563 3712 1768 3782 pariter

168 3801 359 3844 secum
390 3791 688 3861 spiritualis
712 3797 834 3851 vitae
861 3807 1169 3854 consortem
1198 3801 1412 3856 ascivit.

245 3879 342 3934 Est
397 3885 626 3941 ecclesia
680 3886 758 3958 (5)
815 3888 868 3943 in
921 3890 1198 3946 territorio
1239 3891 1763 3966 GratianOpolitano,

168 3972 450 4029 canonica:
511 3976 865 4046 professionis
935 3981 1164 4037 clericos
1220 3981 1444 4051 fovens,
1510 4000 1765 4042 numero-

168 4077 282 4132 que
307 4063 385 4134 (6)
422 4066 488 4121 ad
517 4069 694 4125 minus
723 4079 952 4140 septem.
1009 4072 1231 4145 Spectat
1259 4091 1475 4146 quoque
1499 4092 1623 4133 cum
1651 4077 1766 4135 suis

170 4152 368 4209 incolis
399 4155 552 4213 locus
589 4158 705 4229 ipse
744 4160 811 4215 ad
849 4162 1128 4217 matricem
1168 4171 1224 4218 et
1274 4165 1638 4221 cathedralem
1670 4183 1763 4224 ec-

167 4243 398 4302 clesiam
453 4247 1041 4322 Gratianopolitanam.
1107 4253 1259 4310 Hanc
1308 4271 1524 4327 semper
1567 4257 1762 4318 affectu

168 4333 344 4390 coluit
391 4338 612 4406 speciali
664 4343 876 4412 genitor
927 4360 1098 4409 meus,
1139 4361 1260 4414 quae
1307 4356 1363 4404 et
1409 4349 1522 4404 suis
1567 4351 1765 4406 castel-

170 4424 243 4482 lis
267 4422 348 4497 '(7)
377 4443 449 4512 ac‘
470 4430 629 4486 terris
669 4433 773 4487 situ
803 4443 925 4488 erat
964 4435 1220 4502 conﬁnis;
1268 4446 1322 4492 et
1365 4438 1500 4508 ipse,
1533 4448 1595 4494 ut
1624 4441 1764 4495 ﬁlius

171 4516 430 4588 devotus,
477 4521 698 4591 majoris
749 4525 994 4582 ecclesiae
1041 4528 1271 4598 gratiam
1327 4530 1380 4583 in
1429 4530 1551 4586 ﬁlim
1596 4532 1766 4601 ipsius

173 4613 476 4668 reverentia
521 4630 580 4670 se
620 4617 908 4686 complecti
953 4619 1244 4688 gaudebat.
1287 4619 1433 4676 inter
1475 4624 1766 4679 canonicos

172 4701 320 4757 illius
369 4702 470 4759 loci
519 4708 702 4763 senior
741 4709 987 4779 quidam,
1039 4709 1302 4781 religione
1350 4712 1762 4781 celeberrimus,

170 4793 404 4850 scientia
468 4813 683 4870 quoque
750 4802 1102 4872 spectabilior
1167 4805 1377 4860 caneris
1440 4805 1762 4862 habebatur.

1871 2337 1956 2384 est
1986 2337 2156 2385 tuum.
2187 2349 2207 2384 ι

1873 2467 1949 2523 De
1965 2470 2212 2546 _ejusdem
2252 2401 2830 2546 profectuggliggntlila.
2866 2481 2915 2546 et
2938 2472 3172 2546 cirtute,
3215 2483 3265 2531 et
3301 2490 3460 2546 quam

1939 2539 2155 2593 devotus
2188 2556 2252 2594 ac
2280 2541 2494 2596 sedulus
2518 2543 2571 2594 in
2595 2543 2786 2598 divinis
2815 2543 2994 2606 oﬂiciis
3022 2560 3086 2598 ac
3107 2539 3338 2599 ’ταῖνδενή
3365 2546 3460 2599 ob-

1939 2609 2132 2678 sequiis
2169 2610 2443 2664 existebat.
2496 2622 2544 2656 κα

1937 2697 2059 2754 Jam
2095 2715 2225 2756 vero
2259 2703 2562 2772 pubertatis
2592 2712 2861 2774 tempore,
2893 2705 3315 2763 adolescentiam
3346 2723 3460 2762 me-

1869 2789 1974 2844 diis
2005 2789 2058 2844 in
2091 2805 2156 2847 eo
2186 2791 2345 2846 annis
2375 2792 2688 2858 dirimente,
2727 2803 2988 2864 quantum
3030 2794 3373 2852 discretionis
3403 2806 3459 2851 ct

1869 2879 2132 2945 scientiae,
2159 2888 2420 2950 quantum
2447 2882 2666 2938 virtutis
2699 2890 2756 2938 et
2789 2884 2982 2955 gratia:
3013 2883 3134 2939 fons
3161 2883 3210 2940 ei
3243 2881 3456 2939 infude-

1868 2972 1961 3039 rit,
1988 2987 2150 3041 quem
2189 2973 2434 3041 sitiebat,
2465 2975 2608 3040 vitae,
2643 2975 2824 3030 nullus
2851 2975 2918 3030 de
2957 2974 3101 3030 facili
3141 2984 3322 3046 posset
3344 2985 3458 3046 sty-

1871 3059 1955 3116 lus
1987 3061 2259 3117 evolvere.
2296 3061 2522 3134 Vigcbat
2551 3080 2649 3134 pro
2675 3073 2803 3120 tunc
2839 3064 3040 3138 ingenii
3067 3066 3317 3122 acumine
3343 3082 3457 3122 ma-

1870 3168 1996 3226 gno,
2026 3154 2286 3220 velocius,
2312 3169 2542 3226 qumque
2580 3155 2760 3223 vellet,
2805 3159 3131 3214 addisceret.
3182 3157 3457 3216 Memoriae

1870 3245 2193 3301 vastissimis
2219 3247 2490 3318 gaudebat
2519 3249 2822 3320 apothecis,
2846 3250 2969 3315 ubi,
2997 3265 3119 3321 quae
3144 3251 3290 3306 nulla
3318 3251 3458 3308 obli-

1871 3336 2030 3392 vione
2056 3336 2336 3393 didicisset
2378 3339 2670 3408 perdenda,
2717 3331 3059 3396 reconderet.
3105 3339 3231 3396 Haec
3275 3348 3455 3397 tamen

1871 3427 2142 3485 naturalia
2171 3429 2374 3486 nullius
2411 3430 2644 3488 fuissent
2679 3434 2964 3501 momenti,
3003 3433 3105 3490 nisi
3146 3433 3336 3506 gratia;
3360 3448 3456 3504 ap-

1793 3571 1835 3628 C
1871 3519 2066 3590 positio
2088 3531 2143 3576 et
2174 3521 2458 3592 praclara,
2488 3537 2612 3593 qua:
2637 3523 2999 3590 discerentur,
3033 3533 3367 3596 suggereret,
3399 3533 3456 3580 et

1867 3610 2194 3665 cumulatius
2235 3625 2356 3681 quae
2401 3612 2757 3684 suggessisset
2807 3615 3156 3684 propagando
3209 3622 3452 3684 augeret.

1865 3699 2174 3756 Fervebant
2203 3701 2254 3756 in
2283 3711 2506 3772 pectore
2541 3704 2952 3759 meditationum
2987 3704 3236 3760 examina
3269 3703 3457 3760 beata-

1867 3806 2006 3853 rum.
2034 3791 2334 3864 ﬂagrabant
2361 3794 2661 3851 caelestium
2709 3796 3060 3852 odoramenta
3112 3795 3452 3866 gaudiorum.

1935 3884 2116 3956 Carpit
2155 3886 2362 3942 interea
2387 3887 2586 3943 divinis
2613 3887 2749 3943 adeo
2780 3888 2998 3944 sedulus
3024 3889 3215 3944 adesse
3239 3886 3452 3954 ofﬁciis,

1866 3978 1936 4032 ita
1959 3992 2175 4048 quoque
2207 3978 2473 4035 sollicitus
2499 3979 2730 4035 fratrum
2775 3980 3039 4037 inservire
3067 3981 3363 4051 obsequiis,
3395 3989 3456 4036 ut

1865 4067 2152 4138 utrobique
2195 4067 2330 4122 nihil
2375 4069 2556 4124 minus
2581 4085 2743 4140 quam
2777 4085 2837 4126 se
2872 4079 3043 4127 totum
3093 4069 3450 4142 impenderet.

1864 4158 2006 4216 Nihil
2038 4175 2274 4230 unquam
2301 4159 2523 4226 oblivio,
2548 4161 2680 4216 nihil
2701 4161 2904 4232 qumvis
2931 4171 3141 4234 poterat
3171 4161 3454 4234 occupatio

1862 4254 2131 4310 sedulitati
2160 4254 2328 4326 ipsius
2355 4253 2548 4323 furari,
2581 4255 2711 4326 quin
2741 4257 2851 4312 Deo
2879 4271 3001 4326 qua:
3033 4255 3124 4311 Dei
3153 4264 3333 4321 erant,
3367 4265 3447 4322 et,

1863 4362 1982 4418 qua:
1993 4349 2359 4416 proximorum
2375 4347 2636 4418 proximis
2660 4347 3079 4418 inprzetermisse
3095 4357 3147 4403 et
3168 4345 3452 4412 inoffense,

1863 4449 2022 4509 prout
2050 4439 2151 4493 sibi
2180 4439 2538 4510 competebat,
2565 4453 2664 4509 pro
2705 4447 2947 4509 tempore
2977 4449 3031 4493 et
3070 4439 3190 4494 loco
3228 4438 3454 4495 reddere

1865 4529 2218 4584 meminisset.
2252 4529 2361 4584 Nec
2388 4539 2595 4584 tantum
2635 4530 2888 4599 deputata
2919 4529 3021 4584 sibi
3056 4528 3275 4599 explere
3309 4538 3454 4584 sata-

1865 4619 2027 4691 gebat
2052 4619 2245 4685 ofiicia,
2290 4619 2384 4674 scd
2425 4619 2609 4675 omnia
2659 4628 2913 4688 tanquam
2958 4616 3286 4688 specialiter,
3329 4632 3359 4672 a
3393 4633 3454 4672 se

1865 4711 2122 4770 credebat
2163 4709 2330 4780 exigi,
2371 4726 2512 4781 quae,
2551 4719 2691 4767 teste
2723 4709 3074 4773 conscientia,
3107 4723 3208 4780 pro
3233 4707 3451 4780 cujusli-

1867 4802 1956 4856 bet
1987 4800 2221 4856 utilitate
2251 4809 2343 4855 aut
2372 4800 2656 4873 refrigerio
2679 4817 2711 4856 a
2740 4817 2800 4858 se
2831 4810 3052 4873 possent
3077 4799 3343 4856 exhiberi.

247 4933 444 5010 (l)___Ex
477 4945 762 5010 stemmate
790 4937 858 5010 de
885 4938 1116 4993 Avalim.
1155 4939 1307 4996 Unde
1337 4939 1430 4995 lib.
1465 4955 1526 5008 ιι,
1553 4956 1674 5010 cap.
1710 4941 1760 4997 ιε
1797 4931 1843 4991 D
1871 4938 2010 5010 nior.
2041 4955 2060 4991 ι

174 5001 460 5075 Natalibus
498 5006 712 5075 quidem
755 5008 934 5064 clarus
964 5010 1190 5073 dicitur,
1234 5011 1326 5064 sed
1372 5001 1582 5064 morum
1621 5001 1764 5067 stre-

176 5074 388 5152 iinitaic
427 5074 581 5152 longe
621 5078 950 5152 praeclarior,
995 5081 1213 5152 nomine
1247 5080 1399 5152 [lngo
1425 5083 1503 5152 de!
1527 5082 1760 5137 Avalim.

175 5142 437 5222 i3_t__ab_bas
463 5142 724 5222 hiorotius
755 5149 808 5222 in
836 5149 876 5202 Τ
883 5149 1077 5222 hcatro
1112 5142 1366 5222 Carthns'.
1395 5170 1462 5222 εί(
1487 5150 1638 5222 llugo
1668 5169 1766 5207 no-

177 5211 304 5290 bilis
332 5212 622 5290 Delphinas
641 5219 852 5290 ,_cnjus
895 5219 1110 5289 genitor
1140 5221 1322 5290 oppidi
1354 5221 1512 5290 vulgo
1542 5211 1763 5286 Αἶναιοη,

175 5283 342 5364 tertio
382 5283 558 5353 lapide
597 5303 626 5341 a
664 5283 1190 5361 Gra'tianopolitana'
1213 5283 1345 5346 urbe
1388 5283 1638 5360 discreti,
1670 5283 1768 5349 doé

174 5367 360 5408 nlllllls
381 5365 514 5408 erat.
530 5375 548 5408 ι

247 5423 330 5494 (2)
370 5425 661 5481 Wilhelmo
709 5429 899 5484 saltem
938 5440 994 5485 et
1054 5431 1244 5496 Petro,

175 5489 409 5573 Ιὶὺξ-ξιιι
415 5510 535 5562 cap.
562 5498 659 5573 Δ13,
689 5510 745 5554 et
773 5499 864 5573 lib.
895 5516 970 5573 rv,
997 5517 1118 5573 cap.
1143 5503 1197 5556 4.

249 5563 330 5632 (3)
370 5565 655 5638 Canonicze
697 5563 1332 5638 professionis'clericis.
1380 5575 1534 5630 Unde
1591 5575 1760 5638 liquet

176 5629 459 5715 {ingencia
487 5637 652 5691 fuisse
678 5629 910 5715 primum
934 5643 1254 5698 canonicum
1279 5629 1599 5715 regularem.

177 5703 327 5760 ditur
369 5708 512 5763 enim
562 5703 724 5763 more:
763 5729 780 5762 ‹
821 5710 964 5766 Inter
1004 5715 1297 5770 canonicos
1337 5703 1481 5772 illius
1526 5715 1624 5772 loci
1670 5733 1756 5772 sc-

1320 5433 1411 5504 qui
1470 5433 1759 5490 laudantur

1943 5009 2020 5082 (i)
2050 5009 2219 5082 Pater
2241 5009 2404 5078 igitur
2425 5022 2532 5082 una
2555 5021 2676 5062 cum
2695 5006 2809 5082 filio
2827 5020 2886 5082 se
2909 5006 3128 5060 tradidit
3153 5015 3452 5062 memorato

1871 5079 2100 5158 collegio
2111 5096 2270 5158 _;__noii
2299 5087 2424 5158 pos_t_
2453 5079 2624 5144 illum,
2647 5079 2723 5158 uti
2751 5079 2968 5158 quidam
3002 5085 3273 5158 afer-inii.
3356 5146 3367 5158 .
3402 5147 3413 5158 ⁸
3504 5144 3507 5147 Ι

1940 5145 2039 5221 (5)
2061 5150 2196 5228 Villa
2226 5145 2516 5228 Benedicta
2555 5145 2793 5228 nomine,
2835 5147 2994 5228 vuigo
3038 5146 3186 5200 Vifar
3209 5145 3448 5228 Rendili,

1870 5221 1923 5297 in
1952 5218 2272 5297 ‘qnahiiugo,
2295 5219 2380 5297 uti
2415 5220 2590 5297 libiv,
2623 5219 2812 5297 c._22,_
2839 5218 3094 5297 refertur,
3125 5233 3298 5297 sacrae
3325 5218 3449 5297 reli-

1870 5287 2050 5362 gionis
2073 5290 2260 5362 libavit
2283 5288 2597 5360 primordia.
2615 5290 2700 5344 cui
2723 5302 2778 5344 et
2801 5289 3182 5344 bibliothecam
3206 5287 3446 5349 donavit,

1870 5363 2010 5418 sicut
2041 5361 2238 5414 ibidem
2264 5369 2614 5414 memoratur.

1940 5432 2018 5502 f6)
2060 5431 2284 5485 Videtur
2325 5440 2567 5486 erratum
2618 5430 2671 5486 in
2720 5445 2976 5495 numero,
3034 5438 3088 5484 et
3141 5425 3446 5496 legendum,

1872 5521 1890 5554 ι
1923 5503 2107 5578 decent
2136 5516 2199 5554 ac
2225 5509 2450 5578 septem.
2490 5521 2507 5554 ι
2677 5571 2690 5578 _
2771 5572 2783 5578 _
2879 5570 2910 5578 __
3142 5567 3154 5576 ,
3278 5565 3290 5578 .
3410 5565 3422 5577 .

1942 5571 2204 5643 (7)‘inter
2231 5573 2350 5625 haec
2385 5583 2628 5643 castrum
2660 5571 2726 5626 de
2759 5570 3045 5643 Avalini,__g
3073 5570 3244 5643 cujus,
3278 5570 3450 5634 inquit

1871 5637 2026 5710 nugo
2055 5641 2149 5695 lib.
2182 5658 2264 5701 Ill.
2299 5659 2348 5696 c.
2380 5642 2464 5706 l3,
2496 5643 2664 5699 frater
2703 5649 2892 5696 noster
2917 5637 3236 5694 Wilheltnus
3268 5650 3480 5694 arcent.

1873 5716 2112 5770 noscitur
2137 5715 2400 5780 ulztitzero.
2438 5734 2453 5763 ι
