3920 6298
517 288 537 296 ”’
567 299 668 356 947

1463 298 1522 353 S.
1563 295 1864 356 IIUGO'NIS
1898 293 2113 352 EPISC.
2149 295 2151 348 ἶ

2255 293 2466 354 iCOLN.
2500 295 2662 355 onn.
2693 295 2948 354 ωιτη.
3667 314 3744 381 ,ιε

531 411 542 486 ξ
635 407 898 480 Denique,
929 421 1052 463 cum
1083 407 1206 463 talia
1233 407 1300 463 de
1325 422 1410 473 eo,
1439 421 1622 461 coram
1647 423 1714 461 eo
1733 408 1844 476 jam
1875 405 2146 476 episcopo,
2178 411 2226 468 Α
2253 407 2504 463 mandato
2541 403 2844 479 injungitur
2871 405 3112 477 speciali,
3137 417 3402 478 quatenus
3429 429 3522 470 suo
3539 421 3748 492 princip"

565 501 659 575 qui
689 516 815 558 eum
855 509 984 557 tunc
1013 499 1269 572 temporis
1303 507 1585 562 noverant,
1619 497 1814 553 fratres
1843 497 2152 568 aliquoties,

563 610 654 652 me
677 609 895 666 quoque
917 601 1208 665 przesente,
1263 589 1550 656 referrent,
1601 589 1714 660 ipse
1745 589 1960 643 aiebat:
1991 609 2008 639 ‹
2037 587 2124 644 Uti

563 698 670 754 que
699 694 1051 754 posteaquam
1074 679 1414 737 Carthusiam
1439 679 1567 742 adii,
1601 679 1786 734 nescio
1809 679 1854 734 si
1881 679 1962 734 vel
1987 680 2154 734 semel

562 775 697 830 mihi
720 771 990 844 subrepsit
1013 770 1276 826 morantia
1298 769 1350 824 in
1371 769 1545 824 oﬂicio
1568 767 1747 838 aliquo
1769 769 1908 838 quod
1932 769 2156 840 implere

565 865 844 926 deberem.
873 885 893 918 ι
936 863 1139 917 Dicitur
1167 870 1348 916 autem
1379 861 1538 930 vulgo
1569 861 1833 919 morantia
1867 861 2011 916 inter
2037 877 2150 918 mo-

562 959 794 1022 nachos,
819 972 939 1012 cum
967 953 1214 1024 legendi,
1243 953 1494 1008 cantandi
1525 953 1610 1010 vel
1637 953 1907 1008 serviendi
1957 969 2154 1008 munus

562 1051 666 1110 sibi
699 1050 1032 1120 assignatum
1081 1047 1321 1100 obmittit
1349 1046 1491 1116 quis,
1530 1047 1671 1102 unde
1710 1062 1918 1104 moram
1945 1047 2155 1118 patitur

559 1139 768 1200 functio
803 1135 1087 1210 regularis.
1127 1136 1351 1192 Dicebat
1379 1151 1528 1202 vero,
1563 1151 1670 1192 non
1698 1137 1914 1206 quidem
1940 1138 2156 1207 jactana

561 1239 668 1294 ter,
698 1229 791 1286 sed
820 1237 1134 1284 constanter
1165 1228 1268 1281 ista
1293 1231 1358 1282 de
1389 1243 1485 1282 se:
1518 1246 1536 1278 ι
1563 1226 1698 1284 Cum
1729 1229 1874 1288 enim
1904 1229 1956 1282 in
1997 1227 2152 1282 dedi-

559 1320 866 1374 cationibus
891 1318 1272 1386 ecclesiarum,
1307 1319 1358 1372 in
1397 1317 1853 1373 celebrationibus
1877 1319 2150 1384 ordinum,

557 1410 648 1464 vel
692 1419 1172 1480 quantumcunque
1220 1410 1272 1464 in
1309 1410 1520 1486 diurnis
1567 1411 1915 1465 nocturnisve
1960 1407 2152 1465 officiis

555 1514 655 1574 νει·
683 1499 947 1556 incuriam
989 1500 1385 1564 ministrorum,
1418 1508 1703 1555 cantorum
1745 1516 1841 1555 seu
1886 1499 2149 1556 lectorum

559 1591 738 1662 aliqua
789 1591 1022 1646 lardatio
1051 1591 1382 1663 emergebat,
1417 1591 1576 1646 talem
1627 1607 1844 1646 suorum
1885 1592 2152 1664 castigare

551 1677 784 1754 cupiens
815 1683 1219 1754 negligentiam,
1249 1683 1362 1738 haec
1382 1683 1462 1738 eis
1484 1683 1549 1737 de
1576 1699 1634 1738 se
1673 1683 1788 1754 ipso
1813 1683 2072 1740 habenda:
2095 1683 2148 1740 in

2255 507 2312 553 et
2335 499 2681 569 peculiarius,
2711 503 2765 554 In
2790 499 2987 570 quibus
3008 513 3144 570 opus
3166 501 3404 568 haberet,
3429 509 3625 564 sersiret
3645 501 3772 583 gent?

2260 592 2382 646 tori.
2413 611 2430 644 ι
2453 590 2596 648 Nihil
2615 592 2785 656 enim,
2803 593 2901 653 ait,
2916 591 3048 645 mihi
3071 601 3164 646 aut
3189 593 3394 648 caeteris
3413 593 3636 655 fratribus
3655 619 3752 672 pre-

2256 684 2426 738 stabis
2452 684 2684 754 gratius,
2708 697 2870 752 quam
2899 697 2946 737 si
2971 683 3088 738 viro
3115 683 3247 740 adeo
3275 687 3538 755 spectabili
3561 693 3666 747 nihil
3689 712 3746 752 ro-

2257 771 2350 828 tivi
2370 771 2724 844 denegaveris
2743 771 3011 852 obsequii.
3035 773 3112 827 'l‘e
3133 787 3262 830 vero
3287 775 3422 830 inter
3441 775 3610 835 fratres
3627 785 3750 843 nullus

2255 863 2522 929 devotior,
2541 863 2636 919 sed
2667 879 2766 919 nec
2791 863 3096 919 humilitate
3121 866 3362 934 pronior,
3389 877 3476 928 aut
3495 870 3751 931 oﬂiciositate

2256 970 2416 1010 nemo
2437 963 2490 1011 te
2509 955 2812 1034 promptior
2847 956 3140 1021 invenitur,
3167 958 3251 1011 cui
3285 973 3316 1011 a
3339 959 3489 1016 nobis
3521 963 3632 1020 adeo
3653 973 3750 1038 grati

2253 1047 2354 1102 viri
2392 1063 2520 1102 cura
2548 1046 2923 1102 demandetur.
2965 1065 2982 1098 ι
3015 1047 3228 1118 Excipit
3257 1047 3446 1114 libens,
3475 1051 3750 1125 libentius-que

2253 1139 2566 1210 exsequitur
2617 1137 2936 1194 adolescens
2979 1139 3098 1209 pius
3149 1139 3318 1209 patris
3353 1139 3496 1210 jussa
3531 1143 3752 1213 Spiritualis

2255 1249 2381 1304 erga
2412 1231 2772 1288 necessitates
2811 1229 3048 1284 carnalis
3084 1230 3192 1283 imo
3221 1238 3278 1285 et
3301 1231 3575 1298 spiritualis
3595 1249 3750 1306 quoque

2249 1325 2512 1397 parentis,
2547 1339 2645 1394 per
2682 1337 2844 1392 quem
2886 1335 2944 1378 se
2975 1323 3154 1394 potius
3185 1322 3481 1392 gaudebat,
3515 1341 3605 1380 non
3629 1329 3750 1386 solum

2255 1412 2420 1468 fuisse
2447 1413 2558 1467 Deo
2589 1411 2828 1484 genitum
2871 1421 2928 1466 et
2963 1411 3228 1477 oblatum,
3258 1427 3418 1484 quam
3445 1415 3618 1472 mundo
3641 1429 3750 1476 antea

2252 1511 2617 1578 procreatum.

2327 1594 2550 1650 Videres
2589 1596 2706 1664 jam
2753 1611 2897 1660 eum,
2951 1595 3042 1666 qui
3086 1593 3140 1649 in
3181 1593 3752 1668 singulorum‘obsequiis

2253 1683 2504 1752 fratrum,
2537 1685 2768 1756 gratiam
2804 1686 2908 1742 sibi
2941 1686 3248 1742 uberiorem
3288 1685 3640 1742 conciliaverat
3665 1693 3750 1745 uui-

560 1775 759 1830 divinis
787 1774 978 1832 ciliciis
1015 1775 1319 1844 exemplum
1344 1775 1635 1846 diligentiae
1681 1775 1988 1831 intimabat.
2020 1794 2039 1828 ι
2091 1775 2148 1831 In
2184 1759 2226 1818 Β
2257 1793 2558 1844 versorum,
2593 1777 2646 1832 in
2694 1792 2761 1832 eo
2811 1791 2972 1848 quam
3003 1777 3240 1832 maxime
3287 1778 3542 1833 universis
3579 1781 3749 1848 placere,

559 1880 626 1920 eo
655 1875 836 1920 autem
871 1866 988 1922 haec
1021 1866 1392 1935 perseveravit
1423 1865 1476 1920 in
1509 1865 1672 1920 ﬁnem
1705 1865 1980 1936 diligentia
2019 1881 2154 1922 cun-

557 1956 663 2012 ctis
710 1957 1210 2026 cognoscentibus,
1261 1957 1510 2012 miranda
1559 1957 1773 2014 facilius
1821 1973 1982 2028 quam
2033 1957 2152 2012 imi-

560 2047 744 2108 tanda.
778 2046 1064 2117 Nunquam
1109 2063 1349 2117 praesens
1403 2047 1784 2103 tumultuantis
1833 2047 2153 2118 frequentiae

559 2138 958 2208 importunitas,
991 2154 1264 2209 nunquam
1297 2149 1582 2196 transacta:
1607 2139 1694 2194 vel
1735 2139 2022 2211 praesentis
2057 2155 2152 2194 cu-

557 2227 864 2296 juscunque
907 2228 1318 2295 disceptationis
1369 2227 1681 2298 implicitas,
1707 2237 1801 2284 aut
1829 2228 1967 2283 alius
2003 2228 2150 2283 talis-

561 2331 774 2384 cunque
827 2331 1005 2382 casus,
1061 2317 1422 2388 undecunque
1485 2331 1794 2390 emergens,
1855 2319 1905 2373 ei
1973 2319 2152 2389 potuit

559 2406 876 2476 subrepere,
905 2407 1034 2475 quin
1066 2408 1230 2462 corde
1275 2423 1490 2476 semper
1515 2407 1600 2463 vel
1629 2407 1788 2462 labiis
1817 2417 2066 2478 paratum
2095 2415 2152 2462 et

563 2505 870 2566 promptum
893 2497 1140 2562 haberet,
1158 2499 1419 2568 quidquid
1441 2507 1682 2569 tempore
1709 2509 1764 2554 et
1784 2500 1937 2566 hora,
1963 2509 2072 2554 tam
2095 2498 2149 2553 in

563 2585 755 2640 altaris
779 2601 940 2662 quam
971 2586 1023 2642 in
1053 2585 1276 2644 alterius
1301 2587 1477 2643 ofIicio
1507 2587 1814 2656 ministerii,
1846 2595 1988 2644 esset
2025 2603 2150 2658 pro-

559 2677 917 2748 sequendum.

1191 2791 1421 2852 CAPUT
1461 2795 1540 2850 III.

561 2923 640 2980 De
671 2926 834 2994 patris
864 2927 946 2980 sui
982 2927 1467 2992 commendatione,
1512 2937 1560 2981 et
1590 2945 1746 2990 quam
1795 2928 2062 2983 humiliter
2087 2945 2150 2984 ac

629 2997 808 3069 deuote
835 2998 1204 3069 ministraverit
1231 3000 1280 3051 ei
1305 2997 1462 3069 Hugo
1497 3009 1694 3064 uoster,
1739 2999 1974 3067 eiusdem
2001 2999 2149 3054 obse-

629 3067 766 3139 quiis
790 3067 1085 3138 specialiter
1106 3067 1408 3138 deputatus.

632 3180 704 3237 Ut
727 3189 908 3236 autem
933 3189 1106 3249 captae
1133 3181 1460 3237 narrationis
1481 3181 1730 3238 ordinem
1756 3183 2000 3238 seriatim
2023 3198 2153 3256 pro-

559 3287 872 3342 sequamur,
893 3271 1118 3342 Ilugone
1135 3271 1336 3344 (8)jam
1361 3273 1566 3338 adulto,
1591 3281 1745 3344 pater
1766 3271 1884 3344 ejus
1907 3283 2154 3330 senectu-

563 3363 634 3418 tis
660 3373 917 3417 extrema
947 3361 1156 3418 crebris
1189 3364 1356 3433 carpit
1385 3363 1565 3432 urgeri
1603 3363 1979 3420 incommodis.
2015 3363 2154 3420 Tan-

561 3465 675 3509 tam
697 3467 826 3508 vero
849 3453 990 3509 idem
1021 3455 1074 3508 in
1098 3464 1352 3525 utraque,
1381 3457 1532 3526 prius
1555 3454 1834 3510 scilicetin
1859 3455 2150 3522 mundana,

560 3559 630 3602 ac
653 3543 908 3613 deinceps
953 3543 1006 3598 in
1045 3541 1310 3614 spirituali
1351 3543 1662 3598 ontinuerat
1703 3542 1896 3598 militia
1935 3543 2154 3600 virtutis

556 3636 818 3707 palmam,
845 3643 904 3689 ut
925 3635 1058 3692 nihil
1079 3635 1191 3691 suis
1215 3635 1424 3706 gratius
1445 3633 1740 3690 haberetur
1763 3635 2152 3690 commilitoni-

557 3730 682 3793 bus,
710 3743 870 3798 quam
899 3727 948 3782 ei
987 3727 1041 3781 in
1071 3727 1324 3782 omnibus
1363 3737 1578 3798 gratum
1603 3725 1817 3784 deferre
1865 3727 2155 3782 contuber-

557 3824 728 3880 nium.
749 3821 950 3877 Fuerat
967 3821 1112 3877 enim
1137 3821 1413 3878 modestiae
1435 3820 1745 3892 singularis,
1764 3820 2008 3876 moribus
2029 3835 2154 3876 sua-

557 3915 646 3972 vis
669 3925 724 3970 et
745 3915 1026 3980 honestus,
1053 3915 1312 3968 comitate
1335 3923 1611 3976 strenuus,
1637 3913 1976 3983 benignitate
1995 3925 2152 3968 acce-

560 4007 864 4080 ptissimus.
894 4006 1064 4076 Igitur
1093 4005 1328 4076 Hugoni,
1359 4007 1450 4076 qui
1481 4005 1742 4060 fratribus
1769 4004 2039 4060 universis
2059 4003 2153 4060 de—

559 4096 784 4154 votione
820 4095 1030 4151 viribus
1061 4095 1189 4152 totis
1218 4095 1559 4152 descrviebat
1603 4095 1780 4161 lliial-i,
1833 4094 2032 4166 prioris
2069 4094 2152 4150 sui

634 4231 725 4304 (8)7
751 4230 1008 4304 Octennis
1053 4231 1224 4286 ferme
1253 4231 1407 4304 [Iugo
1443 4231 1650 4304 militim
1688 4231 1952 4304 spiritalis
1985 4231 2154 4286 subiit

563 4302 844 4367 tirocinia,
874 4311 928 4356 et
956 4312 1082 4357 tunc
1111 4311 1266 4371 pater
1299 4303 1435 4370 ejus,
1473 4303 1546 4356 uti
1572 4317 1698 4372 cap.
1729 4305 1750 4354 l
1785 4302 2015 4372 relatum
2042 4311 2148 4372 est,

561 4373 828 4444 regularis
848 4373 980 4444 ivitaa
1010 4370 1508 4444 vestemsuscepit.
1550 4370 1658 4444 Cui
1679 4373 1806 4426 dum
1837 4371 2012 4443 Ilugo,
2035 4370 2148 4440 jam

2177 3111 2224 3173 C

2255 1869 2398 1940 quod
2437 1869 2491 1923 in
2523 1868 2766 1938 paternis
2802 1867 3221 1923 necessitatibus
3249 1867 3424 1922 studia
3460 1867 3658 1924 vinceret
3677 1871 3751 1926 sin-

2253 1959 2522 2032 gulorum.
2561 1957 2716 2026 Quod
2753 1973 2989 2029 namque
3019 1957 3138 2014 viro
3177 1957 3542 2014 strenuissimo
3573 1961 3753 2016 exhiberi

2253 2051 2496 2106 universi
2527 2059 2583 2106 et
2611 2050 2808 2122 singuli
2847 2059 3233 2124 praeoptarent,
3275 2051 3420 2106 solus
3457 2051 3537 2106 ille
3563 2066 3640 2120 pro
3663 2053 3752 2108 cur;

2253 2143 2358 2198 clis
2400 2141 2678 2212 implebat.
2725 2140 2880 2196 I'Iunc
2933 2141 3116 2212 igitur,
3163 2151 3222 2196 ut
3261 2142 3378 2213 ipse
3419 2141 3592 2212 saepius
3627 2153 3752 2212 grata-

2255 2233 2416 2289 lando
2447 2233 2741 2299 referebat,
2773 2233 2842 2288 de
2873 2241 3069 2288 caetero
3099 2233 3177 2304 (9)
3221 2233 3462 2304 quandin
3513 2237 3750 2308 supervixit,

2254 2327 2504 2390 ducebat,
2535 2327 2806 2397 portabat,
2840 2325 3082 2381 vestibus
3113 2336 3168 2381 et
3193 2325 3562 2384 calceamentis
3587 2331 3751 2398 legebat,

2253 2417 2514 2484 nudabat,
2552 2417 2792 2482 lavabat,
2833 2417 3180 2487 extergebat,
3225 2415 3425 2470 lectum
3455 2417 3500 2471 ei
3531 2417 3750 2480 sternebat,

2253 2509 2404 2564 cibos
2442 2509 2718 2580 languenti
2755 2509 2998 2579 parabat,
3033 2507 3238 2579 paratis
3281 2508 3504 2563 debilem
3533 2507 3626 2578 ipse
3650 2509 3752 2564 ciba-

2251 2601 2364 2656 bat.
2417 2600 2544 2656 Ilaec
2579 2609 2634 2656 et
2671 2601 2758 2656 his
2791 2599 2987 2656 similia
3034 2599 3250 2655 dulcius
3291 2600 3342 2655 ei
3390 2599 3751 2670 sapiebant,cum

2252 2706 2316 2748 ea
2355 2689 2610 2760 faciebat,
2655 2707 2814 2764 quam
2866 2703 3122 2762 saperent
3165 2691 3330 2747 mella
3379 2691 3660 2756 comedenti,
3695 2701 3756 2748 at}

2254 2783 2507 2858 quaelibet
2541 2783 2813 2858 pigmenta
2853 2784 3204 2844 vehementer
3247 2783 3468 2840 sitienti.
3513 2781 3752 2852 Aceipicbat

2252 2873 2450 2930 millies
2481 2873 2547 2928 ad
2577 2873 2787 2946 singula
2829 2875 2944 2932 haec
2977 2873 3388 2930 benedictiones
3422 2874 3486 2928 ab
3512 2888 3593 2929 ore
3616 2871 3750 2942 patris,

2251 2973 2306 3020 et
2333 2966 2430 3020 has
2456 2965 2620 3020 corde
2643 2965 2802 3019 avido
2826 2965 3074 3020 sitienter
3097 2965 3407 3020 hauriebat.
3445 2963 3632 3018 Sciebat
3653 2977 3756 3016 nam-

2253 3071 2388 3128 que,
2418 3057 2561 3130 quod
2597 3057 3003 3118 benedictiones
3043 3065 3260 3126 patrum
3307 3053 3757 3114 conlirmantdouim

2257 3148 2514 3202 filiorum.
2559 3147 2827 3203 Nimirum
2871 3149 3284 3206 bcnedictiones
3326 3150 3550 3204 omnium
3583 3149 3756 3218 gentium

2255 3237 2482 3295 daturus
2521 3239 2596 3294 illi
2639 3241 2919 3306 Dominus,
2959 3241 3330 3310 praeveniebat
3361 3255 3480 3295 eum
3521 3240 3566 3294 in
3601 3239 3758 3294 benedi-

2256 3329 2526 3386 ctionibus
2552 3331 2872 3398 dulcedinis,
2904 3331 3138 3396 dulcem,
3176 3332 3465 3388 amabilem
3494 3341 3542 3386 et
3561 3331 3756 3386 benedici-

2255 3421 2416 3478 bilem
2449 3423 2596 3478 illum
2627 3423 2934 3481 exhibendo
2963 3425 3249 3482 universis.

2861 3513 3090 3570 CAPUT
3127 3515 3216 3570 IV.

2257 3603 2500 3676 Qualiter
2534 3605 2810 3659 ordinatus
2855 3605 3028 3667 levita,
3071 3624 3194 3660 mox
3227 3605 3604 3676 prrrdicntionit
3640 3603 3762 3676 stadio

2325 3675 2522 3746 plebem
2557 3676 2874 3744 informant,
2921 3677 3164 3730 cellulam
3217 3673 3276 3730 S.
3309 3676 3524 3746 Maximi
3555 3673 3762 3742 regendam

2327 3745 2542 3814 accepit,
2576 3756 2624 3800 et
2655 3747 2730 3800 ita
2759 3748 3098 3802 laudabiliter
3125 3749 3280 3800 rexit.
3327 3745 3396 3798 Et
3435 3747 3522 3814 sui;
3551 3747 3632 3796 hoc
3665 3759 3764 3814 rom-

2323 3812 2663 3884 preheudt'tur
2682 3817 2921 3887 quintum
2944 3817 3232 3888 capitulum
3259 3833 3468 3884 "regnat
3489 3812 3713 3882 Vitellii).

2323 3906 2536 3962 Annum
2563 3921 2693 3962 vero
2722 3907 2898 3962 aetatis
2931 3907 3042 3976 jam
3077 3909 3359 3978 ingressus
3383 3905 3490 3976 (ll)
3516 3919 3678 3958 nouum
3699 3899 3762 3952 di:-

2255 4001 2480 4066 cimum,
2505 4009 2719 4071 petente
2743 4001 2888 4056 omni
2917 4011 3060 4056 ctetu
3087 4002 3344 4072 fratrum,
3369 4019 3462 4074 per
3484 3997 3764 4058 venerabilem

2255 4091 2821 4164 Gratianopolitanum
2856 4094 2968 4166 (12)
3012 4095 3337 4162 antistitem,
3374 4096 3584 4168 gradum
3607 4100 3764 4146 coactis

2255 4229 2318 4301 in
2341 4228 2502 4301 huius
2523 4229 2878 4301 institutionis
2923 4227 3378 4301 (Cartlmsiensis)
3413 4235 3620 4299 parente
3653 4223 3766 4301 dumo

2253 4300 2382 4370 olim
2403 4293 2608 4370 collega
2633 4300 2880 4370 eumdem
2915 4293 3044 4354 fatis
3077 4293 3471 4370 concedeniem
3497 4293 3706 4370 pastorali
3727 4307 3762 4342 in

2255 4363 2620 4425 sollicitudiite
2645 4369 2878 4438 excepit.
2911 4370 3104 4424 Exstat
3145 4371 3198 4424 in
3242 4363 3512 4426 tabulario
3539 4363 3764 4438 Gratiane-

561 4434 810 4524 aditltus,
846 4443 899 4496 in
944 4434 2148 4524 infirmitatibusinservivit.,__oportei.et'pa-
2181 4455 2229 4517 ς)
2255 4439 2504 4524 polit_a_no_
2551 4434 2794 4522 diploma
2833 4439 3092 4522 Friderici
3131 4441 3506 4524 .itttpet'al'oris
3553 4434 3763 4524 subndalbt

565 4523 704 4568 trem
739 4503 882 4567 illius
911 4513 1118 4580 aliquot
1155 4513 1314 4582 annis
1355 4513 1408 4566 in
1441 4527 1594 4566 sacra
1628 4503 1892 4582 religione
1925 4503 2146 4566 vixisse.

636 4584 712 4652 (9)
751 4584 996 4639 Mortuus
1027 4583 1191 4652 igitur
1228 4581 1332 4636 fuit
1367 4591 1522 4652 pater
1560 4581 1804 4652 llugoriis
1846 4591 1972 4637 ante
2007 4583 2150 4636 illius

561 4653 618 4709 in
643 4654 988 4712 Carthusiam
1021 4667 1320 4720 secessum,
1351 4669 1458 4708 non
1487 4663 1608 4723 post
1634 4655 1803 4720 illum,
1829 4653 1906 4708 uti
1933 4653 2150 4722 quidem

565 4725 870 4778 insinuant.

634 4793 744 4864 (t0)
785 4793 860 4847 Ex
895 4793 1048 4848 titqu
1079 4794 1241 4862 huius
1265 4801 1318 4847 et
1341 4793 1704 4863 quorumdam
1733 4793 1972 4850 aliorum
2005 4793 2152 4864 capi-

568 4863 682 4918 tum
747 4865 1405 4938 |_iquct_abbreviatorem
1477 4866 1724 4938 quaedam
1785 4863 2150 4938 contraxisse,

566 4935 807 4990 auctoris
831 4935 996 4989 verba
1017 4933 1232 5004 quidem
1261 4933 1564 4998 retinendo,
1580 4935 1672 4988 sed
1699 4933 2014 5000 resecando,
2033 4949 2154 5004 quae

565 5007 808 5076 putabat
823 5005 1114 5076 superﬂua.

641 5075 751 5146 (il)
792 5075 848 5130 Si
890 5073 1216 5146 annoiiOO
1253 5073 1406 5141 [Iugo
1432 5073 1602 5146 obiit,
1639 5085 1774 5130 teste
1815 5073 1996 5140 Surio,
2038 5075 2151 5146 jam

567 5143 975 5215 settagenarius,
1010 5145 1222 5198 videtur
1245 5155 1400 5198 natus
1423 5143 1590 5198 fuisse
1613 5146 1756 5200 circa
1787 5161 1988 5200 annum
2015 5143 2154 5200 1140

570 5224 626 5268 ct
653 5217 956 5288 inlevitam
986 5216 1270 5288 ordinatus
1293 5216 1488 5288 anno__I
1507 5215 1602 5288 158
1631 5225 1724 5288 aut
1749 5217 2021 5288 sequenti.

637 5285 750 5356 (l2)
791 5285 848 5356 Is
868 5295 986 5339 erat
1012 5285 1300 5339 Gaufaidus
1323 5299 1388 5356 ex
1421 5285 1779 5356 Carthusiano
1817 5285 1912 5356 per:
1941 5287 1998 5340 id
2019 5295 2152 5346 tem-

569 5355 1284 5425 porisibidem,episcopus.
1337 5355 1400 5408 Et
1437 5355 1526 5416 hic
1569 5365 1654 5409 est
1698 5356 1784 5410 ille
1801 5355 1912 5417 {de
1946 5372 2052 5425 quo
2098 5357 2150 5408 in

569 5428 705 5480 actis
741 5424 1114 5496 S.Anthelmi
1169 5425 1309 5496 apud
1347 5425 1730 5496 Bollandianos
1777 5426 1866 5482 illa
1909 5424 2149 5496 legitur:

575 5521 600 5566 gr
629 5495 1095 5566 Antbelmuscum
1137 5495 1366 5566 egregia:
1405 5495 1669 5566 [acritudine
1717 5496 1865 5561 viro,
1907 5495 2068 5566 aliine
2100 5495 2151 5550 in

569 5564 1560 5637 ScripturisvaldeeruditoQaufredo
1587 5567 1836 5637 consocio
1857 5564 2017 5633 suo,a
2044 5576 2149 5621 etc.

569 5633 833 5690 Ennidem
865 5633 950 5687 his
978 5633 1216 5688 celebrat
1243 5634 1409 5686 abbas
1437 5633 1732 5686 Murotius:
1769 5655 1783 5684 ι
1823 5637 2152 5691 coacti-idus

571 5707 853 5779 episcopus
880 5701 1436 5769 Grationopolitanus,
1473 5701 1714 5756 Othtnari
1750 5721 1906 5774 supra
1949 5707 2148 5760 laudati

2255 4501 2345 4563 an.
2375 4509 2507 4564 lilii
2529 4550 2545 4574 ,
2577 4501 2630 4564 in
2671 4511 3072 4584 quo.pr_iu_c_ipis
3107 4501 3265 4584 titulo
3307 4509 3600 4584 insignitur.
3633 4501 3764 4584 Qualis

2253 4573 2596 4649 quantusque
2635 4573 2718 4636 vii-
2759 4573 3088 4650 Godefriilus
3133 4581 3318 4642 fuerit,
3355 4573 3649 4650 dignoscere
3681 4573 3767 4650 ιίςςι

2254 4647 2324 4704 ab
2362 4647 2582 4704 auclore
2619 4665 2890 4720 anonymo
2930 4649 3064 4706 Vitae
3104 4650 3162 4706 S.
3211 4647 3484 4706 Anthelini
3522 4647 3765 4720 Bellicensb

2255 4721 2530 4792 antistitis,
2561 4722 2701 4792 apud
2740 4711 2900 4790 quem
2944 4722 3048 4776 hoc
3077 4721 3249 4792 elogio
3285 4720 3545 4792 attollitur
3569 4733 3638 4792 :_t
3667 4711 3766 4792 9h!“

2259 4811 2278 4842 ι
2319 4783 3002 4859 Carthu’sie'nsisfprimus
3053 4783 3178 4845 ante
3234 4807 3448 4856 utunes,
3495 4791 3545 4844 in
3589 4783 3766 4859 Ecclesia

2259 4881 2278 4914 ι
2323 4862 2664 4926 occidentali,
2697 4857 3152 4930 quemadmodum
3183 4863 3318 4916 satis
3345 4869 3574 4924 constat,
3593 4857 3766 4930 Mem"

2261 4951 2278 4983 '
2327 4933 2482 5006 drum
2515 4947 2611 5001 PI‘O
2635 4923 2902 5006 éat'ltelico
2939 4941 2994 5006 et
3037 4923 3765 5006 vero_poutiiiee_habeadu'at.

2262 5022 2280 5054 ι
2325 5003 2484 5070 eique
2515 4991 2878 5072 praestandam
2923 4991 3308 5066 obedientiam,
3345 4991 3766 5072 confirmavit._ﬁtl‘-

2262 5091 2280 5123 ι
2325 5061 2448 5143 quis
2473 5061 2654 5128 autem
2689 5071 2807 5140 ejus
2839 5073 2913 5144 rei
2946 5085 3135 5144 auctor
3172 5061 3305 5126 fuit?
3329 5073 3578 5126 nimirum
3597 5061 3766 5144 Audiet-

2262 5161 2281 5194 ι
2329 5129 2468 5206 titus,
2495 5151 2549 5200 et
2575 5161 2698 5198 cum
2716 5129 2790 5197 'eo
2819 5142 3155 5208 Gaufredns,
3182 5144 3400 5211 sapiens
3427 5151 3480 5196 et
3507 5135 3696 5213 egregia
3721 5129 3769 5206 ίιξ·

2264 5231 2282 5268 t
2329 5215 2523 5268 cundia
2553 5215 2854 5284 vir,atque
2884 5214 2936 5268 in
2969 5213 3169 5268 divinis
3210 5207 3769 5284 scripturisewmiiis“

2263 5304 2282 5334 ι
2327 5286 2518 5338 simus.
2559 5304 2576 5336 ι
2643 5281 2781 5352 Ejus
2817 5299 3034 5353 quoque
3073 5285 3277 5338 mentio
3322 5281 3373 5336 in
3430 5281 3768 5353 Iitdice_p;istft-

2257 5369 2378 5427 rum
2405 5354 2562 5422 hujus
2595 5339 2774 5427 gregis
2797 5339 3058 5427 evulgato
3079 5371 3108 5408 a
3135 5353 3342 5427 Joanne
3371 5353 3586 5427 Cbeuu,
3605 5339 3770 5427 σιειξξῶεξ

2257 5413 2516 5489 Iloherto,
2529 5413 2840 5480 etScznvula
2865 5413 3220 5482 achudovico
3235 5420 3630 5491 Sammartauis.
3651 5433 3666 5464 ι
3683 5413 3770 5466 llas
3843 5461 3845 5491 ἓ

2255 5495 2520 5570 Mqrptius
2555 5497 2873 5570 in_'flteatt_‘o
2903 5495 3052 5570 _ord._
3073 5495 3248 5570 Cant,
3283 5503 3466 5570 parte“
3486 5489 3645 5570 tertia,
3669 5493 3771 5570 35‘!le

2257 5565 2413 5631 1681,
2439 5567 2585 5620 edito
2613 5565 2856 5620 Taurini.
2901 5567 2956 5619 In
2987 5553 3258 5620 adnotatis
3283 5553 3374 5618 'ad
3407 5553 3770 5631 Vit:uu_S._Anlj

2259 5617 2466 5710 ξιίθξιὶῖιὶζ
2480 5617 2792 5710 βρξξξδιζ
2804 5617 2812 5618 ί
2826 5617 3051 5710 sci-ibit
3065 5617 3442 5710 iungebant.”
3468 5651 3480 5683 ;
3517 5650 3534 5679 ι
3549 5709 3553 5710 ί
3567 5617 3768 5710 panitet}

2257 5687 3372 5776 ait;ibi?i.iii..3..ii.au;...‘.'arma;
3423 5687 3728 5762 mentionem.
3755 5703 3768 5736 ι
3841 5687 3843 5753 ι
