3984 6402
192 322 296 382 “9

1582 307 1765 366 Vl’l‘A.
1800 305 2034 393 eun.
2072 308 2096 362 1

3357 315 3463 372 νεεδ

192 444 252 492 et
277 431 479 488 invitus
505 428 753 486 ascendit
775 427 1072 485 leviticum.
1103 422 1281 496 Cepit
1305 423 1472 481 etiam
1501 437 1628 479 mox
1653 437 1780 478 san-
1804 422 1856 482 Δ
1946 429 2218 476 exsecutus
2245 430 2319 476 est
2347 423 2411 476 de
2437 432 2646 493 peccato
2682 421 2934 478 adulterii
2963 423 3297 495 diﬁ'amalum
3324 427 3461 500 (13').

194 535 300 582 ctae
338 521 740 593 praedicationis
781 520 960 576 studio
1007 518 1216 588 plebem
1266 517 1584 583 informare,
1628 525 1685 573 et
1712 515 1782 571 ad

196 628 440 671 amorem
484 609 724 666 caelestis
769 609 961 680 patria:
1008 608 1336 677 torpentium
1376 609 1542 663 corda
1577 606 1784 660 instan-

197 707 309 760 tius
357 701 618 757 excitare.
675 699 972 756 Peccantes
1017 698 1233 769 publice
1292 712 1478 754 coram
1533 696 1784 753 omnibus

194 797 481 865 arguebat.
528 791 848 848 Gaudebant
877 791 1164 862 siquidem
1217 789 1456 846 universi
1499 789 1554 844 in
1602 785 1784 843 verbis

193 885 411 956 gratias,
432 898 557 953 quae
579 882 948 954 procedebant
975 883 1043 938 de
1071 896 1168 938 ore
1191 881 1337 952 ejus;
1370 881 1464 936 sed
1492 892 1603 950 prae
1626 886 1784 933 caete-

199 976 280 1028 ris
310 975 458 1045 prior
489 988 640 1038 suus,
681 972 762 1026 vir
791 971 1070 1041 religiosus
1105 979 1160 1026 et
1185 970 1328 1040 pius,
1357 970 1450 1040 qui
1485 984 1606 1025 eum
1648 967 1784 1022 edu-

197 1074 426 1122 caverat
471 1074 528 1120 et
565 1063 661 1133 qui
739 1070 800 1117 ut
841 1061 1077 1116 animam
1117 1075 1269 1116 suam
1325 1075 1454 1116 eum
1508 1056 1782 1128 diligebat.

194 1156 303 1212 llic
329 1155 491 1211 corde
518 1155 790 1210 laetissimo
820 1169 975 1208 suum
1002 1154 1279 1208 alumnum
1305 1166 1429 1208 eum
1455 1149 1786 1206 sublimitate

197 1248 328 1302 vita:
351 1245 630 1302 sublimari
655 1258 886 1300 cernens
911 1243 1074 1298 verbo
1095 1243 1299 1314 gloriae,
1323 1241 1599 1299 contendit
1621 1241 1784 1297 etiam

193 1338 322 1408 ipse
348 1352 473 1392 eum
511 1337 578 1391 ad
606 1336 800 1390 altiora
826 1334 1096 1392 attollere.

277 1427 523 1482 Vicinam
573 1425 740 1495 igitur
786 1423 1056 1490 cellulam,
1105 1439 1268 1495 quam
1303 1430 1500 1480 vocant
1525 1422 1786 1478 Sanctum

194 1518 519 1582 Maximum,
547 1531 611 1572 eo
635 1516 780 1586 quod
814 1515 917 1571 loci
946 1513 1064 1583 eius
1089 1515 1312 1571 basilica
1356 1522 1544 1570 sancto
1569 1521 1654 1569 est
1679 1511 1787 1568 Ma-

193 1609 372 1674 ximo,
403 1607 700 1676 regentium
728 1606 894 1662 nobili
923 1614 1174 1676 patrono,
1199 1616 1535 1672 consecrata,
1561 1604 1614 1660 ei
1640 1617 1788 1660 com-

193 1699 373 1753 mittit
404 1699 717 1766 regendam.
746 1699 917 1765 Quam
961 1697 1054 1752 ille
1086 1699 1249 1753 rebus
1273 1697 1491 1767 quidem
1530 1709 1783 1752 necessa-

1952 509 2086 565 Erat
2107 518 2288 566 autem
2316 513 2459 567 inter
2486 512 2720 566 creditas
2746 525 2892 568 cura:
2939 527 3051 568 sua:
3079 514 3318 572 oviculas
3346 517 3465 574 Ovis

1881 599 2127 667 quaedam
2172 599 2440 664 morbida,
2467 600 2724 666 erratica,
2758 600 2956 670 lupinis
2994 602 3138 659 ultro
3168 619 3228 660 se
3272 607 3465 661 morsi-

1881 689 1984 744 bus
2011 689 2280 756 ingerens.
2300 688 2542 745 Crimine
2571 691 2613 745 si
2635 691 2848 760 quidem
2874 691 3123 747 adulterii
3151 694 3368 763 quidam
3398 711 3466 751 ex

1879 779 2287 850 parochialibus
2338 781 2453 836 suis
2498 779 2830 851 pertinacius
2900 782 3200 840 laborabat.
3265 785 3463 841 Verum

1879 870 2012 939 quid
2065 885 2230 936 ουτω,
2272 871 2402 940 quid
2432 871 2826 939 sollicitudinis,
2861 871 2991 944 quid
3038 873 3306 930 instantiae
3339 875 3467 931 huic

1883 960 2218 1030 impenderit
2241 961 2476 1030 pastoris
2505 961 2632 1018 boni
2662 962 2957 1033 sequipeda
2993 964 3190 1026 bonus,
3216 965 3464 1034 ejusdem

1883 1050 2063 1122 potius
2092 1051 2273 1106 verbis
2295 1052 2578 1108 absolvere
2600 1053 2819 1126 dignum
2859 1052 3132 1110 duximus.
3163 1054 3298 1111 Nam
3347 1056 3466 1110 vice

1881 1140 2115 1210 quadam
2143 1141 2388 1211 plurimis
2415 1145 2836 1200 eonsedentibus
2877 1144 3014 1202 viris
3042 1145 3312 1211 litteratis,
3335 1161 3468 1202 con-

1885 1229 2004 1301 tigit
2025 1230 2145 1300 ipso
2173 1241 2463 1300 praesente,
2488 1243 2545 1288 et
2579 1249 2705 1289 eum
2740 1234 2945 1291 eisdem
2974 1233 3323 1292 familiariter
3340 1236 3463 1306 plu-

1885 1336 1946 1376 ra
1969 1320 2304 1388 conl‘erente,
2339 1337 2369 1376 a
2395 1325 2717 1394 quibusdam
2747 1327 2993 1382 canonici
3039 1341 3138 1382 nec
3162 1342 3267 1382 non
3312 1337 3368 1381 et
3397 1328 3471 1383 cie

1883 1414 2007 1470 vilis
2045 1413 2187 1484 juris
2235 1415 2427 1484 peritis
2473 1416 2826 1484 quaestionem
2879 1417 3024 1473 illam
3068 1418 3134 1473 de
3177 1417 3471 1487 Evangelio

1885 1506 2136 1576 proponi,
2165 1521 2272 1576 qua
2302 1505 2565 1564 Dominus
2599 1507 2763 1564 Petro
2801 1509 2933 1564 dicit
2965 1527 2978 1562 :
3017 1527 3037 1561 ι
3074 1509 3130 1564 Si
3161 1509 3472 1579 peccaverit

1884 1596 1940 1651 in
1964 1604 2016 1652 te
2035 1596 2206 1653 frater
2233 1609 2380 1665 tuus,
2403 1601 2621 1671 corripe
2665 1599 2816 1656 illum
2841 1600 2984 1656 inter
3006 1609 3059 1656 te
3090 1609 3142 1656 et
3178 1602 3352 1672 ipsum
3378 1615 3470 1657 so-

1887 1686 1998 1742 lum
2024 1688 2242 1760 (Matth.
2267 1706 2426 1757 xvut,
2464 1691 2606 1762 15).»
2640 1692 2716 1747 De
2742 1692 2828 1747 his
2855 1706 2986 1746 vero
3004 1706 3126 1761 quae
3145 1701 3472 1762 sequuntur,

191 1793 303 1849 riis
332 1808 470 1864 pene
504 1809 727 1849 vacuam
758 1793 910 1864 (quia
952 1808 1205 1849 recusare
1247 1791 1611 1849 obedientiam
1653 1791 1785 1846 ohe.
1815 1775 1863 1836 Β
1889 1776 2097 1833 scilicet
2118 1779 2185 1834 de
2216 1779 2535 1836 adhibendis
2561 1796 2747 1836 secum
2769 1780 2978 1837 duobus
3001 1781 3085 1836 vel
3114 1781 3286 1837 tribus
3317 1783 3472 1836 testi-

187 1884 421 1940 dicutiae
471 1884 748 1940 addictum
798 1883 1005 1954 legibus
1052 1883 1135 1938 fas
1181 1899 1286 1938 non
1333 1883 1475 1952 erat)
1523 1882 1782 1952 suscepit,

187 1975 464 2046 bonisque
492 1975 545 2030 in
571 1973 722 2030 brevi
750 1974 984 2029 ubertim
1013 1973 1274 2042 implevit.
1305 1973 1430 2030 Loci
1459 1987 1590 2028 sane
1619 1972 1785 2041 ipsius

183 2067 653 2137 posSessiunculae
692 2067 782 2120 vix
824 2065 985 2121 unico
1020 2065 1086 2120 ad
1132 2067 1414 2122 honestam
1466 2065 1787 2120 videbantur

181 2157 496 2214 habitatori
537 2155 986 2213 sustentationem
1026 2170 1150 2211 cum
1191 2154 1398 2210 familia
1435 2169 1604 2226 parva
1640 2153 1787 2210 sulli-

185 2262 348 2304 cere.
383 2246 583 2302 Verum
617 2246 788 2317 llugo,
834 2245 1010 2300 sciens
1055 2244 1250 2301 melius
1289 2246 1424 2302 duos
1463 2244 1626 2301 simul
1665 2259 1788 2301 esse

177 2354 368 2407 quam
401 2352 592 2402 unum,
629 2335 802 2390 noluit
838 2349 960 2391 esse
999 2333 1166 2401 solus,
1205 2350 1276 2390 ne
1313 2335 1415 2404 sibi
1463 2336 1786 2406 quandoque

182 2429 309 2484 dici
341 2429 634 2498 potuisset:
658 2447 678 2479 ί
699 2428 791 2482 Vae
819 2429 943 2494 soli,
974 2428 1100 2496 quia
1117 2428 1161 2482 si
1199 2427 1457 2484 ceciderit
1488 2443 1596 2484 non
1622 2429 1787 2483 habet

180 2517 572 2576 sublevantem
607 2532 666 2574 se
689 2517 893 2584 (Eccle.
922 2534 994 2582 tv,
1024 2518 1133 2588 6).»
1160 2518 1348 2574 Sciens
1376 2533 1590 2588 quoque
1632 2519 1785 2589 juxta

185 2609 308 2663 viri
353 2608 652 2664 doctissimi
702 2608 1067 2664 sententiam:
1107 2627 1126 2660 ί
1158 2608 1568 2676 Sicutjunioris
1589 2610 1786 2680 jucun-

185 2701 434 2762 diorem.
464 2701 535 2755 ita
564 2699 1028 2756 cohabitationem
1059 2700 1290 2756 senioris
1316 2715 1437 2755 esse
1463 2699 1734 2755 tutiorem.
1761 2720 1780 2752 ο

187 2791 578 2862 presbyterum
621 2791 1052 2848 coneanonicum
1095 2791 1250 2846 annis
1291 2799 1346 2844 et
1395 2790 1634 2846 moribus
1663 2807 1781 2860 gra-

192 2896 327 2936 Irem
367 2882 579 2950 accepit
618 2881 670 2935 in
706 2881 935 2948 socium.
966 2881 1119 2951 Ageli
1167 2897 1355 2936 curant
1400 2891 1455 2938 et
1504 2882 1784 2938 vinearum

195 2970 424 3025 rusticis
466 2971 734 3025 timoratis
777 2972 1181 3035 commendans,
1231 2971 1345 3041 ipse
1383 2979 1438 3026 et
1476 2971 1691 3027 lectioni
1733 2982 1787 3028 et

194 3059 437 3114 orationi
465 3059 708 3127 vacabat.
762 3060 1093 3129 Factumque
1127 3069 1211 3114 est
1250 3071 1307 3114 ut
1341 3061 1394 3115 in
1426 3060 1606 3124 brevi,
1640 3060 1787 3116 locus

203 3165 390 3207 rerum
418 3160 474 3206 et
511 3149 700 3205 incolae
731 3167 940 3223 morum
997 3150 1279 3220 stipendiis
1308 3151 1484 3218 ditati,
1519 3152 1785 3207 celebrem

200 3241 480 3313 opinionis
531 3245 685 3298 bonae
729 3242 1154 3312 circumquaque
1210 3242 1410 3298 famam
1458 3243 1784 3299 obtinerent.

201 3333 328 3406 Ipse
348 3335 544 3406 quippe
568 3342 624 3390 et
648 3335 752 3400 sui,
781 3335 873 3404 qui
905 3351 1028 3389 cum
1059 3335 1174 3405 ipso
1203 3345 1378 3398 erant,
1417 3334 1471 3389 in
1497 3349 1592 3389 sua
1619 3335 1792 3389 abun-

204 3423 394 3479 dantia
423 3426 620 3489 sobrie,
650 3432 704 3480 et
729 3424 846 3493 pie,
877 3431 930 3478 et
953 3423 1098 3494 juste
1132 3423 1396 3490 viventes,
1439 3424 1624 3496 egenis
1661 3424 1789 3480 sub-

204 3514 588 3569 ministrabant
629 3515 938 3569 alimoniam
964 3555 980 3581 ,
1021 3515 1276 3572 divitibus
1323 3515 1787 3572 honorificentiam

204 3605 544 3661 exhibentes.
596 3605 775 3660 Sacrae
813 3621 942 3678 vero
991 3607 1391 3664 exhortationis
1439 3608 1638 3675 studio,
1682 3623 1788 3663 non

203 3695 382 3753 solum
437 3696 732 3752 ecclesiolre
794 3712 904 3752 sua:
950 3697 1348 3768 parochianos,
1395 3713 1581 3754 verum
1627 3699 1788 3754 etiam

205 3787 544 3843 confluentes
585 3789 823 3858 undique
871 3790 1057 3845 turbas
1091 3791 1158 3845 ad
1189 3791 1517 3847 audiendum
1563 3793 1788 3848 verbum

207 3879 348 3946 Dei,
393 3879 681 3934 instantius
732 3881 1031 3948 edocebat,
1080 3897 1306 3938 monens
1352 3898 1789 3953 unumquemque

207 3984 311 4040 pro
337 3978 513 4024 status
552 3971 636 4026 sui
677 3971 988 4027 conditione
1032 3973 1567 4043 irreprehensibilem
1608 3989 1668 4029 se
1701 3991 1791 4029 ca-

205 4063 423 4119 tholicae
453 4065 763 4120 traditionis
801 4075 856 4120 et
884 4065 986 4134 piae
1012 4080 1110 4136 per
1135 4067 1317 4121 omnia
1359 4069 1790 4125 conversationis

201 4163 535 4211 sectatorem
561 4155 836 4211 exhibere.

833 4243 1060 4300 CAPUT
1101 4245 1164 4300 γ.

199 4355 454 4422 Qualiter
480 4355 614 4408 illud
635 4353 1019 4426 evangelicum;
1052 4373 1072 4405 ‹
1095 4354 1153 4409 Si
1169 4357 1452 4426 peccaverit
1476 4357 1598 4410 inte
1625 4356 1791 4426 frater

1888 1865 2010 1929 bus,
2041 1879 2138 1920 seu
2173 1865 2240 1920 de
2286 1865 2460 1922 forma
2493 1867 2701 1924 dicendi
2754 1868 3011 1924 Ecclesia:
3046 1879 3332 1939 peccatum
3362 1869 3474 1925 fra-

1890 1955 2013 2021 tris,
2061 1955 2183 2011 aliis
2225 1956 2328 2022 sic,
2358 1956 2479 2013 aliis
2525 1972 2655 2012 vero
2701 1958 2783 2013 sic
2830 1958 3239 2034 dillinientibus,
3273 1960 3366 2016 sed
3419 1961 3474 2014 in

1890 2047 2135 2102 eamdem
2169 2049 2525 2104 assertionem
2569 2049 2791 2104 minime
2833 2049 3220 2104 accedentibus
3265 2051 3475 2120 episco-

1887 2153 1990 2208 pus
2023 2138 2215 2194 deinde
2261 2139 2390 2209 quid
2443 2138 2546 2195 sibi
2596 2139 2876 2195 videbatur
2917 2140 3157 2209 protulit,
3206 2138 3472 2211 suamque

1888 2226 2214 2282 sententiam
2245 2227 2478 2298 exempli
2509 2226 2670 2296 hujus
2700 2229 3081 2298 prosecutione
3111 2230 3363 2285 astruxit.

1971 2343 1991 2376 ι
2029 2327 2190 2393 Dum,
2214 2328 2410 2398 inquit,
2436 2327 2870 2384 adolescentulus
2903 2329 3178 2399 quondam
3205 2329 3339 2384 mihi
3371 2336 3476 2383 tra-

1885 2416 2016 2472 ditae
2041 2417 2313 2488 parochias
2346 2419 2590 2489 regimen
2617 2418 2733 2489 ipse
2761 2419 3273 2489 quidem‘diaconus
3303 2419 3477 2474 admi-

1887 2511 2206 2577 nistrarem,
2232 2511 2464 2581 simplici
2485 2511 2719 2581 quodam
2743 2510 3050 2576 sacerdote,
3073 2512 3214 2580 quod
3243 2510 3326 2568 sui
3356 2523 3478 2567 erat

1887 2603 2069 2669 ofﬁcii,
2110 2604 2163 2658 in
2211 2614 2676 2661 sacramentorum
2728 2604 2842 2659 sive
2883 2603 3180 2659 officiorum
3220 2604 3477 2661 ecclesia-

1887 2696 2148 2752 sticorum
2199 2696 2650 2754 celebrationibus
2713 2697 2799 2752 vel
2866 2695 3246 2752 collationibus
3303 2693 3478 2751 exsr-

1887 2797 2119 2856 quente,
2175 2797 2382 2855 notam,
2436 2789 2565 2855 imo,
2614 2789 2758 2858 quod
2805 2789 3044 2844 deterius
3114 2797 3216 2856 est,
3277 2803 3474 2843 noxam

1889 2877 2139 2932 adulterii
2168 2879 2457 2948 quemdam
2487 2892 2554 2933 ex
2582 2875 2931 2949 parochianis
2971 2877 3107 2932 meis
3136 2876 3363 2948 contigit
3393 2877 3475 2930 iu-

1889 2969 2149 3025 currisse.
2193 2971 2538 3038 Compertam
2591 2983 2690 3039 ego
2740 2967 2868 3023 mali
2920 2968 3120 3023 famam
3162 2983 3307 3039 aegre
3342 2969 3476 3023 satis

1893 3060 2009 3122 tuli,
2034 3074 2148 3114 rem
2177 3059 2586 3128 diligentissime
2608 3053 2886 3130 inquisi'vi,
2931 3058 3209 3116 inventam
3241 3067 3298 3113 et
3323 3059 3476 3129 agni-

1893 3157 2027 3212 tam,
2067 3156 2394 3217 cooperante
2453 3146 2664 3201 Domini
2717 3145 2886 3201 nostri
2944 3146 3138 3216 gratia,
3191 3145 3297 3200 hoc
3350 3159 3479 3216 prov

1889 3252 2077 3308 gressu
2105 3237 2413 3292 emendavi.
2439 3236 2678 3293 Conveni
2705 3237 2882 3290 virum
2913 3235 3055 3291 inter
3089 3249 3176 3291 me
3197 3243 3254 3290 et
3299 3235 3474 3305 ipsum

1889 3327 2084 3392 solum,
2115 3328 2332 3398 dixique
2373 3343 2470 3398 pro
2505 3328 2720 3399 negotio
2739 3336 2795 3382 et
2824 3326 2962 3394 loco,
2989 3342 3110 3397 qua:
3131 3326 3356 3382 dicenda
3379 3341 3478 3397 pu-

1891 3418 2023 3472 tavi.
2048 3416 2140 3472 Ille
2169 3426 2390 3472 econtra
2424 3427 2631 3472 reatum
2651 3431 2808 3472 suum
2842 3416 3192 3486 pertinaciter
3217 3415 3474 3480 inficiaii,

1891 3510 2050 3565 irasci
2083 3517 2156 3576 et,
2181 3518 2449 3579 quatenus
2478 3523 2666 3564 ausum
2711 3509 2914 3564 mentis
2967 3507 3290 3578 suggerebat
3329 3523 3472 3563 caeca

1890 3601 2193 3667 obduratio,
2227 3599 2550 3656 comminari
2599 3599 2764 3654 etiam
2804 3599 2937 3654 mihi
2985 3598 3154 3670 capit
3203 3607 3260 3654 et
3296 3590 3508 3655 couvi-'

1893 3691 2034 3745 tiari.
2085 3691 2398 3747 Abscedens
2447 3691 2686 3756 domum,
2717 3700 2826 3745 tam
2872 3689 3083 3745 tristem
3113 3705 3201 3746 me
3231 3689 3472 3759 reliquit,

1890 3795 2052 3852 quam
2081 3794 2142 3836 se
2181 3778 2604 3850 incorrigibilem
2655 3780 2722 3834 ad
2777 3787 2992 3850 tempus
3041 3777 3296 3833 ostendit.
3329 3777 3474 3832 Prae-

1891 3870 2034 3941 cepti
2064 3886 2194 3926 vero
2207 3868 2370 3940 hujus
2406 3868 2698 3941 evangelici
2727 3883 2956 3934 memor,
2987 3867 3197 3924 duobus
3216 3867 3470 3938 primum,

1891 3979 1955 4019 ac
1981 3973 2168 4033 postea
2209 3963 2386 4018 tribus
2424 3961 2671 4027 testibus,
2689 3961 2781 4031 qui
2826 3975 2942 4017 rem
2992 3973 3147 4030 teque
3186 3963 3471 4024 noverant,

1893 4073 2106 4113 mecum
2133 4056 2409 4123 adhibitis,
2455 4055 2728 4110 hominem
2767 4053 3027 4124 corripui,
3078 4051 3469 4108 correctionem

1890 4149 1938 4203 ei
1966 4146 2132 4212 suasi,
2165 4154 2220 4202 et
2243 4145 2456 4201 veniam
2480 4152 2727 4200 correcto
2773 4142 3049 4198 mediante
3101 4141 3467 4198 satisfactione

1893 4235 2200 4308 repromisi.
2233 4233 2452 4289 Distulit
2499 4232 2591 4289 ille
2615 4232 3008 4288 correctionem
3038 4229 3300 4300 polliceri,
3360 4231 3463 4285 cri-

1892 4329 2054 4385 minis
2077 4341 2206 4383 vero
2235 4341 2339 4381 nec
2372 4323 2700 4396 suspicionis
2745 4322 3028 4381 materiam
3066 4321 3325 4376 sustinuit
3344 4321 3449 4376 alio

282 4435 404 4479 tuus
434 4443 453 4477 ι
481 4425 623 4480 circa
656 4409 932 4478 auemdam
955 4425 1107 4479 dicta:
1159 4409 1362 4479 cellula:
1403 4409 1780 4481 uarocliit'zmuu
1811 4437 1860 4495 ι)
1891 4419 2009 4475 leri.
2044 4417 2285 4473 Tandem
2299 4414 2417 4480 eius
2449 4424 2658 4470 reatum
2692 4411 2804 4484 jam
2829 4410 3080 4467 omnibus
3125 4409 3464 4477 manifestum

201 4559 505 4615 Occasione
543 4558 702 4627 hujus
747 4568 944 4626 praeter
985 4557 1217 4627 elogium
1263 4557 1473 4611 abbatis
1525 4557 1740 4614 Morotii
1768 4599 1784 4626 ,

201 4631 351 4684 addo
381 4629 750 4683 testimonium
776 4643 841 4680 ex
882 4641 1009 4682 mss.
1057 4643 1179 4681 sane.
1224 4641 1353 4692 sui,
1398 4629 1620 4682 statutis
1661 4644 1788 4683 eru-

206 4710 348 4761 tum,
393 4701 471 4754 sic
504 4699 745 4752 habens:
785 4715 803 4747 ι
838 4696 919 4751 0h
959 4707 1198 4752 tenorem
1233 4705 1290 4750 et
1317 4697 1784 4753 continuationem

203 4768 376 4824 totius
402 4768 658 4838 propositi
692 4768 881 4838 nostri,
905 4783 1004 4837 ego
1033 4765 1264 4838 Basilius
1298 4764 1600 4838 Cartltusire
1640 4769 1787 4837 prior

204 4836 418 4900 dictus,
442 4836 510 4892 et
533 4837 711 4890 caateri
759 4836 957 4890 fratres
989 4836 1157 4890 nostri
1182 4876 1196 4899 ,
1239 4851 1348 4888 uno
1375 4837 1556 4889 animo
1585 4836 1655 4891 et,
1677 4853 1783 4892 una

204 4923 343 4962 voce
373 4909 590 4963 domum
630 4917 869 4961 nostram
915 4907 1186 4966 communi
1221 4905 1458 4973 capitulo
1499 4907 1785 4975 corrigen-

203 4979 336 5033 dam
385 4977 676 5039 tradimus,
717 4975 947 5030 servatis
987 4976 1242 5030 institutis
1291 4990 1410 5043 qua:
1463 4976 1516 5030 in
1546 4992 1783 5045 praesen-

210 5050 411 5101 tiarum
442 5047 642 5114 scripto
673 5046 756 5100 vel
781 5045 1167 5099 consuetudine
1209 5045 1456 5114 religiose
1485 5061 1781 5102 servamus.

208 5117 294 5173 Ob
323 5116 570 5169 eumdem
599 5129 811 5185 quoque
854 5117 1110 5184 propositi
1141 5125 1380 5169 tenorem
1408 5115 1470 5168 B.
1500 5115 1781 5170 Portarum

209 5188 362 5256 prior
389 5187 658 5241 communi
674 5185 922 5256 capitulo
943 5202 1040 5254 pro
1068 5200 1125 5238 se
1146 5194 1200 5240 et
1225 5201 1322 5253 pro
1346 5185 1504 5240 domo
1539 5201 1635 5240 sua
1657 5187 1786 5240 obc-

206 5255 471 5310 dientiam
512 5255 777 5324 promisit.
816 5256 967 5321 Quod
1016 5265 1073 5309 et
1109 5257 1289 5311 cancri
1341 5256 1549 5324 priores
1588 5256 1783 5324 singuli

207 5327 402 5382 ordine
446 5340 544 5380 suo
587 5326 980 5392 subsequenter
1014 5325 1272 5381 l't-cerunt.
1315 5326 1444 5379 ltem
1477 5327 1544 5380 ad
1588 5327 1785 5381 contir-

210 5398 505 5453 mationem
536 5395 773 5464 prmtlicti
801 5397 1018 5463 capituli
1063 5399 1253 5452 domus
1282 5395 1584 5452 Carthasim
1623 5413 1651 5450 a
1684 5399 1782 5451 do-

209 5467 360 5524 mino
384 5463 640 5521 Gotfredo
668 5465 1161 5533 GratianOpolitano
1188 5468 1438 5536 episcopo
1459 5467 1666 5521 litteras
1695 5483 1783 5522 ac-

210 5539 356 5606 cepit
390 5537 530 5590 hunc
556 5537 768 5606 modum
799 5538 1134 5590 continentes
1159 5555 1172 5590 :
1212 5555 1230 5586 ι
1255 5538 1362 5606 Ego
1391 5537 1454 5589 G.
1475 5536 1580 5591 .Dei
1610 5538 1780 5606 gratia

218 5625 240 5659 ι
286 5605 814 5675 Gratianopolitanus
852 5606 1135 5674 episcopus
1179 5605 1365 5676 rogatu
1395 5607 1451 5659 Β.
1481 5605 1782 5662 Carthasim

221 5695 243 5729 ‹
288 5676 484 5746 prioris
514 5686 566 5730 et
595 5685 910 5730 czctcrorum
955 5678 1178 5730 fratrum
1226 5677 1418 5731 ibidem
1463 5679 1568 5731 Deo
1605 5677 1779 5731 famu-

1895 4581 1914 4613 ‹
1960 4561 2184 4616 lantium
2214 4557 2736 4630 praefatamdomum
2773 4551 3354 4630 com_mt_tni_capitu.o,

1895 4651 1913 4682 ε
1959 4640 2052 4686 cut
2076 4623 2313 4698 generali
2342 4627 2566 4698 consilio
2607 4625 2773 4698 totius
2807 4623 3014 4698 ordinis
3045 4623 3319 4698 decretum
3361 4626 3445 4698 est

1895 4718 1914 4751 α
1960 4691 2252 4768 episcopali
2282 4693 3009 4768 auctoritatecorrigendam,
3034 4699 3089 4745 et
3119 4691 3460 4768 in_propositr

1894 4789 1912 4821 ι
1958 4760 2331 4825 ϐἐιιιιιιῖείεηεί
2392 4767 2444 4820 in
2498 4760 2814 4834 perpetuum
2859 4760 3302 4834 conservandam
3337 4771 3452 4810 cou-

1893 4859 1912 4892 ‹
1957 4841 2112 4894 cedo.
2141 4827 2702 4899 Decernimus'etiam,
2731 4833 2874 4902 quod
2902 4832 2944 4884 si
2973 4830 3226 4898 praedicta
3272 4827 3458 4902 domus

1893 4929 1910 4960 ‹
1957 4927 1984 4964 a
2021 4925 2118 4964 suo
2147 4908 2424 4977 pr0posito
2466 4905 2532 4980 ad
2570 4896 2714 4958 aliud
2749 4896 3116 4980 propositum,
3148 4897 3289 4980 quod
3322 4896 3457 4980 Deus

1892 5000 1910 5032 ι
1960 4964 2196 5044 avertat,
2231 4964 2518 5047 aliquando
2563 4990 2624 5029 se
2664 4964 3316 5047 transferretentaret-it,
3380 4964 3456 5047 vel

1893 5069 1910 5101 ι
1959 5052 2123 5120 prior,
2171 5036 2254 5103 vel
2298 5036 2526 5120 [ξω-εοιιει
2572 5043 2843 5120 quislibet
2897 5040 3065 5120 ipsius
3109 5043 3332 5120 domus,
3381 5036 3452 5089 vel

1893 5139 1910 5170 ς
1956 5109 2118 5174 etiam
2156 5128 2263 5172 tota
2299 5109 2503 5171 'domus
2534 5109 2754 5169 obedire
2788 5109 3043 5181 praedicto
3086 5109 3321 5180 capitulo
3373 5123 3442 5160 no
3473 5143 3482 5150 ι

1890 5211 1908 5241 «
1956 5191 2135 5253 luerit,
2169 5187 2446 5242 sententia:
2488 5182 3066 5238 exconununicationis
3102 5191 3208 5234 tam
3239 5187 3437 5233 nostra:

1891 5279 1910 5312 ι
1957 5276 2115 5328 quam
2152 5261 2315 5313 totius
2341 5255 2560 5328 capituli
2591 5253 2886 5328 sAuhjaceat.
2926 5271 2944 5303 ι
3035 5322 3068 5328 __
3097 5321 3128 5328 η
3352 5317 3362 5328 ‘

1957 5321 2066 5402 (l3)
2108 5330 2180 5402 De
2231 5321 2464 5381 narrat—is
2511 5327 2562 5402 in
2612 5325 2714 5380 hoc
2764 5325 2940 5392 capite
2984 5321 3131 5402 _ni.hil
3176 5321 3485 5402 .rcperitttt‘

1884 5392 2022 5472 apud
2049 5392 2290 5463 Surium,
2310 5406 2508 5472 prater
2539 5397 2652 5472 hinc
2689 5409 2857 5472 pauca
2890 5411 2902 5445 :
2939 5410 2957 5441 ι
2984 5392 3279 5472 lnjungitur
3300 5392 3348 5472 eri
3370 5402 3445 5472 cu
3476 5403 3484 5432 ι

1877 5457 2090 5540 jusdam
2138 5457 2867 5540 parochiasadministratio,
2904 5479 3008 5532 qua
3040 5457 3185 5514 adeo
3223 5457 3446 5540 perfecit

1886 5535 2099 5598 functus
2128 5535 2244 5605 est,
2289 5548 2348 5593 ut
2393 5538 2553 5593 simul
2577 5551 2767 5592 omnes
2801 5535 3042 5605 dicerent
3079 5543 3282 5596 magna:
3333 5539 3451 5583 eum
3483 5558 3486 5577 -.

1885 5611 2180 5686 prudentiae
2205 5601 2260 5667 et
2283 5609 2587 5666 sanctitatis
2625 5608 2796 5663 virum
2821 5601 2959 5658 fore.
2995 5621 3012 5653 ι
