3984 6522
505 489 745 547 custodis
783 485 980 548 lsrael,
1031 499 1064 537 ο
1113 477 1453 535 Samaritane
1493 467 1804 531 benedicte,
1859 475 2076 518 manum
2109 461 2155 516 Α

505 577 822 651 apposuisti.
875 557 954 628 'l‘u
1001 583 1181 626 custos
1227 577 1276 621 te
1328 573 1514 628 nocte,
1587 575 1646 619 ut
1699 574 1918 618 manum
1975 568 2072 622 ap-

505 648 746 742 ponebas
819 666 1120 726 semiviro,
1188 663 1321 722 vix,
1399 667 1458 712 ut
1543 655 1831 727 putabam,
1909 648 2078 704 relin-

507 740 721 832 quendo
757 775 786 813 a
830 756 1144 816 latronibus,
1184 741 1308 806 hinc
1347 750 1468 803 imle
1523 755 1745 816 repente
1795 740 2080 811 irrepenti-

509 858 609 909 bus
640 861 695 907 et
751 853 884 907 dure
935 843 1374 914 irrumpentibus,
1428 855 1588 896 omne
1639 837 1842 892 malum
1899 833 2079 889 subito

509 947 830 1017 dissipabas.
856 943 1006 998 Tunc
1029 940 1215 993 videns
1238 937 1416 990 cordis
1437 949 1616 988 aream
1645 930 1938 985 arcfactam
1962 941 2022 981 ca
2034 943 2083 979 r-

514 1039 703 1107 nisque
732 1037 1000 1090 fornacem
1024 1031 1382 1107 fatiscentem,
1433 1025 1745 1080 cedentibus
1775 1021 1897 1076 inde
1925 1018 2084 1072 ﬂuxis

513 1105 950 1199 cogitationibus,
1009 1105 1137 1174 hinc
1189 1117 1371 1187 ignitis
1402 1114 1652 1173 motibus.
1703 1111 1938 1164 mirabar
1964 1107 2084 1178 quis

517 1220 728 1280 fuerim,
755 1223 808 1271 et
837 1216 957 1284 quis
988 1211 1168 1268 subito
1199 1209 1423 1265 ell'ectus
1458 1221 1656 1262 essem.
1689 1203 1908 1259 Talibus
1956 1215 2083 1267 erga

516 1322 625 1372 me,
652 1308 759 1361 imo
784 1305 922 1359 intra
957 1319 1060 1367 me,
1094 1301 1490 1356 alternantibus
1525 1297 1690 1358 vices,
1729 1293 2088 1348 obliviscebar

514 1411 754 1466 perszepe
799 1395 923 1459 mei,
970 1407 1179 1447 memor
1226 1390 1298 1443 tui
1347 1390 1412 1442 de
1455 1397 1595 1441 terra
1644 1383 1914 1440 Jordanis.
1963 1381 2087 1435 Inde

516 1487 670 1554 quasi
703 1487 768 1541 de
797 1485 1021 1548 duobus,
1054 1483 1196 1537 unde
1225 1495 1417 1534 nomen
1444 1486 1497 1532 et
1538 1478 1798 1548 originem
1833 1475 1878 1529 is
1896 1471 2088 1527 ﬂuvius

516 1575 1053 1644 ducit,duplieabam
1101 1569 1494 1626 confessionem
1537 1565 1927 1622 bumiliationis
1958 1578 2090 1617 mete

517 1669 577 1714 et
611 1659 1017 1730 glorilicationis
1063 1663 1188 1721 ture,
1235 1653 1627 1710 misericordias
1677 1661 1795 1706 tuas
1835 1648 1926 1704 tibi
1963 1663 2090 1702 can-

521 1759 668 1816 tans,
698 1759 754 1804 et
773 1749 1068 1818 injustitias
1113 1763 1259 1802 meas
1287 1747 1572 1801 adversum
1601 1758 1683 1796 me
1713 1740 2088 1812 pronuntians,

521 1839 851 1904 sentiebam,
899 1840 1021 1908 quia
1059 1848 1112 1893 tu
1167 1837 1480 1893 remittebas
1525 1835 1852 1904 impietatem
1881 1827 2089 1900 peccati

523 1929 668 1984 mei.
704 1929 953 1984 Manente
997 1929 1138 1984 enim
1183 1929 1236 1981 in
1273 1927 1503 1980 llcrmon
1552 1934 1605 1980 et
1633 1931 1816 1978 monte
1859 1919 2093 1982 modico,

521 2019 649 2074 dum
679 2019 978 2074 detestarer
1003 2029 1057 2075 et
1092 2017 1606 2072 anathematizarem
1637 2027 1797 2070 omne
1827 2011 2092 2065 lubricum

523 2109 872 2179 turpitudinis
905 2110 1170 2174 obscenae,
1203 2109 1492 2164 humilians
1535 2122 1643 2172 me,
1672 2115 1793 2176 post
1815 2102 1982 2158 ferale
2009 2103 2094 2155 in-

521 2201 772 2256 cendium
801 2201 1071 2270 pulverem
1096 2215 1182 2255 me
1202 2209 1255 2256 et
1278 2201 1514 2255 cinerem
1543 2199 1780 2253 sentiens
1803 2211 1942 2260 esse,
1973 2209 2095 2248 mox

523 2289 900 2346 benefaciebas
921 2307 1043 2346 cum
1069 2306 1227 2346 servo
1281 2301 1393 2356 tuo,
1445 2287 1689 2344 revelans
1711 2286 1894 2341 oculos
1925 2299 2095 2349 meos,

525 2391 588 2437 ut
615 2383 1014 2438 considerarcm
1067 2383 1332 2438 mirabilia
1366 2384 1430 2437 de
1475 2382 1588 2450 lege
1615 2391 1725 2434 tua.
1763 2378 1937 2432 Dabas
1966 2389 2099 2446 quo-

527 2486 638 2540 quo
669 2471 888 2542 fatigato
926 2485 981 2526 et
1014 2473 1222 2527 defecto
1249 2471 1334 2526 vel
1362 2472 1569 2526 modice
1605 2471 1872 2524 interdum
1923 2466 2097 2535 praeli-

526 2559 658 2614 bare
685 2573 882 2617 manna
901 2559 1027 2614 illud
1053 2559 1447 2614 absconditum.
1472 2559 1619 2613 lstud
1647 2573 1776 2612 vero
1802 2555 2096 2618 tantillum,

523 2647 669 2716 quod
715 2647 843 2702 hinc
880 2649 1052 2702 merui
1098 2656 1450 2718 praegustare,
1501 2647 1605 2702 tale
1637 2655 1756 2700 erat
1791 2655 1846 2700 et
1875 2654 1982 2699 tam
2007 2644 2101 2697 im-

525 2750 795 2800 mensum,
819 2745 878 2791 ut
909 2736 1064 2792 facile
1094 2745 1495 2794 contemnerem
1522 2749 1740 2808 propter
1763 2737 1936 2805 ipsum
1963 2735 2098 2791 obtio

527 2830 764 2884 nendum
795 2831 1004 2900 plenius
1031 2840 1084 2886 et
1119 2831 1338 2896 diutius,
1369 2831 1630 2901 quidquid
1678 2829 1910 2886 mundus
1953 2829 2103 2883 novit

525 2919 686 2974 dulce
713 2921 799 2974 vel
827 2935 1094 2986 amarum,
1125 2921 1248 2976 lene
1275 2921 1360 2977 vel
1391 2935 1660 2991 asperum.
1693 2918 1893 2974 Verum
1925 2918 1978 2972 in
2017 2917 2102 2973 his

529 3023 655 3064 rara
677 3011 809 3066 mihi
835 3013 985 3076 liora,
999 3021 1054 3068 et
1069 3027 1230 3082 parva
1255 3027 1425 3068 mora.
1446 3013 1678 3066 Rursum
1701 3010 1768 3064 ad
1783 3008 2099 3072 certamina,

529 3115 718 3155 rursus
748 3103 816 3156 ad
853 3101 988 3157 bella
1031 3102 1303 3172 rapiebar.
1342 3101 1616 3170 Nusquam
1663 3115 1811 3164 vero,
1861 3099 1956 3153 sed
2003 3111 2103 3152 nec

529 3199 770 3262 unquam
795 3193 982 3256 defuit,
1015 3193 1140 3248 licet
1167 3192 1386 3264 indigno
1413 3193 1570 3258 mihi,
1614 3191 1842 3262 piissimi
1869 3189 2098 3244 Bedem-
2131 3174 2175 3232 (ἶ

527 3284 700 3353 ptoris
730 3285 1048 3340 miseratio:
1097 3297 1310 3354 semper
1337 3285 1402 3340 in'
1441 3299 1574 3338 aure
1625 3281 1805 3338 cordis
1853 3280 1958 3335 mei
1987 3285 2104 3333 erat

533 3385 638 3427 vox
673 3373 790 3442 ejus
811 3374 1064 3430 erudiens
1097 3383 1152 3428 et
1189 3373 1476 3430 consolans
1513 3387 1628 3438 me;
1661 3385 1876 3441 semper
1915 3383 2104 3424 manus

529 3461 648 3531 ejus
668 3475 877 3516 mecum
913 3463 1148 3533 eripiens
1173 3473 1227 3518 et
1253 3466 1617 3519 corroborans
1645 3477 1749 3516 me.

608 3552 672 3606 Et
690 3553 806 3608 lucc
833 3553 1048 3622 quidem
1069 3570 1134 3610 ac
1161 3555 1389 3623 plurima
1423 3555 1474 3610 in
1507 3557 1653 3610 hunc
1684 3553 1900 3609 modum
1927 3562 2105 3608 mente

527 3647 788 3712 contrita,
813 3659 918 3700 non
950 3647 1107 3701 modo
1132 3661 1230 3715 pro
1257 3645 1625 3702 consolatione
1665 3655 1870 3710 nostra,
1915 3645 2009 3700 sed
2054 3652 2109 3698 et

531 3756 632 3811 pro
655 3741 938 3796 devotione
963 3749 1015 3795 et
1047 3739 1420 3794 ltumiliatione
1445 3754 1539 3794 sua
1568 3739 1830 3794 secretius
1853 3752 2018 3808 agens
2042 3737 2108 3791 de

533 3840 677 3885 statu
719 3845 818 3885 suo
865 3832 1060 3900 (quem
1115 3829 1168 3884 in
1214 3829 1524 3898 episcopatu
1573 3827 1802 3882 deﬂebat
1852 3826 2106 3880 immuta-

531 3923 677 3994 tum)
706 3923 774 3978 de
801 3923 910 3986 bis,
947 3938 1066 3992 quae
1089 3923 1142 3976 in
1166 3922 1276 3976 vita
1305 3921 1485 3991 priore
1512 3921 1822 3974 humanitus
1859 3917 1944 3972 vel
1985 3931 2110 3986 per-

531 4014 733 4070 tulerat
757 4023 852 4070 aut
879 4014 1136 4069 divinitus
1163 4021 1502 4083 perceperat,
1529 4003 1840 4066 memorare
1869 4007 2102 4064 solebat.

531 4105 802 4162 lnferebat
826 4117 1005 4162 autem
1042 4107 1156 4178 haec
1177 4107 1231 4160 in
1265 4107 1346 4160 sui
1379 4105 1549 4175 ipsius
1594 4104 1969 4159 vehementem
2015 4115 2106 4154 su-

529 4197 889 4269 gillationem,
925 4199 1078 4266 quasi
1125 4199 1234 4252 Deo
1263 4213 1362 4266 pro
1407 4196 1682 4250 beneﬁciis
1729 4196 1843 4249 suis
1871 4207 2109 4264 congrue

535 4303 646 4344 non
675 4288 1048 4358 responderet,
1081 4297 1172 4342 aut
1219 4301 1278 4342 se
1319 4296 1442 4358 post
1498 4286 1728 4354 largiora
1763 4285 1974 4340 Domini
2024 4285 2106 4339 sui

535 4379 698 4442 dona.
724 4380 836 4448 jam
873 4381 926 4434 in
953 4387 1112 4434 aetate
1137 4379 1352 4434 robusta
1401 4377 1788 4433 inﬁrmioribus
1819 4377 1976 4432 annis
2023 4375 2106 4430 vi-

539 4473 690 4536 ribus
719 4472 886 4528 animi
915 4472 1176 4542 imparem
1204 4469 1510 4524 exhiberet.

1146 4579 1372 4638 CAPUT
1407 4579 1498 4635 IX.

535 4678 614 4736 De
651 4677 1094 4734 commendatione
1130 4674 1328 4728 ordinis
1367 4671 1771 4738 Cartltusienais,
1805 4679 1852 4725 et
1874 4669 2108 4739 profectu

2123 1793 2166 1852 Β

2141 4509 2186 4565 D

607 4857 718 4924 (22)
757 4853 896 4910 Vera
940 4855 1055 4909 haec
1085 4866 1203 4906 esse
1233 4849 1466 4924 probant
1493 4846 2010 4924 archiepiscopatus
2032 4852 2112 4924 _et

533 4914 876 4996 episcopatus
905 4941 970 4980 eo
1011 4924 1206 4996 smeitlo
1237 4914 1442 4996 :col‘lati
1483 4914 1874 4996 ca_rttiu5ianis.
1907 4914 2111 4996 Quales

535 4987 693 5056 situt,
719 4987 1070 5056 'Arelatensis,
1104 4991 1507 5062 Lugdunensis:
1527 4987 2110 5062 \fieimensierl'aren-

540 5055 789 5118 tasicusis
812 5107 825 5128 ,
879 5055 1412 5130 GratiaImpdlilauus
1431 5099 1444 5122 ,
1475 5057 1815 5130 Bellicatsis,
1859 5055 2069 5109 Diensis
2091 5095 2106 5118 ,

539 5126 932 5187 Mauriauensis
954 5173 967 5195 ,
997 5126 1391 5195 Sistariceusis,
1416 5139 1468 5180 et
1501 5129 1682 5197 plures
1710 5126 1822 5197 alii.

610 5203 723 5272 (23)
775 5203 1041 5256 Honorius
1097 5215 1228 5272 papa
1275 5200 1363 5272 Ill.
1411 5195 1574 5272 anno
1611 5195 1770 5272 1219.
1829 5195 2108 5272 Stephano

537 5267 916 5328 Cantuariensi
939 5267 1256 5323 exznnende
1285 5271 1403 5338 Vita
1443 5269 1499 5322 S.
1537 5267 1777 5338 llugonis
1799 5267 2108 5338 commisit:

536 5354 594 5400 et
617 5342 862 5396 eumdem
891 5355 1031 5394 anno
1051 5341 1290 5406 sequenti
1313 5337 1461 5404 juxta
1495 5336 1827 5410 Baynaldum
1853 5336 2113 5410 addictos

537 5428 730 5476 annos,
790 5411 842 5465 in
901 5405 1210 5462 sanctorum
1267 5405 1592 5472 numerum;
1627 5409 1826 5462 retulit.
1889 5405 2114 5460 Vivebat

537 5475 814 5552 igiturbis
845 5481 1000 5534 annis
1042 5475 1215 5552 adhuc
1255 5477 1646 5552 anct.nr_Vit:1:,
1674 5479 1796 5530 dum
1829 5477 1930 5529 ista
1974 5475 2115 5529 scri-

537 5546 670 5625 psit,
702 5560 976 5625 autantea
1008 5546 1507 5625 scriptisinsgruit.

612 5623 725 5692 (‘34)
767 5621 972 5676 Numen
1007 5618 1165 5692 hujus
1195 5617 1296 5692 viri
1340 5615 1431 5692 Dei
1469 5632 1566 5668 nec
1599 5615 1856 5692 exprimit
1875 5615 2112 5692 __Suriu‘=,

541 5685 640 5748 nec
665 5685 980 5748 Dorlaudus.
1013 5685 1091 5744 At
1113 5685 1340 5741 Bzovius
1360 5687 1425 5740 ad
1453 5701 1652 5739 annum
1682 5685 1835 5738 1200.
1875 5685 1948 5738 Ex
1977 5685 2114 5738 Dur—

543 5765 702 5820 lando
735 5769 805 5819 ita
849 5761 1079 5818 scribit:
1122 5777 1140 5811 ι
1183 5757 1468 5815 Ηιυοιὶυιιι
1499 5765 1682 5829 ageret
1731 5765 1969 5826 tempore
2027 5755 2115 5808 illo

1406 363 1462 418 S.
1505 352 1805 414 HUGONIS
1833 347 2045 433 EPISC.
2087 327 2400 400 LINCOLN.
2433 333 2592 394 OBD.
2634 325 2889 387 CARTH.

2249 454 2304 506 in
2331 450 2508 505 eodem
2545 443 2710 498 nostri
2741 438 3002 508 "agonia,
3051 444 3100 490 et
3125 431 3356 508 qualiter
3375 425 3560 508 senior
3585 424 3660 478 ad
3685 439 3778 504 at.

2241 495 2660 591 jﬁs'éiiéﬁu'aiai
2715 495 2888 591 fuerat
2913 495 3248 591 deputatus,-
3609 495 3778 591 spici-

2251 567 2662 660 pwiendo'idrdine
2691 567 3270 660 sacerdotali-tentaqit,
3303 567 3372 660 ἐπι
3403 568 3585 660 ipsum
3639 567 3778 660 [αρτ-

2250 636 2691 726 iuni—episcopum
2743 646 3150 726 prmium-tinuit.
3183 636 3374 726 Elt‘sub
3404 639 3508 689 hoc
3535 636 3774 726 Serpit-ilo

2249 703 2754 796 'cSin-Sh'épidaatur'
2779 719 2846 772 l0
2873 726 2918 769 et
2947 715 3006 768 ll
3038 710 3266 781 capitula
3295 722 3505 778 magna
3535 703 3694 756 Vite.

2251 837 2416 892 Erant
2453 833 2564 904 (22)
2586 829 2824 901 quidem,
2867 835 2925 880 ut
2963 837 3196 892 semper,
3265 821 3320 873 in
3347 820 3514 873 domo
3537 813 3776 869 Cartha-

2183 929 2275 984 sia:
2321 937 2448 982 tunc
2499 921 2758 993 temporis
2779 931 2942 989 quam
2989 915 3223 970 maxime
3251 911 3378 976 viri,
3429 917 3546 964 tam
3593 905 3772 960 clerici

2185 1035 2344 1090 quam
2384 1016 2531 1080 laici,
2567 1016 2720 1069 mira:
2748 1007 3052 1066 sanctitatis
3079 1013 3137 1060 et
3179 999 3490 1074 gravitatis,
3539 997 3776 1069 ipsisque

2185 1110 2410 1167 summis
2437 1105 2772 1178 principibus
2791 1110 2844 1156 et
2899 1097 3262 1154 Ecelesiarum
3289 1091 3542 1164 praelatis
3593 1089 3774 1142 admo-

2187 1204 2311 1257 dum
2334 1197 2637 1254 reverendi.
2665 1195 2773 1248 Nec
2789 1199 2906 1246 erat
2926 1188 3082 1244 facile
3107 1187 3228 1258 quis
3253 1181 3560 1239 ferventior
3579 1190 3638 1234 et
3661 1179 3774 1246 quis

2187 1291 2478 1362 perfectior
2535 1289 2674 1341 inter
2715 1285 2838 1338 illos
2871 1278 3080 1336 censeri
3117 1276 3386 1346 patuisset
3433 1271 3772 1341 dignoscere.

2188 1361 2394 1436 Tantus
2441 1380 2512 1434 ibi
2563 1379 2616 1432 in
2649 1373 2931 1430 domandis
2959 1367 3276 1440 corporibus
3307 1365 3482 1434 rigor,
3531 1370 3684 1414 tanta
3727 1361 3774 1412 in

2191 1472 2369 1541 rigore
2396 1469 2714 1524 servabatur
2765 1460 3043 1524 discretio,
3079 1464 3136 1510 ut
3185 1453 3424 1509 medium
3459 1467 3594 1504 cum
3645 1449 3778 1502 binis

2191 1562 2426 1618 tenendo
2457 1559 2587 1614 nihil
2613 1556 2748 1612 infra
2779 1555 2922 1608 vires
2946 1551 3070 1620 quis
3100 1545 3321 1618 aggredi
3381 1551 3684 1598 contentus
3703 1555 3778 1595 es-

2193 1661 2297 1716 set,
2329 1649 2593 1718 nibilque,
2640 1645 2784 1715 quod
2832 1642 3027 1696 virium
3057 1647 3231 1694 metas
3280 1633 3604 1694 excederet,
3627 1645 3778 1686 exer-

2194 1757 2316 1798 cere
2337 1741 2516 1803 vellet,
2551 1740 2839 1792 sineretur.
2886 1733 2962 1787 De
2990 1731 3180 1787 ordine
3209 1727 3252 1782 si
3283 1724 3512 1795 quidem
3569 1723 3682 1778 isto
3731 1723 3774 1774 ia

2197 1833 2423 1902 registro
2447 1828 2560 1901 (‘23)
2587 1842 2754 1897 papze,
2791 1823 2942 1890 cujus
3002 1827 3240 1888 tempore
3264 1811 3454 1871 no'ster
3495 1813 3657 1882 [lngo
3695 1827 3780 1866 ca-

2195 1923 2477 1977 nonizatns
2505 1927 2608 1984 est,
2638 1917 2710 1969 ita
2739 1913 2972 1984 legitur:
3011 1928 3029 1960 ι
3067 1907 3213 1963 Ordo
3267 1903 3686 1961 Carthusiensis
3729 1903 3774 1954 in

2193 2028 2259 2068 eo
2283 2011 2415 2067 alios
2463 2009 2682 2064 ordines
2717 2001 3009 2068 antecedit,
3047 1997 3190 2069 quod
3223 1993 3514 2067 copiditati
3567 1993 3778 2046 modum

2193 2103 2392 2175 posuit.
2442 2121 2460 2154 ι

2266 2209 2402 2277 Quid
2431 2222 2560 2262 vero
2587 2207 2680 2261 hic
2707 2205 2904 2276 egisse,
2927 2207 3298 2270 quantumque
3327 2195 3634 2266 profecisse
3675 2191 3776 2248 lin-

2197 2315 2389 2372 gonem
2421 2309 2694 2371 putamus,
2756 2294 2844 2349 ubi
2879 2291 3098 2346 inclitus
3121 2289 3173 2344 ei
3208 2303 3240 2341 a
3268 2287 3566 2357 primaavis,
3611 2293 3668 2338 ut
3709 2285 3776 2336 ita

2197 2393 2425 2456 dicatur,
2461 2390 2758 2452 mensibus,
2788 2383 3026 2440 discendi
3073 2395 3228 2435 amor
3253 2394 3380 2434 cum
3427 2376 3600 2439 libris,
3648 2389 3764 2428 cum

2201 2481 2493 2551 magistris,
2545 2497 2665 2534 cum
2742 2477 2956 2548 ingenio
3009 2470 3450 2544 praeclarissimo,
3500 2482 3612 2522 cum
3657 2465 3767 2518 otio

2201 2590 2359 2644 quam
2384 2581 2706 2642 opportuno,
2735 2578 2842 2623 tam
2871 2567 3111 2620 fraterne
3137 2572 3193 2618 et
3217 2561 3394 2616 ferme
3415 2559 3656 2614 continuo
3681 2557 3758 2624 ju-

2201 2661 2315 2716 vari
2342 2671 2397 2718 et
2427 2659 2736 2732 promoveri
2767 2655 2976 2728 potuit?
3007 2653 3061 2708 ln
3093 2653 3178 2706 his
3203 2651 3344 2714 dies,
3373 2649 3426 2702 iu
3476 2648 3560 2702 bis
3591 2646 3774 2701 studiis

2202 2753 2551 2807 continuabat
2581 2759 2636 2803 et
2690 2758 2910 2811 noctes;
2973 2759 3072 2800 nec
3116 2743 3261 2795 aliud
3285 2739 3618 2794 causabatur
3659 2749 3778 2804 pra-

2203 2841 2430 2897 fectibus
2457 2841 2570 2895 suis
2593 2836 2880 2892 novel-cari
2912 2844 2966 2889 et
2985 2832 3218 2904 gaudiis,
3251 2829 3356 2883 nisi
3387 2825 3648 2896 temporis
3665 2825 3778 2878 bre-

2203 2933 2450 2996 vitatem,
2478 2931 2562 2987 cui
2615 2930 2806 2984 mirum
2864 2929 2917 2982 in
2947 2925 3160 2980 modum
3191 2920 3392 2988 legenti
3440 2933 3658 2987 semper
3693 2921 3778 2970 aut

2203 3023 2482 3079 meditanti
2513 3021 2592 3076 vel
2621 3019 2794 3074 oranti
2818 3016 2996 3072 omnis
3031 3014 3234 3068 dierum
3267 3011 3634 3079 noctiumque
3671 3023 3780 3076 pro-

2205 3113 2385 3168 lixitas
2416 3111 2828 3178 minori,‘qnam
2861 3113 3121 3176 optasset,
3153 3104 3328 3173 spatio
3361 3101 3715 3158 tendebatur.

2276 3205 2574 3276 lnjungitur
2602 3211 2781 3256 autem
2809 3199 2909 3256 sibi
2935 3197 3222 3267 aliquando
3253 3211 3388 3250 cura
3413 3203 3473 3249 et
3501 3192 3782 3262 obsequela

2206 3300 2480 3370 cujusdam
2505 3296 2752 3353 monachi
2777 3295 2944 3360 senis,
3013 3305 3334 3360 magnarum
3375 3289 3646 3342 virtutum
3675 3287 3784 3342 viri.

2207 3393 2359 3448 llunc
2390 3400 2495 3444 tam
2525 3387 3000 3448 valetudinarium,
3025 3391 3081 3437 et
3101 3397 3213 3452 pra:
3237 3389 3402 3435 aetate
3427 3393 3498 3434 ac
3519 3379 3788 3434 debilitate

2207 3500 2454 3554 suprema
2484 3483 2690 3538 cellula
2714 3497 2823 3538 sua:
2847 3481 3084 3552 parietes
3117 3492 3390 3548 nusquam
3413 3478 3786 3536 excedentem.

2209 3577 2358 3646 llngo
2397 3575 2448 3630 in
2493 3575 2642 3629 boris
2675 3571 3012 3643 regularibus
3041 3567 3418 3632 decantandis,
3443 3567 3536 3622 vel
3579 3565 3790 3636 quibus-

2207 3681 2419 3738 cunque
2452 3665 2778 3722 necessariis
2819 3659 3244 3732 suppeditandi‘s,
3295 3659 3538 3714 servitur
3569 3659 3784 3713 devotas

2207 3767 2262 3814 et
2286 3757 2607 3821 indefessus,
2639 3765 2892 3824 tanquam
2951 3753 3131 3808 nutrix
3161 3750 3441 3806 alumnum
3495 3759 3598 3806 aut.
3627 3757 3788 3802 mater

2211 3847 2374 3900 lilium
2398 3843 2622 3913 juvabat
2643 3851 2698 3898 et
2727 3839 3015 3903 mulcebat,
3045 3855 3146 3894 nec
3171 3839 3330 3892 aliter
3351 3833 3524 3906 quam
3553 3837 3654 3906 ipsi
3693 3836 3786 3888 Do-

2211 3935 2357 3990 mino
2379 3933 2505 3989 Jesu
2542 3931 2759 3988 Christo
2798 3932 2854 3986 in
2883 3931 3133 3987 omnibus
3154 3929 3208 3984 ei
3233 3927 3612 3982 ministrabat.
3657 3927 3784 3981 Cou-

2211 4025 2329 4096 tigit
2376 4026 2662 4096 aliquando
2708 4033 2912 4092 tempus
2956 4035 3234 4076 sacrorum
3261 4019 3520 4072 ordinqu
3573 4019 3640 4074 ab
3669 4019 3778 4087 cpi-

2209 4131 2374 4186 scolio
2421 4115 2522 4169 loci
2579 4115 2737 4170 istius
2766 4112 3212 4167 celebrandorum
3260 4107 3470 4162 instare
3511 4108 3670 4162 annis
3701 4107 3785 4158 ali-

2209 4205 2426 4276 quantis
2455 4205 2568 4276 jam
2625 4205 2678 4259 in
2725 4203 3134 4258 conversatione
3181 4197 3272 4252 tali
3328 4196 3446 4266 ejus
3477 4199 3782 4253 transactis.

2209 4297 2324 4353 Hoc
2345 4297 2522 4352 sciens
2570 4296 2682 4368 (24)
2741 4295 2826 4349 vir
2865 4293 2980 4360 Dei,
3027 4291 3266 4361 llugonis
3295 4291 3504 4362 pariter
3529 4299 3588 4344 et
3639 4287 3784 4343 insti-

2211 4398 2356 4444 tutor
2403 4387 2514 4462 (25)
2564 4399 2619 4442 et
2679 4385 2947 4452 alumnus,
3000 4384 3166 4454 ccepit
3239 4384 3426 4438 dicere
3475 4381 3578 4448 illi,
3643 4378 3782 4449 quasi

2211 4491 2426 4538 tentans
2493 4480 2688 4535 illum:
2723 4499 2742 4530 ι
2795 4477 2971 4541 Ecce,
3029 4477 3139 4540 ait,
3207 4474 3306 4540 ﬁli,
3343 4472 3459 4542 jam
3501 4472 3558 4526 in
3613 4478 3666 4524 te
3692 4479 3782 4534 est,

2212 4574 2463 4631 an'velis
2508 4571 2765 4628 sacerdos
2825 4570 2982 4624 ﬁeri:
3051 4569 3095 4624 si
3125 4565 3486 4638 acquieveris,
3513 4565 3582 4619 ad
3653 4567 3780 4616 hunc

2211 4667 2433 4740 gradum
2485 4667 2643 4722 modo
2708 4662 3132 4736 promoveberis.
3179 4679 3197 4713 ι
3255 4658 3340 4714 Ad
3388 4659 3509 4712 lucc
3563 4655 3668 4722 ille,
3705 4651 3778 4706 cui

2209 4842 2457 4965 contigit,
2483 4857 2590 4911 quo
2633 4839 2772 4895 sacri
2797 4837 3014 4893 ordines
3041 4833 3272 4892 conferri
3313 4833 3490 4886 solent
3515 4871 3532 4892 ,
3573 4841 3630 4884 ut
3669 4843 3774 4880 san-

2213 4923 2332 4965 ctus
2418 4923 2534 4965 ater
2565 4911 2792 4965 Basilius
2825 4908 2994 4965 Drior.
3025 4906 3178 4965 quasi
3221 4902 3504 4965 Hugonem
3559 4911 3770 4956 teuIaaS.

2213 4923 2332 4968 ctus
2362 4902 2534 4966 ‘Pa'te'r
2565 4911 2792 4965 Basilius
2825 4908 2994 4976 prior,
3025 4906 3178 4974 quasi
3221 4902 3504 4976 Hugonem
3559 4911 3770 4976 tentans.

2214 4985 2288 5038 illi
2319 4984 2552 5038 diceret:
2587 4982 2744 5045 Ecce,
2773 4972 2867 5042 ﬁli,
2887 4977 2998 5046 jam
3024 4972 3357 5046 interest,“
3383 4972 3522 5024 velis
3547 4973 3780 5046 sacerdos

2215 5037 2354 5108 lieri.
2387 5037 2408 5104 i
2439 5051 2612 5106 Verba
2637 5037 3005 5119 quidetnismt
3033 5044 3332 5119 ‘Dorlaudi,
3377 5041 3642 5119 exceptis
3673 5037 3782 5119 illis,

2217 5107 2238 5173 ὲ
2276 5132 2495 5176 sanctus
2521 5107 2683 5174 Pater
2709 5117 2936 5172 Basilius
2965 5115 3136 5184 prior.
3175 5131 3192 5162 ι
3226 5127 3458 5184 quorum
3489 5110 3608 5184 loco
3631 5107 3776 5162 habet

2213 5193 2538 5254 Dorlandus,
2571 5209 2590 5242 ε
2633 5198 2854 5244 sanctus
2899 5181 2986 5240 ille
3033 5185 3237 5254 senior,
3269 5201 3286 5233 ι
3317 5181 3686 5254 subintellige,
3735 5187 3784 5230 ut

2216 5249 2838 5328 Dorlaudus'pnemisit,
2883 5256 3036 5324 cujus
3087 5253 3297 5328 volente
3345 5252 3564 5328 priore,
3623 5249 3672 5302 id
3717 5255 3784 5328 est

2217 5332 2449 5394 Basilio,
2509 5319 2698 5384 curam
2769 5319 3082 5394 susceperat
3141 5321 3314 5394 Hngo.
3375 5319 3784 5394 Distinguendns

2217 5403 2379 5486 igitur
2407 5387 2589 5455 senior
2628 5398 2716 5454 ille
2743 5414 2774 5452 a
2807 5387 3003 5452 Basilio
3039 5387 3253 5464 priore,
3283 5391 3409 5446 licet
3453 5387 3581 5458 ejus
3608 5401 3786 5444 nomen

2217 5481 2738 5611 ’δ’ξὲἒῗιῗξὲιίιιιιοτ.
2767 5535 3144 5611 utiarbilmro
3173 5533 3226 5586 ῖιι
3253 5527 3664 5611 ερῖτὲιιιθιίιιιιεν
3685 5525 3790 5580 ³¹¹¹’

2217 5599 2396 5676 unius,
2439 5610 2566 5664 dum
2613 5599 2766 5679 llugo
2811 5607 2982 5668 illum,
3023 5613 3084 5658 ut
3127 5599 3495 5679 praemittitur,
3547 5609 3788 5679 tanquam

2219 5669 2396 5734 nntrii
2447 5669 2745 5742 alumnuui,
2797 5687 2893 5732 aut
2937 5669 3326 5731 mater—lilium
3371 5669 3422 5724 in
3475 5669 3786 5724 inﬁrmitate

2213 5751 2350 5823 jmit
2377 5762 2428 5806 et
2451 5751 2602 5805 fovit.
