3984 6446
474 341 582 399 959

476 450 622 525 quod
658 456 783 521 post
816 442 975 500 strati
1006 443 1095 499 sui
1138 440 1459 514 ingressum,
1504 446 1566 492 ut
1604 435 1827 506 fatigata
1869 433 2064 488 diurno
2096 436 2140 490 Α

480 543 668 599 labore
712 539 897 610 quiete
917 544 1184 591 nocturna
1211 529 1449 585 membra
1472 528 1760 589 relevarct,
1779 526 1903 578 dum
1924 524 2068 577 lumc

477 632 632 702 llugo
662 630 717 684 in
747 628 884 683 lecto
914 629 1266 694 componeret
1293 628 1348 674 et
1379 617 1622 672 vestibus
1646 614 1904 681 operiret,
1932 627 2068 681 quu-

482 724 613 778 tidie
645 718 1109 787 banc.orationem
1135 727 1257 768 eum
1285 708 1529 781 proferre
1552 706 1803 761 audiebat
1827 721 1843 759 :
1876 722 1895 755 ι
1924 703 2071 758 Prac-

482 831 592 888 stn,
620 829 952 888 quaesumus,
984 810 1230 872 Domine,
1268 816 1328 862 ut
1353 806 1419 860 de
1460 803 1729 875 perceptis
1755 798 2071 855 muneribus

481 911 690 979 gratias
731 907 1050 977 exhibentes
1076 943 1090 967 ,
1151 897 1412 955 beneficia
1462 895 1672 965 potiora
1700 904 2013 947 'sumamus.
2044 907 2063 941 r

483 999 739 1069 Quotidie
785 1012 911 1052 vero
965 1003 1022 1050 et
1067 989 1447 1047 benedictione
1495 984 1703 1057 potenti
1763 982 2069 1036 ministrum

482 1105 642 1146 suum
669 1087 945 1157 Hugonem
979 1081 1282 1145 muniebat,
1322 1086 1377 1132 et
1419 1075 1748 1131 auctoritate
1774 1069 2068 1142 pontiﬁcali

484 1196 517 1233 a
539 1176 776 1249 peccatis
807 1173 1061 1228 omnibus
1088 1167 1427 1233 abSnlvebat,
1467 1180 1531 1219 ac
1559 1163 1780 1219 monitis
1806 1161 2071 1231 spiritua-

483 1268 627 1325 libns
648 1266 971 1323 instruebat.
1006 1262 1153 1318 Nihil
1181 1259 1415 1329 denique
1441 1256 1649 1310 utilium
1694 1251 2068 1320 subtrahebat,

486 1360 583 1414 sed
611 1371 772 1413 omne
798 1354 1086 1412 consilium
1119 1352 1234 1416 Dei,
1278 1349 1420 1419 quod
1451 1348 1615 1404 sciret
1635 1346 1682 1401 ei
1707 1343 2070 1416 profuturum,

483 1460 542 1507 et
572 1450 818 1522 pluribus
842 1464 942 1520 per
967 1462 1111 1511 eum,
1146 1444 1219 1499 illi
1248 1442 1480 1498 sollicite
1508 1438 1911 1495 manifestabat.

1087 1554 1318 1613 CAPUT
1355 1552 1470 1609 ΧΠ.

488 1672 734 1741 Qualiter
759 1674 947 1726 domus
978 1668 1275 1725 Carthasim
1299 1674 1613 1741 procurator
1637 1663 1873 1734 effectus,
1906 1661 2073 1741 ipsum

562 1755 669 1797 tam
690 1740 1041 1812 spiritualiter
1068 1755 1240 1812 quant
1266 1732 1619 1812 temporaliter
1645 1732 1853 1812 strenue
1882 1732 2072 1802 guber-
2106 1782 2131 1812 π

562 1803 744 1876 nabat,
777 1811 1014 1866 omnibus
1036 1803 1091 1863 se
1114 1807 1333 1861 reddens
1355 1803 1538 1861 merito
1559 1803 2000 1858 commendat-um.

561 1902 691 1957 Post
721 1903 857 1966 lucc,
889 1916 1011 1955 cum
1054 1896 1166 1967 jam
1218 1896 1371 1975 [lngo
1416 1895 1470 1949 in
1499 1895 1696 1963 quietis
1742 1908 1854 1947 sua:
1891 1892 2076 1947 nidulo

487 2013 588 2068 per
615 1996 739 2051 bina
772 1994 883 2066 (3‘2)
910 1993 1129 2049 circiter
1148 1992 1318 2046 lustra
1339 1998 1601 2052 moratus,
1624 1996 1679 2041 et
1702 1986 1900 2041 mundo
1921 1985 2078 2055 plene

491 2097 761 2154 mortuus,
787 2084 985 2155 plumis
1016 2083 1254 2152 undique
1293 2090 1349 2137 et
1389 2079 1581 2151 pennis
1612 2076 1779 2132 fultus
1808 2074 2077 2131 solidissi-

490 2178 618 2243 mis,
642 2177 711 2232 ad
731 2176 971 2231 volatum
998 2183 1143 2230 esset
1164 2171 1502 2244 aptissimus,
1531 2158 1967 2238 procurationem
1990 2175 2076 2222 to-

491 2272 604 2327 tius
632 2272 830 2325 domus
857 2269 928 2336 ei,
955 2277 1219 2338 quantum
1250 2265 1424 2332 licuit,
1457 2262 1737 2331 renitenti,
1769 2261 1919 2332 prior
1947 2275 2080 2316 suus

490 2360 786 2430 delegavit.
824 2357 1068 2429 [legebat
1100 2356 1221 2428 (35)
1266 2370 1398 2426 ergo
1436 2352 1702 2409 industrie
1731 2352 2079 2407 commissam

494 2451 598 2506 sibi
635 2446 935 2514 familiam,
987 2447 1185 2504 fratres
1209 2446 1440 2503 sollicite
1469 2444 1795 2506 instruebat,
1830 2452 1890 2498 et
1922 2441 2079 2511 juxta

493 2541 628 2598 illud
663 2541 732 2597 de
761 2550 955 2597 sancto
991 2539 1265 2595 Honorato
1304 2536 1621 2592 Arelatense
1659 2534 1892 2600 dictum,
1937 2533 2081 2604 quod

495 2634 815 2704 frequenter
859 2631 915 2688 in
951 2645 1049 2687 ore
1090 2629 1368 2696 habebat,
1405 2627 1742 2697 multumque
1790 2624 2081 2681 laudabat:

484 2727 523 2780 ἐ
556 2725 858 2796 Torpentes
899 2737 1114 2792 semper
1153 2721 1438 2776 excutiens
1464 2734 1496 2774 a
1526 2717 1767 2787 desidia,
1810 2716 2083 2774 terventes

493 2814 692 2887 spiritu
716 2813 943 2886 cogebat
967 2813 1035 2868 ad
1057 2811 1324 2883 requiem.
1349 2827 1370 2864 ι

568 2907 832 2964 Dominus
855 2913 1034 2960 autem
1058 2903 1335 2960 benedixit
1361 2900 1568 2965 domui,
1602 2898 1761 2956 valde
1780 2900 2084 2957 exuberare

495 3014 619 3056 eam
647 2998 854 3055 faciens
881 2997 935 3052 in
965 2995 1219 3053 omnibus
1246 2993 1426 3050 bonis.
1455 2992 1588 3061 Quis
1611 2991 1681 3047 ab
1709 2990 1932 3061 Hugone
1954 3005 2085 3048 con-

1365 325 1425 382 S.
1465 321 1771 382 HUGONIS
1805 315 2022 377 EPlSC.
2061 313 2378 372 LINCOLN.
2416 313 2581 371 0RD.
2622 311 2878 372 CAATH.

2237 437 2419 481 octauo
2448 467 2466 493 ,
2497 436 2544 480 et
2573 424 2801 495 qualiter
2824 420 2894 495 alt
2914 423 3027 495 ipsa
3047 438 3143 495 per
3160 421 3316 476 illum
3339 428 3593 475 sanctum
3611 434 3775 489 qm-

2239 497 2362 550 dam
2392 491 2618 564 priorem
2646 491 2943 549 Carllmsite
2974 491 3266 564 Basiliam,
3297 505 3458 564 quem
3487 506 3650 564 suam
3675 505 3773 564 tuo

2240 560 2474 620 tritorem
2503 565 2723 629 vocavit,
2752 564 2951 617 exstitit
2981 561 3254 616 liberatus.
3286 560 3355 614 Et
3376 560 3645 615 inseritur
3666 560 3774 612 hac

2240 638 2457 690 tentatio
2487 637 2539 691 in
2572 650 2760 704 magna
2790 633 2910 687 Vita
2938 632 3068 687 libro
3100 632 3355 686 secundo.

2241 726 2414 783 Tanta
2466 741 2594 781 vero
2634 725 2687 781 ei
2725 725 2908 780 carnis
2952 723 3179 779 tentatio
3206 722 3391 777 subito
3428 728 3630 776 exorta
3673 729 3777 786 est,

2173 831 2391 891 tamque
2427 819 2705 884 continue,
2738 825 2960 887 tamque
2994 815 3304 886 importune
3331 813 3386 868 in
3425 827 3561 868 eum
3593 811 3775 867 deinc-

2171 916 2330 971 chata
2349 923 2425 968 cst
2440 952 2457 979 ,
2475 920 2533 966 ut
2555 910 2739 966 mallet
2759 907 3148 979 gehennalibus
3170 905 3387 960 interim
3408 903 3557 959 tradi
3581 903 3777 973 pugnis,

2172 1021 2333 1076 quam
2362 1005 2525 1059 tantis
2549 1001 2731 1074 urgeri
2764 999 3015 1054 ﬂammis.
3046 999 3181 1053 Tam
3215 998 3410 1068 ingens
3434 1010 3650 1066 pugna,
3672 1003 3776 1049 tam

2172 1092 2312 1152 forte
2347 1102 2622 1150 certamen
2666 1090 2788 1156 fuit,
2840 1099 2898 1145 ut
2939 1089 3105 1146 solius
3133 1088 3330 1143 divina:
3356 1103 3473 1141 non
3505 1085 3777 1141 dubitant

2171 1185 2390 1242 virtutis
2425 1183 2627 1247 fuisse,
2672 1182 2815 1252 quod
2858 1180 3170 1237 humanitus
3197 1193 3305 1234 non
3345 1178 3653 1241 cessisset;
3686 1176 3775 1230 sed

2172 1277 2403 1332 viriliter
2425 1274 2726 1330 resistendo
2749 1273 3077 1342 triumphum
3096 1269 3422 1342 reportavit.
3449 1269 3539 1324 Ad
3561 1266 3773 1342 plenum

2175 1376 2360 1423 autem
2385 1364 2543 1433 huius
2569 1366 2784 1420 modum
2809 1376 3129 1435 congressus
3150 1375 3313 1417 nemo
3337 1358 3557 1415 referre
3572 1366 3775 1429 passa,

2060 1532 2065 1537 δ
2175 1459 2373 1533 quibus
2420 1458 2699 1530 lacrymis,
2744 1456 2964 1526 quantis
3015 1453 3330 1526 gemitibus,
3379 1467 3558 1524 quam
3594 1451 3775 1506 crebra

2178 1538 2541 1610 confessione,
2572 1563 2736 1618 quam
2767 1560 2957 1617 aspera
2992 1543 3378 1616 ﬂagellatione,
3419 1540 3517 1596 vel
3544 1541 3773 1595 divinum

2177 1637 2466 1709 expetierit
2484 1636 2838 1705 adjutorium,
2859 1634 2944 1688 vel
2974 1647 3069 1688 cor
3092 1630 3444 1695 contriverit,
3473 1629 3564 1682 vel
3588 1645 3776 1699 corpus

2179 1729 2458 1798 proprium
2495 1725 2839 1783 cruciaverit.
2886 1723 3000 1778 Diei
3043 1738 3172 1777 vero
3208 1720 3507 1791 cujusdam
3552 1719 3776 1776 diluculo

2176 1820 2411 1875 visitavit
2442 1833 2565 1874 eum
2599 1816 2702 1872 hoc
2737 1815 2927 1870 ordine
2956 1814 3141 1869 oriens
3167 1827 3233 1867 ex
3270 1811 3387 1866 alto
3412 1810 3772 1881 Soljustitiae,

2179 1910 2402 1965 mittens
2425 1907 2676 1978 angelum
2702 1922 2881 1972 suum,
2910 1915 2965 1962 et
2986 1902 3226 1973 eripiens
3255 1917 3386 1958 eum
3416 1901 3494 1958 de
3523 1907 3777 1971 potestate

2182 2002 2530 2059 tenebrarum
2554 2001 2769 2056 barum.
2908 2062 2909 2065 η
3212 1986 3229 2011 ⁸

2182 2170 2185 2171 γ
2250 2093 2450 2164 Egerat
2479 2100 2692 2148 noctem
2721 2091 2868 2145 illam
2893 2090 2946 2145 in
2972 2087 3236 2153 tenebris,
3265 2086 3349 2143 sic
3370 2087 3499 2157 ipse
3520 2085 3777 2142 insomnis

2179 2194 2319 2256 pene
2341 2192 2530 2240 totam.
2569 2181 2796 2238 Demum
2819 2179 3035 2252 quidem
3061 2177 3280 2233 athleta:
3305 2175 3643 2239 fortissimo,
3661 2188 3780 2245 pro-

2182 2283 2351 2331 strato
2392 2286 2494 2329 nec
2528 2280 2815 2343 superato,
2852 2285 2964 2326 non
3000 2269 3147 2325 victo
3186 2267 3283 2323 sed
3313 2266 3577 2338 fatigato,
3604 2268 3776 2323 tenuis

2178 2360 2425 2437 Aobrepslt
2469 2378 2651 2434 sopor.
2695 2362 2965 2419 Continuo
3011 2360 3158 2416 velut
3195 2361 3250 2414 in
3294 2373 3531 2414 excessu
3570 2358 3775 2427 positus

2181 2456 2319 2511 vidit
2341 2456 2514 2510 virum
2539 2454 2651 2525 (51)
2673 2453 2787 2520 Dei,
2811 2454 2903 2523 qui
2928 2468 3053 2508 eum
3073 2459 3403 2522 susceperat
3422 2448 3486 2505 ad
3500 2450 3760 2514 ordinem,

2178 2544 2330 2600 illum
2353 2553 2598 2600 sanctum
2614 2545 2884 2613 quondam
2907 2542 3144 2613 priorem
3166 2540 3482 2598 Carthusia:
3494 2537 3762 2604 Basiliam,

2184 2637 2331 2693 vultu
2361 2646 2416 2694 et
2445 2637 2649 2692 amictu
2671 2635 2914 2707 angelico
2939 2636 3240 2691 radiantem
3269 2633 3524 2688 astitisse
3549 2630 3670 2695 sibi,
3691 2646 3776 2685 se-

2184 2742 2289 2801 que
2322 2728 2402 2784 sic
2429 2742 2563 2783 voce
2601 2726 2796 2783 blanda
2829 2726 3245 2798 compellantem
3278 2742 3293 2778 :
3332 2743 3354 2778 ι
3389 2723 3556 2791 Quid,
3584 2722 3774 2791 inquit,

2180 2819 2282 2875 tibi
2313 2828 2415 2886 est,
2447 2818 2520 2874 illi
2550 2812 2906 2877 charissime?
2934 2816 3130 2889 Surge,
3153 2825 3209 2872 et
3239 2814 3381 2871 velle
3409 2825 3567 2869 tuum
3592 2812 3775 2867 ﬁduci-

2185 2914 2342 2969 liater
2361 2926 2578 2967 enarra.
2612 2929 2632 2963 ι
2656 2909 2751 2966 ille
2773 2925 2907 2966 vero
2930 2909 2998 2965 ad
3020 2923 3145 2967 eum
3169 2907 3242 2963 ait
3271 2924 3287 2961 :
3323 2923 3346 2959 ι
3375 2904 3424 2963 0
3442 2915 3606 2977 pater
3623 2904 3777 2967 bone,

2182 3013 2242 3061 et
2280 3002 2516 3061 nutritor
2571 3015 2726 3057 meus
2782 2995 3060 3073 piissime,
3108 2996 3296 3069 alliigit
3341 3011 3434 3055 me
3483 3009 3660 3066 usque
3712 2992 3781 3049 ad

496 3090 622 3148 silio
648 3089 809 3146 etiam
838 3089 893 3145 in
924 3086 1316 3160 temporalibus
1336 3084 1647 3149 destitutus,
1672 3098 1779 3139 non
1797 3081 2081 3139 consilium
2104 3125 2159 3187 ,ο
2189 3104 2421 3155 morum
2466 3094 2554 3151 [ex
2599 3088 2808 3165 peccati
2834 3101 2890 3148 ει
2919 3091 3132 3158 monis,
3169 3105 3291 3159 quas,
3316 3096 3406 3145 es;
3432 3087 3493 3143 in
3532 3084 3781 3143 ηιοωιπίς

498 3183 686 3240 retulit
729 3180 1146 3238 necessitatibus
1184 3179 1299 3235 suis
1331 3176 1709 3248 profuturum,
1751 3174 2088 3246 sapientibus

501 3288 718 3345 quoque
762 3272 924 3345 hujus
967 3271 1150 3328 szeculi
1187 3269 1604 3325 admirandum?
1648 3267 1821 3336 Quem
1853 3281 1985 3324 vero
2030 3267 2088 3323 in

503 3363 895 3436 temporalibus
930 3362 1202 3429 erudivit,
1248 3375 1409 3433 quem
1434 3374 1561 3417 mox
1590 3363 1661 3415 ad
1693 3366 1950 3430 perpetua
1980 3372 2087 3413 non

504 3453 784 3514 incendit?
820 3452 878 3509 In
915 3451 1156 3524 capitulo
1189 3449 1478 3506 monachis
1502 3448 1789 3514 inaudita,
1828 3445 2091 3503 fratribus

502 3556 561 3611 ct
598 3546 985 3614 satcularibus,
1029 3544 1121 3616 qui
1162 3542 1302 3625 forte
1340 3541 1723 3604 advenissent,
1769 3539 2091 3611 loquebatur

505 3640 733 3698 verbum
769 3638 899 3706 Dei;
928 3650 1194 3710 pauperes
1226 3632 1530 3695 recreabat,
1550 3642 1620 3687 ut
1642 3631 1844 3688 licebat
1876 3647 1987 3703 pra:
2007 3632 2091 3687 ri-

504 3749 639 3807 gore
658 3731 886 3796 ordinis,
910 3729 1121 3786 diurnis
1141 3728 1308 3785 etiam
1330 3725 1607 3783 subsidlis.
1629 3723 1768 3781 Istos
1787 3737 1936 3788 vero,
1968 3739 2091 3780 cum

506 3826 671 3887 rebus
694 3821 959 3894 nequivit,
985 3818 1376 3877 consolabatur
1402 3815 1768 3881 sermonibus,
1795 3813 2094 3887 adimplens

482 3915 638 3981 "Illud
672 3914 777 3969 viri
804 3911 1106 3983 sapientis:
1143 3930 1163 3963 ι
1196 3910 1358 3974 Ecce.
1405 3908 1599 3979 inquit,
1632 3906 1858 3963 verbum
1889 3908 2091 3963 bonum

505 4019 674 4077 super
695 4003 877 4059 datum
901 4002 1166 4073 optimum
1194 3999 1385 4073 (Eccli.
1420 3999 1741 4071 xvtn,'l7).i
1774 3997 1976 4055 Omnes
2011 3998 2094 4052 iu-

511 4106 659 4151 terca
684 4093 965 4165 nugonem
991 4091 1374 4162 loquebantur,
1419 4090 1536 4146 sive
1556 4090 1728 4161 prior,
1763 4090 1882 4146 sive
1909 4105 2095 4145 mona-

508 4185 674 4250 chus,
701 4185 817 4239 sive
854 4196 1170 4246 conversus,
1212 4181 1444 4252 gratiam
1487 4180 1804 4236 attollebant
1841 4180 2093 4236 collatam
2172 4234 2175 4235 ν

514 4274 751 4349 llugoni.
807 4274 968 4330 Dives
1013 4272 1298 4349 Hugouem
1350 4272 1600 4328 laudibus
1628 4269 1916 4339 elferebat;
1966 4288 2094 4345 ege-

514 4387 619 4449 nus
659 4370 889 4427 Domino
929 4371 1181 4440 precibus
1228 4369 1509 4449 Hugonem
1558 4370 1997 4434 commendabat,
2036 4376 2099 4424 et

2191 3188 2356 3254 meis;
2384 3195 2441 3243 et
2471 3185 2576 3241 nisi
2600 3198 2751 3240 more
2785 3182 2947 3239 solito
2979 3180 3262 3237 auxilieris
3290 3178 3452 3246 mihi,
3495 3192 3569 3233 ea
3594 3175 3783 3231 morie-

2193 3289 2282 3336 tur
2304 3294 2439 3351 puer
2462 3286 2608 3333 tuus.
2640 3295 2662 3331 ι
2698 3275 2802 3332 Vix
2831 3275 3035 3331 dictum
3064 3272 3460 3344 compleverat.
3488 3277 3782 3326 etsanetas

2190 3371 2274 3426 sic
2310 3368 2502 3440 paucis
2526 3385 2541 3422 :
2571 3366 2767 3432 «Bene,
2790 3364 2998 3436 inquit,
3037 3361 3344 3419 auxiliabor
3368 3360 3528 3416 tibi.»
3557 3357 3780 3429 Ilusque

2190 3459 2478 3532 patefactis
2518 3457 2805 3526 novacula,
2849 3470 3011 3527 quam
3042 3469 3207 3509 manu
3249 3452 3547 3509 videbatur
3581 3461 3781 3513 tenere,

2190 3551 2493 3608 visceribus
2522 3547 2641 3619 ejus
2661 3546 2817 3619 quasi
2851 3554 3116 3602 strumam
3145 3544 3354 3615 igneam
3378 3542 3517 3597 inde
3540 3541 3691 3597 visus
3706 3548 3785 3596 est

2190 3639 2521 3707 essecuisse,
2549 3646 2606 3693 et
2635 3637 2849 3709 longius
2876 3644 3036 3691 extra
3060 3634 3251 3692 ceilam
3276 3631 3606 3704 projecisse.
3636 3631 3783 3687 data-

2193 3745 2300 3803 que
2323 3729 2701 3787 benedictione
2736 3726 2982 3783 medicus
3015 3725 3257 3781 recessit.
3284 3723 3457 3795 Eger
3487 3732 3712 3780 sanatus
3733 3730 3785 3777 ct

2193 3822 2298 3878 sibi
2314 3821 2565 3878 redditus
2589 3834 2779 3875 somno
2806 3817 3048 3887 fugiente
3070 3817 3305 3883 resedit;
3336 3815 3609 3886 laetusque
3626 3828 3780 3884 sunt:

2194 3913 2417 3970 modum
2445 3912 2514 3967 de
2535 3918 2755 3967 ostensa
2782 3910 2884 3966 sibi
2908 3909 3160 3965 claritate
3181 3908 3397 3963 nutritii
3418 3907 3531 3972 sui,
3552 3906 3646 3977 qui
3662 3914 3780 3960 ante

2190 4006 2404 4077 aliquot
2438 4003 2551 4077 (55)
2590 4018 2763 4059 annos
2806 4003 3133 4075 migraverat
3177 4001 3244 4056 ad
3269 4000 3591 4068 Dominum,
3615 3998 3781 4056 omni-

2196 4098 2357 4156 mode
2379 4097 2435 4154 in
2459 4096 2623 4154 corde
2641 4095 2774 4152 etin
2797 4109 2964 4152 carne
2990 4108 3051 4150 se
3080 4093 3285 4164 reperit
3306 4093 3684 4149 immutatum.

2266 4188 2470 4245 Horum
2502 4202 2779 4244 summam
2816 4202 2940 4244 cum
2972 4186 3045 4243 ab
3080 4187 3249 4258 ipsius
3277 4199 3377 4241 ore
3406 4184 3680 4256 aegonis,
3704 4196 3783 4238 se-

2196 4281 2399 4338 cretius
2428 4294 2647 4337 mecum
2677 4278 2967 4350 loquentis,
3005 4277 3208 4349 pluries
3249 4276 3586 4346 acceperim,
3612 4276 3669 4330 in
3692 4289 3784 4329 es-

2199 4386 2372 4431 trema
2392 4375 2610 4431 demum
2631 4371 2950 4442 aegritudine
2975 4367 3193 4440 planius
3212 4376 3268 4425 et
3289 4366 3611 4436 diligentius
3632 4365 3785 4421 tutius

514 4445 768 4536 coegenis
787 4463 1270 4519 commendandum
1290 4445 1647 4534 supplicabat.
1681 4463 1826 4518 Istud
1857 4460 2096 4517 veroille
2120 4464 2175 4526 ι)
2198 4471 2427 4518 eventus
2474 4461 2746 4528 ordinem,
2798 4460 2941 4517 sicut
2984 4473 3109 4515 eum
3158 4457 3321 4515 modo
3364 4457 3608 4527 digessi,
3658 4453 3781 4511 mihi

510 4557 753 4614 votivum
779 4556 1014 4624 dicebat,
1049 4563 1307 4627 tanquam
1340 4564 1395 4612 et
1414 4554 1666 4612 irivolum
1693 4555 2095 4614 contemnebat.

1106 4645 1338 4704 CAPUT
1375 4645 1513 4702 Xlll.

516 4738 598 4805 De
624 4741 910 4796 tentatioue
932 4738 1078 4795 illius
1105 4737 1214 4798 alia
1237 4738 1304 4795 ab
1333 4738 1428 4794 illa
1454 4740 1518 4795 de
1536 4756 1644 4809 qua
1663 4754 1844 4810 supra,
1871 4734 2101 4809 capitulo

596 4875 704 4946 (32)
738 4874 819 4946 Ex
853 4875 957 4931 hac
983 4874 1104 4946 loco
1132 4880 1304 4946 patet,
1327 4870 2103 4946 HugonemanJlfﬁautcir-

507 4948 655 5004 Elter
685 4940 754 5000 ad
781 4940 1382 5001 Carthasiam'venisse.
1415 4940 1545 4998 Bina
1571 4943 1772 4999 etenim
1794 4941 1961 4996 lustra
1993 4940 2104 4996 cir-

520 5014 667 5085 citer
697 5014 923 5085 in_cella
964 5015 1237 5085 implevit,
1262 5030 1334 5070 an
1372 5015 1511 5085 {175
1545 5028 1661 5083 quo
1703 5011 1934 5085 Basilius
1970 5011 2106 5085 obiit

521 5083 826 5139 Carthasim
851 5086 1023 5154 prior,
1045 5081 1105 5140 et
1132 5081 1344 5156 lingua
1371 5081 1621 5156 Guigoue
1662 5097 1802 5137 nove
1830 5082 2011 5156 priore
2051 5081 2102 5156 iu

519 5151 927 5239 procuratorem
951 5151 1266 5211 assumitui'.
1286 5154 1423 5209 Vide
1443 5151 1646 5218 tamen,
1670 5168 1792 5235 quas
1819 5151 1887 5208 de
1916 5151 2106 5208 lustris

522 5222 665 5279 Infra
699 5222 766 5276 ad
792 5222 884 5276 hb.
911 5238 968 5281 v.
994 5238 1045 5279 c.
1068 5224 1298 5281 20.net.
1328 5224 1454 5281 506.
1484 5225 1798 5281 observava.

869 5262 884 5293 .
911 5239 968 5288 v,
994 5239 1045 5279 c.
1068 5239 1164 5290 au,
1181 5239 1298 5281 net.
1328 5239 1454 5293 ωδ,
1484 5239 1798 5281 ouservava.

520 5264 937 5422 Ξίιὲῇέεἶ
948 5264 1454 5365 ἑθῖἱθὲὶίίξθῖθδῖἷ,
1469 5264 2107 5366 ἶἴιιυιὲίίιίεῖιίί’11ιίιιοιοιξιιιι·

544 5382 576 5421 11
602 5378 873 5421 annuam.

562 5379 961 5518 fﬁii'iiiggne
985 5433 1148 5518 de_B.
1189 5434 1392 5518 Dasilie
1423 5451 1492 5518 ex
1536 5436 1797 5518 relatione
1831 5434 1889 5516 S_.
1925 5434 2110 5517 Ηυεοτ

521 5505 609 5569 nis
629 5506 698 5562 ab
720 5514 941 5561 auctore
963 5516 1149 5560 nostro
1176 5506 1552 5576 depromptum
1589 5506 1960 5576 testimonium
1977 5547 1993 5573 ,
2019 5505 2107 5561 cui

525 5585 787 5647 consonat
809 5577 951 5647 quod
981 5576 1052 5631 ab
1080 5575 1304 5647 auctore
1331 5576 1466 5630 Vitae
1485 5575 1546 5630 S.
1572 5576 1844 5633 A-ntbelmi
1874 5575 2109 5647 Basilius

527 5645 740 5703 dicatur
766 5664 787 5698 ί
827 5645 978 5702 mirae
1003 5646 1310 5704 sanctitatis
1336 5655 1396 5701 et
1420 5647 1705 5700 devotione
1725 5649 1828 5701 vir.
1860 5666 1879 5699 ι
1901 5646 1977 5701 De
1998 5662 2109 5713 quo

527 5717 753 5779 vroiude
786 5715 1077 5775 Sau'sseius
1107 5715 1164 5777 iu
1200 5715 1568 5792 ﬂartyrologii
1596 5714 1858 5774 Gallicani
1888 5716 2106 5789 supple-

2199 4556 2498 4612 enarravit.
2515 4552 2791 4621 Quaerenti
2806 4566 2941 4607 vero
2962 4561 3145 4607 utrum
3163 4550 3404 4622 aliquem
3423 4559 3618 4619 postea
3639 4544 3786 4615 huius

2200 4646 2435 4705 senserit
2463 4646 2518 4701 in
2536 4659 2706 4701 carne
2726 4659 2824 4701 sua
2844 4653 3048 4699 motum
3074 4660 3090 4700 :
3117 4662 3137 4695 ι
3164 4641 3399 4705 Revera,
3428 4640 3631 4711 inquit,
3650 4635 3783 4708 quod

2201 4737 2438 4809 aliquem
2483 4736 2768 4800 senserim,
2813 4750 2920 4791 non
2964 4749 3124 4807 nego,
3153 4734 3251 4790 sed
3298 4732 3778 4804 simplicissimum.

2202 4882 2406 4939 menta,
2437 4887 2495 4942 p.
2536 4871 2674 4926 “25
2708 4871 2784 4926 ita
2811 4870 3008 4942 scribit
3029 4887 3054 4942 :A
3079 4887 3098 4919 ι
3126 4867 3312 4923 Pridie
3328 4868 3543 4942 Nonas
3558 4864 3777 4942 )aaiiig

2203 4935 2493 5001 Carthdsia
2565 4941 2757 5011 majori
2829 4940 3095 5009 depositio
3127 4938 3592 5011 sancti‘Basilii
3643 4935 3782 5011 eoa!-

2204 5015 2447 5083 ejusdem
2466 5007 2680 5083 ordinis
2710 5007 2981 5083 generalis
3004 5008 3214 5083 :_cujus_
3229 5007 3406 5083 sacris

2205 5078 2308 5140 bus
2338 5094 2402 5139 et
2442 5078 2741 5152 exemplis'
2764 5083 2903 5152 idem
2936 5081 3090 5152 perdo
3111 5090 3123 5152 _‘
3145 5078 3633 5152 Iniriticeﬂpruit.
3656 5099 3680 5132 ι
3726 5078 3787 5135 Et

2206 5156 2348 5211 idem
2387 5155 2586 5210 iterum
2613 5148 2842 5211 ibidem,
2876 5148 2969 5205 [οι.
2996 5149 3153 5206 1154.
3190 5168 3214 5200 ί
3245 5149 3402 5220 Apud
3433 5149 3789 5220 Gratianopo-

2206 5226 2301 5280 lim
2345 5224 2604 5280 memoria
2646 5221 2792 5278 beati
2834 5220 3050 5286 Basilii,
3104 5218 3616 5289 octavi'generalis
3657 5218 3787 5274 Gar-

2207 5297 2427 5359 tlntsiai,
2458 5294 2656 5348 ibidem
2683 5291 2917 5349 del'tmoti
2934 5291 3116 5361 pridie
3144 5288 3519 5361 Nonaslunii.
3553 5310 3575 5345 ι
3606 5289 3786 5361 leni:

2209 5357 2675 5431 nerunt—ejusdem
2703 5362 2846 5417 inter
2875 5357 3274 5430 praetermissos
3296 5362 3369 5417 ad
3411 5359 3563 5417 diem
3588 5360 3627 5415 Α
3651 5368 3707 5417 et
3730 5357 3787 5414 η

2206 5435 2412 5492 mensis
2438 5433 2583 5489 Junii
2613 5432 2751 5488 clar.
2774 5432 3131 5487 Bollandiani.

2281 5505 2396 5581 (55)
2437 5503 2555 5581 Non
2588 5512 2964 5581 auteupaucos
3002 5502 3151 5566 dies,
3177 5502 3255 5557 uti
3521 5499 3787 5581 habet.)

2209 5572 2387 5634 mo'rte
2416 5574 2562 5631 enim
2598 5572 2786 5630 Basilii
2817 5574 2883 5627 ad
2917 5573 3059 5628 hanc
3084 5587 3256 5642 usque
3293 5572 3683 5635 testationem,
3708 5573 3786 5623 dl-

2210 5649 2463 5706 stinctam
2509 5646 2578 5700 ab
2607 5644 2720 5710 illa,
2750 5642 2903 5715 cuius
2930 5643 3143 5713 (μαψ.
3164 5644 3236 5711 8,
3274 5642 3519 5709 mentio,
3561 5649 3785 5714 quatuor

2211 5720 2402 5777 saltem
2414 5715 2751 5785 ciliuset'aut
2771 5714 2921 5774 anni.
