3920 6298
177 347 270 404 96!

1551 349 1730 405 VITA.
1769 377 1840 389 —-
1875 346 2003 402 LIB.
2045 346 2108 402 ll.

3335 358 3441 418 9-32

175 471 228 518 et
257 444 426 531 quem
475 477 586 518 non
621 463 798 519 minus
827 469 1176 518 contemnere
1203 475 1364 531 quam
1409 463 1768 532 comprimere
1802 468 1849 525 Α
1881 476 2002 531 quae
2028 459 2096 516 ab
2119 473 2213 514 ore
2242 457 2384 516 illius
2413 458 2480 515 de
2509 461 2787 517 curatione
2807 460 2922 532 ejus
2952 465 3152 534 audivi,
3173 469 3461 531 verissime

173 560 321 610 esset
347 552 694 610 facillimum.
726 552 850 609 Haec
872 551 1073 608 idcirco
1094 552 1344 617 dixerim,
1366 553 1489 622 quia
1519 553 1676 608 aliter
1699 553 1767 608 dc

176 643 260 698 bis
290 641 463 698 alium
490 646 778 714 quemdam
810 643 922 714 (56)
963 643 1246 712 scripsisse
1271 645 1476 712 accepi,
1513 659 1764 698 asseren-

173 743 280 789 tem
300 735 584 800 videlicet,
617 736 760 805 quod
785 750 883 805 per
908 736 1128 790 beatam
1161 735 1452 805 virginem,
1481 735 1764 790 Dominam

167 833 443 890 nostram,
478 827 574 882 Dei
605 825 937 882 Genitricem
963 826 1065 880 sibi
1097 837 1450 896 apparentem
1492 827 1763 890 visitatus,

158 917 574 974 errnuchizatus
601 927 654 974 et
681 918 760 972 ira
781 925 1003 973 curatus
1021 917 1204 982 fuerit,
1227 919 1368 989 quod
1391 917 1594 972 nullam
1617 919 1770 973 dein-

157 1020 288 1076 ccps
309 1009 509 1066 carnis
531 1008 888 1068 titillationem
909 1009 982 1065 sit
1004 1009 1225 1064 omnino
1239 1019 1514 1079 expertus.
1540 1007 1766 1077 Verum,

1875 565 2138 620 expressr.
2172 568 2190 601 ι

1938 640 2058 696 Jam
2086 657 2214 697 vero
2241 641 2306 698 de
2336 641 2579 712 llugonis
2616 641 2785 698 nostri
2819 643 2885 698 de
2913 643 3224 716 Burgundia
3260 650 3373 724 (3'7)
3401 652 3456 709 in

1867 733 2116 802 Angliam
2151 733 2508 789 translatione
2543 743 2599 789 et
2640 735 2805 806 gestis
2834 734 3073 805 ejusdem
3105 743 3456 809 sequentibus

1871 824 2192 892 tractaturi,
2262 826 2424 881 linem
2480 825 2819 898 imponentes
2872 829 3196 900 praecedenti
3252 832 3456 903 libello,

1871 921 2035 977 alium
2065 921 2431 979 advertamus.

1487 1202 1714 1276 Explicit
1753 1203 1884 1261 liber
1919 1205 2148 1275 primus.

1280 1403 1696 1466 PROLOGUS
1746 1402 1954 1466 LIBRI
1993 1401 2326 1465 SECUNDI

217 1651 372 1708 Cum
425 1651 824 1709 Lincolniensis
877 1650 1133 1709 Ecclesiae
1183 1651 1535 1723 praesulatum
1600 1651 1760 1708 annis
1789 1665 1836 1721 Β
1861 1649 2147 1708 curatores
2177 1648 2531 1716 exstiterunt,
2564 1650 2751 1721 accepi
2792 1667 2807 1705 :
2852 1650 3106 1709 similiter
3131 1663 3186 1710 et
3229 1659 3450 1714 modum

148 1745 287 1820 jam_
325 1743 494 1815 Hngo
557 1745 700 1816 ('58)
761 1745 846 1801 bis
893 1745 1086 1810 senis,
1141 1753 1197 1801 et
1253 1745 1444 1800 diebus
1499 1745 1766 1816 quinqua-

151 1836 307 1906 ginta
373 1837 554 1893 tribus
606 1837 1015 1908 religiosissime
1063 1837 1519 1902 administrasset,
1563 1837 1765 1908 placuit

145 1926 452 1983 sanctitati
500 1942 611 1983 sua:
646 1927 970 2000 paryitatcm
995 1943 1172 1982 meam
1211 1928 1279 1984 de
1312 1928 1437 1983 vitae
1466 1927 1580 2000 (59)
1609 1928 1762 1984 clau-

148 2017 354 2073 stralis
410 1992 697 2074 dulcedine
738 1992 793 2074 in
838 2018 1256 2074 sollicitudinem
1304 1992 1527 2074 suarum
1559 1992 1765 2088 'quale-

147 2121 387 2178 cunque
433 2108 686 2164 solatium
740 2123 1052 2174 assumere,
1084 2123 1291 2180 suoque
1335 2107 1764 2178 inseparabiliter

146 2196 319 2256 lateri
371 2203 606 2260 sociare.
640 2203 687 2257 A
729 2217 837 2273 quo
887 2211 1130 2272 tempore
1177 2216 1349 2258 annos
1400 2209 1512 2257 tres
1557 2209 1614 2256 et
1648 2201 1762 2257 dies

149 2291 431 2362 quinque,
464 2307 628 2363 quam
658 2291 749 2347 diu
793 2291 1002 2348 scilicet
1027 2293 1079 2347 in
1109 2307 1339 2363 corpore
1381 2298 1567 2362 postea
1603 2291 1759 2358 vixit,

150 2384 219 2438 ab
276 2384 408 2453 ejus
453 2399 752 2456 nunquam,
801 2385 904 2442 nisi
949 2400 1047 2456 per
1090 2401 1254 2441 unam
1299 2386 1473 2441 solam
1523 2393 1758 2451 noctem,

151 2473 307 2529 ablui
339 2477 630 2544 comitatu,
659 2477 747 2532 die
773 2491 990 2548 semper
1019 2491 1084 2532 ac
1113 2485 1274 2532 nocte
1301 2477 1586 2531 adhaerens
1629 2475 1679 2530 ei
1706 2483 1762 2530 et

152 2567 486 2624 ministram
523 2569 628 2626 sibi
673 2569 795 2642 ipsi.
845 2568 1014 2639 llujus
1073 2569 1452 2644 igiturspatio
1502 2567 1760 2639 temporis

154 2657 342 2713 omnia
372 2658 516 2725 fere,
542 2677 664 2732 quae
707 2663 774 2719 de
817 2677 883 2718 eo
917 2661 1129 2718 libellus
1166 2676 1406 2732 praesens
1440 2659 1758 2726 continebit,

153 2760 247 2804 aut
299 2750 552 2822 propriis
583 2752 694 2808 vidi
723 2752 917 2820 oculis,
944 2768 973 2808 a
1004 2753 1209 2810 sanctis
1248 2753 1416 2824 ipsius
1460 2751 1617 2808 labiis
1662 2766 1759 2807 au-

152 2838 280 2894 divi.

189 2929 490 3000 Causam,
522 2949 631 3005 qua
674 2934 727 2990 in
768 2943 1013 2991 nostrum
1042 2934 1157 3008 (40)
1189 2935 1338 2991 venit
1371 2935 1594 3002 orbem,
1644 2943 1758 2990 tum

135 3019 200 3076 ab
226 3035 322 3088 eo,
355 3029 488 3079 tum
518 3031 579 3080 et
620 3023 690 3080 ab
734 3023 876 3094 aliis,
907 3024 999 3096 qui
1038 3023 1197 3096 hujus
1234 3025 1498 3082 adventus
1520 3024 1603 3081 sui
1633 3038 1732 3096 pro

1867 1759 1975 1813 quo
2027 1743 2220 1798 dilecta
2268 1757 2366 1798 sua
2413 1740 2702 1798 Carthusia
2757 1743 3049 1810 discessit,
3098 1761 3205 1815 quo
3235 1749 3454 1803 domum

1864 1836 2316 1891 Withamiensem
2349 1849 2379 1890 a
2411 1835 2778 1892 fundamentis
2827 1837 3243 1892 construendam
3274 1839 3456 1909 dispo-

1862 1926 1992 1992 suit,
2025 1926 2286 1992 instituit,
2317 1935 2374 1981 et
2405 1925 2540 1982 viris
2569 1927 2791 1997 optimis
2840 1912 3188 1996 adimplevit,
3222 1943 3286 1983 ac
3329 1938 3454 2000 post

1862 2018 1980 2074 haec
2008 2017 2075 2073 ad
2105 2017 2474 2089 episcopatum
2508 2018 2760 2074 accessit.
2797 2017 2870 2072 De
2914 2018 3018 2082 his,
3065 2033 3186 2088 quae
3236 2018 3288 2073 in
3336 2019 3453 2089 epi-

1861 2111 2091 2180 scopatir
2150 2109 2340 2182 gessit,
2393 2118 2682 2179 antequam
2729 2109 2777 2164 ci
2823 2107 3102 2165 adhaerere
3141 2107 3448 2180 coepissem,

1863 2199 1930 2256 de
1973 2199 2242 2255 industria
2291 2207 2556 2270 praetereo
2585 2199 2899 2263 innumera,
2970 2199 3272 2254 certissime
3306 2215 3456 2256 com-

1865 2299 2046 2362 perta,
2102 2290 2296 2346 notitia
2346 2297 2664 2344 cunctorum
2729 2288 3069 2362 dignissima.
3115 2289 3250 2356 Quia
3303 2290 3450 2345 enim

1861 2380 2099 2452 plurima
2154 2394 2222 2435 ex
2276 2379 2362 2435 his
2410 2379 2669 2449 quosdam
2721 2394 2808 2433 me
2857 2377 3014 2448 longe
3066 2377 3196 2449 (ll)
3239 2378 3451 2433 doctiu-

1872 2485 1962 2533 res
2008 2469 2205 2526 litteris
2252 2469 2542 2524 mandasse
2598 2467 2814 2538 accepi,
2869 2466 3198 2536 superﬂuum
3243 2467 3371 2537 imo,
3396 2476 3454 2522 et

1860 2567 2350 2632 praesumptuosum
2389 2572 2512 2614 esse
2531 2555 2797 2626 judicavi,
2860 2556 2930 2611 ab
2992 2555 3112 2610 aliis
3143 2571 3454 2628 congruen-

1861 2651 1967 2707 tius
1994 2650 2273 2720 exposita,
2306 2647 2610 2720 insipidiori
2658 2646 2876 2719 eloquio
2924 2645 3207 2717 replicare.
3258 2645 3339 2700 Ad
3385 2661 3451 2702 ea

1859 2757 1991 2798 vero
2020 2741 2264 2798 seriatim
2297 2740 2606 2806 referenda,
2633 2755 2868 2810 quorum
2901 2739 3033 2794 istos
3068 2737 3313 2793 notitiam
3349 2736 3453 2791 mi-

1859 2850 1963 2892 nus
2003 2834 2071 2889 ad
2099 2833 2366 2904 liquidum
2403 2831 2682 2887 credimus
2727 2839 3033 2896 assecutos,
3062 2828 3329 2886 calamum
3359 2842 3454 2897 pa-

1861 2927 1994 2983 riter
2024 2925 2372 2982 intendentes
2401 2931 2456 2980 ct
2483 2922 2744 2990 animum,
2778 2920 2884 2977 tale
2931 2922 3182 2978 invocato
3213 2918 3452 2990 Spiritus

1865 3017 2040 3076 sancti
2071 3015 2342 3088 adjutorio
2368 3028 2650 3072 sumamus
2675 3013 2980 3072 exordium.

1588 3219 1815 3292 Explicit
1842 3216 2128 3290 Prologus.

1293 3445 1656 3534 LIBER
1705 3438 2362 3533 SECUNDUS.

595 3664 679 3721 CA
688 3661 994 3722 PITULUM
1032 3661 1321 3718 PRIMUM.

150 3764 398 3842 Qualiter
429 3791 530 3843 pro
570 3775 725 3830 domo
769 3773 1154 3828 Carllrusiensis
1186 3773 1385 3828 ordinis
1408 3813 1426 3839 ,
1459 3772 1514 3826 in
1562 3771 1750 3843 Anglia

218 3847 366 3920 apud
405 3844 763 3920 Witjramiam
811 3845 1182 3910 construenda,
1209 3843 1458 3920 ,miuitur
1498 3843 1568 3896 ad
1607 3858 1751 3914 qua:-

221 3917 454 3970 rendum
486 3913 786 3986 Hugonem.

221 4027 475 4098 Contigit
507 4040 573 4081 eo
601 4035 845 4098 tempore
873 4027 941 4081 ad
985 4040 1139 4098 reges
1181 4024 1478 4098 Anglorum
1529 4024 1749 4082 Henrici

225 4176 349 4248 (56)
389 4176 526 4245 Quis
573 4177 647 4232 ita
690 4175 1012 4248 scripserit,
1067 4176 1244 4232 adhuc
1300 4175 1451 4230 latet.
1497 4175 1750 4248 Giraldus

148 4245 514 4318 Cainb'rensis
562 4247 702 4318 apud
748 4245 1108 4318 Warthonum
1159 4256 1297 4318 part.
1332 4261 1391 4308 ιι,
1434 4260 1556 4316 pag.
1596 4246 1748 4318 432:

152 4338 173 4370 ο
204 4319 332 4374 Viri
366 4317 586 4388 quidem
601 4317 887 4385 'Angelici,
918 4336 936 4368 ι
968 4329 1025 4372 at
1051 4317 1168 4372 sine
1198 4317 1444 4388 nomine,
1476 4317 1745 4388 meminit,

143 4391 251 4446 sed
286 4385 425 4443 nihil
463 4388 530 4442 de
568 4387 660 4444 Dei
692 4388 969 4444 Genitrice
1004 4389 1188 4443 habet.
1223 4386 1324 4454 Qui
1365 4387 1409 4441 si
1441 4385 1750 4456 aliqualiter

143 4475 285 4514 cum
341 4459 432 4513 hic
473 4459 631 4514 dictis
675 4459 981 4524 discordat,
1028 4457 1201 4522 major
1255 4456 1558 4512 adhibenda
1616 4459 1749 4513 ﬁdes

140 4540 236 4610 est
271 4527 508 4610 auctori,
555 4529 647 4600 qui
697 4528 863 4585 relata
914 4544 944 4583 a
991 4527 1050 4584 S.
1110 4527 1333 4600 Hugone
1386 4527 1438 4580 in
1487 4527 1749 4605 extremis

141 4600 650 4793 ξῖὶἷῖξζιὲεξξξεὲ
663 4667 1489 4793 τεξοεξλξτιξῖὲῖξια¹ξξδῖευηηίθν
1513 4675 1569 4723 °‘
1588 4676 1751 4739 pm“

138 4739 521 4830 Delphin'atns
549 4739 650 4830 sub
673 4754 737 4830 ea
765 4739 1266 4830 comprehenditur.
1510 4807 1520 4816 υ
1550 4807 1562 4819 ,

223 4810 354 4881 (‘58)
394 4809 530 4863 luito
554 4809 765 4865 calculo
789 4823 1056 4864 annorum
1087 4818 1144 4863 et
1169 4810 1401 4871 dierum,
1431 4809 1524 4876 qui
1550 4809 1601 4862 in
1626 4823 1748 4878 pro-

137 4879 287 4952 lego
312 4880 644 4952 indicantur,
675 4889 822 4952 recte
849 4879 1040 4952 Surius
1075 4881 1127 4933 in
1157 4878 1280 4952 Vita
1312 4877 1504 4952 scribit
1535 4894 1607 4952 πμ(
1646 4878 1749 4935 'l‘e-

1779 3662 1826 3727 C
1858 3657 2081 3714 secundi
2142 3656 2390 3712 notitiam
2427 3654 2692 3710 virtutum
2738 3652 2909 3709 nostri
2959 3649 3198 3724 Hugouis
3243 3650 3447 3706 famam

1853 3747 1945 3806 tali
1986 3741 2271 3805 occasione
2319 3746 2651 3818 pervenisse.
2683 3744 2926 3813 Quadam
2959 3745 3025 3801 de
3067 3760 3193 3815 rege
3239 3743 3350 3816 (ιὲ)
3387 3745 3445 3800 in

1850 3840 2233 3898 transmarinis
2253 3848 2468 3911 agente,
2491 3839 2640 3893 venit
2657 3837 2722 3892 ad
2747 3851 2876 3892 eum
2898 3837 2983 3891 vir
3007 3836 3225 3907 quidam
3247 3835 3394 3893 nobil
3416 3853 3450 3893 ο

1849 3933 1916 3988 de
1945 3930 2188 4001 partibus
2215 3928 2328 4002 (45)
2354 3927 2781 3983 Northmannim.
2822 3927 2935 3983 Rex
2976 3942 3108 3982 vero
3143 3929 3208 3982 de
3249 3929 3446 3983 ordine

1849 4020 2318 4076 Carlbusiensium
2361 4019 2500 4074 inter
2556 4018 2659 4073 alia
2709 4027 2909 4073 mutuae
2965 4017 3449 4074 sermocinationis

1919 4176 2037 4248 (ιθ)
2074 4175 2152 4232 Ex
2184 4174 2473 4248 Carthusia
2507 4174 2698 4248 majori
2727 4175 2786 4230 in
2808 4174 3083 4248 Angliam,
3112 4186 3278 4248 quam
3306 4171 3442 4228 dum

1850 4243 2097 4306 nostrum
2131 4256 2289 4302 vocat
2315 4246 2526 4310 orbem,
2558 4243 2764 4316 indicat
2790 4259 2855 4316 se
2882 4244 3114 4316 Anglnm
3149 4243 3441 4316 fuisse_na-_

1852 4320 2020 4374 tione.
2052 4317 2373 4372 Monachum
2414 4331 2542 4372 vero
2575 4315 2745 4372 fuisse
2771 4313 3222 4372 Cantuariensem
3261 4313 3440 4385 colligi

1848 4391 2064 4444 videtur
2091 4403 2156 4442 ex
2195 4388 2288 4442 lib.
2321 4402 2371 4453 v,
2408 4402 2459 4442 c.
2483 4386 2574 4440 22.

1922 4458 2372 4531 (M)_Scrip_sisse
2393 4457 2545 4531 de_S.
2573 4457 2800 4531 llugone
2826 4457 3110 4531 Giraldum
3138 4453 3444 4531 Cambnen-

1849 4524 1986 4592 sem,
2020 4524 2422 4598 'Rogeriumwet
2467 4524 2734 4582 Parisium
2785 4529 2928 4597 lego.
2981 4527 3185 4581 Horum
3229 4524 3440 4598 primus

1849 4593 2238 4669 evrrlgatus'est
2265 4613 2295 4669 ει
2325 4596 2627 4669 “’arthono
2661 4599 2713 4652 in
2735 4593 2964 4669 Anglia
2983 4609 3156 4654 sacra,
3197 4593 3292 4662 sed
3327 4607 3432 4669 non

1849 4662 2172 4726 adeo-inulta
2202 4666 2368 4722 refert
2387 4667 2454 4722 de
2477 4677 2686 4721 sancto.
2718 4662 2870 4722 Alter
2896 4665 3162 4736 allegatur
3191 4662 3438 4736 a_variis.

1848 4749 1905 4819 et
1935 4741 2007 4795 de
2041 4747 2230 4800 sancto
2260 4736 2482 4819 videtur:
2510 4736 2796 4819 scripsisse
2847 4729 3437 4819 incidEnteraA'Al‘ertius

1848 4811 2002 4892 plura
2033 4807 2309 4892 nruluavit
2337 4823 2402 4862 ex
2444 4805 2696 4892 Ragerio,
2746 4816 2801 4863 et
2853 4815 3040 4890 nos.er
3086 4808 3436 4892 auctore‘est

1841 4871 2045 4950 iunior.
2071 4881 2150 4936 An
2174 4879 2264 4950 alii
2288 4891 2354 4934 eo
2381 4893 2495 4932 aevo
2515 4871 2582 4933 de
2604 4876 2827 4950 Hugone
2853 4873 3196 4950 scripserint,
3219 4871 3434 4950 ignoro.

63 4993 66 4996 .
139 4941 281 5006 nu'it
330 4941 643 5004 cathedram
706 4950 1089 5020 episcopalem
1127 4949 1285 5004 annis
1331 4948 1640 5020 quindecim
1689 4957 1748 5004 et
1841 4941 2005 5016 'Vide,
2041 4966 2164 5020 quae
2190 4949 2476 5005 observata
2507 4957 2634 5004 sunt
2662 4941 2730 5004 ab
2753 4947 2858 5003 alio
2891 4941 3084 5003 ad'lib.
3116 4960 3200 5008 nr,
3224 4941 3344 5012 cap.
3375 4941 3428 5004 6,

139 4967 281 5006 nurt
330 4967 643 5004 catucoram
706 4967 1063 5020 episcopalem
1127 4967 1285 5004 annis
1333 4967 1640 5017 qurnoecrm
1689 4967 1748 5004 et
1857 4967 2005 5016 Viue,
2081 4967 2092 5005 l

137 5019 563 5092 quinquaginta
605 5028 731 5092 octo
755 5018 967 5092 diebus.
1007 5038 1032 5092 ξ
1060 5018 1210 5092 Quod
1246 5019 1293 5092 s_i
1327 5018 1400 5092 ita
1430 5017 1582 5092 nugo
1608 5033 1740 5074 cono
1767 5019 1821 5080 ι)
1847 5032 1972 5092 nota
1998 4967 2092 5078 93.

137 5087 372 5147 secl-ari
396 5089 582 5160 debuit
610 5089 663 5143 in
682 5090 993 5160 episcopum
1021 5089 1074 5144 in
1100 5088 1240 5146 festo
1260 5089 1319 5144 S.
1344 5087 1581 5145 Mattha'ei
1611 5103 1744 5159 apo-

138 5161 286 5216 stoli
314 5174 460 5230 anno
499 5159 636 5230 1185
668 5159 775 5214 non
808 5164 1080 5229 sequenti,
1112 5160 1164 5215 in
1202 5173 1360 5228 quem
1397 5160 1744 5230 passimrom-

140 5246 287 5295 nes,
344 5228 639 5299 Rogerium
686 5228 898 5295 secuti,
943 5228 1414 5286 consecrationem
1465 5229 1738 5299 rejiciunt.

141 5301 272 5357 Sed
292 5299 364 5355 de
388 5301 492 5356 hoc
520 5299 574 5354 in
597 5299 976 5357 dissertatione
1003 5302 1153 5358 oneri
1177 5301 1304 5357 huic
1325 5301 1606 5371 praemissa
1633 5299 1744 5371 ple-

140 5374 286 5427 nius
310 5371 514 5441 agitur.

1920 5091 2047 5164 (ᾅῖ)
2079 5111 2098 5144 c
2125 5091 2573 5164 MenseiAugusto
2602 5088 3098 5164 (inquit'l'rivettus
3127 5089 3193 5164 ad
3225 5105 3429 5164 annum

1847 5159 1983 5218 H77
2015 5159 2091 5218 'in
2121 5163 2393 5220 Chronico
2423 5159 2464 5216 ᾖ
2511 5162 2655 5217 Luca
2703 5159 2937 5216 Acherio
2965 5171 3094 5215 torn.
3131 5159 3209 5232 llli
3239 5160 3458 5232 Spicil.’

1844 5233 2014 5306 edito)
2047 5233 2315 5306 Henricus
2347 5233 2640 5306 Anglorum
2669 5247 2763 5306 rex
2794 5232 2976 5306 senior
3013 5246 3142 5306 cum
3185 5231 3432 5306 Gal’l'rido

1847 5304 1964 5360 ﬁlio
1986 5301 2122 5360 duce
2163 5301 2548 5358 Britannorum
2575 5302 2630 5356 in
2667 5301 3117 5357 Nortbm'anniam
3168 5302 3435 5358 transfre-

1846 5376 1998 5432 tavit.
2039 5393 2058 5423 ι
2095 5373 2358 5430 Batonius
2382 5374 2450 5428 ad
2480 5376 2622 5429 hunc
2649 5387 2850 5428 annum
2879 5372 3028 5428 addit
3053 5371 3232 5428 adhuc
3261 5371 3429 5427 fuisse

227 5440 364 5514 (59)
392 5441 538 5514 satis
563 5440 847 5514 innuithis
878 5443 1060 5514 verbis
1094 5450 1286 5499 auctor
1313 5457 1374 5499 se
1413 5457 1740 5514 monaenum
1844 5445 2044 5501 ibidem
2067 5459 2249 5514 regem
2278 5461 2332 5500 χι
2356 5443 2474 5500 Kal.
2505 5443 2726 5514 Octobr.

144 5512 358 5597 fuisse,
381 5520 440 5566 et
456 5511 920 5597 Iidem-conﬁrmat
965 5513 1186 5597 aliis-.in
1229 5514 1386 5597 locis,
1438 5513 1738 5597 prastat-tim

146 5583 258 5637 lib.
291 5596 346 5647 v,
378 5597 428 5637 c.
456 5581 550 5647 25,
579 5581 665 5636 ubi
696 5592 818 5653 post
858 5583 945 5638 illa
975 5601 988 5637 :
1025 5602 1045 5635 ι
1087 5581 1214 5640 Haec
1239 5585 1363 5654 ipsi,
1398 5581 1489 5654 qui
1517 5583 1733 5654 scripsit

143 5655 303 5724 ista,
340 5651 555 5724 locutus
579 5661 688 5724 est,
717 5671 736 5705 ι
774 5654 923 5709 addit
957 5663 1078 5724 post
1116 5669 1286 5724 pauca
1319 5672 1332 5709 :
1368 5675 1386 5708 ι
1431 5655 1546 5711 Sub
1587 5655 1733 5709 testi-

1915 5516 2028 5587 (45)
2067 5509 2225 5587 Αιῖηο
2277 5515 2439 5587 igitur
2487 5513 2622 5587 ω]
2678 5513 2918 5587 creditur
2963 5512 3055 5587 vir.
3089 5509 3180 5567 ille
3228 5509 3436 5587 nobilis

696 5583 945 5656 postilla
975 5601 988 5637 :
1025 5602 1045 5635 ι
1087 5581 1214 5640 Haec
1239 5579 1377 5654 ipsi,
1398 5579 1489 5656 qui
1517 5583 1736 5656 scripsit
1841 5579 2024 5642 coram
2052 5600 2182 5656 rege
2207 5586 2262 5640 iu
2297 5579 2518 5641 laudem
2560 5584 2802 5656 llugonis
2834 5579 3173 5656 excurrisse,
3200 5588 3254 5656 e_t
3279 5579 3430 5637 circa

1843 5657 2006 5714 ﬁnem
2035 5649 2193 5725 huj'us
2221 5664 2314 5711 aut
2347 5657 2560 5712 initium
2600 5649 2878 5725 sequentis
2903 5652 3054 5724 litigo
3083 5665 3183 5723 per
3220 5649 3435 5724 legatos

143 5723 347 5778 monio
367 5718 808 5799 priusejusdem,
831 5718 1089 5795 curn'quo
1114 5718 1435 5794 loquebatur
1481 5725 1731 5783 monachi
1843 5729 2046 5799 petitus
2065 5718 2122 5788 iri
2144 5727 2404 5798 priorem.

142 5802 206 5849 et
234 5792 541 5869 presbyteri
568 5792 670 5849 sui.
