3984 6444
519 415 626 476 965

521 457 552 478 υ

1414 408 1472 464 S.
1515 402 1817 463 HUGONIS
1855 401 2072 458 EPISC.
2110 398 2426 456 LINCOLN.
2465 397 2628 456 ΟΜ).
2668 397 2928 454 CARTIL

3709 399 3796 454 θα

513 533 684 589 verba
701 527 958 600 pleraque
1005 525 1074 580 ab
1117 523 1304 580 eodem
1334 521 1608 590 inquirere
1639 513 2104 587 cmpit.Nam(M)
2137 517 2182 573 Λ
2209 511 2445 581 gaudent
2496 505 2775 564 oraculum
2824 506 3148 600 percepisse.
3201 505 3360 600 illine
3391 506 3440 600 si
3480 507 3713 600 novella
3749 511 3792 562 ia

520 623 722 678 dudum
770 625 973 672 sanctte
1025 616 1170 670 illius
1215 611 1640 669 conversationis
1688 609 1832 664 fama
1863 621 2106 678 praeven-

521 697 628 774 tus,
673 709 948 765 asciverat
987 705 1058 761 de
1106 705 1266 759 domo
1319 701 1540 772 przefala
1585 699 1846 770 quosdam
1886 698 2104 762 fratres,

519 801 718 870 quibus
742 809 794 854 et
827 814 896 853 ex
928 797 1061 852 locis
1088 835 1104 858 ,
1147 809 1310 864 quam
1343 792 1442 862 ipsi
1481 791 1777 860 elegerant,
1813 788 1868 842 in
1915 785 2106 856 Anglia

518 890 825 946 contulerat
859 886 1038 941 villam
1063 925 1079 950 ,
1125 881 1333 940 scilicet
1379 881 1729 936 Withamiam
1767 879 1878 952 (45)
1917 877 2103 949 appel-

517 981 702 1044 latam,
739 981 790 1034 in
839 975 1185 1032 Bathoniensi
1237 974 1514 1030 territorio
1567 971 1750 1037 sitam,
1808 985 1930 1026 cum
1992 979 2103 1024 ter-

517 1073 597 1128 ris
640 1072 830 1136 silvis,
891 1083 1013 1123 cum
1066 1066 1284 1136 pascuis
1333 1075 1388 1119 et
1437 1063 1696 1128 vinariis,
1739 1075 1840 1116 nec
1891 1075 2000 1114 non
2053 1069 2108 1114 et

515 1164 638 1218 aliis
665 1161 950 1216 fundanda:
978 1159 1122 1213 illius
1157 1159 1366 1212 ordinis
1391 1157 1574 1212 domui
1603 1153 1953 1210 necessariis.
2001 1151 2104 1219 Qui

515 1267 642 1306 vero
665 1251 934 1320 praidictis
971 1248 1232 1304 fratribus
1257 1248 1405 1317 prior
1427 1247 1602 1302 fuerat
1631 1247 1946 1316 designatus
1967 1243 2104 1315 (46),

513 1345 579 1394 ad
629 1343 794 1396 breve
845 1341 934 1394 vix
985 1351 1194 1410 tempus
1243 1341 1298 1393 in
1337 1339 1530 1408 Anglia
1571 1339 1766 1408 degere
1811 1337 2101 1406 acquievit.

513 1429 792 1485 Vaealioni
833 1444 1066 1499 namque
1107 1439 1162 1484 et
1193 1429 1360 1498 quieti
1409 1429 1718 1483 solitudinis
1747 1423 2103 1490 assuefactus,

510 1524 784 1591 negotium
823 1521 1202 1576 sollicitudinis
1245 1529 1410 1574 tantae
1441 1519 1830 1576 constructioni
1862 1519 2104 1574 debitum

509 1621 690 1666 mente
725 1613 953 1666 delicata
993 1626 1098 1664 non
1143 1609 1374 1665 ferebat.
1417 1609 1672 1664 Taedebat
1718 1623 1862 1673 eum,
1901 1609 2009 1664 imo
2051 1617 2108 1662 et

510 1702 688 1758 socios
728 1702 845 1770 ejus
884 1717 1021 1772 pene
1053 1711 1278 1756 cunctos
1301 1743 1316 1768 ,
1365 1702 1502 1755 ritus
1539 1701 1714 1772 gentis
1756 1700 2102 1770 alienigenas,

511 1791 686 1845 ducta:
719 1791 982 1858 insolitae,
1015 1799 1069 1845 et
1099 1801 1417 1846 cancrorum
1452 1805 1570 1860 quae
1598 1791 1838 1846 moribus
1867 1791 2102 1846 advena-

2211 601 2453 670 partibus
2475 602 2651 656 adhuc
2677 599 2876 653 nostris
2895 598 3221 652 sanctissimi
3243 598 3458 654 ordinis
3477 597 3650 666 hujus
3671 599 3800 668 plan-

2213 695 2346 752 lalio
2372 695 2632 748 cultorem
2663 693 2864 747 habere
2910 690 3170 745 meruerit
3203 699 3368 760 atque
3397 699 3704 756 rectorem,
3731 692 3798 748 vi-

2210 789 2404 846 dt-bitls
2431 799 2551 842 eam
2581 785 2856 840 laetissime
2883 783 2948 836 ad
2976 798 3192 836 onmem
3221 783 3404 838 subito
3429 784 3674 854 gratiam
3699 783 3800 840 frn-

2210 881 2500 938 ctilicando
2523 878 2809 947 prolicere.
2839 875 2974 930 Tota
3003 875 3222 943 insuper
3245 874 3522 938 Ecclesia,
3551 885 3616 930 ut
3637 885 3798 932 certat

2209 989 2350 1037 sum,
2384 969 2676 1039 Anglicana
2707 967 2849 1020 illius
2875 965 3178 1035 purissima:
3211 963 3490 1034 religionis
3517 975 3572 1020 el
3607 967 3800 1038 religio-

2209 1063 2438 1118 sissima:
2458 1057 2710 1130 puritatis
2737 1057 2913 1110 nitore
2943 1053 3219 1108 venustius
3241 1054 3626 1108 decorabilur.
3651 1055 3798 1112 Cirte-

2209 1169 2328 1207 rum
2359 1153 2504 1206 hunc
2543 1149 2626 1204 sui
2659 1149 2724 1202 de
2763 1145 2904 1200 facili
2935 1159 3042 1199 non
3087 1145 3340 1199 emittent
3376 1145 3448 1198 de
3487 1147 3660 1200 domo
3699 1161 3796 1200 sua.

2209 1248 2328 1315 Ipse
2349 1257 2565 1314 quoque
2591 1241 2806 1310 nonnisi
2833 1247 3053 1294 coactus
3077 1247 3132 1292 et
3157 1239 3380 1301 invitus,
3405 1237 3649 1292 alterius
3671 1239 3800 1292 habi-

2211 1338 2429 1393 tationis
2455 1335 2626 1390 adibit
2651 1334 2856 1388 sedem.
2891 1330 3194 1384 Favorabili
3235 1329 3468 1400 proinde
3499 1343 3572 1384 ac
3601 1343 3800 1384 Strenue

2207 1445 2343 1498 opus
2367 1437 2450 1484 est
2479 1428 2744 1498 legatione
2771 1443 2783 1478 :
2818 1439 3040 1494 operosa
3068 1423 3230 1476 etiam
3259 1437 3488 1492 precum
3521 1423 3800 1478 ambitione

2209 1515 2508 1579 nitendum,
2543 1524 2833 1583 quatenus,
2859 1512 2960 1566 hoc
2990 1509 3105 1566 solo
3138 1508 3470 1578 quantocius
3497 1509 3798 1580 impetrato,

2207 1615 2262 1662 et
2305 1618 2487 1661 vester
2523 1606 2590 1660 de
2637 1615 2838 1660 cmtero
2885 1603 3098 1657 animus
3135 1617 3165 1656 a
3215 1601 3620 1657 sollicitudinis
3665 1605 3800 1674 hujus

2205 1699 2475 1764 molestiis
2513 1697 2802 1760 relevetur,
2835 1703 2888 1750 et
2929 1695 3042 1749 haec
3075 1693 3326 1749 sublimis
3351 1694 3560 1766 religio
3601 1695 3674 1749 ad
3707 1694 3802 1765 gic-

2209 1790 2345 1844 riam
2373 1767 2711 1843 eilcelleutim
2745 1795 2940 1840 vestrae
2969 1785 3234 1854 insignius
3271 1794 3644 1856 propagetur.
3671 1786 3802 1842 Inve-

519 1893 637 1932 rum
680 1887 734 1932 et
771 1880 910 1934 votis
941 1879 994 1932 in
1036 1879 1150 1934 solo
1181 1879 1465 1952 peregrino
1508 1880 1573 1934 de
1605 1878 1748 1934 facili
1797 1880 2102 1949 parturiunt
2133 1877 2178 1936 Β
2207 1881 2367 1936 nietis
2420 1879 2565 1935 enim
2618 1879 2669 1934 in
2725 1893 2836 1931 uno
2887 1877 2992 1930 isto
3031 1877 3249 1932 homine
3301 1893 3430 1932 cum
3487 1887 3800 1934 ceterarum

506 1969 884 2024 oﬂ‘ensionem.
919 1969 1052 2024 Nam
1083 1982 1138 2025 et
1164 1971 1578 2042 provincialium
1609 1970 1882 2024 nonnullis
1916 1970 2104 2024 formi-

509 2061 724 2116 dolosus
751 2076 938 2114 eorum
973 2061 1258 2114 videbatur
1285 2075 1404 2116 esse
1429 2062 1480 2114 iu
1511 2074 1638 2114 suos
1668 2059 1801 2114 fines
1827 2074 2102 2124 accessus,

507 2151 708 2206 frustra
733 2151 944 2207 scilicet
974 2151 1080 2206 illis
1112 2152 1480 2206 metuentibus
1507 2151 1633 2216 sibi,
1665 2164 1736 2206 ue
1767 2149 1840 2204 illi
1869 2151 2102 2221 propriis

507 2247 686 2302 minus
714 2245 952 2301 contenti
993 2245 1276 2312 limitibus,
1307 2261 1494 2302 eorum
1531 2244 1866 2314 occupandis
1893 2243 2102 2312 iugeri-

503 2335 604 2390 bus
634 2336 928 2390 inhiarent.
961 2335 1131 2402 Quem
1167 2336 1543 2406 indigenarum
1581 2335 1868 2390 adversum
1908 2348 1967 2388 se
1999 2331 2100 2387 viri

505 2425 822 2479 irmecentes
844 2435 1048 2478 motum
1071 2425 1330 2494 pullulare
1343 2425 1662 2488 sentientes,
1689 2423 1923 2492 priorem
1944 2439 2100 2478 suum

505 2514 574 2568 ad
605 2515 821 2568 domum
861 2514 1040 2568 redire
1071 2515 1466 2584 permiserunt,
1499 2525 1764 2582 quatenus
1793 2513 2098 2568 communi-

501 2613 626 2660 cato
657 2620 778 2659 cum
811 2606 944 2660 Viris
969 2606 1173 2660 sanctis
1201 2606 1448 2670 consilio,
1481 2603 1562 2659 rel
1605 2605 1962 2674 animasquior
1987 2604 2100 2673 ipse

509 2695 737 2761 rediret,
763 2695 848 2748 vel
869 2696 1036 2750 alium
1065 2696 1183 2752 loco
1203 2711 1302 2752 suo
1329 2695 1394 2748 ad
1425 2696 1524 2766 hoc
1549 2694 1720 2766 magis
1746 2693 2098 2750 sufﬁcientem

500 2787 766 2842 destinari
815 2787 1105 2844 obtineret.
1137 2787 1314 2842 Rediit
1354 2803 1517 2858 ergo,
1549 2796 1602 2842 et
1649 2786 1766 2842 loco
1801 2787 1918 2858 ejus
1961 2787 2100 2842 alius

499 2877 756 2944 mittitur,
790 2879 878 2948 qui
907 2880 1064 2934 ttedio
1090 2877 1250 2934 simili
1277 2877 1522 2944 allectus,
1549 2888 1724 2934 morte
1751 2879 1906 2932 beata
1935 2877 2098 2934 linem

499 2967 747 3022 laborum
778 2979 833 3024 et
861 2971 985 3024 vita:
1015 2969 1226 3024 initium
1257 2971 1418 3024 cilius
1451 2968 1677 3040 accepit.
1711 2968 1921 3038 Reliqui
1955 2971 2098 3024 inter

499 3063 600 3120 ista
630 3063 830 3120 fratres
856 3065 1024 3120 variis
1051 3063 1520 3135 perturbationum
1549 3063 1800 3134 procellis
1827 3063 2095 3118 unanimi-

501 3165 584 3212 ter
615 3155 971 3212 lluctuabanl.
1015 3157 1127 3212 Rex
1175 3158 1290 3228 ipse
1335 3158 1634 3228 angebatur
1679 3155 1988 3212 medullitus
2027 3155 2093 3208 ad

2203 1975 2467 2028 virtutum
2497 1969 2736 2034 cumulo,
2773 1970 3036 2038 quidquid
3067 1967 3510 2050 longanimitatis
3543 1979 3604 2024 et
3641 1971 3804 2024 doler-

2204 2063 2368 2128 dinis,
2399 2061 2664 2132 quidquid
2695 2060 3158 2130 magnanimitatis
3193 2069 3248 2113 et
3281 2061 3732 2116 mansuetudinis
3755 2063 3800 2118 ill

2203 2155 2383 2224 aliquo
2423 2152 2731 2208 mortalium
2777 2151 2976 2222 poterit
3013 2151 3258 2221 reperiri.
3301 2150 3448 2206 Nulli
3493 2153 3664 2222 hujus
3697 2169 3802 2210 esse

2205 2249 2420 2315 ingrata
2459 2244 2714 2299 vicinitas
2742 2251 2835 2296 aut
2865 2241 3198 2296 cohabitatio
3227 2241 3409 2306 valet;
3453 2243 3644 2298 nullus
3673 2246 3800 2302 hunc

2203 2336 2418 2404 vitabit,
2447 2345 2507 2390 ut
2534 2334 2928 2405 alienigenam;
2963 2332 3142 2386 nullus
3171 2348 3276 2388 non
3307 2343 3368 2386 ιιι
3399 2335 3608 2400 civem,
3639 2337 3800 2394 nullus

2203 2444 2309 2482 non
2341 2435 2398 2481 ut
2421 2427 2803 2489 domeSticum,
2827 2433 2882 2480 ut
2914 2423 3160 2488 fratrem,
3185 2432 3246 2477 ut
3267 2424 3516 2478 anticum
3543 2426 3794 2492 intimum,

2205 2523 2352 2576 illum
2385 2519 2660 2590 respiciet.
2699 2517 2835 2571 Nam
2869 2527 2922 2570 et
2967 2517 3081 2586 ipse
3109 2531 3272 2570 omne
3306 2518 3610 2572 humanum
3633 2535 3794 2587 geuus

2203 2629 2307 2668 non
2347 2613 2505 2667 aliter
2551 2625 2714 2682 quam
2741 2609 2958 2680 propria
2989 2609 3220 2664 attendit
3249 2611 3497 2674 viscera,
3533 2613 3796 2666 universos

2203 2707 2455 2761 homines
2487 2703 2834 2774 amplectitur
2863 2711 2918 2758 et
2949 2699 3094 2757 fovet
3126 2701 3268 2756 ulnis
3304 2711 3362 2756 et
3393 2705 3612 2773 gremio
3641 2704 3800 2758 unica;

2200 2798 2299 2852 clla
2310 2798 2348 2850 ri
2361 2797 2505 2851 latis.

2271 2890 2397 2944 Πιθε
2449 2899 2506 2944 et
2555 2889 2606 2942 in
2657 2889 2799 2943 hunc
2852 2887 3072 2941 modum
3118 2885 3354 2956 plurima
3405 2885 3530 2956 ipse
3575 2885 3798 2940 dixerat.

2199 2983 2408 3038 Dicenti
2455 2995 2670 3051 quoque
2711 2993 2804 3035 rex
2847 2963 3078 3033 intuitum
3123 2977 3466 3048 applaudens
3503 2987 3564 3032 et
3605 2979 3798 3048 gratias

2197 3091 2384 3145 agens,
2423 3075 2610 3146 dirigit
2639 3089 2801 3144 quam
2831 3071 3120 3127 celerrime
3151 3085 3276 3124 cum
3307 3068 3518 3123 litteris
3555 3069 3718 3140 regiis
3741 3069 3798 3122 ad

2199 3167 2418 3220 dommn
2451 3175 2693 3220 sanctam
2733 3161 3034 3218 Carthusia:
3063 3160 3404 3216 venerabiles
3442 3160 3684 3230 legatos,
3715 3161 3800 3214 do-

499 3249 636 3304 lnec.
669 3249 846 3320 Cmpit
871 3264 1103 3318 namque
1139 3225 1430 3322 iniaginari
1465 3251 1578 3320 jam
1605 3257 1659 3304 et
1693 3248 1984 3319 pertinuere
2011 3245 2094 3300 fu-
2123 3225 2165 3283 (ἶ
2199 3255 2406 3308 minum
2429 3253 2682 3308 videlicet
2714 3251 3069 3322 lleginaldum
3101 3251 3210 3320 (47)
3235 3225 3798 3319 Βειιιιοιιὶἆιεεωενῖ-

501 3340 606 3392 turi
637 3350 820 3394 notam
851 3341 1090 3402 ruboris,
1126 3355 1228 3410 qua
1265 3341 1588 3396 inurendum
1615 3355 1674 3396 se
1697 3347 1926 3396 noverat
1951 3339 2092 3410 apud

499 3439 778 3500 magnates
809 3429 1100 3484 multarum
1133 3431 1186 3484 in
1215 3431 1444 3486 circuitu
1485 3434 1797 3496 nationum,
1829 3432 1874 3488 si
1915 3440 2092 3502 coepta

498 3523 632 3576 adeo
661 3520 924 3586 salubria,
953 3521 1086 3576 adeo
1115 3523 1324 3577 cunctis
1357 3523 1560 3580 exteris
1597 3523 1850 3595 gentibus
1879 3523 2092 3578 favora-

497 3614 622 3670 bilia
642 3653 658 3680 ,
695 3613 1027 3684 nequivisset
1053 3629 1462 3670 consummare.

567 3725 611 3778 Α
641 3724 758 3780 viro
785 3724 950 3796 igitur
977 3734 1280 3782 memorato
1307 3739 1470 3796 super
1493 3724 1579 3780 his
1604 3721 1710 3780 tale
1735 3721 1940 3796 recepit
1963 3741 2092 3782 con-

495 3816 676 3873 silium
707 3834 722 3870 :
755 3817 824 3872 ab
853 3817 958 3882 his,
1021 3818 1232 3888 inquit,
1273 3817 1493 3873 domine
1553 3815 1627 3872 mi
1660 3831 1754 3872 rex
1779 3855 1796 3882 ,
1837 3816 2090 3874 fluctibus

497 3910 660 3966 unico
695 3925 790 3964 vos
825 3921 882 3965 et
907 3909 1286 3966 efﬁcacissime
1316 3909 1549 3964 liberare
1581 3910 1811 3980 potestis
1837 3910 2084 3966 consilio.

496 3999 594 4056 Eat
621 4002 674 4056 in
705 4001 864 4056 domo
891 3999 1194 4056 Carthusiaa
1215 3999 1434 4070 quidam
1465 3999 1788 4066 monachus,
1821 3999 2090 4054 natalibus

497 4094 717 4164 quidem
745 4094 947 4156 clarus,
972 4093 1068 4148 sed
1098 4108 1308 4148 morum
1337 4093 1660 4148 strenuitate
1685 4092 1843 4162 longe
1867 4093 2089 4162 praecla-

497 4185 631 4248 rior,
669 4185 888 4239 nomine
925 4183 1080 4252 Hugo
1115 4183 1183 4238 de
1219 4183 1456 4239 Avalim.
1495 4182 1596 4238 Hic
1633 4184 1780 4238 omni
1825 4185 2088 4238 virtutum

497 4276 669 4347 gratia
699 4277 1017 4340 decoratus,
1053 4275 1126 4328 ita
1154 4285 1239 4329 est
1264 4275 1516 4329 omnibus
1544 4275 1638 4344 qui
1663 4289 1788 4329 eum
1819 4284 2086 4330 noverunt

495 4376 753 4437 acceptus
781 4375 834 4420 el
861 4363 1151 4437 gratiosus,
1177 4374 1236 4420 ut
1264 4376 1484 4434 aspectu
1515 4365 1630 4421 solo
1659 4365 1899 4420 onmium
1941 4367 1994 4420 ill
2026 4381 2086 4421 se

495 4458 668 4528 rapiat
699 4456 948 4512 affectus.
985 4456 1088 4523 Qui
1117 4472 1245 4516 vero
1265 4457 1444 4522 etiam
1477 4459 1546 4512 ab
1579 4443 1694 4514 ore.
1713 4455 1830 4526 ejus
1859 4457 2082 4520 verbum

2195 3360 2440 3415 scopum,
2473 3344 2910 3416 cognominatum
2941 3343 3244 3398 Lumbrach
3269 3383 3283 3406 ,
3315 3351 3374 3397 et
3407 3357 3540 3398 cum
3568 3359 3636 3399 eo
3665 3345 3796 3400 vim

2195 3438 2457 3508 quosdam
2484 3447 2734 3492 strenuos
2765 3443 2820 3491 et
2851 3435 3164 3490 industrios.

2826 3527 3054 3583 CAPUT
3091 3525 3154 3580 ll.

2197 3599 2438 3668 Qualiter
2460 3599 2630 3654 nuntii
2668 3600 2737 3652 ad
2777 3597 3112 3652 Carllmsiam
3161 3597 3422 3652 cornicantes
3477 3616 3646 3668 super
3677 3601 3796 3667 peli-

2264 3671 2404 3724 tione
2427 3687 2526 3724 sua
2555 3671 2858 3740 invenerunt
2885 3669 3078 3740 fratres
3109 3669 3504 3740 dissentientes,
3547 3681 3598 3724 et
3627 3671 3792 3740 qualia

2263 3751 2376 3794 erat
2407 3742 2661 3793 sententia
2687 3739 2849 3806 ipsius
2873 3741 2940 3792 de
2987 3739 3098 3806 ipsa
3141 3737 3504 3806 exaudientia,
3531 3753 3580 3794 ct
3605 3737 3700 3794 hoc
3721 3751 3794 3793 est

2262 3809 2393 3880 Cap.
2427 3810 2481 3875 '5,
2504 3811 2558 3864 in
2582 3810 2714 3863 serie
2736 3823 2942 3878 magna:
2972 3809 3127 3862 Viue.

2263 3903 2556 3958 Venientes
2588 3911 2772 3956 autem
2825 3899 2968 3970 regis
3007 3897 3165 3970 legali
3195 3897 3262 3952 ad
3291 3897 3672 3962 Carlhusiam,
3701 3913 3788 3954 as-

2191 4002 2408 4064 sumpto
2430 4008 2612 4048 secum
2649 3991 2943 4047 venerabLIi
2990 3991 3104 4062 (l8)
3143 3989 3652 4060 Gratianopolitano
3681 3991 3790 4062 epi-

2191 4099 2397 4156 scopo,
2448 4085 2736 4156 ipsiusloci
2784 4085 3115 4154 dioecesano,
3171 4083 3384 4138 litteras
3441 4083 3660 4140 Domini
3709 4085 3788 4139 sui

2188 4178 2357 4247 priori
2386 4186 2438 4232 ct
2484 4177 2744 4232 fratribus
2795 4185 3150 4248 pra'sentalas
3195 4174 3568 4244 persuasoriis
3619 4173 3788 4230 verbis

2187 4271 2502 4342 suppliciter
2528 4281 2584 4326 et
2627 4281 2846 4326 strenue
2895 4278 3321 4340 prosequuntur.
3357 4265 3636 4322 Omnibus
3665 4283 3786 4321 vero

2188 4365 2254 4421 ad
2279 4365 2511 4436 primum
2548 4361 2886 4418 contristatis
2903 4361 3165 4428 auditum,
3197 4359 3346 4429 prior
3363 4375 3534 4428 quam
3559 4359 3786 4412 maxime

2187 4458 2560 4522 conturbatur,
2593 4455 3027 4526 procrastinatur
3078 4467 3267 4508 eorum
3313 4451 3627 4520 responsio,
3665 4465 3778 4505 oon-

493 4547 682 4603 audire
712 4559 1010 4614 merentur,
1039 4557 1296 4618 tanquam
1322 4548 1564 4604 divinum
1589 4563 1648 4606 se
1673 4549 1756 4606 vel
1780 4549 2080 4621 angelicum
2113 4569 2161 4628 ο
2187 4549 2428 4606 scientiae
2455 4558 2514 4604 et
2539 4557 2662 4604 vota
2689 4561 2852 4618 super
2883 4543 3098 4617 negotio
3128 4541 3220 4598 tali
3241 4541 3624 4600 discutiuntur
3649 4543 3782 4596 inle-

566 4701 679 4771 (44)
716 4702 892 4765 Anno,
927 4709 984 4755 ut
1011 4700 1246 4766 videtur,
1288 4701 1427 4755 illis
1479 4717 1574 4756 rex
1619 4701 1764 4756 enim
1801 4699 2081 4771 ﬂent-iens

485 4769 640 4842 juxta
664 4769 892 4842 Pagimn
919 4773 972 4825 in
1003 4772 1215 4842 criticis
1237 4771 1304 4826 ad
1329 4771 1539 4826 initium
1569 4772 1770 4842 mensis
1791 4769 2084 4842 Juliianno

493 4841 630 4897 H74
661 4841 894 4897 visitavit
925 4844 1164 4896 tumbam
1189 4841 1296 4896 divi
1333 4843 1550 4898 'l‘llomre
1583 4859 1597 4895 :
1631 4851 1686 4896 et
1713 4841 1801 4896 illa
1835 4841 2076 4905 visitata,

491 4911 644 4983 juxta
690 4912 990 4968 Trivettum
1045 4913 1098 4966 ill
1135 4911 1427 4978 Chronico,
1461 4912 1624 4983 rediit
1664 4911 1716 4965 in
1747 4909 2081 4983 ljorthman-

495 4981 662 5038 niam.
708 4983 833 5038 Post
875 4983 1084 5038 Pascha
1125 4997 1256 5036 vero
1301 4983 1427 5036 anui
1476 4981 1656 5036 H75:
1699 5001 1717 5032 ι
1753 4981 1864 5036 Rex
1897 4981 2082 5036 senior

495 5055 682 5125 (verba
719 5053 1120 5125 sunt_'l‘rivelti)
1151 5061 1206 5108 et
1233 5051 1374 5108 filius
1397 5051 1514 5122 ejus
1539 5067 1630 5108 rex
1655 5051 1862 5124 junior,
1891 5051 1945 5105 in
1969 5051 2082 5104 An-

493 5123 667 5194 gliam,
693 5122 1080 5194 transfretavit.
1103 5122 1139 5176 ἰ

563 5191 687 5265 (t5)_
721 5191 838 5256 Vel,
867 5202 926 5245 ut
965 5194 1018 5246 in
1061 5194 1358 5250 Monastico
1405 5193 1706 5265 Anglicano
1753 5193 1972 5264 legitur,
2021 5189 2077 5246 in

493 5261 1070 5338 agt'o__So_l_nersetensi.

559 5335 676 5406 (46)
718 5332 852 5406 pum
887 5333 1036 5406 prior
1063 5333 1254 5406 primis
1281 5333 1606 5406 inWilham
1651 5350 1716 5391 ex
1761 5333 1958 5406 Anglia
1985 5347 2080 5406 rem.

495 5401 596 5462 dii't
621 5401 674 5460 in
707 5401 1074 5466 Cartllusiam,
1101 5415 1154 5457 et
1179 5405 1314 5458 alter
1345 5405 1467 5460 inde
1503 5405 1628 5461 illuc
1677 5401 1876 5460 missus
1917 5405 2078 5460 citius

490 5477 644 5548 obiit,
677 5473 836 5548 facile
861 5473 1156 5548 triennium
1185 5475 1338 5548 abiit,
1367 5485 1658 5546 antequam
1688 5475 1838 5548 llugo
1862 5475 2080 5530 Willia-

491 5547 654 5602 luiaul
685 5547 994 5600 mitteretur
1021 5544 1170 5613 prior
1197 5545 1406 5600 tertius.

562 5617 676 5688 (ΓΙ)
717 5617 946 5688 Baronio
995 5624 1153 5680 teste,
1203 5613 1530 5683 Reginaldus
1576 5633 1718 5672 anno
1767 5617 1906 5671 M75
1935 5617 2078 5688 desi-

529 5687 699 5756 natus
733 5687 1050 5755 episcopus,
1090 5695 1610 5756 consecraturanno
1659 5689 1906 5756 sequenti
1943 5703 1971 5741 a
2007 5687 2071 5742 S.

537 5767 652 5812 etro
689 5755 1113 5824 Tarentusiensi,
1148 5767 1205 5811 ut
1237 5755 1400 5810 refert
1441 5755 1814 5812 Henschenius
1841 5757 1893 5811 ill
1941 5773 2078 5824 pra:-

491 5823 608 5882 Iim.
663 5827 730 5883 ad
768 5825 883 5898 ejus
931 5823 1127 5882 Vitam.
1181 5827 1283 5894 Qui
1327 5841 1448 5882 cum
1497 5841 1640 5882 anno
1689 5827 1827 5882 M78
1878 5823 2074 5882 missus

2184 4701 2346 4757 fuerit
2369 4701 2582 4772 legatus
2609 4701 2872 4756 adversus
2899 4700 3184 4772 haereticos
3211 4699 3542 4772 Tolosauos,
3567 4711 3622 4754 ct
3641 4712 3778 4772 anno

2183 4771 2770 4842 sequenti’interfuerit
2805 4771 3040 4826 concilio
3078 4771 3480 4842 Lateranensi.
3537 4787 3642 4826 non
3679 4771 3776 4822 ob-

2184 4841 2342 4914 scure
2371 4843 2662 4914 colligitur,
2695 4842 2842 4914 illum
2873 4843 3018 4896 circa
3045 4843 3343 4914 Ιίιιιξιιι-ειιιἈ
3363 4841 3506 4914 1177
3557 4843 3768 4914 missum

2183 4913 2352 5038 {inisse
2406 4915 2473 4968 ad
2503 4910 2870 4969 'Carthusiam
2911 4926 3012 4981 pro
3055 4910 3384 4982 postulando
3433 4913 3488 4966 in
3539 4913 3770 4982 priorem

2233 4997 2426 5038 unone.

2233 4997 2426 5038 UL'OIIC.

2255 5025 2642 5126 '(g‘givl’rteerat
2671 5069 2736 5126 eo
2765 5063 3010 5123 tempore
3049 5052 3390 5126 episcopatui
3417 5051 3686 5126 Joanes_
3707 5065 3774 5105 es

2183 5123 2528 5181 dominorum
2575 5125 2642 5178 de
2681 5125 2984 5192 Sassenage
3011 5123 3310 5192 propagine
3333 5133 3516 5190 ortus,
3543 5139 3612 5178 ex
3647 5123 3776 5176 (Lar-

2185 5197 2437 5251 thusiano
2457 5197 2768 5264 episcopus.
2801 5194 2876 5248 De
2897 5209 3010 5262 quo
3041 5193 3094 5264 in
3123 5192 3268 5247 serie
3285 5193 3678 5264 episcoporum
3713 5207 3770 5244 er

2182 5268 2375 5322 ordine
2397 5261 2800 5334 assumptorum
2842 5261 3220 5334 italseribitur
3249 5279 3318 5334 :__t
3357 5266 3418 5318 1).
3444 5261 3692 5318 Joannes
3715 5275 3774 5334 ex

2181 5337 2545 5393 Carthusiano
2584 5331 2874 5405 episeopus
2911 5331 3457 5402 Gratianopolitanus
3483 5373 3498 5394 ,
3557 5333 3774 5405 optimis

2182 5409 2425 5462 moribus
2462 5403 2639 5460 domi‘
2665 5403 2908 5474 forisque
2963 5412 3278 5473 spectatus,
3318 5405 3398 5474 ab
3449 5419 3602 5457 anno
3645 5403 3774 5474 illi;

2181 5491 2354 5548 usque
2385 5478 2452 5532 ad
2488 5476 2717 5548 Kalend.
2753 5471 2930 5548 Junii,
2971 5471 3202 5548 quadie
3227 5473 3398 5548 (mles
3443 5487 3594 5528 anno
3645 5471 3770 5548 “Si

2181 5541 2335 5603 adi-it.
2377 5567 2395 5600 ι
2443 5549 2625 5603 Abbas
2673 5546 2934 5601 Morotius
2983 5541 3050 5598 de
3097 5544 3244 5600 illius
3281 5544 3474 5605 obitu,
3519 5541 3768 5612 quemad

2181 5635 2353 5674 annos
2383 5620 2566 5690 plures
2609 5616 2831 5690 iditl‘crl,
2857 5617 2978 5690 ΙιιιιιιΔ
3023 5617 3257 5690 scribit:
3295 5631 3318 5666 ι
3369 5613 3622 5690 Subinde
3649 5621 3768 5666 cta-

2183 5691 2325 5744 tibns
2353 5685 2470 5744 suis
2499 5689 2753 5759 expletis,
2783 5685 3150 5759 placidissima
3181 5687 3304 5740 vitae
3347 5685 3624 5748 elattsula,
3653 5693 3764 5738 sese

2181 5764 2244 5817 ad
2281 5757 2640 5816 mternitateln
2669 5757 2989 5828 t'orllposuit.
3027 5771 3046 5808 ι
