3984 6404
161 398 266 458 963

1540 381 1721 440 \‘l'l‘A.
1756 410 1828 422 —
1857 379 1991 435 LIB.
2036 377 2102 435 ll.

3347 375 3458 438 966

160 512 267 567 rim
291 506 655 579 singulorum.
692 504 851 561 Prior
878 504 1087 574 primus
1116 499 1362 572 petitioni
1387 498 1601 569 penitus
1626 510 1758 551 con-
1790 498 1841 556 Α
1867 490 2097 566 denique
2124 490 2176 544 in
2200 503 2296 543 sua
2317 487 2578 579 petitione
2606 486 2983 579 exaudiantur,
3016 494 3075 544 ut
3103 490 3376 564 gaudeant
3395 505 3456 547 se

80 638 85 641 τ
160 598 405 666 tradicit,
435 606 492 653 et
513 595 742 651 fratrum
770 595 823 650 in
849 594 1064 649 diversa
1090 596 1331 646 variatur
1371 587 1664 644 sententia.
1697 584 1763 640 Hi

146 690 329 747 'talem
381 688 580 756 virum,
630 694 688 742 et
728 684 1065 741 universitati
1100 683 1308 739 ordinis
1329 681 1442 752 (49)
1476 680 1609 736 adeo
1639 692 1761 747 ριὀο

160 780 431 847 futurum,
459 781 512 835 iu
540 790 648 835 tam
676 786 885 835 remota
910 776 1027 831 loca
1053 775 1216 846 dirigi
1253 773 1557 829 nullatenus
1605 782 1766 840 opor-

164 884 284 927 tere
308 872 578 928 dicebant.
606 869 731 933 Alii,
756 883 986 939 quorum
1019 882 1157 922 unus
1195 865 1445 920 dominus
1471 863 1590 934 (50)
1620 862 1766 916 Bovo

164 961 269 1017 fuit
299 963 482 1032 (quem
524 969 711 1032 postea
757 961 993 1031 priorem
1020 955 1335 1013 Withamize
1388 955 1505 1009 brae
1565 951 1766 1022 saepius

162 1051 497 1106 referentem
525 1049 852 1118 audivimus)
913 1064 945 1103 a
995 1047 1104 1102 Deo
1137 1045 1338 1100 exiisse
1365 1044 1590 1098 verbum
1620 1040 1766 1109 regis

163 1140 504 1203 asserebant,
557 1153 657 1195 nec
704 1148 875 1193 tntum
928 1137 1299 1193 contradicere
1345 1148 1466 1189 esse
1518 1131 1766 1202 plurimis

161 1228 474 1283 rationibus
526 1225 847 1282 educebant.
883 1243 904 1277 ι
936 1223 1064 1288 Vos,
1126 1224 1301 1295 inquit
1327 1221 1505 1286 Bovo,
1545 1218 1766 1275 nescitis

163 1319 484 1389 quidquam,
542 1331 646 1373 nec
691 1316 964 1387 cogitatis,
1010 1316 1139 1386 quia
1195 1328 1429 1384 superna
1482 1312 1764 1383 dispositio

165 1409 441 1465 facithaec
458 1409 640 1465 nuntia
667 1419 725 1464 ut
759 1408 967 1464 ordinis
992 1407 1151 1478 hujus
1178 1406 1439 1462 sanctitas
1464 1419 1561 1475 per
1587 1404 1763 1458 virum

163 1512 415 1561 sanctum
441 1517 615 1573 usque
641 1502 694 1557 in
717 1516 1001 1572 supremos
1040 1501 1227 1555 mundi
1282 1498 1482 1553 limites
1524 1496 1763 1567 splendi-

161 1594 289 1667 dius
309 1593 600 1651 elucescat.
629 1592 738 1649 Sed
764 1608 940 1664 neque
960 1590 1164 1663 putetis
1199 1591 1349 1646 illum
1399 1587 1491 1644 diu
1513 1588 1614 1644 sub
1641 1602 1764 1642 mo-

161 1684 259 1739 dio
302 1683 635 1740 latebrarum
684 1692 994 1740 nostrarum
1051 1697 1215 1753 posse
1248 1680 1513 1736 cohiberi.
1545 1677 1763 1735 Credite

162 1788 304 1830 meae
353 1773 627 1845 parvitati,
653 1773 795 1830 inter
846 1771 1117 1843 praecipua
1161 1770 1416 1826 Ecclesiae
1450 1776 1654 1823 sanctae
1682 1765 1764 1821 lu-

1868 580 2075 647 utilius,
2100 594 2260 651 quam
2293 577 2587 650 petierunt,
2623 577 2927 634 exauditos.
2959 597 2980 632 ι

2486 708 2715 766 CAPUT
2753 709 2840 765 lll.

1832 830 1837 833 ’
1868 816 2111 888 Qualiter
2146 821 2354 876 demum
2380 823 2642 877 obtentum
2665 830 2760 884 est.
2790 831 2848 875 ut
2872 821 3044 892 adire!
3074 820 3318 892 Angliam
3343 821 3460 875 Hn-

1937 908 2004 962 ρο
2038 892 2107 944 ad
2138 907 2308 964 regem
2352 893 2593 964 ueniens,
2621 900 2672 944 et
2696 893 2923 963 qualiter
2964 890 3308 945 Wirhaiuiam
3341 908 3461 946 cum

1936 964 2135 1016 honore
2155 962 2409 1017 deductus
2440 963 2531 1019 sit.
2579 962 2589 995 ’θ

1937 1095 2088 1151 Licet
2112 1105 2295 1151 autem
2317 1095 2432 1150 haec
2473 1110 2593 1166 quae
2619 1095 2901 1166 przemissa
2955 1100 3101 1161 s'unt,
3157 1110 3252 1150 seu
3277 1104 3330 1149 et
3355 1094 3461 1149 alia

1865 1201 1965 1257 pro
1988 1187 2071 1242 sui
2110 1187 2460 1242 excusatione
2495 1187 2784 1242 instantius
2806 1186 2971 1257 ‘llugo
3015 1195 3458 1256 prosequeretur,

1865 1279 2077 1332 interna
2109 1285 2287 1331 tamen
2310 1277 2664 1346 dispesitione
2690 1288 2883 1333 cuncta
2913 1278 3153 1333 suaviter
3176 1274 3460 1332 moderan-

1868 1369 1935 1422 tis
1960 1367 2239 1437 sapientia:
2264 1366 2381 1434 Dei,
2398 1367 2711 1423 nullatenus
2740 1367 2924 1436 'potu‘it
2952 1375 3117 1423 nutus
3156 1367 3237 1423 sui
3264 1365 3460 1422 en‘ectu

1865 1458 2085 1528 privari.
2125 1456 2231 1513 Sed
2265 1471 2364 1513 nec
2378 1456 2577 1527 prioris
2602 1457 2819 1527 quidem
2864 1454 3244 1528 p::trdcinium,
3277 1456 3461 1530 lingu-

1866 1562 1988 1603 uem
2016 1547 2252 1604 retinere
2276 1548 2564 1618 cupientis,
2587 1549 2636 1602 ei
2658 1560 2848 1604 contra
2876 1551 3257 1619 dispositarum
3279 1564 3307 1603 a
3351 1550 3463 1604 Deo

1867 1650 2049 1693 rerum
2076 1637 2324 1693 ordinem
2360 1645 2578 1707 poterat
2619 1636 2926 1709 sulfrag‘ari.
2987 1639 3278 1708 Utriusque
3333 1652 3464 1694 vero

1864 1728 2331 1798 Contradictio,et
2358 1728 2559 1799 prioris
2614 1728 2864 1786 videlicet
2914 1739 2969 1785 et
3009 1729 3285 1799 Hugou's,
3333 1731 3460 1785 dum

169 1822 1762 1935 aggestus;una;‘me.surgam...
1800 1840 1841 1897 ις
1868 1824 2173 1935 ειεεοεεειιεετ
2206 1823 2402 1928 nimus
2441 1822 2732 1935 τεττιιέιξεέείτ
2782 1822 3123 1928 comm:

163 1952 525 2013 ecclesiastici
582 1953 860 2024 regimiuis
889 1950 1192 2007 subilmari.
1224 1949 1433 2005 Dudum
1466 1948 1611 2003 enim
1633 1944 1764 1999 mihi

160 2041 456 2099 virtutibus
478 2042 632 2115 Hugo
653 2042 937 2114 episcopus
961 2039 1076 2114 (51)
1098 2040 1279 2113 potius
1305 2041 1453 2096 visus
1472 2047 1574 2107 est,
1599 2051 1765 2109 quam

161 2136 471 2189 monachus
500 2134 796 2189 exstitisse.
837 2151 856 2186 ι

240 2223 555 2281 Postulatus
599 2225 819 2280 demum
874 2223 1026 2295 litigo
1076 2237 1240 2294 super
1290 2223 1408 2279 haec
1436 2237 1590 2279 suam
1640 2236 1767 2293 pro-

156 2316 315 2371 ferre
342 2316 693 2383 sententiam,
723 2327 778 2373 et
822 2331 975 2373 suam
1032 2318 1244 2388 aperire
1293 2315 1649 2382 voluntatem,
1692 2316 1766 2371 ita

153 2408 334 2465 citius
356 2409 468 2464 ait:
499 2426 519 2461 ι
559 2408 836 2465 Voluntati
890 2424 1024 2464 mea:
1075 2423 1239 2478 super
1273 2416 1420 2462 statu
1469 2421 1592 2464 meo
1629 2407 1766 2463 nihil

157 2496 388 2566 penitus
414 2509 696 2553 reservare
717 2496 832 2566 jam
877 2495 1088 2567 pridem
1112 2493 1338 2549 edoctus
1375 2494 1473 2549 fni.
1509 2495 1649 2562 Quid
1670 2510 1766 2549 au-

168 2596 285 2641 tem
315 2586 385 2643 de
406 2587 496 2642 bis
549 2600 676 2643 vere
703 2587 957 2652 sentiam,
986 2585 1153 2642 libere
1181 2601 1467 2655 exponam.
1500 2585 1559 2640 ιη
1590 2585 1766 2641 medio

161 2685 367 2733 vestrae
409 2678 719 2733 sanctitatis
765 2676 950 2733 tandiu
1002 2685 1381 2743 conversatus,
1434 2676 1655 2733 monitis
1710 2686 1767 2734 et

160 2767 436 2839 exemplis
462 2769 661 2826 vestris
686 2771 740 2825 in
767 2779 977 2825 tantum
1002 2768 1234 2839 adjutus,
1259 2786 1533 2841 nunquam
1562 2771 1645 2828 vel
1669 2786 1767 2842 per

166 2875 341 2915 unum
393 2859 536 2916 diem
584 2860 821 2916 animam
886 2875 1062 2915 meam
1092 2861 1371 2918 custodire
1418 2862 1574 2917 scivi.
1616 2863 1766 2919 Unde

166 2952 364 3019 miror,
403 2953 674 3024 quomodo
699 2953 750 3008 in
772 2952 1035 3023 sapientis
1056 2950 1284 3022 alicujus
1302 2952 1543 3008 animum
1571 2969 1767 3011 ascen-

164 3046 345 3111 deret,
377 3045 521 3116 quod
567 3045 636 3100 ad
692 3045 928 3101 aliorum
983 3046 1250 3117 regendas
1272 3044 1484 3101 animas
1529 3060 1627 3115 per
1680 3058 1768 3100 me

166 3136 348 3206 ipsum
377 3138 518 3193 mitti
543 3138 757 3208 longius
777 3137 1112 3193 debuissem.
1146 3136 1398 3205 Qualiter
1416 3151 1545 3191 vero
1565 3149 1761 3191 novam
1791 3174 1837 3237 ϐ

166 3226 393 3282 (tomum
425 3228 712 3285 instituere
757 3227 1079 3292 sullicerem,
1108 3226 1199 3298 qui
1235 3227 1581 3297 antiquorum
1610 3225 1764 3283 insti-

170 3325 289 3374 tuta
314 3332 538 3376 servare
567 3320 830 3390 nequivi?
879 3318 1112 3374 Puerilia
1142 3327 1271 3375 sunt
1301 3319 1403 3375 ista
1434 3333 1553 3389 quae
1583 3318 1762 3386 audio,

169 3422 276 3463 nec
337 3408 743 3466 deliberationis
796 3417 960 3465 tanta:
1008 3410 1206 3481 spatio,
1248 3408 1400 3465 salvo
1447 3409 1765 3465 reverentiae

168 3506 369 3554 vestrae
387 3499 742 3571 beneplaeito,
771 3502 1111 3574 aliquatenus
1134 3501 1317 3571 digna.
1346 3500 1578 3558 Omissis
1600 3501 1765 3573 igitur

169 3590 240 3645 dc
274 3600 470 3647 canere
496 3593 693 3650 talibus
713 3608 841 3650 cura
869 3603 924 3650 et
950 3594 1225 3665 negotium
1254 3592 1483 3648 arduum
1532 3594 1623 3658 sit,
1664 3608 1765 3650 nec

170 3681 387 3751 patiens
415 3681 708 3752 dilationis,
728 3693 1019 3755 vestraque
1069 3682 1290 3739 intersit
1322 3682 1552 3740 solerter
1578 3684 1761 3756 provi-

173 3773 324 3841 dere,
342 3788 411 3829 ne
436 3775 578 3846 regis
602 3774 936 3847 illiusctepta
986 3775 1055 3831 ad
1096 3774 1396 3846 periculum
1454 3775 1761 3831 animarum

172 3879 240 3919 ac
256 3865 463 3922 ordinis
482 3866 659 3923 sancti
689 3867 924 3924 dedecus
953 3866 1290 3938 protelentnr
1329 3865 1534 3922 diutius
1560 3867 1764 3938 imper-

174 3951 338 4012 fecta.
368 3955 411 4009 E
444 3957 628 4027 vobis,
658 3965 748 4012 aut
776 3973 844 4014 ex
874 3958 1085 4013 caeteris
1129 3957 1381 4025 domibus
1425 3957 1644 4022 vestris,
1685 3958 1764 4013 \i—

174 4063 297 4107 rum
319 4049 626 4120 quempiam
659 4049 726 4105 ad
764 4050 870 4106 hoc
894 4064 1029 4120 opus
1055 4049 1305 4106 idoneum
1346 4048 1617 4121 eligite,et
1638 4066 1762 4107 cum

175 4134 296 4192 istis
323 4135 544 4194 mittite.
563 4135 705 4194 Viris
728 4145 914 4194 autem
940 4138 1081 4202 istis,
1121 4145 1380 4206 tanquam
1408 4136 1760 4206 sapientibus,

173 4237 231 4282 et
256 4242 350 4284 vos
371 4229 645 4299 sapienter
666 4224 1010 4302 respondete,
1054 4228 1196 4284 velle
1237 4243 1334 4284 vos
1360 4242 1547 4284 eorum
1577 4238 1761 4284 votum

172 4318 391 4386 melius,
420 4335 578 4391 quam
607 4321 707 4393 ipsi
740 4321 1030 4393 postulant,
1074 4318 1392 4392 adimplere,
1423 4319 1764 4390 assignantes

171 4411 277 4474 eis,
313 4424 420 4466 non
450 4427 634 4482 quem,
690 4421 875 4483 utpote
895 4413 1130 4483 decepti,
1180 4411 1275 4468 sed
1315 4410 1553 4481 qualem,
1590 4423 1648 4465 ut
1679 4427 1764 4466 re-

170 4504 352 4577 ligiosi
383 4514 438 4561 et
464 4506 706 4570 discreti,
759 4513 1025 4576 quaerunt.
1058 4503 1174 4560 Non
1223 4504 1440 4574 expedit
1478 4504 1622 4559 enim
1663 4504 1756 4558 de-
1786 4522 1836 4583 ι)

172 4606 365 4667 ceptos
412 4597 467 4651 in
519 4588 1047 4669 persona'postulati
1100 4594 1457 4650 inconsultius
1488 4593 1757 4661 exaudiri,

171 4688 301 4759 quia
323 4687 501 4759 decipi
533 4688 586 4744 in
617 4688 881 4760 qualitate
910 4699 1158 4759 persona:
1187 4701 1287 4741 nec
1313 4685 1411 4756 ipsi
1442 4684 1649 4740 volunt.
1668 4684 1761 4741 Sic

247 4822 363 4904 (ὁρ)
406 4821 482 4904 lix
525 4822 630 4904 his.
658 4822 960 4904 colligitur,
984 4819 1575 4904 quodJGuigohtune
1607 4817 1760 4904 pripr

171 4884 506 4958 Gai-thasiae,
542 4893 633 4962 qui
672 4884 1055 4957 meditabatur,
1084 4890 1162 4945 uti
1191 4899 1240 4945 et
1274 4884 1440 4960 paulo
1461 4897 1582 4956 post
1609 4884 1754 4953 fecit,

172 4963 456 5034 resignare
476 4961 765 5034 prioratui,
802 4963 1031 5018 voluerit
1059 4962 1208 5034 illum
1240 4973 1496 5034 una_cu_m
1527 4973 1757 5034 genera-

171 5027 367 5088 latu'in
404 5027 649 5104 nostrum
678 5027 954 5104 nugonem
981 5031 1298 5088 transferre.
1329 5027 1616 5104 Undenec
1658 5028 1758 5104 mi-

172 5119 325 5170 rum,
352 5104 397 5158 si
431 5103 727 5174 legatorum
763 5098 1036 5175 petitioni,
1061 5111 1329 5175 quantum
1359 5098 1552 5175 potuit,
1601 5098 1758 5153 resti-

174 5168 326 5239 terit,
355 5168 605 5239 necfnisi
635 5168 876 5238 coactus,
907 5189 1031 5231 eum
1060 5168 1094 5227 εἱ
1121 5186 1179 5228 se
1201 5168 1486 5226 dimiserit.

130 5308 145 5313 _
397 5237 500 5300 Hic
527 5244 970 5320 est‘illeBoAvo,
1020 5245 1117 5314 qui
1156 5241 1380 5320 llttgoni
1414 5240 1467 5292 in
1514 5237 1754 5320 primatu

170 5307 573 5371 Withamensis
621 5315 923 5371 Carthusiae
957 5307 1275 5370 'su'ccessit':
1336 5319 1390 5366 et
1439 5307 1527 5365 cui
1582 5307 1756 5376 Guigo

170 5386 407 5460 exprior
451 5385 754 5460 Carthusiae
802 5404 849 5460 ξ-
878 5385 1216 5460 ᾙΊιςιειιρηι⁸
1248 5383 1315 5439 de
1341 5378 1756 5460 quadripartito

171 5450 328 5511 cellae
350 5457 629 5519 exercitio.
668 5477 687 5510 ι
732 5474 762 5511 a
791 5454 1059 5512 Chimetio
1103 5453 1164 5511 S.
1190 5450 1241 5507 J.
1286 5454 1519 5517 editum,
1556 5450 1753 5505 inscri-

170 5527 354 5596 psisse
380 5527 640 5582 creditur.

249 5597 365 5667 (5i)
411 5598 547 5654 Esse
597 5600 786 5654 iterata
816 5599 883 5654 de
925 5590 1105 5653 futui-0
1148 5593 1389 5665 [lagonis
1437 5590 1751 5662 episc0patu

172 5671 481 5738 praedictio.
502 5671 680 5726 Prima
702 5672 794 5727 lib.
827 5686 864 5736 ι,
884 5686 933 5725 c.
971 5669 1024 5732 9.
1055 5668 1194 5723 facta
1220 5683 1248 5719 a
1282 5680 1437 5731 sene,
1457 5678 1567 5738 prae
1595 5670 1754 5714 aetate

195 5742 415 5797 iacietes
463 5742 612 5797 cellae
668 5759 779 5798 suae
823 5732 1085 5811 nusquam
1137 5732 1473 5811 deserean
1507 5732 1676 5811 ill“???
1721 5747 1749 5782 ³

221 5828 416 5882 omne,
451 5816 542 5885 qui
570 5815 767 5885 aliquot
796 5822 915 5885 pust
940 5801 1135 5868 Iannos
1176 5825 1206 5863 c
1233 5801 1365 5862 cella
1412 5804 1466 5859 in
1506 5801 1749 5872 Angliam

1868 1914 2117 1969 famulari
2145 1914 2393 1986 operanti
2440 1913 2786 1970 invisibiliter
2834 1914 3126 1984 majestati.
3160 1914 3317 1980 Nam,
3348 1918 3457 1984 quo

1867 2004 2201 2075 pertinacius
2246 2005 2395 2075 prior
2424 2004 2731 2068 resistebat,
2755 2014 2807 2058 et
2836 2020 2944 2075 quo
2975 2003 3262 2059 instantius
3306 2001 3462 2075 Hugo

1868 2113 1927 2154 se
1956 2097 2025 2154 ad
2049 2095 2583 2155 hocinsullicientrm
2624 2099 2927 2160 asserelat,
2977 2112 3045 2154 co
3090 2078 3464 2153 veheme:.tius

1866 2188 2105 2260 episcopi
2127 2198 2425 2260 praesentes
2454 2203 2576 2245 cum
2620 2189 2735 2244 suis
2763 2186 3242 2252 consiliatoribus,’
3257 2186 3462 2256 junctis

1870 2282 2087 2337 tandem
2137 2280 2241 2337 sibi
2286 2281 2608 2353 quibusdam
2646 2279 2875 2336 fra‘rum
2917 2281 2984 2335 de
3014 2289 3282 2335 conventu
3330 2284 3463 2333 natu

1872 2370 2186 2442 majoribus,
2210 2382 2269 2427 ut
2317 2371 2494 2438 ﬁeret,
2518 2372 2662 2442 quod
2713 2386 2807 2427 rex
2846 2380 3028 2426 tantus
3055 2369 3304 2439 petierat,
3332 2383 3461 2440 per-

1870 2470 2157 2535 urgebant.
2206 2461 2345 2529 Quid
2377 2461 2571 2532 plura?
2600 2458 2850 2515 Fratrum
2888 2460 3104 2515 tandem
3137 2459 3463 2535 universitas

1868 2571 1991 2612 cum
2016 2556 2286 2626 precibus,
2315 2563 2426 2608 tum
2454 2562 2510 2609 et
2544 2552 2844 2609 rationibus
2878 2567 3064 2609 eorum
3100 2551 3191 2625 qui
3226 2553 3464 2609 advene~

1868 2659 1992 2704 rant
2016 2649 2154 2704 victa
2182 2646 2490 2719 petentibus
2514 2647 2676 2701 cedit.
3059 2632 3063 2638 ’
3316 2642 3321 2643 ί
3400 2630 3407 2659 ί

1938 2741 2094 2811 Hugo
2124 2754 2252 2795 vero
2268 2738 2529 2793 assentire
2550 2736 2821 2809 flagitatus
2845 2750 2876 2791 a
2896 2735 3127 2800 cunctis,
3155 2734 3206 2789 in
3222 2735 3460 2806 priorem

1867 2846 1991 2887 cum
2018 2828 2163 2884 aliud
2188 2843 2292 2883 non
2323 2835 2526 2898 posset,
2558 2825 2881 2882 transfundi.
2915 2826 3269 2881 sententiam.
3309 2826 3461 2884 Scie-

1868 2919 1962 2974 bat
1983 2919 2127 2975 enim
2154 2918 2207 2973 id
2255 2916 2360 2972 sibi
2391 2914 2460 2970 ab
2499 2915 2590 2971 illo
2643 2916 2734 2987 qui
2783 2931 2906 2970 eum
2947 2926 3003 2969 ut
3032 2914 3270 2970 animam
3306 2930 3460 2973 suam

1868 3010 2212 3082 diligeret,et
2240 3023 2270 3062 a
2297 3021 2356 3062 se
2380 3006 2687 3062 nullatenus
2731 3007 2970 3077 elongari
2999 3013 3231 3076 Optaret,
3254 3007 3343 3061 vix
3368 3011 3462 3065 an:

1871 3117 2145 3172 nunquam
2177 3099 2379 3172 injungi
2422 3114 2598 3170 posse.
2642 3098 2813 3166 Quem
2845 3098 3063 3153 monitis
3089 3098 3325 3168 epfscopi
3351 3097 3458 3167 sui,

1868 3201 2185 3249 cunctorum
2214 3189 2378 3246 etiam
2410 3188 2761 3260 gemebundis
2788 3186 3060 3258 precibus,
3087 3188 3177 3258 qui
3208 3188 3457 3255 aderant,

1867 3280 2264 3352 interpellatum
2295 3280 2376 3336 sic
2424 3279 2724 3345 dicunt'eis
2771 3278 2861 3348 qui
2908 3277 3459 3348 intcrcrantrespon-

1866 3374 2008 3431 disse
2036 3391 2051 3428 :
2098 3390 2119 3425 ι
2148 3371 2294 3429 Vivit
2314 3371 2610 3428 Dominus!
2651 3382 2926 3441 nunquam
2959 3371 3062 3425 is:e
3090 3384 3269 3426 scrmo
3306 3384 3460 3442 egre-

1865 3458 2046 3523 dietur
2070 3480 2138 3521 ex
2160 3479 2255 3522 ure
2272 3481 2392 3521 meo
2414 3505 2429 3531 ,
2457 3477 2564 3536 quo
2595 3463 2818 3534 jubeam
2850 3462 3127 3533 Hugouem
3153 3476 3327 3517 meam
3364 3476 3457 3518 se-

1865 3566 2137 3614 nectutem
2193 3555 2306 3630 (52)
2353 3556 2606 3612 deserere
2644 3568 2850 3625 suaque
2912 3552 3222 3609 dulcissima
3254 3562 3308 3609 et
3335 3568 3460 3624 per-

1865 3649 2175 3708 necessaria
2214 3649 2501 3721 przesentia
2532 3645 2876 3704 Carthasiam
2912 3644 3151 3700 viduare.
3187 3662 3205 3698 ο
3238 3644 3340 3712 Qui
3368 3644 3458 3699 ni-

1864 3745 1973 3799 mia
2002 3743 2416 3813 importunitate
2446 3740 2821 3796 universorum
2871 3737 3088 3793 tandem
3126 3736 3372 3805 obrutus,
3400 3748 3459 3793 et

1864 3836 1993 3905 quid
2039 3834 2245 3890 faceret
2287 3847 2512 3905 prorsus
2559 3846 2663 3886 non
2695 3829 2999 3896 inveniens,
3052 3842 3349 3885 conversus
3386 3831 3459 3885 ad

1865 3928 2153 3984 Dominum
2197 3922 2756 3994 Gratianopolitauum
2822 3922 2897 3975 ait
2940 3938 2955 3976 :
3009 3938 3029 3973 ς
3062 3920 3180 3977 Jam
3232 3920 3452 3991 quidem

1866 4028 2039 4076 ratum
2066 4028 2150 4075 est
2174 4014 2315 4088 quod
2343 4014 2411 4072 de
2444 4028 2531 4068 nte
2551 4012 2659 4067 dixi
2687 4028 2700 4066 :
2735 4009 3014 4083 llugonem
3036 4026 3067 4066 a
3098 4026 3183 4065 me
3202 4025 3304 4065 vox
3335 4020 3465 4065 mea"

1864 4121 1961 4168 aut
1978 4125 2131 4167 mens
2158 4123 2276 4165 mea
2304 4120 2576 4176 nunquam
2610 4105 2927 4160 removebit.
2969 4102 3049 4157 Tu
3091 4100 3205 4171 jam
3230 4100 3454 4169 videris,

1867 4214 1921 4258 tu
1936 4205 2221 4273 episcopus
2244 4208 2427 4255 noster
2448 4212 2527 4263 es,
2555 4204 2611 4250 tu
2635 4205 2790 4265 pater
2819 4194 2933 4266 (53)
2959 4203 3014 4251 et
3038 4194 3208 4249 frater
3232 4202 3452 4250 noster:

1865 4300 1908 4354 si
1929 4299 1976 4353 ei
2003 4300 2103 4354 hoc
2124 4295 2391 4367 injuugas,
2434 4292 2478 4348 si
2518 4291 2822 4362 prmcipias,
2856 4303 2955 4360 ego
2985 4304 3091 4343 non
3113 4285 3450 4351 contradico,

1866 4404 1971 4445 non
1995 4389 2209 4445 resisto.
2240 4408 2258 4441 ο
2287 4385 2397 4442 Nec
2422 4384 2575 4455 plura
2608 4377 2963 4448 locutusjam
2985 4393 3169 4433 vocem
3199 4376 3326 4431 ﬂetu
3369 4368 3457 4433 in?

1866 4487 2257 4549 terrumpente,
2287 4476 2542 4547 lacrymis
2564 4472 2892 4542 indulgebat,
2917 4469 3112 4541 quibus
3138 4469 3334 4524 mentis
3354 4483 3454 4523 au-

1864 4576 1966 4629 xim
1997 4573 2189 4627 leniret
2210 4569 2471 4625 dolorem.

1936 4663 2161 4719 Videres
2177 4660 2289 4730 jam
2310 4674 2406 4730 per
2431 4673 2526 4713 ora
2557 4664 2873 4711 cunctorum
2904 4650 3051 4708 rivos
3072 4649 3239 4706 ﬂuere
3267 4649 3448 4724 lacry-

1863 4799 2100 4863 transiit,
2123 4788 2674 4870 ibidemqne‘llugoni
2705 4787 2758 4841 in
2790 4784 3031 4870 prioratu
3063 4782 3361 4850 successit,
3388 4797 3445 4839 e:

1861 4872 1928 4926 ad
1956 4855 2157 4924 annum
2182 4855 2514 4935 usque-1200
2537 4855 2711 4935 éidetn
2742 4855 2995 4935 praefuit.
3218 4924 3229 4935 .

1932 4940 2043 5013 (δέ)
2086 4925 2817 5013 ξοηίοῖείξυηδγενειυθωεν
2847 4925 3442 5013 ψεὲξειηερῖίίξτεῑθβ

1860 4995 2187 5071 Carthasim,
2215 4995 2332 5060 ηοιῖ
2350 4995 2602 5064 Basilius,
2627 5010 2687 5071 ut
2710 4995 2878 5054 refert
2899 4995 3224 5071 liorlandus,
3254 5004 3446 5065 utpme

1859 5066 2090 5153 quatuor
2120 5066 2233 5153 aut
2259 5075 2497 5146 quinque
2541 5071 2611 5126 ab
2639 5069 2763 5153 h_i_uc
2809 5066 2973 5153 anuis
3017 5072 3286 5153 mortuus,
3330 5082 3443 5153 nec

1858 5133 2323 5222 inlucelittus,_hoc
2346 5133 2590 5222 tempore
2615 5140 2796 5222 adhuc
2820 5146 3066 5222 vegetus,
3092 5137 3190 5222 qui
3219 5133 3438 5217 trigin'ta

1862 5225 2035 5278 trihus
2083 5208 2241 5274 annis
2283 5224 2404 5287 post
2438 5208 2901 5287 Hngonenrobiit.
2944 5209 3054 5287 Sed
3090 5208 3263 5277 Gnign
3294 5209 3443 5276 prior

1860 5277 2070 5350 tnetlius
2100 5293 2239 5344 inter
2266 5277 2425 5342 istum
2450 5295 2500 5339 et
2528 5284 2689 5344 hunc,
2725 5282 2884 5334 homo
2911 5277 3321 5350 Ott'lltitt0»St'ltt,'x
3345 5317 3365 5350 ,_
3385 5288 3441 5331 et

1858 5347 1965 5425 his,
2102 5361 2332 5423 videtur,
2365 5356 2514 5424 prior
2534 5352 2997 5425 Cartltusizc.‘nec
3025 5347 3439 5416 distinguendum

1858 5437 1925 5490 ab
1954 5419 2197 5505 linguae,
2230 5419 2327 5500 qui
2354 5419 2614 5505 regimine
2654 5420 2715 5476 S.
2760 5419 3433 5505 Atttheltuuurpumicem}

1930 5486 2276 5573 (iibrl’atcr',
2331 5486 2443 5567 qua
2485 5495 2770 5616 episcolpus
2817 5490 3189 5570 dimensattus.
3247 5486 3433 5565 frater.

1934 5595 1959 5616 ς.
2011 5570 2436 5616 ρηιιιιιηιΐρςςιις-
2489 5576 2617 5616 tunc
2687 5571 2840 5616 actus
2894 5560 3091 5616 (tuqutt
3148 5554 3433 5616 Morottus;

1857 5554 2436 5647 quaveniuprufessns,
2489 5554 2617 5620 tunc
2663 5554 2840 5643 factus
2863 5556 3091 5647 “(inquit
3148 5554 3435 5647 manutius,

1863 5625 2477 5716 irquaitilo'pra‘ft‘ctui‘a
2510 5630 2825 5716 monasterii
2969 5626 3191 5710 liuberti
3216 5625 3432 5716 ξιΡῘςῐξξ.

1856 5700 2179 5771 ενδινῑώωὲ
2250 5712 2488 5767 latebras
2545 5707 2686 5762 inter
2741 5700 3173 5769 Carthusicnses
3210 5700 3426 5766 conqei.

1856 5804 1998 5845 διγι..
2033 5808 2049 5839 ι
