3984 6424
495 424 598 480 967

1387 413 1444 470 S.
1487 412 1788 470 HUGONIS
1827 409 2038 468 lil’lSC.
2081 406 2402 464 LlNCOLN.
2433 405 2595 462 OBD.
2637 403 2900 460 CARTH.

3691 405 3788 462 913

498 548 728 590 marum.
757 529 1055 601 Episcopus
1076 538 1130 583 et
1149 527 1284 598 ipse,
1309 535 1366 580 ut
1394 535 1510 580 erat
1545 525 1842 596 piissimus,
1896 541 2080 578 tnuna-
2111 527 2152 580 Α
2183 521 2424 574 omnium
2451 518 2800 590 praesentium
2823 517 3232 580 commendans,
3251 515 3538 573 fratribus
3559 518 3620 572 iu
3639 535 3788 574 osa.

495 627 631 681 chus
661 623 818 678 valde
865 622 1123 676 honestus
1171 626 1225 672 et
1265 624 1596 680 mansuetus,
1641 613 2085 684 compellenlibus

493 714 768 776 otnnibus,
799 719 858 763 ut
883 709 1144 779 promissa
1167 706 1316 760 sibia
1343 705 1524 773 priore
1561 705 1612 757 in
1638 703 1917 773 llugonetn
1963 711 2084 756 ute-

496 813 648 858 retur
677 807 962 871 potestate,
1011 797 1082 850 ita
1143 795 1374 864 primum
1423 793 1706 847 universos
1751 791 2080 861 alloquitur:

503 910 524 942 ι
563 890 700 958 Quia
753 888 926 952 vobis,
973 885 1170 938 fratres
1197 881 1690 950 charissimi,quos
1737 896 1843 936 non
1905 880 2086 935 minus

499 981 906 1038 conversatione
959 991 1118 1046 quam
1161 973 1498 1044 professione
1536 971 1862 1026 Christiana
1909 970 2081 1039 perfe-

496 1073 692 1128 ctionis
734 1071 938 1140 apicem
981 1065 1362 1122 conscendisse
1411 1061 1758 1120 manifestum
1819 1070 1926 1128 est,
1987 1077 2086 1118 nos

497 1162 706 1216 desides
742 1169 850 1214 eta
879 1155 1116 1212 culmine
1155 1163 1350 1210 vestra:
1405 1151 1713 1210 sanctitatis
1749 1151 1910 1226 longe
1949 1150 2088 1208 infe-

497 1252 690 1318 riores,
715 1265 820 1304 non
846 1263 1071 1304 necesse
1107 1258 1194 1302 est
1232 1247 1520 1303 ostendere
1569 1247 1698 1318 quid
1725 1247 1780 1302 in
1829 1247 1938 1308 his,
1965 1261 2087 1316 quas

497 1343 590 1396 Dei
623 1352 780 1410 sunt,
816 1355 976 1410 agere
1005 1341 1270 1408 debeatis,
1311 1348 1408 1393 aut
1433 1339 1598 1392 etiam
1633 1353 1854 1392 monere
1899 1347 2086 1408 quate-

491 1445 595 1486 nus
620 1431 770 1486 vobis
795 1431 986 1486 melius
1015 1431 1228 1500 cognita
1257 1469 1272 1493 ,
1305 1439 1528 1484 strenue
1553 1428 1894 1498 complestis,
1925 1428 2014 1497 qui
2035 1429 2086 1482 iu

493 1521 640 1574 tlllllll
669 1521 780 1574 vita
805 1528 986 1575 vestra
1009 1533 1116 1572 non
1147 1533 1268 1588 qua:
1310 1529 1488 1572 vestra
1519 1526 1664 1580 sunt,
1695 1517 1788 1571 sed
1821 1531 1940 1586 quae
1958 1515 2088 1570 Jesu

494 1611 713 1672 Christi,
741 1625 838 1664 vos
891 1622 1139 1678 quaerere
1204 1607 1590 1684 comprobatis.
1635 1608 1748 1664 Hoc
1805 1622 1971 1662 unum
2019 1611 2086 1664 ad

497 1702 813 1756 memoriam
842 1701 1016 1778 vobis,
1041 1697 1266 1754 Domine
1306 1700 1474 1772 prior,
1501 1699 1595 1754 sed
1625 1709 1682 1754 et
1729 1709 1944 1765 veStrte,
1977 1697 2088 1752 fra-

500 1803 631 1854 tres,
687 1790 1026 1846 universitati
1077 1791 1436 1846 rcvocandum
1478 1790 1680 1860 putavi,
1725 1789 1870 1858 quod
1933 1789 2089 1844 vobis

498 1893 626 1934 ante
655 1881 840 1936 oculos
881 1889 1141 1949 ponatur,
1175 1879 1410 1948 qualiter
1445 1858 1498 1934 in
1529 1895 1660 1934 casu
1709 1875 1988 1938 Simiiiimo
2029 1896 2090 1936 se
2121 1858 2164 1916 Β

499 1971 808 2024 habuerunt
857 1971 1284 2042 praedecessores
1310 1970 1500 2025 vestri.
1527 1987 1548 2024 ›
1579 1969 1714 2026 Cum
1743 1971 1888 2026 enim
1911 1971 1978 2027 ad
2010 1972 2091 2026 in-

493 2063 756 2116 stantiam
787 2061 962 2124 sancti
993 2061 1418 2116 Cenomanensis
1462 2071 1590 2116 tunc
1609 2061 1846 2132 episcopi
1885 2061 2090 2116 Bertir-

494 2153 690 2208 ramiui
725 2151 837 2223 (54)
870 2153 1198 2210 inocciduus
1247 2152 1544 2208 Galliarum
1589 2161 1774 2224 partes
1813 2153 2091 2210 sanctissi-

493 2257 616 2324 tuus
661 2242 984 2296 Benedictus
1037 2242 1295 2298 dilectum
1341 2252 1398 2298 et
1452 2252 1704 2300 sanctum
1765 2242 2090 2314 discipulum

493 2346 649 2386 suum
674 2331 916 2386 Maurum
949 2332 1234 2388 fundanda:
1261 2333 1434 2404 gratia
1464 2334 1744 2406 religionis
1772 2334 2091 2392 ntonastica:

497 2423 814 2489 destinaret,
845 2423 1080 2482 similem
1103 2425 1175 2480 ibi
1207 2425 1414 2482 luctum
1441 2435 1498 2482 et
1528 2427 1706 2483 luctus
1729 2441 1954 2484 causam
1979 2442 2089 2482 non

496 2515 836 2580 dissimilem,
868 2517 1041 2588 legitis
1075 2528 1347 2572 exortum.
1392 2519 1563 2585 Quem
1597 2533 1753 2574 suum
1779 2519 1989 2590 pariter
2035 2525 2091 2572 et

497 2606 726 2660 fratrum
755 2605 994 2662 dolorem
1021 2621 1086 2662 ea
1104 2617 1327 2664 sanctus
1361 2609 1453 2664 Dei
1502 2609 1712 2664 ratione
1733 2607 2088 2678 compescuit,

496 2708 558 2753 ut
585 2699 895 2754 ostenderet
926 2714 1110 2756 servos
1131 2700 1224 2756 Dei
1256 2687 1565 2758 nullatenus
1583 2700 1896 2758 contristari
1927 2691 2097 2770 super

497 2789 606 2854 his,
642 2805 761 2860 quae
787 2789 923 2846 velle
949 2792 1195 2846 noverint
1216 2793 1499 2850 Dominum
1539 2809 1719 2850 suum.
1751 2791 1850 2848 Ubi
1883 2801 1938 2848 et
1968 2809 2091 2848 ver-

494 2882 626 2937 bum
667 2881 847 2936 intulit
871 2883 1134 2940 memoria
1192 2885 1604 2960 dignissimum:
1638 2902 1658 2938 ι
1687 2884 1762 2940 Ne
1793 2883 1955 2950 forte,
1991 2885 2088 2951 ait,

499 2969 606 3024 hac
628 2969 742 3040 ipsa
764 2981 952 3027 nostra
987 2972 1204 3028 tristitia
1237 2974 1346 3030 Deo
1371 3015 1388 3042 ,
1420 2975 1563 3046 quod
1589 2975 1730 3030 absit
1770 2976 1784 3028 ι
1843 2975 2092 3030 invenia-

496 3079 620 3120 mur
644 3065 935 3120 contraire.
968 3065 1074 3122 Sed
1099 3077 1171 3133 te,
1201 3077 1256 3122 et
1298 3065 1476 3136 llugo,
1525 3067 1695 3122 frater
1743 3067 2088 3134 charissime,

499 3155 554 3208 in
594 3157 694 3210 hoc
715 3170 930 3226 quoque
964 3156 1166 3210 imitari
1217 3171 1339 3210 eum
1388 3157 1672 3225 convenit,
1724 3172 1884 3228 quem
1938 3157 2089 3228 sequi

500 3261 715 3314 semper
761 3247 916 3302 dulce
972 3247 1228 3313 habuisti,
1259 3249 1594 3318 unigenitum
1649 3247 1841 3302 Filium
1895 3249 2089 3304 summi

499 3333 694 3392 Patris.
723 3334 814 3404 qui
844 3335 910 3388 de
933 3335 1197 3390 altissimo
1225 3353 1334 3392 suae
1360 3337 1658 3394 divinitatis
1678 3354 1774 3408 pro
1803 3339 2091 3393 multorum

501 3424 676 3480 salute
703 3425 768 3478 ad
795 3425 1067 3495 publicum
1098 3427 1348 3498 dignatus
1395 3439 1479 3484 est
1509 3429 1659 3483 exire
1687 3428 1934 3482 humana:
1963 3443 2094 3484 con-

508 3517 863 3590 versationis.
903 3517 969 3572 Et
997 3526 1050 3572 tu
1066 3518 1229 3589 igitur
1277 3519 1608 3589 peregrinari
1660 3521 1728 3576 ad
1759 3521 2026 3576 modicum
2062 3537 2093 3576 a

503 3609 612 3682 tuis
636 3609 992 3676 charissimis,
1015 3611 1314 3680 postposito
1347 3611 1560 3666 interim
1595 3612 1795 3682 quietis
1850 3614 1984 3668 adeo
2017 3616 2092 3670 di-

501 3702 654 3758 lecta:
677 3701 930 3766 silentio,‘
945 3716 1043 3773 pro
1068 3717 1133 3758 eo
1156 3719 1222 3757 ne
1245 3703 1530 3764 CllllClOl‘lS.
1569 3703 1620 3758 in
1659 3706 1944 3773 praesentis
1971 3705 2096 3764 vita:

499 3793 803 3864 exsilio,‘ut
841 3793 888 3852 ei
911 3793 1221 3863 perenniter
1243 3794 1586 3864 postmodum
1606 3794 1834 3850 socieris
1859 3797 2096 3852 iubeati-

501 3886 704 3942 tudinis
757 3901 868 3942 sua:
928 3901 1114 3958 regno.
1151 3886 1264 3942 lloc
1323 3902 1444 3958 ego,
1479 3886 1606 3942 licet
1659 3888 1930 3960 indignus,
1979 3890 2098 3945 vice

502 3974 672 4046 ipsius
694 3975 746 4028 in
781 3976 1157 4034 remissionem
1185 3989 1531 4048 peccatorum
1569 3989 1804 4049 tuorum,
1838 3981 1908 4034 ob
1946 3999 2096 4037 com-

502 4067 872 4134 pcnsatioucm
912 4068 1078 4126 etiam
1116 4077 1441 4124 aeternorum
1467 4071 1835 4140 prmmiorum,
1872 4075 1967 4128 tibi
2016 4075 2098 4129 iu-

497 4155 690 4224 jungo,
720 4164 775 4207 et
808 4155 858 4208 in
884 4155 934 4210 vi
979 4157 1300 4212 obedientia:
1353 4158 1582 4213 firmiter
1607 4161 1879 4231 pl‘iBClplO.
1925 4162 2096 4234 Perge

503 4247 689 4316 itaque
721 4261 908 4316 sospes
950 4255 1006 4300 et
1051 4247 1178 4300 felix
1211 4263 1332 4302 cum
1362 4251 1762 4307 venerabilibus
1789 4253 1919 4307 viris
1957 4253 2093 4320 istis,

501 4344 598 4414 qui
635 4353 686 4400 te
711 4357 904 4398 vocare
939 4353 1234 4410 venerunt,
1278 4360 1579 4416 curamque
1634 4348 1850 4420 suscipe
1901 4349 2096 4404 donms

506 4433 822 4490 “'ithatnitn
853 4435 906 4490 in
937 4434 1150 4508 Anglia,
1171 4435 1383 4504 favente
1408 4437 1656 4506 Domino,
1681 4439 2090 4496 construendae:

2188 610 2239 667 lo
2266 611 2419 680 pacis
2447 608 2802 670 valefaciens,
2833 621 2956 662 cum
2991 607 3098 661 illis
3139 607 3338 677 legatis
3363 605 3490 676 (55)
3519 607 3792 676 profectus

2185 714 2290 767 est,
2319 703 2386 756 ad
2413 715 2594 773 regem
2635 699 2806 764 venit,
2834 697 3160 768 tandemque
3181 713 3308 752 cum
3335 697 3538 753 favore
3563 699 3792 754 maxime

2185 795 2254 850 ab
2295 795 2412 864 ipso
2457 793 2738 854 dimissus,
2779 799 2834 846 et
2865 789 3220 844 Witliamiam
3273 805 3408 845 cum
3439 790 3660 844 honore
3703 791 3792 846 de-

2186 886 2402 951 ductus,
2429 894 2688 955 tanquam
2719 881 2948 954 angelus
2976 881 3190 937 Domini
3219 897 3250 936 a
3281 883 3486 954 paucis
3517 882 3794 948 fratribus,

2185 979 2276 1049 qui
2304 988 2429 1034 tunc
2455 979 2527 1034 ibi
2553 986 2734 1041 erant,
2767 976 2820 1031 in
2847 975 3084 1046 priorem
3111 976 3416 1046 suscipitur
3445 991 3580 1032 cum
3613 975 3796 1045 gaudio

2187 1068 2465 1128 ineffabili.

2800 1177 3030 1235 CAPUT
3067 1178 3158 1234 iV.

2197 1271 2440 1338 Qualiter
2467 1281 2640 1338 statu,
2673 1287 2827 1340 quem
2859 1270 3050 1324 invenit
3080 1270 3225 1339 apud
3253 1269 3660 1340 Withmiagrti,
3689 1271 3794 1324 risi-

2261 1351 2406 1405 tato,
2443 1344 2512 1394 ad
2556 1339 2726 1410 regem
2757 1357 3014 1403 reversus,
3056 1340 3234 1409 fecerit
3276 1340 3428 1393 riL’a:
3457 1341 3532 1392 de
3573 1339 3794 1394 “'itltast

2258 1411 2660 1474 habitatoribus,
2685 1411 2807 1464 inde
2829 1410 3162 1474 discesseris,
3187 1410 3503 1478 fargissfme
3527 1411 3794 1478 prouideri.

2260 1523 2470 1577 Invenit
2508 1529 2690 1577 autem
2733 1521 2964 1585 fratres,
2995 1521 3142 1575 velut
3182 1521 3326 1577 alter
3363 1519 3586 1592 Ioseph
3623 1521 3678 1576 in
3713 1521 3800 1576 Do-

2191 1615 2360 1670 thaim
2390 1655 2405 1680 ,
2456 1613 2600 1683 quod
2652 1613 3044 1684 interpretatur
3091 1613 3354 1682 defectus.
3413 1613 3798 1670 Consistebant

2191 1709 2442 1778 equidem
2465 1708 2520 1761 in
2550 1707 2682 1762 silva
2709 1705 2848 1760 haud
2881 1706 3066 1777 procul
3091 1722 3120 1760 a
3155 1707 3300 1777 regia
3331 1717 3476 1762 time
3499 1707 3634 1760 villa
3660 1721 3794 1762 voc:-

2193 1800 2318 1855 bulo
2347 1799 2614 1862 Witham,
2643 1814 2762 1868 quae
2789 1798 3094 1852 futurorum
3123 1799 3364 1868 quodam
3395 1798 3687 1868 praesagio
3713 1797 3800 1850 tale

2193 1909 2388 1950 nomen
2411 1893 2653 1949 creditur
2679 1893 2894 1947 sortita.
2923 1891 3134 1946 Dicitur
3159 1905 3404 1960 namque
3435 1891 3644 1944 Latine
3665 1907 3799 1943 ttul-

2191 1985 2290 2052 sio,
2327 1985 2440 2040 sive
2469 1985 2723 2038 habitatio
2751 1983 2864 2052 (56)
2896 1997 3109 2056 sensus,
3143 1981 3288 2051 quod
3337 1981 3694 2037 excellenter
3717 1996 3800 2048 prr

2194 2077 2485 2132 adventum
2525 2075 2629 2129 viri
2677 2072 2868 2142 huius,
2909 2071 3204 2128 Christiani
3249 2069 3620 2141 philosophi,
3667 2069 3800 2124 locus

2196 2163 2460 2221 istelelliei
2490 2163 2686 2218 meruit
2714 2165 2768 2216 in
2797 2176 2855 2215 re
2877 2203 2891 2226 ,
2920 2161 3167 2216 attractis
3193 2161 3446 2230 undique
3477 2163 3554 2213 ad
3589 2160 3798 2213 odorem

2193 2258 2398 2314 notitia:
2419 2271 2532 2312 sua:
2561 2255 2690 2310 viris
2712 2253 2946 2310 sensatis
2973 2293 2989 2318 ,
3019 2251 3074 2306 in
3097 2255 3249 2306 omni
3274 2253 3456 2306 verbo
3485 2261 3546 2306 et
3573 2251 3628 2306 in
3657 2251 3796 2304 omni

2192 2365 2352 2406 sensu
2395 2345 2876 2420 priestantissimis.
2909 2345 3010 2411 Qui
3043 2354 3334 2400 manentes
3375 2344 3584 2398 ibidem
3623 2355 3678 2398 et
3707 2341 3798 2396 h3-

2193 2441 2428 2496 hitantes
2463 2451 2722 2508 corpore,
2755 2437 2823 2492 ad
2865 2435 3012 2490 illam
3040 2444 3306 2490 aeternam
3349 2433 3614 2504 patriam,
3645 2430 3796 2498 cujus

2192 2529 2450 2602 perfectis
2485 2521 2599 2596 jam
2641 2529 2891 2584 sensibus
2928 2526 3123 2597 gaudia
3168 2533 3556 2596 prmgustant,
3591 2523 3792 2593 cogita-

2195 2627 2341 2678 tione
2367 2631 2424 2678 ct
2453 2621 2716 2677 aviditate
2743 2620 2956 2675 inhiare
2984 2633 3088 2673 non
3121 2626 3368 2672 cessant.

2264 2717 2413 2786 Quos
2436 2723 2616 2771 autem
2643 2711 2850 2768 invenit
2881 2710 3078 2766 fratres
3101 2749 3118 2775 ,
3145 2706 3434 2764 habebant
3475 2708 3532 2762 hi
3559 2707 3668 2778 (δῖ)
3689 2706 3800 2762 cel-

2195 2810 2330 2864 lulas
2356 2825 2424 2865 ex
2449 2805 2724 2864 asseribus
2746 2811 3054 2867 contextas,
3082 2800 3225 2856 vallo
3254 2799 3572 2869 perexiguo
3593 2808 3648 2854 et
3671 2797 3802 2868 palis

2193 2900 2609 2969 circumseptas.
2637 2895 2693 2951 ln
2721 2895 2807 2950 his
2832 2902 3105 2962 utcunque
3130 2905 3306 2960 usque
3339 2890 3410 2944 ad
3445 2899 3666 2959 tempus
3689 2903 3802 2944 cor-

2193 2991 2452 3046 rectionis
2493 3005 2552 3045 se
2583 2987 2929 3058 recipientes,
2970 2983 3224 3039 omnibus
3243 3023 3260 3048 ,
3291 2991 3360 3036 ut.
3387 2983 3644 3036 breviter
3671 2983 3804 3036 dica-

2196 3089 2305 3147 tur,
2337 3089 2431 3136 aut
2470 3093 2612 3149 pene
2639 3077 2894 3133 omnibus
2923 3073 3250 3129 necessariis
3281 3088 3352 3128 ac
3397 3073 3612 3127 debitis
3637 3073 3798 3126 ordini

2195 3189 2293 3229 suo
2325 3168 2667 3228 adminiculis
2693 3177 2848 3224 erant
2879 3177 3147 3222 carentes.
3191 3162 3386 3232 Neque
3413 3161 3596 3216 etiam
3623 3159 3798 3217 diuini-

2199 3275 2310 3320 tmn
2333 3270 2453 3318 erat
2475 3274 2647 3330 usque
2669 3259 2863 3322 adhuc,
2889 3257 2978 3312 ubi
3001 3255 3196 3328 major,
3223 3254 3312 3308 ubi
3341 3252 3538 3308 minor
3557 3253 3798 3317 ecclesia,

2197 3351 2587 3408 monachorum
2631 3348 2807 3411 cellze,
2843 3355 2898 3402 et
2941 3345 3236 3401 claustrum
3270 3353 3400 3400 cum
3439 3340 3682 3394 fratrum
3709 3341 3798 3392 do-

2197 3443 2464 3500 munculis
2511 3451 2567 3497 et
2619 3437 2896 3510 hospitum
2925 3436 3266 3493 diversoriis
3321 3437 3520 3506 aptius
3571 3431 3798 3490 construi

2197 3535 2528 3591 debuissent.
2567 3529 2760 3588 Villam
2803 3528 3201 3599 supradictam,
3235 3543 3432 3582 eorum
3477 3526 3596 3595 iam
3625 3521 3802 3580 (Ιίιίοηῖ

2197 3639 2506 3688 cessuram,
2537 3620 2876 3676 habitatores
2912 3617 3127 3689 pristini
3166 3617 3346 3672 adhuc
3380 3617 3724 3677 incolebant.
3750 3621 3802 3666 et

2189 3717 2426 3774 necdum
2451 3714 2725 3786 provisum
2754 3712 2835 3766 eis
2857 3711 3054 3774 fuerat,
3083 3718 3142 3764 ut
3163 3710 3319 3764 sedes
3349 3723 3488 3762 suas
3521 3709 3642 3762 sine
3666 3723 3800 3760 misr-

2198 3823 2388 3872 nmre,
2420 3805 2538 3872 sine
2583 3803 2666 3859 sui
2705 3802 2958 3866 laesione,
2999 3799 3155 3855 novis
3197 3797 3406 3854 vellent
3452 3808 3554 3852 aut
3589 3803 3798 3868 possent

2199 3893 2606 3953 successoribus
2635 3897 2852 3948 cedere.

2271 3987 2365 4043 llis
2390 3997 2446 4043 et
2477 3985 2598 4040 aliis
2627 3987 2694 4040 de
2731 3985 2838 4040 situ
2862 4024 2876 4048 ,
2912 3983 2978 4038 de
3005 3979 3266 4052 qualitate
3293 3979 3434 4047 loci,
3481 3995 3588 4036 nec
3615 3993 3714 4032 non
3737 3983 3792 4031 et

2197 4082 2264 4138 de
2303 4078 2552 4142 caeteris,
2591 4092 2713 4146 qua:
2761 4073 3058 4130 necessitas
3101 4071 3310 4127 ordinis
3349 4069 3648 4142 ﬂagitabat
3683 4067 3798 4122 loco

2199 4172 2486 4228 convenire
2506 4210 2522 4235 ,
2547 4167 2630 4223 vel
2659 4165 2877 4222 utilitati
2923 4163 3120 4220 ibidem
3147 4164 3605 4218 conversantium
3635 4161 3796 4214 inscr-

2201 4263 2336 4324 vire,
2377 4258 2618 4329 diligenti
2665 4257 2883 4312 solertia
2923 4254 3220 4326 perspectis
3253 4266 3316 4306 ac
3343 4251 3636 4321 sigillatim
3669 4265 3796 4320 pra:-

2199 4353 2425 4418 notatis,
2449 4351 2602 4420 llugo
2627 4359 2820 4404 noster
2839 4347 3006 4417 (inter
3025 4361 3121 4401 eos
3147 4345 3220 4400 ita
3248 4343 3572 4400 condictum
3605 4341 3794 4408 fuerat)

2201 4445 2267 4500 ad
2295 4459 2476 4516 regem
2507 4443 2670 4498 citius
2705 4439 3005 4510 repedavit.
3027 4437 3274 4507 Cumque
3297 4435 3366 4490 de
3395 4435 3638 4506 singulis
3659 4432 3794 4504 quod

502 4528 691 4596 pnesis
739 4543 954 4598 quoque
989 4527 1328 4596 cunstanter,
1357 4539 1410 4586 et
1438 4532 1616 4602 prosis
1663 4531 1930 4588 instanter
1977 4531 2095 4588 ioco
2129 4545 2172 4599 ε)
2197 4536 2301 4592 sibi
2339 4535 2624 4589 videbatur
2659 4530 3016 4602 exposuisset,
3063 4543 3158 4584 rex
3199 4527 3252 4581 in
3281 4528 3546 4582 omnibus
3573 4527 3792 4598 pruden-

501 4629 552 4692 ο]
580 4620 840 4681 fratribus
869 4621 942 4676 ibi
973 4623 1342 4694 congregatis,
1405 4622 1457 4678 in
1515 4623 1735 4680 nomine
1783 4622 2017 4690 Domini,
2042 4633 2096 4679 et

500 4712 916 4782 congregandis.
947 4731 966 4764 ι
2009 4709 2012 4712 ’

579 4802 728 4858 lianc
762 4801 913 4874 llugo
951 4803 1328 4860 diiliuilioncm
1385 4805 1698 4876 aliquandiu
1759 4808 1984 4877 pedibus
2034 4823 2096 4864 se

504 4893 774 4963 pontificis
803 4895 1140 4952 advolvendo
1171 4897 1390 4953 irritare
1413 4898 1632 4970 Onitens,
1679 4913 1778 4954 nec
1799 4900 2092 4970 quidquam

507 4987 812 5055 proficiens,
863 4989 1030 5048 cessit
1087 4999 1367 5060 postremo
1422 5005 1700 5061 ;scseque
1757 4991 2092 5049 orationibus

583 5171 696 5248 (Si)
735 5176 884 5256 Alias
912 5177 1412 5256 Bertichramnum,
1431 5182 1834 5256 Bertramuum,
1865 5193 1996 5248 ctc.,
2026 5181 2092 5256 d_e

509 5261 639 5316 quo,
673 5257 738 5316 et
775 5247 920 5302 facto
959 5251 1048 5306 hic
1077 5251 1297 5307 narrato
1325 5252 1450 5308 vide
1479 5252 1850 5309 Mabillonium
1878 5247 2021 5306 tonio
2049 5253 2087 5306 Ι.

507 5315 797 5390 Annalium
826 5315 1054 5390 Bened.,
1097 5335 1150 5390 p.
1181 5323 1304 5390 107,
1335 5332 1390 5378 et
1418 5323 1739 5380 Bollandum
1767 5323 1820 5376 in
1871 5321 1988 5377 Vita
2029 5321 2088 5378 ὃ.

509 5385 680 5442 Mauri
708 5387 940 5442 abbatis.

581 5457 694 5540 (55)
731 5457 979 5540 Quorum
1005 5475 1144 5515 unus
1187 5471 1242 5516 et
1273 5463 1576 5540 prmeipuus
1621 5461 1950 5540 Reginaldus
1990 5462 2090 5518 Ba-

511 5529 837 5594 thOniensis,
889 5530 980 5600 Qui
1027 5547 1150 5586 cum
1196 5529 1502 5589 auitoll'78
1547 5529 1735 5590 contra
1791 5533 2090 5590 Tolosanos

508 5601 700 5669 egerit,
729 5609 784 5653 et
819 5616 964 5656 anno
1001 5604 1246 5673 sequenti
1279 5603 1508 5658 concilio
1542 5603 1893 5660 Lateranensi
1923 5606 2088 5660 inter-

511 5668 694 5728 fuerit.
731 5671 806 5725 uti
833 5670 943 5728 iam
967 5683 1094 5728 ante
1129 5674 1334 5728 tnouui.
1361 5674 1448 5727 vix
1483 5673 1704 5728 dubium
1725 5717 1739 5728 .
1783 5675 1911 5728 nuin
1943 5677 2086 5728 circa

511 5683 694 5734 luerit,
731 5683 806 5725 utt
833 5686 943 5738 tam
967 5683 1094 5728 ante
1129 5683 1334 5735 monui,
1361 5683 1448 5727 vix
1483 5683 1704 5728 dubium
1725 5717 1739 5740 ,
1783 5683 1911 5744 quitt
1943 5683 2086 5729 circa

510 5741 790 5824 liueﬂ‘ap'.
820 5741 1095 5824 ll77nuna
1121 5745 1515 5824 c‘utu‘llugone.
1534 5745 1600 5798 ad
1633 5761 1820 5824 regem
1857 5746 2086 5824 venerit.

582 5808 695 5882 (56)
724 5808 864 5864 Haut
897 5813 1103 5869 scilicet
1131 5808 1601 5888 Anglosaionibus
1633 5808 1772 5870 idém
1809 5824 1912 5880 est,
1945 5816 2087 5884 quod

2203 4625 2331 4680 tiam
2364 4623 2506 4678 illius
2535 4631 2588 4678 et
2617 4619 2936 4676 modestiam
2964 4617 3292 4680 admiratus,
3318 4629 3672 4686 quaecunque
3707 4613 3792 4668 ille

2198 4715 2483 4787 disposuit,
2509 4727 2563 4770 ct
2589 4713 2675 4770 ille
2702 4711 3051 4784 approbavit,
3079 4717 3133 4765 et
3158 4725 3280 4781 qua:
3303 4709 3606 4780 postulavit
3633 4707 3790 4760 libea-

2199 4818 2281 4864 ter
2322 4805 2568 4861 indulsit.
2607 4805 2686 4860 Ac
2726 4803 2902 4873 primo
2927 4800 3148 4870 quidem
3181 4799 3472 4854 universos
3509 4793 3784 4854 convocari

2197 4899 2324 4954 fecit
2351 4897 2676 4969 pratdiorum
2708 4893 2792 4950 vel
2819 4909 3001 4950 rerum
3029 4891 3398 4962 quarumlibet
3425 4901 3780 4960 possessores,

2196 5006 2331 5062 quos
2361 4989 2478 5045 loco
2507 4987 2699 5044 cedere
2727 4986 3035 5056 oportebat,
3072 4999 3138 5039 ne
3164 4982 3411 5054 quolibet
3437 4981 3672 5052 strepitu
3693 4985 3786 5031 aut

2194 5187 2478 5244 Germanis
2525 5184 2707 5248 Heinr,
2753 5183 2990 5247 "aimat,
3037 5181 3090 5235 id
3133 5189 3240 5246 est,
3295 5181 3542 5244 mansio,
3593 5179 3780 5248 pan-ia.

2195 5257 2328 5316 Wit,
2361 5257 2502 5312 idem
2527 5257 2666 5323 quod
2699 5253 2864 5318 Witz,
2895 5267 3108 5308 sensus.

2265 5315 2380 5400 (57)
2414 5315 2630 5400 Celhilie
2661 5341 2728 5382 es
2773 5315 3080 5400 asseribus,
3107 5323 3340 5400 ecclesia
3377 5323 3624 5400 nondum
3649 5315 3780 5372 desi-

2193 5393 2390 5469 gnata,
2422 5397 2720 5469 claustrum
2776 5409 2876 5450 nec
2899 5394 3250 5469 inchoatum,
3275 5393 3462 5469 plures
3511 5393 3580 5469 ad
3609 5403 3778 5469 tesca

2193 5459 2476 5532 accessus,
2505 5476 2560 5522 et
2587 5467 2688 5520 alia
2707 5507 2722 5531 ,
2747 5481 2868 5534 qum
2899 5466 3000 5518 hoc
3037 5472 3094 5518 et
3133 5459 3382 5534 sequimni
3421 5463 3620 5534 capite”
3640 5459 3778 5534 refe-

2195 5550 2418 5603 runtur,
2461 5529 2516 5593 et
2549 5529 2780 5592 tandem
2805 5535 3070 5604 completa
3112 5529 3230 5589 sub'
3257 5529 3774 5604 litigone'zditicig.

2193 5597 2520 5678 septem'aut
2548 5617 2672 5662 octo
2699 5597 3060 5678 facileannos
3090 5597 3478 5678 requirebant,
3523 5609 3584 5654 ut
3617 5597 3774 5668 perti-

2192 5670 2463 5736 cei'untur.
2501 5679 2654 5745 Quot
2689 5679 2810 5731 ideo
2839 5677 3048 5730 dictum.
3079 5670 3230 5738 volo,
3273 5688 3350 5745 ne
3377 5670 3660 5745 nugonem
3695 5679 3772 5720 se»

2193 5755 2306 5806 rius
2333 5767 2474 5806 anno
2511 5741 2648 5805 “78
2672 5749 2727 5808 in
2754 5746 3002 5818 Angliam
3027 5747 3239 5800 venisse
3265 5743 3388 5813 quis
3413 5741 3702 5796 existimet.
