  <div class='ocr_page' id='page_1' title='image "/cluster/home/n/w/nwhite01/storage/ocr_20150623/153/hvd.32044015473812/491.png"; bbox 0 0 3962 6430; ppageno 0'>
   <div class='ocr_carea' id='block_1_1' title="bbox 533 372 634 436">
    <p class='ocr_par' dir='ltr' id='par_1_1' title="bbox 533 372 634 436">
     <span class='ocr_line' id='line_1_1' title="bbox 533 372 634 436; baseline -0.02 0"><span class='ocrx_word' id='word_1_1' title='bbox 533 372 634 436; x_wconf 68' lang='grc'><strong>971</strong></span> 
     </span>
    </p>
   </div>
   <div class='ocr_carea' id='block_1_2' title="bbox 1427 344 2936 428">
    <p class='ocr_par' dir='ltr' id='par_1_2' title="bbox 1427 344 2936 428">
     <span class='ocr_line' id='line_1_2' title="bbox 1427 344 2936 428; baseline -0.009 -2"><span class='ocrx_word' id='word_1_2' title='bbox 1427 369 1488 426; x_wconf 88' lang='lat' dir='ltr'><strong>s.</strong></span> <span class='ocrx_word' id='word_1_3' title='bbox 1521 365 1824 428; x_wconf 71' lang='lat' dir='ltr'><strong>HUGOMS</strong></span> <span class='ocrx_word' id='word_1_4' title='bbox 1865 363 2078 420; x_wconf 72' lang='lat' dir='ltr'><strong>EHSC.</strong></span> <span class='ocrx_word' id='word_1_5' title='bbox 2126 344 2441 418; x_wconf 71' lang='lat' dir='ltr'><strong>meum.</strong></span> <span class='ocrx_word' id='word_1_6' title='bbox 2482 357 2644 416; x_wconf 76' lang='lat' dir='ltr'><strong>ono.</strong></span> <span class='ocrx_word' id='word_1_7' title='bbox 2681 357 2936 416; x_wconf 63' lang='lat' dir='ltr'><strong>cum.</strong></span> 
     </span>
    </p>
   </div>
   <div class='ocr_carea' id='block_1_3' title="bbox 3705 361 3796 418">
    <p class='ocr_par' dir='ltr' id='par_1_3' title="bbox 3705 361 3796 418">
     <span class='ocr_line' id='line_1_3' title="bbox 3705 361 3796 418; baseline 0 -7"><span class='ocrx_word' id='word_1_8' title='bbox 3705 361 3796 418; x_wconf 68' lang='lat'><strong>972</strong></span> 
     </span>
    </p>
   </div>
   <div class='ocr_carea' id='block_1_4' title="bbox 601 461 3797 559">
    <p class='ocr_par' dir='ltr' id='par_1_4' title="bbox 601 461 3797 559">
     <span class='ocr_line' id='line_1_4' title="bbox 601 461 3797 559; baseline -0.005 -11"><span class='ocrx_word' id='word_1_9' title='bbox 601 487 928 548; x_wconf 74' lang='lat' dir='ltr'><strong>Convocatis</strong></span> <span class='ocrx_word' id='word_1_10' title='bbox 950 483 1136 545; x_wconf 81' lang='lat' dir='ltr'><strong>autem</strong></span> <span class='ocrx_word' id='word_1_11' title='bbox 1163 483 1376 544; x_wconf 72' lang='lat' dir='ltr'><strong>eductis</strong></span> <span class='ocrx_word' id='word_1_12' title='bbox 1393 482 1689 549; x_wconf 87' lang='lat' dir='ltr'><strong>fratribus,</strong></span> <span class='ocrx_word' id='word_1_13' title='bbox 1713 491 1771 540; x_wconf 90' lang='lat' dir='ltr'><strong>et</strong></span> <span class='ocrx_word' id='word_1_14' title='bbox 1811 485 2032 553; x_wconf 77' lang='lat' dir='ltr'><strong>negotio</strong></span> <span class='ocrx_word' id='word_1_15' title='bbox 2057 482 2114 541; x_wconf 91' lang='lat' dir='ltr'><strong>in</strong></span> <span class='ocrx_word' id='word_1_16' title='bbox 2139 483 2194 546; x_wconf 74' lang='grc' dir='ltr'><strong>Α</strong></span> <span class='ocrx_word' id='word_1_17' title='bbox 2219 493 2342 537; x_wconf 89' lang='lat' dir='ltr'><strong>eum</strong></span> <span class='ocrx_word' id='word_1_18' title='bbox 2363 485 2420 534; x_wconf 89' lang='lat' dir='ltr'><strong>et</strong></span> <span class='ocrx_word' id='word_1_19' title='bbox 2459 485 2609 534; x_wconf 89' lang='lat' dir='ltr'><strong>tanta</strong></span> <span class='ocrx_word' id='word_1_20' title='bbox 2660 461 3041 559; x_wconf 79' lang='lat' dir='ltr'><strong>preseeutum,</strong></span> <span class='ocrx_word' id='word_1_21' title='bbox 3093 482 3151 530; x_wconf 92' lang='lat' dir='ltr'><strong>ut</strong></span> <span class='ocrx_word' id='word_1_22' title='bbox 3194 473 3391 531; x_wconf 86' lang='lat' dir='ltr'><strong>horu</strong></span> <span class='ocrx_word' id='word_1_23' title='bbox 3435 481 3566 546; x_wconf 80' lang='lat' dir='ltr'><strong>post</strong></span> <span class='ocrx_word' id='word_1_24' title='bbox 3607 483 3797 536; x_wconf 64' lang='lat' dir='ltr'><strong>tam.</strong></span> 
     </span>
    </p>
   </div>
   <div class='ocr_carea' id='block_1_5' title="bbox 531 575 2112 654">
    <p class='ocr_par' dir='ltr' id='par_1_5' title="bbox 531 575 2112 654">
     <span class='ocr_line' id='line_1_5' title="bbox 531 575 2112 654; baseline -0.008 -10"><span class='ocrx_word' id='word_1_25' title='bbox 531 575 819 645; x_wconf 80' lang='lat' dir='ltr'><strong>commune</strong></span> <span class='ocrx_word' id='word_1_26' title='bbox 845 577 1089 654; x_wconf 82' lang='lat' dir='ltr'><strong>prolato,</strong></span> <span class='ocrx_word' id='word_1_27' title='bbox 1127 578 1328 651; x_wconf 83' lang='lat' dir='ltr'><strong>placuit</strong></span> <span class='ocrx_word' id='word_1_28' title='bbox 1363 577 1618 634; x_wconf 89' lang='lat' dir='ltr'><strong>omnibus</strong></span> <span class='ocrx_word' id='word_1_29' title='bbox 1655 575 1948 632; x_wconf 86' lang='lat' dir='ltr'><strong>Girardunt</strong></span> <span class='ocrx_word' id='word_1_30' title='bbox 1989 591 2112 632; x_wconf 91' lang='lat' dir='ltr'><strong>cum</strong></span> 
     </span>
    </p>
   </div>
   <div class='ocr_carea' id='block_1_6' title="bbox 531 666 2115 749">
    <p class='ocr_par' dir='ltr' id='par_1_6' title="bbox 531 666 2115 749">
     <span class='ocr_line' id='line_1_6' title="bbox 531 666 2115 749; baseline -0.008 -15"><span class='ocrx_word' id='word_1_31' title='bbox 531 677 714 749; x_wconf 84' lang='lat' dir='ltr'><strong>priore</strong></span> <span class='ocrx_word' id='word_1_32' title='bbox 734 667 1002 745; x_wconf 82' lang='lat' dir='ltr'><strong>proficisci</strong></span> <span class='ocrx_word' id='word_1_33' title='bbox 1025 671 1094 728; x_wconf 91' lang='lat' dir='ltr'><strong>ad</strong></span> <span class='ocrx_word' id='word_1_34' title='bbox 1119 684 1324 742; x_wconf 89' lang='lat' dir='ltr'><strong>regem.</strong></span> <span class='ocrx_word' id='word_1_35' title='bbox 1346 667 1410 724; x_wconf 88' lang='lat' dir='ltr'><strong>Et</strong></span> <span class='ocrx_word' id='word_1_36' title='bbox 1433 667 1615 738; x_wconf 86' lang='lat' dir='ltr'><strong>prior:</strong></span> <span class='ocrx_word' id='word_1_37' title='bbox 1643 686 1662 720; x_wconf 85' lang='grc'><strong>1</strong></span> <span class='ocrx_word' id='word_1_38' title='bbox 1686 666 2008 735; x_wconf 80' lang='lat' dir='ltr'><strong>Consilium,</strong></span> <span class='ocrx_word' id='word_1_39' title='bbox 2033 666 2115 722; x_wconf 82' lang='lat' dir='ltr'><strong>in-</strong></span> 
     </span>
    </p>
   </div>
   <div class='ocr_carea' id='block_1_7' title="bbox 532 757 2114 837">
    <p class='ocr_par' dir='ltr' id='par_1_7' title="bbox 532 757 2114 837">
     <span class='ocr_line' id='line_1_7' title="bbox 532 757 2114 837; baseline -0.004 -17"><span class='ocrx_word' id='word_1_40' title='bbox 532 766 672 837; x_wconf 87' lang='lat' dir='ltr'><strong>quit,</strong></span> <span class='ocrx_word' id='word_1_41' title='bbox 706 772 944 820; x_wconf 90' lang='lat' dir='ltr'><strong>vestrum</strong></span> <span class='ocrx_word' id='word_1_42' title='bbox 966 769 1022 818; x_wconf 88' lang='lat' dir='ltr'><strong>et</strong></span> <span class='ocrx_word' id='word_1_43' title='bbox 1039 773 1138 832; x_wconf 80' lang='lat' dir='ltr'><strong>ego</strong></span> <span class='ocrx_word' id='word_1_44' title='bbox 1163 767 1440 830; x_wconf 89' lang='lat' dir='ltr'><strong>gratanter</strong></span> <span class='ocrx_word' id='word_1_45' title='bbox 1459 764 1702 828; x_wconf 84' lang='lat' dir='ltr'><strong>accepto.</strong></span> <span class='ocrx_word' id='word_1_46' title='bbox 1728 757 2114 815; x_wconf 73' lang='lat' dir='ltr'><strong>Verumtamen</strong></span> 
     </span>
    </p>
   </div>
   <div class='ocr_carea' id='block_1_8' title="bbox 530 850 2116 924">
    <p class='ocr_par' dir='ltr' id='par_1_8' title="bbox 530 850 2116 924">
     <span class='ocr_line' id='line_1_8' title="bbox 530 850 2116 924; baseline -0.006 -9"><span class='ocrx_word' id='word_1_47' title='bbox 530 859 706 924; x_wconf 85' lang='lat' dir='ltr'><strong>vobis,</strong></span> <span class='ocrx_word' id='word_1_48' title='bbox 739 856 906 912; x_wconf 82' lang='lat' dir='ltr'><strong>frater</strong></span> <span class='ocrx_word' id='word_1_49' title='bbox 932 852 1160 910; x_wconf 86' lang='lat' dir='ltr'><strong>Girarde</strong></span> <span class='ocrx_word' id='word_1_50' title='bbox 1183 892 1199 918; x_wconf 95' lang='lat'><strong>,</strong></span> <span class='ocrx_word' id='word_1_51' title='bbox 1243 850 1632 923; x_wconf 87' lang='lat' dir='ltr'><strong>providendum</strong></span> <span class='ocrx_word' id='word_1_52' title='bbox 1659 851 1761 906; x_wconf 90' lang='lat' dir='ltr'><strong>erit</strong></span> <span class='ocrx_word' id='word_1_53' title='bbox 1803 858 1894 916; x_wconf 94' lang='lat' dir='ltr'><strong>ut,</strong></span> <span class='ocrx_word' id='word_1_54' title='bbox 1926 863 2116 920; x_wconf 82' lang='lat' dir='ltr'><strong>quem-</strong></span> 
     </span>
    </p>
   </div>
   <div class='ocr_carea' id='block_1_9' title="bbox 532 941 2114 1011">
    <p class='ocr_par' dir='ltr' id='par_1_9' title="bbox 532 941 2114 1011">
     <span class='ocr_line' id='line_1_9' title="bbox 532 941 2114 1011; baseline -0.004 -7"><span class='ocrx_word' id='word_1_55' title='bbox 532 949 823 1006; x_wconf 75' lang='lat' dir='ltr'><strong>admodum</strong></span> <span class='ocrx_word' id='word_1_56' title='bbox 869 945 1069 1011; x_wconf 86' lang='lat' dir='ltr'><strong>libere,</strong></span> <span class='ocrx_word' id='word_1_57' title='bbox 1125 943 1199 1000; x_wconf 90' lang='lat' dir='ltr'><strong>ita</strong></span> <span class='ocrx_word' id='word_1_58' title='bbox 1244 951 1303 998; x_wconf 93' lang='lat' dir='ltr'><strong>et</strong></span> <span class='ocrx_word' id='word_1_59' title='bbox 1348 943 1596 1000; x_wconf 87' lang='lat' dir='ltr'><strong>modeste</strong></span> <span class='ocrx_word' id='word_1_60' title='bbox 1634 957 1732 998; x_wconf 87' lang='lat' dir='ltr'><strong>vos</strong></span> <span class='ocrx_word' id='word_1_61' title='bbox 1769 941 2017 999; x_wconf 73' lang='lat' dir='ltr'><strong>habeatis</strong></span> <span class='ocrx_word' id='word_1_62' title='bbox 2058 941 2114 998; x_wconf 90' lang='lat' dir='ltr'><strong>in</strong></span> 
     </span>
    </p>
   </div>
   <div class='ocr_carea' id='block_1_10' title="bbox 531 1033 2111 1106">
    <p class='ocr_par' dir='ltr' id='par_1_10' title="bbox 531 1033 2111 1106">
     <span class='ocr_line' id='line_1_10' title="bbox 531 1033 2111 1106; baseline -0.004 -9"><span class='ocrx_word' id='word_1_63' title='bbox 531 1055 784 1098; x_wconf 87' lang='lat' dir='ltr'><strong>sermone</strong></span> <span class='ocrx_word' id='word_1_64' title='bbox 819 1047 1019 1094; x_wconf 90' lang='lat' dir='ltr'><strong>vestro.</strong></span> <span class='ocrx_word' id='word_1_65' title='bbox 1064 1035 1200 1092; x_wconf 86' lang='lat' dir='ltr'><strong>Cum</strong></span> <span class='ocrx_word' id='word_1_66' title='bbox 1241 1035 1390 1091; x_wconf 89' lang='lat' dir='ltr'><strong>enim</strong></span> <span class='ocrx_word' id='word_1_67' title='bbox 1420 1034 1526 1100; x_wconf 88' lang='lat' dir='ltr'><strong>sit,</strong></span> <span class='ocrx_word' id='word_1_68' title='bbox 1566 1043 1626 1089; x_wconf 82' lang='lat' dir='ltr'><strong>u‘t</strong></span> <span class='ocrx_word' id='word_1_69' title='bbox 1668 1044 1798 1091; x_wconf 77' lang='lat' dir='ltr'><strong>vere</strong></span> <span class='ocrx_word' id='word_1_70' title='bbox 1829 1033 2111 1106; x_wconf 75' lang='lat' dir='ltr'><strong>comperi,</strong></span> 
     </span>
    </p>
   </div>
   <div class='ocr_carea' id='block_1_11' title="bbox 531 1123 2114 1202">
    <p class='ocr_par' dir='ltr' id='par_1_11' title="bbox 531 1123 2114 1202">
     <span class='ocr_line' id='line_1_11' title="bbox 531 1123 2114 1202; baseline -0.004 -16"><span class='ocrx_word' id='word_1_71' title='bbox 531 1132 782 1202; x_wconf 86' lang='lat' dir='ltr'><strong>princeps</strong></span> <span class='ocrx_word' id='word_1_72' title='bbox 808 1128 910 1184; x_wconf 86' lang='lat' dir='ltr'><strong>iste</strong></span> <span class='ocrx_word' id='word_1_73' title='bbox 936 1126 1152 1197; x_wconf 85' lang='lat' dir='ltr'><strong>sagacis</strong></span> <span class='ocrx_word' id='word_1_74' title='bbox 1181 1125 1476 1181; x_wconf 84' lang='lat' dir='ltr'><strong>admodum</strong></span> <span class='ocrx_word' id='word_1_75' title='bbox 1511 1123 1718 1194; x_wconf 79' lang='lat' dir='ltr'><strong>ingenii</strong></span> <span class='ocrx_word' id='word_1_76' title='bbox 1749 1132 1803 1179; x_wconf 86' lang='lat' dir='ltr'><strong>et</strong></span> <span class='ocrx_word' id='word_1_77' title='bbox 1840 1123 2114 1180; x_wconf 84' lang='lat' dir='ltr'><strong>inscruta-</strong></span> 
     </span>
    </p>
   </div>
   <div class='ocr_carea' id='block_1_12' title="bbox 529 1214 2181 1283">
    <p class='ocr_par' dir='ltr' id='par_1_12' title="bbox 529 1214 2181 1283">
     <span class='ocr_line' id='line_1_12' title="bbox 529 1214 2181 1283; baseline -0.003 -7"><span class='ocrx_word' id='word_1_78' title='bbox 529 1222 650 1278; x_wconf 83' lang='lat' dir='ltr'><strong>bilis</strong></span> <span class='ocrx_word' id='word_1_79' title='bbox 702 1220 816 1277; x_wconf 89' lang='lat' dir='ltr'><strong>fere</strong></span> <span class='ocrx_word' id='word_1_80' title='bbox 845 1218 1044 1283; x_wconf 86' lang='lat' dir='ltr'><strong>animi,</strong></span> <span class='ocrx_word' id='word_1_81' title='bbox 1093 1217 1316 1282; x_wconf 81' lang='lat' dir='ltr'><strong>forsan,</strong></span> <span class='ocrx_word' id='word_1_82' title='bbox 1364 1225 1426 1272; x_wconf 91' lang='lat' dir='ltr'><strong>ut</strong></span> <span class='ocrx_word' id='word_1_83' title='bbox 1468 1223 1639 1272; x_wconf 86' lang='lat' dir='ltr'><strong>tentet</strong></span> <span class='ocrx_word' id='word_1_84' title='bbox 1675 1229 1775 1272; x_wconf 91' lang='lat' dir='ltr'><strong>nos</strong></span> <span class='ocrx_word' id='word_1_85' title='bbox 1812 1214 2116 1272; x_wconf 85' lang='lat' dir='ltr'><strong>dissimulat</strong></span> <span class='ocrx_word' id='word_1_86' title='bbox 2172 1268 2181 1278; x_wconf 87' lang='grc'><em>,</em></span> 
     </span>
    </p>
   </div>
   <div class='ocr_carea' id='block_1_13' title="bbox 528 1302 2112 1378">
    <p class='ocr_par' dir='ltr' id='par_1_13' title="bbox 528 1302 2112 1378">
     <span class='ocr_line' id='line_1_13' title="bbox 528 1302 2112 1378; baseline -0.005 -12"><span class='ocrx_word' id='word_1_87' title='bbox 528 1311 786 1366; x_wconf 80' lang='lat' dir='ltr'><strong>exaudire</strong></span> <span class='ocrx_word' id='word_1_88' title='bbox 813 1317 932 1366; x_wconf 77' lang='lat' dir='ltr'><strong>nos.</strong></span> <span class='ocrx_word' id='word_1_89' title='bbox 966 1307 1082 1364; x_wconf 80' lang='lat' dir='ltr'><strong>Scit</strong></span> <span class='ocrx_word' id='word_1_90' title='bbox 1111 1306 1298 1378; x_wconf 90' lang='lat' dir='ltr'><strong>procul</strong></span> <span class='ocrx_word' id='word_1_91' title='bbox 1332 1305 1496 1363; x_wconf 90' lang='lat' dir='ltr'><strong>dubio</strong></span> <span class='ocrx_word' id='word_1_92' title='bbox 1526 1302 1875 1375; x_wconf 88' lang='lat' dir='ltr'><strong>perfectionis</strong></span> <span class='ocrx_word' id='word_1_93' title='bbox 1897 1345 1913 1370; x_wconf 89' lang='lat'><strong>,</strong></span> <span class='ocrx_word' id='word_1_94' title='bbox 1949 1319 2112 1375; x_wconf 89' lang='lat' dir='ltr'><strong>quam</strong></span> 
     </span>
    </p>
   </div>
   <div class='ocr_carea' id='block_1_14' title="bbox 527 1395 2105 1470">
    <p class='ocr_par' dir='ltr' id='par_1_14' title="bbox 527 1395 2105 1470">
     <span class='ocr_line' id='line_1_14' title="bbox 527 1395 2105 1470; baseline -0.002 -16"><span class='ocrx_word' id='word_1_95' title='bbox 527 1401 758 1470; x_wconf 79' lang='lat' dir='ltr'><strong>professi</strong></span> <span class='ocrx_word' id='word_1_96' title='bbox 786 1414 998 1468; x_wconf 88' lang='lat' dir='ltr'><strong>sumus,</strong></span> <span class='ocrx_word' id='word_1_97' title='bbox 1027 1413 1193 1470; x_wconf 88' lang='lat' dir='ltr'><strong>quam</strong></span> <span class='ocrx_word' id='word_1_98' title='bbox 1224 1396 1461 1453; x_wconf 87' lang='lat' dir='ltr'><strong>maxime</strong></span> <span class='ocrx_word' id='word_1_99' title='bbox 1483 1396 1746 1452; x_wconf 84' lang='lat' dir='ltr'><strong>interesse</strong></span> <span class='ocrx_word' id='word_1_100' title='bbox 1764 1436 1779 1460; x_wconf 88' lang='lat'><strong>,</strong></span> <span class='ocrx_word' id='word_1_101' title='bbox 1809 1395 1938 1450; x_wconf 88' lang='lat' dir='ltr'><strong>illud</strong></span> <span class='ocrx_word' id='word_1_102' title='bbox 1965 1395 2105 1452; x_wconf 89' lang='lat' dir='ltr'><strong>divi-</strong></span> 
     </span>
    </p>
   </div>
   <div class='ocr_carea' id='block_1_15' title="bbox 527 1488 2110 1563">
    <p class='ocr_par' dir='ltr' id='par_1_15' title="bbox 527 1488 2110 1563">
     <span class='ocr_line' id='line_1_15' title="bbox 527 1488 2110 1563; baseline -0.001 -18"><span class='ocrx_word' id='word_1_103' title='bbox 527 1507 656 1548; x_wconf 86' lang='lat' dir='ltr'><strong>num</strong></span> <span class='ocrx_word' id='word_1_104' title='bbox 689 1492 915 1563; x_wconf 88' lang='lat' dir='ltr'><strong>implere</strong></span> <span class='ocrx_word' id='word_1_105' title='bbox 943 1492 1360 1556; x_wconf 87' lang='lat' dir='ltr'><strong>documentum,</strong></span> <span class='ocrx_word' id='word_1_106' title='bbox 1400 1503 1508 1558; x_wconf 89' lang='lat' dir='ltr'><strong>quo</strong></span> <span class='ocrx_word' id='word_1_107' title='bbox 1529 1488 1729 1544; x_wconf 89' lang='lat' dir='ltr'><strong>dicitur</strong></span> <span class='ocrx_word' id='word_1_108' title='bbox 1767 1488 1959 1544; x_wconf 90' lang='lat' dir='ltr'><strong>nobis:</strong></span> <span class='ocrx_word' id='word_1_109' title='bbox 2001 1507 2020 1540; x_wconf 77' lang='grc'><strong>1</strong></span> <span class='ocrx_word' id='word_1_110' title='bbox 2055 1493 2110 1544; x_wconf 88' lang='grc'><strong>111</strong></span> 
     </span>
    </p>
   </div>
   <div class='ocr_carea' id='block_1_16' title="bbox 531 1577 2109 1655">
    <p class='ocr_par' dir='ltr' id='par_1_16' title="bbox 531 1577 2109 1655">
     <span class='ocr_line' id='line_1_16' title="bbox 531 1577 2109 1655; baseline -0.004 -17"><span class='ocrx_word' id='word_1_111' title='bbox 531 1605 552 1638; x_wconf 79' lang='grc'><strong>1</strong></span> <span class='ocrx_word' id='word_1_112' title='bbox 587 1585 856 1655; x_wconf 85' lang='lat' dir='ltr'><strong>patientia</strong></span> <span class='ocrx_word' id='word_1_113' title='bbox 885 1591 1067 1640; x_wconf 84' lang='lat' dir='ltr'><strong>vestra</strong></span> <span class='ocrx_word' id='word_1_114' title='bbox 1115 1578 1462 1650; x_wconf 85' lang='lat' dir='ltr'><strong>possidebitis</strong></span> <span class='ocrx_word' id='word_1_115' title='bbox 1487 1578 1698 1635; x_wconf 90' lang='lat' dir='ltr'><strong>animas</strong></span> <span class='ocrx_word' id='word_1_116' title='bbox 1724 1589 1933 1635; x_wconf 88' lang='lat' dir='ltr'><strong>vestras</strong></span> <span class='ocrx_word' id='word_1_117' title='bbox 1958 1577 2109 1649; x_wconf 85' lang='lat' dir='ltr'><strong>(Luc.</strong></span> 
     </span>
    </p>
   </div>
   <div class='ocr_carea' id='block_1_17' title="bbox 531 1667 2112 1745">
    <p class='ocr_par' dir='ltr' id='par_1_17' title="bbox 531 1667 2112 1745">
     <span class='ocr_line' id='line_1_17' title="bbox 531 1667 2112 1745; baseline -0.001 -19"><span class='ocrx_word' id='word_1_118' title='bbox 531 1693 551 1726; x_wconf 86' lang='grc'>‹</span> <span class='ocrx_word' id='word_1_119' title='bbox 591 1691 684 1730; x_wconf 77' lang='lat' dir='ltr'><strong>xxt</strong></span> <span class='ocrx_word' id='word_1_120' title='bbox 705 1714 722 1742; x_wconf 95' lang='lat'><strong>,</strong></span> <span class='ocrx_word' id='word_1_121' title='bbox 755 1674 878 1745; x_wconf 64' lang='lat'><strong>{9);</strong></span> <span class='ocrx_word' id='word_1_122' title='bbox 900 1691 920 1726; x_wconf 84' lang='grc'><strong>1</strong></span> <span class='ocrx_word' id='word_1_123' title='bbox 957 1685 1058 1728; x_wconf 87' lang='lat' dir='ltr'><strong>nec</strong></span> <span class='ocrx_word' id='word_1_124' title='bbox 1083 1687 1192 1727; x_wconf 87' lang='lat' dir='ltr'><strong>non</strong></span> <span class='ocrx_word' id='word_1_125' title='bbox 1225 1679 1281 1726; x_wconf 89' lang='lat' dir='ltr'><strong>et</strong></span> <span class='ocrx_word' id='word_1_126' title='bbox 1309 1669 1440 1726; x_wconf 90' lang='lat' dir='ltr'><strong>illud</strong></span> <span class='ocrx_word' id='word_1_127' title='bbox 1465 1667 1764 1726; x_wconf 87' lang='lat' dir='ltr'><strong>beatissimi</strong></span> <span class='ocrx_word' id='word_1_128' title='bbox 1787 1668 1980 1724; x_wconf 87' lang='lat' dir='ltr'><strong>Pauli:</strong></span> <span class='ocrx_word' id='word_1_129' title='bbox 2013 1668 2112 1725; x_wconf 83' lang='grc'><strong>1111</strong></span> 
     </span>
    </p>
   </div>
   <div class='ocr_carea' id='block_1_18' title="bbox 531 1759 2110 1829">
    <p class='ocr_par' dir='ltr' id='par_1_18' title="bbox 531 1759 2110 1829">
     <span class='ocr_line' id='line_1_18' title="bbox 531 1759 2110 1829; baseline -0.002 -11"><span class='ocrx_word' id='word_1_130' title='bbox 531 1786 551 1818; x_wconf 81' lang='grc'><strong>1</strong></span> <span class='ocrx_word' id='word_1_131' title='bbox 583 1767 838 1822; x_wconf 89' lang='lat' dir='ltr'><strong>omnibus</strong></span> <span class='ocrx_word' id='word_1_132' title='bbox 859 1764 1214 1821; x_wconf 82' lang='lat' dir='ltr'><strong>exhibeamus</strong></span> <span class='ocrx_word' id='word_1_133' title='bbox 1240 1777 1376 1829; x_wconf 85' lang='lat' dir='ltr'><strong>nos,</strong></span> <span class='ocrx_word' id='word_1_134' title='bbox 1415 1761 1558 1817; x_wconf 87' lang='lat' dir='ltr'><strong>sicut</strong></span> <span class='ocrx_word' id='word_1_135' title='bbox 1596 1759 1696 1818; x_wconf 85' lang='lat' dir='ltr'><strong>Dei</strong></span> <span class='ocrx_word' id='word_1_136' title='bbox 1725 1760 2027 1826; x_wconf 84' lang='lat' dir='ltr'><strong>ministros,</strong></span> <span class='ocrx_word' id='word_1_137' title='bbox 2057 1761 2110 1815; x_wconf 91' lang='lat' dir='ltr'><strong>in</strong></span> 
     </span>
    </p>
   </div>
   <div class='ocr_carea' id='block_1_19' title="bbox 2219 565 3794 641">
    <p class='ocr_par' dir='ltr' id='par_1_19' title="bbox 2219 565 3794 641">
     <span class='ocr_line' id='line_1_19' title="bbox 2219 565 3794 641; baseline -0.002 -13"><span class='ocrx_word' id='word_1_138' title='bbox 2219 569 2479 641; x_wconf 85' lang='lat' dir='ltr'><strong>temporis</strong></span> <span class='ocrx_word' id='word_1_139' title='bbox 2507 569 2626 639; x_wconf 86' lang='lat' dir='ltr'><strong>ipse</strong></span> <span class='ocrx_word' id='word_1_140' title='bbox 2645 565 3004 624; x_wconf 88' lang='lat' dir='ltr'><strong>reminiscens</strong></span> <span class='ocrx_word' id='word_1_141' title='bbox 3025 574 3173 622; x_wconf 85' lang='lat' dir='ltr'><strong>totus</strong></span> <span class='ocrx_word' id='word_1_142' title='bbox 3199 565 3634 624; x_wconf 83' lang='lat' dir='ltr'><strong>inhorresceret.</strong></span> <span class='ocrx_word' id='word_1_143' title='bbox 3667 566 3794 627; x_wconf 82' lang='lat' dir='ltr'><strong>Tunc</strong></span> 
     </span>
    </p>
   </div>
   <div class='ocr_carea' id='block_1_20' title="bbox 2215 653 3794 728">
    <p class='ocr_par' dir='ltr' id='par_1_20' title="bbox 2215 653 3794 728">
     <span class='ocr_line' id='line_1_20' title="bbox 2215 653 3794 728; baseline -0.001 -12"><span class='ocrx_word' id='word_1_144' title='bbox 2215 674 2369 726; x_wconf 86' lang='lat' dir='ltr'><strong>vero,</strong></span> <span class='ocrx_word' id='word_1_145' title='bbox 2398 657 2520 715; x_wconf 85' lang='lat' dir='ltr'><strong>cum</strong></span> <span class='ocrx_word' id='word_1_146' title='bbox 2547 658 2652 714; x_wconf 90' lang='lat' dir='ltr'><strong>ista</strong></span> <span class='ocrx_word' id='word_1_147' title='bbox 2682 653 2999 727; x_wconf 86' lang='lat' dir='ltr'><strong>proferebat</strong></span> <span class='ocrx_word' id='word_1_148' title='bbox 3038 655 3203 713; x_wconf 89' lang='lat' dir='ltr'><strong>heros</strong></span> <span class='ocrx_word' id='word_1_149' title='bbox 3226 653 3337 722; x_wconf 92' lang='lat' dir='ltr'><strong>ille,</strong></span> <span class='ocrx_word' id='word_1_150' title='bbox 3374 656 3462 712; x_wconf 87' lang='lat' dir='ltr'><strong>cui</strong></span> <span class='ocrx_word' id='word_1_151' title='bbox 3511 671 3585 715; x_wconf 85' lang='lat' dir='ltr'><strong>ex</strong></span> <span class='ocrx_word' id='word_1_152' title='bbox 3612 655 3794 728; x_wconf 79' lang='lat' dir='ltr'><strong>Spiritu</strong></span> 
     </span>
    </p>
   </div>
   <div class='ocr_carea' id='block_1_21' title="bbox 2216 748 3796 822">
    <p class='ocr_par' dir='ltr' id='par_1_21' title="bbox 2216 748 3796 822">
     <span class='ocr_line' id='line_1_21' title="bbox 2216 748 3796 822; baseline -0.003 -12"><span class='ocrx_word' id='word_1_153' title='bbox 2216 753 2312 811; x_wconf 87' lang='lat' dir='ltr'><strong>Dei</strong></span> <span class='ocrx_word' id='word_1_154' title='bbox 2341 751 2564 808; x_wconf 86' lang='lat' dir='ltr'><strong>libertas</strong></span> <span class='ocrx_word' id='word_1_155' title='bbox 2586 759 2734 806; x_wconf 87' lang='lat' dir='ltr'><strong>tanta</strong></span> <span class='ocrx_word' id='word_1_156' title='bbox 2764 748 2888 816; x_wconf 85' lang='lat' dir='ltr'><strong>fuit,</strong></span> <span class='ocrx_word' id='word_1_157' title='bbox 2920 748 3074 820; x_wconf 73' lang='lat' dir='ltr'><strong>[iugo</strong></span> <span class='ocrx_word' id='word_1_158' title='bbox 3097 756 3250 806; x_wconf 88' lang='lat' dir='ltr'><strong>tanto</strong></span> <span class='ocrx_word' id='word_1_159' title='bbox 3275 751 3394 806; x_wconf 87' lang='lat' dir='ltr'><strong>vice</strong></span> <span class='ocrx_word' id='word_1_160' title='bbox 3427 751 3585 822; x_wconf 86' lang='lat' dir='ltr'><strong>regis</strong></span> <span class='ocrx_word' id='word_1_161' title='bbox 3611 751 3796 807; x_wconf 69' lang='lat' dir='ltr'><strong>suffun-</strong></span> 
     </span>
    </p>
   </div>
   <div class='ocr_carea' id='block_1_22' title="bbox 2215 839 3797 914">
    <p class='ocr_par' dir='ltr' id='par_1_22' title="bbox 2215 839 3797 914">
     <span class='ocr_line' id='line_1_22' title="bbox 2215 839 3797 914; baseline -0.004 -13"><span class='ocrx_word' id='word_1_162' title='bbox 2215 843 2448 901; x_wconf 88' lang='lat' dir='ltr'><strong>debatur</strong></span> <span class='ocrx_word' id='word_1_163' title='bbox 2476 843 2698 910; x_wconf 87' lang='lat' dir='ltr'><strong>rubore,</strong></span> <span class='ocrx_word' id='word_1_164' title='bbox 2735 849 2797 898; x_wconf 90' lang='lat' dir='ltr'><strong>ut</strong></span> <span class='ocrx_word' id='word_1_165' title='bbox 2828 841 2920 896; x_wconf 90' lang='lat' dir='ltr'><strong>vix</strong></span> <span class='ocrx_word' id='word_1_166' title='bbox 2948 839 3320 897; x_wconf 87' lang='lat' dir='ltr'><strong>confusionem</strong></span> <span class='ocrx_word' id='word_1_167' title='bbox 3354 843 3546 899; x_wconf 71' lang='lat' dir='ltr'><strong>cordis</strong></span> <span class='ocrx_word' id='word_1_168' title='bbox 3583 843 3669 897; x_wconf 89' lang='lat' dir='ltr'><strong>sui</strong></span> <span class='ocrx_word' id='word_1_169' title='bbox 3703 843 3797 914; x_wconf 75' lang='lat' dir='ltr'><strong>ipse</strong></span> 
     </span>
    </p>
   </div>
   <div class='ocr_carea' id='block_1_23' title="bbox 2217 929 3798 1003">
    <p class='ocr_par' dir='ltr' id='par_1_23' title="bbox 2217 929 3798 1003">
     <span class='ocr_line' id='line_1_23' title="bbox 2217 929 3798 1003; baseline -0.003 -11"><span class='ocrx_word' id='word_1_170' title='bbox 2217 934 2494 992; x_wconf 87' lang='lat' dir='ltr'><strong>toleraret.</strong></span> <span class='ocrx_word' id='word_1_171' title='bbox 2515 933 2768 990; x_wconf 70' lang='lat' dir='ltr'><strong>Manebat</strong></span> <span class='ocrx_word' id='word_1_172' title='bbox 2783 929 3007 988; x_wconf 84' lang='lat' dir='ltr'><strong>fratrem</strong></span> <span class='ocrx_word' id='word_1_173' title='bbox 3033 929 3230 988; x_wconf 88' lang='lat' dir='ltr'><strong>talibus</strong></span> <span class='ocrx_word' id='word_1_174' title='bbox 3242 929 3422 987; x_wconf 78' lang='lat' dir='ltr'><strong>eﬂ&#39;atis</strong></span> <span class='ocrx_word' id='word_1_175' title='bbox 3443 946 3700 1003; x_wconf 80' lang='lat' dir='ltr'><strong>parcere,</strong></span> <span class='ocrx_word' id='word_1_176' title='bbox 3722 942 3798 988; x_wconf 81' lang='lat' dir='ltr'><strong>aut</strong></span> 
     </span>
    </p>
   </div>
   <div class='ocr_carea' id='block_1_24' title="bbox 2215 1022 3798 1099">
    <p class='ocr_par' dir='ltr' id='par_1_24' title="bbox 2215 1022 3798 1099">
     <span class='ocr_line' id='line_1_24' title="bbox 2215 1022 3798 1099; baseline -0.002 -16"><span class='ocrx_word' id='word_1_177' title='bbox 2215 1028 2433 1099; x_wconf 87' lang='lat' dir='ltr'><strong>penitus</strong></span> <span class='ocrx_word' id='word_1_178' title='bbox 2467 1023 2651 1082; x_wconf 72' lang='lat' dir='ltr'><strong>silere.</strong></span> <span class='ocrx_word' id='word_1_179' title='bbox 2683 1022 2883 1080; x_wconf 80' lang='lat' dir='ltr'><strong>Verum</strong></span> <span class='ocrx_word' id='word_1_180' title='bbox 2919 1022 2986 1089; x_wconf 89' lang='lat' dir='ltr'><strong>is,</strong></span> <span class='ocrx_word' id='word_1_181' title='bbox 3023 1031 3085 1079; x_wconf 91' lang='lat' dir='ltr'><strong>ut</strong></span> <span class='ocrx_word' id='word_1_182' title='bbox 3104 1032 3224 1080; x_wconf 88' lang='lat' dir='ltr'><strong>erat</strong></span> <span class='ocrx_word' id='word_1_183' title='bbox 3249 1023 3612 1080; x_wconf 67' lang='lat' dir='ltr'><strong>conscientia</strong></span> <span class='ocrx_word' id='word_1_184' title='bbox 3641 1026 3798 1094; x_wconf 85' lang='lat' dir='ltr'><strong>purio-</strong></span> 
     </span>
    </p>
   </div>
   <div class='ocr_carea' id='block_1_25' title="bbox 2216 1115 3797 1188">
    <p class='ocr_par' dir='ltr' id='par_1_25' title="bbox 2216 1115 3797 1188">
     <span class='ocr_line' id='line_1_25' title="bbox 2216 1115 3797 1188; baseline -0.002 -14"><span class='ocrx_word' id='word_1_185' title='bbox 2216 1119 2294 1175; x_wconf 86' lang='lat' dir='ltr'><strong>ris</strong></span> <span class='ocrx_word' id='word_1_186' title='bbox 2313 1129 2367 1174; x_wconf 90' lang='lat' dir='ltr'><strong>et</strong></span> <span class='ocrx_word' id='word_1_187' title='bbox 2392 1118 2704 1174; x_wconf 69' lang='lat' dir='ltr'><strong>reverendae</strong></span> <span class='ocrx_word' id='word_1_188' title='bbox 2735 1115 2977 1182; x_wconf 89' lang='lat' dir='ltr'><strong>canitiei,</strong></span> <span class='ocrx_word' id='word_1_189' title='bbox 3005 1115 3286 1188; x_wconf 76' lang='lat' dir='ltr'><strong>sanguinis</strong></span> <span class='ocrx_word' id='word_1_190' title='bbox 3310 1116 3480 1171; x_wconf 88' lang='lat' dir='ltr'><strong>etiam</strong></span> <span class='ocrx_word' id='word_1_191' title='bbox 3505 1115 3626 1188; x_wconf 83' lang='lat'><strong>(60)</strong></span> <span class='ocrx_word' id='word_1_192' title='bbox 3653 1131 3797 1186; x_wconf 81' lang='lat' dir='ltr'><strong>gene-</strong></span> 
     </span>
    </p>
   </div>
   <div class='ocr_carea' id='block_1_26' title="bbox 2215 1205 3796 1278">
    <p class='ocr_par' dir='ltr' id='par_1_26' title="bbox 2215 1205 3796 1278">
     <span class='ocr_line' id='line_1_26' title="bbox 2215 1205 3796 1278; baseline -0.004 -12"><span class='ocrx_word' id='word_1_193' title='bbox 2215 1211 2349 1278; x_wconf 90' lang='lat' dir='ltr'><strong>rosi,</strong></span> <span class='ocrx_word' id='word_1_194' title='bbox 2381 1209 2518 1266; x_wconf 88' lang='lat' dir='ltr'><strong>nihil</strong></span> <span class='ocrx_word' id='word_1_195' title='bbox 2547 1207 2805 1274; x_wconf 82' lang='lat' dir='ltr'><strong>ducebat,</strong></span> <span class='ocrx_word' id='word_1_196' title='bbox 2853 1221 3191 1278; x_wconf 71' lang='lat' dir='ltr'><strong>quaecunque</strong></span> <span class='ocrx_word' id='word_1_197' title='bbox 3228 1205 3482 1270; x_wconf 74' lang='lat' dir='ltr'><strong>dixisset,</strong></span> <span class='ocrx_word' id='word_1_198' title='bbox 3513 1206 3649 1276; x_wconf 89' lang='lat' dir='ltr'><strong>quin</strong></span> <span class='ocrx_word' id='word_1_199' title='bbox 3675 1207 3796 1262; x_wconf 70' lang='lat' dir='ltr'><strong>che-</strong></span> 
     </span>
    </p>
   </div>
   <div class='ocr_carea' id='block_1_27' title="bbox 2216 1293 3798 1370">
    <p class='ocr_par' dir='ltr' id='par_1_27' title="bbox 2216 1293 3798 1370">
     <span class='ocr_line' id='line_1_27' title="bbox 2216 1293 3798 1370; baseline -0.004 -13"><span class='ocrx_word' id='word_1_200' title='bbox 2216 1311 2302 1358; x_wconf 86' lang='lat' dir='ltr'><strong>ret</strong></span> <span class='ocrx_word' id='word_1_201' title='bbox 2328 1301 2432 1356; x_wconf 91' lang='lat' dir='ltr'><strong>alia</strong></span> <span class='ocrx_word' id='word_1_202' title='bbox 2458 1307 2623 1370; x_wconf 83' lang='lat' dir='ltr'><strong>atque</strong></span> <span class='ocrx_word' id='word_1_203' title='bbox 2661 1293 2793 1366; x_wconf 82' lang='lat' dir='ltr'><strong>alia,</strong></span> <span class='ocrx_word' id='word_1_204' title='bbox 2823 1298 3025 1368; x_wconf 86' lang='lat' dir='ltr'><strong>quibus</strong></span> <span class='ocrx_word' id='word_1_205' title='bbox 3046 1296 3349 1368; x_wconf 79' lang='lat' dir='ltr'><strong>principem</strong></span> <span class='ocrx_word' id='word_1_206' title='bbox 3380 1297 3693 1367; x_wconf 78' lang='lat' dir='ltr'><strong>corrigeret</strong></span> <span class='ocrx_word' id='word_1_207' title='bbox 3722 1306 3798 1351; x_wconf 74' lang='lat' dir='ltr'><strong>aut</strong></span> 
     </span>
    </p>
   </div>
   <div class='ocr_carea' id='block_1_28' title="bbox 2215 1383 3797 1457">
    <p class='ocr_par' dir='ltr' id='par_1_28' title="bbox 2215 1383 3797 1457">
     <span class='ocr_line' id='line_1_28' title="bbox 2215 1383 3797 1457; baseline -0.002 -11"><span class='ocrx_word' id='word_1_208' title='bbox 2215 1391 2480 1457; x_wconf 88' lang='lat' dir='ltr'><strong>erudiret,</strong></span> <span class='ocrx_word' id='word_1_209' title='bbox 2510 1398 2565 1446; x_wconf 92' lang='lat' dir='ltr'><strong>et</strong></span> <span class='ocrx_word' id='word_1_210' title='bbox 2595 1389 2699 1445; x_wconf 91' lang='lat' dir='ltr'><strong>alia</strong></span> <span class='ocrx_word' id='word_1_211' title='bbox 2730 1389 2909 1443; x_wconf 88' lang='lat' dir='ltr'><strong>adhuc</strong></span> <span class='ocrx_word' id='word_1_212' title='bbox 2937 1387 3167 1443; x_wconf 90' lang='lat' dir='ltr'><strong>dicendo</strong></span> <span class='ocrx_word' id='word_1_213' title='bbox 3193 1383 3575 1444; x_wconf 74' lang='lat' dir='ltr'><strong>s‘uhnecteret.</strong></span> <span class='ocrx_word' id='word_1_214' title='bbox 3611 1387 3797 1443; x_wconf 84' lang='lat' dir='ltr'><strong>Interea</strong></span> 
     </span>
    </p>
   </div>
   <div class='ocr_carea' id='block_1_29' title="bbox 2215 1479 3796 1547">
    <p class='ocr_par' dir='ltr' id='par_1_29' title="bbox 2215 1479 3796 1547">
     <span class='ocr_line' id='line_1_29' title="bbox 2215 1479 3796 1547; baseline 0 -11"><span class='ocrx_word' id='word_1_215' title='bbox 2215 1495 2346 1538; x_wconf 88' lang='lat' dir='ltr'><strong>vero</strong></span> <span class='ocrx_word' id='word_1_216' title='bbox 2374 1496 2490 1547; x_wconf 84' lang='lat' dir='ltr'><strong>rex,</strong></span> <span class='ocrx_word' id='word_1_217' title='bbox 2527 1496 2627 1537; x_wconf 82' lang='lat' dir='ltr'><strong>nec</strong></span> <span class='ocrx_word' id='word_1_218' title='bbox 2663 1479 2844 1536; x_wconf 86' lang='lat' dir='ltr'><strong>vultus</strong></span> <span class='ocrx_word' id='word_1_219' title='bbox 2883 1480 3211 1546; x_wconf 87' lang='lat' dir='ltr'><strong>immutavit,</strong></span> <span class='ocrx_word' id='word_1_220' title='bbox 3239 1494 3341 1534; x_wconf 90' lang='lat' dir='ltr'><strong>nec</strong></span> <span class='ocrx_word' id='word_1_221' title='bbox 3368 1481 3606 1535; x_wconf 65' lang='lat' dir='ltr'><strong>verum)</strong></span> <span class='ocrx_word' id='word_1_222' title='bbox 3631 1480 3796 1545; x_wconf 81' lang='lat' dir='ltr'><strong>edidit,</strong></span> 
     </span>
    </p>
   </div>
   <div class='ocr_carea' id='block_1_30' title="bbox 2215 1575 3798 1648">
    <p class='ocr_par' dir='ltr' id='par_1_30' title="bbox 2215 1575 3798 1648">
     <span class='ocr_line' id='line_1_30' title="bbox 2215 1575 3798 1648; baseline 0 -16"><span class='ocrx_word' id='word_1_223' title='bbox 2215 1576 2325 1632; x_wconf 90' lang='lat' dir='ltr'><strong>imo</strong></span> <span class='ocrx_word' id='word_1_224' title='bbox 2349 1576 2548 1634; x_wconf 89' lang='lat' dir='ltr'><strong>tacitus</strong></span> <span class='ocrx_word' id='word_1_225' title='bbox 2575 1586 2632 1633; x_wconf 87' lang='lat' dir='ltr'><strong>et</strong></span> <span class='ocrx_word' id='word_1_226' title='bbox 2653 1575 2977 1646; x_wconf 87' lang='lat' dir='ltr'><strong>tranquillus</strong></span> <span class='ocrx_word' id='word_1_227' title='bbox 2998 1576 3268 1632; x_wconf 87' lang='lat' dir='ltr'><strong>dicentem</strong></span> <span class='ocrx_word' id='word_1_228' title='bbox 3292 1575 3589 1639; x_wconf 85' lang='lat' dir='ltr'><strong>sustinuit,</strong></span> <span class='ocrx_word' id='word_1_229' title='bbox 3616 1592 3798 1648; x_wconf 78' lang='lat' dir='ltr'><strong>quatis-</strong></span> 
     </span>
    </p>
   </div>
   <div class='ocr_carea' id='block_1_31' title="bbox 2214 1663 3804 1736">
    <p class='ocr_par' dir='ltr' id='par_1_31' title="bbox 2214 1663 3804 1736">
     <span class='ocr_line' id='line_1_31' title="bbox 2214 1663 3804 1736; baseline -0.001 -14"><span class='ocrx_word' id='word_1_230' title='bbox 2214 1681 2319 1736; x_wconf 88' lang='lat' dir='ltr'><strong>que</strong></span> <span class='ocrx_word' id='word_1_231' title='bbox 2348 1669 2622 1733; x_wconf 87' lang='lat' dir='ltr'><strong>universa,</strong></span> <span class='ocrx_word' id='word_1_232' title='bbox 2678 1680 2801 1736; x_wconf 63' lang='lat' dir='ltr'><strong>quae</strong></span> <span class='ocrx_word' id='word_1_233' title='bbox 2851 1673 3034 1722; x_wconf 85' lang='lat' dir='ltr'><strong>mente</strong></span> <span class='ocrx_word' id='word_1_234' title='bbox 3075 1663 3419 1735; x_wconf 79' lang='lat' dir='ltr'><strong>concepisset</strong></span> <span class='ocrx_word' id='word_1_235' title='bbox 3464 1664 3679 1730; x_wconf 84' lang='lat' dir='ltr'><strong>frater,</strong></span> <span class='ocrx_word' id='word_1_236' title='bbox 3722 1679 3804 1721; x_wconf 74' lang='lat' dir='ltr'><strong>ore</strong></span> 
     </span>
    </p>
   </div>
   <div class='ocr_carea' id='block_1_32' title="bbox 2214 1753 3801 1827">
    <p class='ocr_par' dir='ltr' id='par_1_32' title="bbox 2214 1753 3801 1827">
     <span class='ocr_line' id='line_1_32' title="bbox 2214 1753 3801 1827; baseline -0.001 -17"><span class='ocrx_word' id='word_1_237' title='bbox 2214 1756 2527 1823; x_wconf 90' lang='lat' dir='ltr'><strong>parturiret.</strong></span> <span class='ocrx_word' id='word_1_238' title='bbox 2557 1755 2802 1810; x_wconf 84' lang='lat' dir='ltr'><strong>Tandem</strong></span> <span class='ocrx_word' id='word_1_239' title='bbox 2827 1754 2917 1811; x_wconf 91' lang='lat' dir='ltr'><strong>ille</strong></span> <span class='ocrx_word' id='word_1_240' title='bbox 2932 1754 3163 1811; x_wconf 87' lang='lat' dir='ltr'><strong>satiatus</strong></span> <span class='ocrx_word' id='word_1_241' title='bbox 3209 1753 3676 1827; x_wconf 70' lang='lat' dir='ltr'><strong>praecordialique</strong></span> <span class='ocrx_word' id='word_1_242' title='bbox 3695 1769 3801 1825; x_wconf 80' lang='lat' dir='ltr'><strong>par-</strong></span> 
     </span>
    </p>
   </div>
   <div class='ocr_carea' id='block_1_33' title="bbox 532 1843 3799 1928">
    <p class='ocr_par' dir='ltr' id='par_1_33' title="bbox 532 1843 3799 1928">
     <span class='ocr_line' id='line_1_33' title="bbox 532 1843 3799 1928; baseline -0.004 -18"><span class='ocrx_word' id='word_1_243' title='bbox 532 1875 557 1909; x_wconf 73' lang='grc'><strong>1</strong></span> <span class='ocrx_word' id='word_1_244' title='bbox 584 1850 750 1913; x_wconf 84' lang='lat' dir='ltr'><strong>multa</strong></span> <span class='ocrx_word' id='word_1_245' title='bbox 772 1856 1030 1928; x_wconf 77' lang='lat' dir='ltr'><strong>patientia</strong></span> <span class='ocrx_word' id='word_1_246' title='bbox 1055 1855 1138 1927; x_wconf 85' lang='lat' dir='ltr'><strong>(ll</strong></span> <span class='ocrx_word' id='word_1_247' title='bbox 1154 1847 1363 1919; x_wconf 68' lang='lat' dir='ltr'><strong>Convt,</strong></span> <span class='ocrx_word' id='word_1_248' title='bbox 1381 1851 1492 1927; x_wconf 71' lang='grc'><strong>4).»</strong></span> <span class='ocrx_word' id='word_1_249' title='bbox 1516 1851 1680 1909; x_wconf 80' lang='lat' dir='ltr'><strong>Multa</strong></span> <span class='ocrx_word' id='word_1_250' title='bbox 1703 1867 1831 1910; x_wconf 85' lang='lat' dir='ltr'><strong>vero</strong></span> <span class='ocrx_word' id='word_1_251' title='bbox 1853 1853 2110 1925; x_wconf 76' lang='lat' dir='ltr'><strong>patientia</strong></span> <span class='ocrx_word' id='word_1_252' title='bbox 2143 1849 2188 1911; x_wconf 78' lang='grc' dir='ltr'><strong><em>Β</em></strong></span> <span class='ocrx_word' id='word_1_253' title='bbox 2218 1847 2475 1902; x_wconf 89' lang='lat' dir='ltr'><strong>turitione</strong></span> <span class='ocrx_word' id='word_1_254' title='bbox 2507 1857 2834 1904; x_wconf 70' lang='lat' dir='ltr'><strong>exoneratus</strong></span> <span class='ocrx_word' id='word_1_255' title='bbox 2864 1846 3028 1902; x_wconf 72' lang='lat' dir='ltr'><strong>linem</strong></span> <span class='ocrx_word' id='word_1_256' title='bbox 3056 1844 3185 1902; x_wconf 87' lang='lat' dir='ltr'><strong>fecit</strong></span> <span class='ocrx_word' id='word_1_257' title='bbox 3227 1843 3730 1916; x_wconf 74' lang='lat' dir='ltr'><strong>objurgationibus,</strong></span> <span class='ocrx_word' id='word_1_258' title='bbox 3752 1853 3799 1900; x_wconf 88' lang='lat' dir='ltr'><strong>ct</strong></span> 
     </span>
    </p>
   </div>
   <div class='ocr_carea' id='block_1_34' title="bbox 526 1943 2109 2018">
    <p class='ocr_par' dir='ltr' id='par_1_34' title="bbox 526 1943 2109 2018">
     <span class='ocr_line' id='line_1_34' title="bbox 526 1943 2109 2018; baseline -0.001 -16"><span class='ocrx_word' id='word_1_259' title='bbox 526 1948 580 2002; x_wconf 87' lang='lat' dir='ltr'><strong>in</strong></span> <span class='ocrx_word' id='word_1_260' title='bbox 613 1963 679 2003; x_wconf 89' lang='lat' dir='ltr'><strong>eo</strong></span> <span class='ocrx_word' id='word_1_261' title='bbox 709 1946 1117 2018; x_wconf 86' lang='lat' dir='ltr'><strong>comprobatur,</strong></span> <span class='ocrx_word' id='word_1_262' title='bbox 1145 1945 1195 2002; x_wconf 91' lang='lat' dir='ltr'><strong>si</strong></span> <span class='ocrx_word' id='word_1_263' title='bbox 1225 1944 1394 2000; x_wconf 90' lang='lat' dir='ltr'><strong>multa</strong></span> <span class='ocrx_word' id='word_1_264' title='bbox 1419 1943 1692 2000; x_wconf 89' lang='lat' dir='ltr'><strong>contraria</strong></span> <span class='ocrx_word' id='word_1_265' title='bbox 1729 1944 1846 2001; x_wconf 86' lang='lat' dir='ltr'><strong>sive</strong></span> <span class='ocrx_word' id='word_1_266' title='bbox 1876 1947 2109 2002; x_wconf 83' lang='lat' dir='ltr'><strong>adversa</strong></span> 
     </span>
    </p>
   </div>
   <div class='ocr_carea' id='block_1_35' title="bbox 525 2035 2105 2109">
    <p class='ocr_par' dir='ltr' id='par_1_35' title="bbox 525 2035 2105 2109">
     <span class='ocr_line' id='line_1_35' title="bbox 525 2035 2105 2109; baseline -0.001 -17"><span class='ocrx_word' id='word_1_267' title='bbox 525 2038 580 2092; x_wconf 92' lang='lat' dir='ltr'><strong>in</strong></span> <span class='ocrx_word' id='word_1_268' title='bbox 635 2037 805 2094; x_wconf 90' lang='lat' dir='ltr'><strong>multa</strong></span> <span class='ocrx_word' id='word_1_269' title='bbox 847 2037 1072 2095; x_wconf 89' lang='lat' dir='ltr'><strong>leuitate</strong></span> <span class='ocrx_word' id='word_1_270' title='bbox 1115 2044 1403 2109; x_wconf 86' lang='lat' dir='ltr'><strong>supportet</strong></span> <span class='ocrx_word' id='word_1_271' title='bbox 1457 2035 1847 2108; x_wconf 81' lang='lat' dir='ltr'><strong>longanimitas</strong></span> <span class='ocrx_word' id='word_1_272' title='bbox 1899 2036 2105 2091; x_wconf 89' lang='lat' dir='ltr'><strong>multa:</strong></span> 
     </span>
    </p>
   </div>
   <div class='ocr_carea' id='block_1_36' title="bbox 523 2127 2109 2200">
    <p class='ocr_par' dir='ltr' id='par_1_36' title="bbox 523 2127 2109 2200">
     <span class='ocr_line' id='line_1_36' title="bbox 523 2127 2109 2200; baseline 0.001 -18"><span class='ocrx_word' id='word_1_273' title='bbox 523 2128 784 2200; x_wconf 88' lang='lat' dir='ltr'><strong>patientia</strong></span> <span class='ocrx_word' id='word_1_274' title='bbox 823 2143 971 2184; x_wconf 77' lang='lat' dir='ltr'><strong>enim</strong></span> <span class='ocrx_word' id='word_1_275' title='bbox 1004 2141 1125 2184; x_wconf 71' lang='lat' dir='ltr'><strong>sine</strong></span> <span class='ocrx_word' id='word_1_276' title='bbox 1164 2127 1576 2200; x_wconf 80' lang='lat' dir='ltr'><strong>longanimitate</strong></span> <span class='ocrx_word' id='word_1_277' title='bbox 1615 2143 1723 2184; x_wconf 89' lang='lat' dir='ltr'><strong>non</strong></span> <span class='ocrx_word' id='word_1_278' title='bbox 1766 2127 1972 2194; x_wconf 86' lang='lat' dir='ltr'><strong>multa,</strong></span> <span class='ocrx_word' id='word_1_279' title='bbox 2013 2127 2109 2183; x_wconf 85' lang='lat' dir='ltr'><strong>sed</strong></span> 
     </span>
    </p>
   </div>
   <div class='ocr_carea' id='block_1_37' title="bbox 521 2217 2102 2290">
    <p class='ocr_par' dir='ltr' id='par_1_37' title="bbox 521 2217 2102 2290">
     <span class='ocr_line' id='line_1_37' title="bbox 521 2217 2102 2290; baseline -0.001 -17"><span class='ocrx_word' id='word_1_280' title='bbox 521 2228 678 2273; x_wconf 91' lang='lat' dir='ltr'><strong>curta</strong></span> <span class='ocrx_word' id='word_1_281' title='bbox 707 2218 834 2285; x_wconf 91' lang='lat' dir='ltr'><strong>erit,</strong></span> <span class='ocrx_word' id='word_1_282' title='bbox 866 2219 1073 2289; x_wconf 87' lang='lat' dir='ltr'><strong>absque</strong></span> <span class='ocrx_word' id='word_1_283' title='bbox 1103 2217 1329 2274; x_wconf 89' lang='lat' dir='ltr'><strong>lenitate</strong></span> <span class='ocrx_word' id='word_1_284' title='bbox 1347 2233 1480 2275; x_wconf 91' lang='lat' dir='ltr'><strong>vero</strong></span> <span class='ocrx_word' id='word_1_285' title='bbox 1509 2233 1732 2290; x_wconf 87' lang='lat' dir='ltr'><strong>prorsus</strong></span> <span class='ocrx_word' id='word_1_286' title='bbox 1757 2219 1898 2274; x_wconf 89' lang='lat' dir='ltr'><strong>nulla</strong></span> <span class='ocrx_word' id='word_1_287' title='bbox 1922 2219 2049 2274; x_wconf 88' lang='lat' dir='ltr'><strong>erit.</strong></span> <span class='ocrx_word' id='word_1_288' title='bbox 2083 2238 2102 2272; x_wconf 83' lang='grc'><strong>1</strong></span> 
     </span>
    </p>
   </div>
   <div class='ocr_carea' id='block_1_38' title="bbox 593 2309 2108 2380">
    <p class='ocr_par' dir='ltr' id='par_1_38' title="bbox 593 2309 2108 2380">
     <span class='ocr_line' id='line_1_38' title="bbox 593 2309 2108 2380; baseline 0.003 -17"><span class='ocrx_word' id='word_1_289' title='bbox 593 2310 903 2380; x_wconf 83' lang='lat' dir='ltr'><strong>Assumptis</strong></span> <span class='ocrx_word' id='word_1_290' title='bbox 937 2309 1104 2380; x_wconf 88' lang='lat' dir='ltr'><strong>igitur</strong></span> <span class='ocrx_word' id='word_1_291' title='bbox 1139 2309 1288 2380; x_wconf 83' lang='lat' dir='ltr'><strong>prior</strong></span> <span class='ocrx_word' id='word_1_292' title='bbox 1315 2325 1524 2376; x_wconf 85' lang='lat' dir='ltr'><strong>secum,</strong></span> <span class='ocrx_word' id='word_1_293' title='bbox 1565 2310 1825 2380; x_wconf 73' lang='lat' dir='ltr'><strong>pmdicto</strong></span> <span class='ocrx_word' id='word_1_294' title='bbox 1875 2309 2108 2368; x_wconf 87' lang='lat' dir='ltr'><strong>Girardo</strong></span> 
     </span>
    </p>
   </div>
   <div class='ocr_carea' id='block_1_39' title="bbox 520 2398 2109 2472">
    <p class='ocr_par' dir='ltr' id='par_1_39' title="bbox 520 2398 2109 2472">
     <span class='ocr_line' id='line_1_39' title="bbox 520 2398 2109 2472; baseline 0.003 -20"><span class='ocrx_word' id='word_1_295' title='bbox 520 2406 578 2452; x_wconf 86' lang='lat' dir='ltr'><strong>et</strong></span> <span class='ocrx_word' id='word_1_296' title='bbox 604 2398 712 2452; x_wconf 89' lang='lat' dir='ltr'><strong>alio</strong></span> <span class='ocrx_word' id='word_1_297' title='bbox 737 2398 938 2465; x_wconf 87' lang='lat' dir='ltr'><strong>fratre,</strong></span> <span class='ocrx_word' id='word_1_298' title='bbox 980 2399 1200 2455; x_wconf 91' lang='lat' dir='ltr'><strong>nomine</strong></span> <span class='ocrx_word' id='word_1_299' title='bbox 1237 2398 1490 2472; x_wconf 83' lang='lat' dir='ltr'><strong>Cynardo</strong></span> <span class='ocrx_word' id='word_1_300' title='bbox 1535 2399 1684 2472; x_wconf 82' lang='lat'><strong>(59),</strong></span> <span class='ocrx_word' id='word_1_301' title='bbox 1718 2401 2010 2471; x_wconf 73' lang='lat' dir='ltr'><strong>grandaeva</strong></span> <span class='ocrx_word' id='word_1_302' title='bbox 2050 2411 2109 2457; x_wconf 88' lang='lat' dir='ltr'><strong>et</strong></span> 
     </span>
    </p>
   </div>
   <div class='ocr_carea' id='block_1_40' title="bbox 523 2487 2106 2558">
    <p class='ocr_par' dir='ltr' id='par_1_40' title="bbox 523 2487 2106 2558">
     <span class='ocr_line' id='line_1_40' title="bbox 523 2487 2106 2558; baseline 0.003 -17"><span class='ocrx_word' id='word_1_303' title='bbox 523 2487 924 2558; x_wconf 61' lang='lat' dir='ltr'><strong>probatissimae</strong></span> <span class='ocrx_word' id='word_1_304' title='bbox 962 2487 1016 2542; x_wconf 87' lang='lat' dir='ltr'><strong>in</strong></span> <span class='ocrx_word' id='word_1_305' title='bbox 1069 2496 1260 2543; x_wconf 86' lang='lat' dir='ltr'><strong>sancta</strong></span> <span class='ocrx_word' id='word_1_306' title='bbox 1302 2488 1565 2558; x_wconf 89' lang='lat' dir='ltr'><strong>religione</strong></span> <span class='ocrx_word' id='word_1_307' title='bbox 1610 2489 1860 2557; x_wconf 83' lang='lat' dir='ltr'><strong>virtutis,</strong></span> <span class='ocrx_word' id='word_1_308' title='bbox 1909 2489 1978 2545; x_wconf 89' lang='lat' dir='ltr'><strong>ad</strong></span> <span class='ocrx_word' id='word_1_309' title='bbox 2017 2505 2106 2546; x_wconf 85' lang='lat' dir='ltr'><strong>re-</strong></span> 
     </span>
    </p>
   </div>
   <div class='ocr_carea' id='block_1_41' title="bbox 520 2578 2107 2650">
    <p class='ocr_par' dir='ltr' id='par_1_41' title="bbox 520 2578 2107 2650">
     <span class='ocr_line' id='line_1_41' title="bbox 520 2578 2107 2650; baseline 0.001 -15"><span class='ocrx_word' id='word_1_310' title='bbox 520 2594 643 2649; x_wconf 81' lang='lat' dir='ltr'><strong>gem</strong></span> <span class='ocrx_word' id='word_1_311' title='bbox 673 2578 950 2650; x_wconf 85' lang='lat' dir='ltr'><strong>profectus</strong></span> <span class='ocrx_word' id='word_1_312' title='bbox 974 2587 1078 2636; x_wconf 89' lang='lat' dir='ltr'><strong>est.</strong></span> <span class='ocrx_word' id='word_1_313' title='bbox 1105 2579 1254 2647; x_wconf 84' lang='lat' dir='ltr'><strong>Quos</strong></span> <span class='ocrx_word' id='word_1_314' title='bbox 1278 2579 1369 2635; x_wconf 88' lang='lat' dir='ltr'><strong>ille</strong></span> <span class='ocrx_word' id='word_1_315' title='bbox 1405 2594 1598 2637; x_wconf 91' lang='lat' dir='ltr'><strong>omnes</strong></span> <span class='ocrx_word' id='word_1_316' title='bbox 1617 2619 1635 2647; x_wconf 95' lang='lat'><strong>,</strong></span> <span class='ocrx_word' id='word_1_317' title='bbox 1664 2595 1731 2636; x_wconf 89' lang='lat' dir='ltr'><strong>ac</strong></span> <span class='ocrx_word' id='word_1_318' title='bbox 1758 2580 1806 2636; x_wconf 89' lang='lat' dir='ltr'><strong>si</strong></span> <span class='ocrx_word' id='word_1_319' title='bbox 1853 2580 2107 2638; x_wconf 55' lang='lat' dir='ltr'><strong>caelestes</strong></span> 
     </span>
    </p>
   </div>
   <div class='ocr_carea' id='block_1_42' title="bbox 517 2669 2106 2742">
    <p class='ocr_par' dir='ltr' id='par_1_42' title="bbox 517 2669 2106 2742">
     <span class='ocr_line' id='line_1_42' title="bbox 517 2669 2106 2742; baseline 0.003 -18"><span class='ocrx_word' id='word_1_320' title='bbox 517 2669 778 2740; x_wconf 82' lang='lat' dir='ltr'><strong>angelos,</strong></span> <span class='ocrx_word' id='word_1_321' title='bbox 805 2669 1188 2726; x_wconf 86' lang='lat' dir='ltr'><strong>venerabiliter</strong></span> <span class='ocrx_word' id='word_1_322' title='bbox 1215 2669 1494 2742; x_wconf 78' lang='lat' dir='ltr'><strong>excipiens</strong></span> <span class='ocrx_word' id='word_1_323' title='bbox 1513 2710 1530 2738; x_wconf 89' lang='lat'><strong>,</strong></span> <span class='ocrx_word' id='word_1_324' title='bbox 1585 2673 1652 2727; x_wconf 89' lang='lat' dir='ltr'><strong>ad</strong></span> <span class='ocrx_word' id='word_1_325' title='bbox 1683 2671 2106 2730; x_wconf 85' lang='lat' dir='ltr'><strong>insinuationem</strong></span> 
     </span>
    </p>
   </div>
   <div class='ocr_carea' id='block_1_43' title="bbox 518 2756 2106 2834">
    <p class='ocr_par' dir='ltr' id='par_1_43' title="bbox 518 2756 2106 2834">
     <span class='ocr_line' id='line_1_43' title="bbox 518 2756 2106 2834; baseline 0.004 -18"><span class='ocrx_word' id='word_1_326' title='bbox 518 2756 778 2818; x_wconf 88' lang='lat' dir='ltr'><strong>instantis</strong></span> <span class='ocrx_word' id='word_1_327' title='bbox 799 2762 999 2834; x_wconf 84' lang='lat' dir='ltr'><strong>negotii</strong></span> <span class='ocrx_word' id='word_1_328' title='bbox 1030 2761 1226 2818; x_wconf 88' lang='lat' dir='ltr'><strong>blanda</strong></span> <span class='ocrx_word' id='word_1_329' title='bbox 1253 2760 1487 2832; x_wconf 89' lang='lat' dir='ltr'><strong>locutus,</strong></span> <span class='ocrx_word' id='word_1_330' title='bbox 1519 2763 1660 2824; x_wconf 85' lang='lat' dir='ltr'><strong>bona</strong></span> <span class='ocrx_word' id='word_1_331' title='bbox 1687 2764 1993 2834; x_wconf 85' lang='lat' dir='ltr'><strong>pollicitus,</strong></span> <span class='ocrx_word' id='word_1_332' title='bbox 2019 2765 2106 2822; x_wconf 84' lang='lat' dir='ltr'><strong>di-</strong></span> 
     </span>
    </p>
   </div>
   <div class='ocr_carea' id='block_1_44' title="bbox 428 2852 2107 2928">
    <p class='ocr_par' dir='ltr' id='par_1_44' title="bbox 428 2852 2107 2928">
     <span class='ocr_line' id='line_1_44' title="bbox 428 2852 2107 2928; baseline 0.004 -21"><span class='ocrx_word' id='word_1_333' title='bbox 428 2913 438 2920; x_wconf 90' lang='lat'>_</span> <span class='ocrx_word' id='word_1_334' title='bbox 517 2852 739 2909; x_wconf 85' lang='lat' dir='ltr'><strong>lationis</strong></span> <span class='ocrx_word' id='word_1_335' title='bbox 771 2867 1040 2910; x_wconf 90' lang='lat' dir='ltr'><strong>excusans</strong></span> <span class='ocrx_word' id='word_1_336' title='bbox 1072 2867 1321 2921; x_wconf 86' lang='lat' dir='ltr'><strong>causam,</strong></span> <span class='ocrx_word' id='word_1_337' title='bbox 1350 2853 1583 2928; x_wconf 83' lang='lat' dir='ltr'><strong>celerius</strong></span> <span class='ocrx_word' id='word_1_338' title='bbox 1608 2855 1790 2912; x_wconf 91' lang='lat' dir='ltr'><strong>omnia</strong></span> <span class='ocrx_word' id='word_1_339' title='bbox 1816 2855 2107 2928; x_wconf 85' lang='lat' dir='ltr'><strong>perlicien-</strong></span> 
     </span>
    </p>
   </div>
   <div class='ocr_carea' id='block_1_45' title="bbox 516 2943 2106 3017">
    <p class='ocr_par' dir='ltr' id='par_1_45' title="bbox 516 2943 2106 3017">
     <span class='ocr_line' id='line_1_45' title="bbox 516 2943 2106 3017; baseline 0.004 -19"><span class='ocrx_word' id='word_1_340' title='bbox 516 2943 584 2998; x_wconf 71' lang='lat' dir='ltr'><strong>da</strong></span> <span class='ocrx_word' id='word_1_341' title='bbox 612 2943 955 3014; x_wconf 74' lang='lat' dir='ltr'><strong>promittens,</strong></span> <span class='ocrx_word' id='word_1_342' title='bbox 985 2954 1234 3016; x_wconf 88' lang='lat' dir='ltr'><strong>sumptus</strong></span> <span class='ocrx_word' id='word_1_343' title='bbox 1279 2954 1464 3002; x_wconf 86' lang='lat' dir='ltr'><strong>tamen</strong></span> <span class='ocrx_word' id='word_1_344' title='bbox 1495 2945 1963 3017; x_wconf 71' lang='lat' dir='ltr'><strong>inpraesentiarum</strong></span> <span class='ocrx_word' id='word_1_345' title='bbox 1995 2963 2106 3004; x_wconf 90' lang='lat' dir='ltr'><strong>non</strong></span> 
     </span>
    </p>
   </div>
   <div class='ocr_carea' id='block_1_46' title="bbox 517 3033 2108 3106">
    <p class='ocr_par' dir='ltr' id='par_1_46' title="bbox 517 3033 2108 3106">
     <span class='ocr_line' id='line_1_46' title="bbox 517 3033 2108 3106; baseline 0.003 -16"><span class='ocrx_word' id='word_1_346' title='bbox 517 3033 778 3104; x_wconf 82' lang='lat' dir='ltr'><strong>contulit,</strong></span> <span class='ocrx_word' id='word_1_347' title='bbox 831 3049 932 3092; x_wconf 87' lang='lat' dir='ltr'><strong>nec</strong></span> <span class='ocrx_word' id='word_1_348' title='bbox 986 3037 1203 3106; x_wconf 87' lang='lat' dir='ltr'><strong>quando</strong></span> <span class='ocrx_word' id='word_1_349' title='bbox 1243 3045 1392 3092; x_wconf 79' lang='lat' dir='ltr'><strong>esset</strong></span> <span class='ocrx_word' id='word_1_350' title='bbox 1436 3037 1732 3093; x_wconf 79' lang='lat' dir='ltr'><strong>collaturus</strong></span> <span class='ocrx_word' id='word_1_351' title='bbox 1779 3039 1981 3095; x_wconf 88' lang='lat' dir='ltr'><strong>certius</strong></span> <span class='ocrx_word' id='word_1_352' title='bbox 2023 3038 2108 3094; x_wconf 88' lang='lat' dir='ltr'><strong>in-</strong></span> 
     </span>
    </p>
   </div>
   <div class='ocr_carea' id='block_1_47' title="bbox 517 3117 2106 3196">
    <p class='ocr_par' dir='ltr' id='par_1_47' title="bbox 517 3117 2106 3196">
     <span class='ocr_line' id='line_1_47' title="bbox 517 3117 2106 3196; baseline 0.004 -18"><span class='ocrx_word' id='word_1_353' title='bbox 517 3123 748 3179; x_wconf 89' lang='lat' dir='ltr'><strong>timavit.</strong></span> <span class='ocrx_word' id='word_1_354' title='bbox 777 3117 915 3178; x_wconf 81' lang='lat' dir='ltr'><strong>Tum</strong></span> <span class='ocrx_word' id='word_1_355' title='bbox 945 3139 1073 3180; x_wconf 89' lang='lat' dir='ltr'><strong>vero</strong></span> <span class='ocrx_word' id='word_1_356' title='bbox 1115 3120 1431 3182; x_wconf 82' lang='lat' dir='ltr'><strong>infrendens</strong></span> <span class='ocrx_word' id='word_1_357' title='bbox 1455 3123 1628 3182; x_wconf 85' lang='lat' dir='ltr'><strong>frater</strong></span> <span class='ocrx_word' id='word_1_358' title='bbox 1648 3125 1937 3196; x_wconf 84' lang='lat' dir='ltr'><strong>Girardus,</strong></span> <span class='ocrx_word' id='word_1_359' title='bbox 1965 3143 2106 3184; x_wconf 77' lang='lat' dir='ltr'><strong>sum-</strong></span> 
     </span>
    </p>
   </div>
   <div class='ocr_carea' id='block_1_48' title="bbox 2211 1937 3800 2012">
    <p class='ocr_par' dir='ltr' id='par_1_48' title="bbox 2211 1937 3800 2012">
     <span class='ocr_line' id='line_1_48' title="bbox 2211 1937 3800 2012; baseline -0.004 -14"><span class='ocrx_word' id='word_1_360' title='bbox 2211 1940 2426 1998; x_wconf 84' lang='lat' dir='ltr'><strong>silentio</strong></span> <span class='ocrx_word' id='word_1_361' title='bbox 2450 1938 2592 1998; x_wconf 78' lang='lat' dir='ltr'><strong>labia</strong></span> <span class='ocrx_word' id='word_1_362' title='bbox 2622 1938 2954 2012; x_wconf 82' lang='lat' dir='ltr'><strong>lla-gellantia</strong></span> <span class='ocrx_word' id='word_1_363' title='bbox 2980 1937 3308 2007; x_wconf 78' lang='lat' dir='ltr'><strong>concedens,</strong></span> <span class='ocrx_word' id='word_1_364' title='bbox 3338 1938 3607 2009; x_wconf 80' lang='lat' dir='ltr'><strong>spiritum</strong></span> <span class='ocrx_word' id='word_1_365' title='bbox 3654 1938 3800 1994; x_wconf 85' lang='lat' dir='ltr'><strong>conti-</strong></span> 
     </span>
    </p>
   </div>
   <div class='ocr_carea' id='block_1_49' title="bbox 2209 2033 3114 2104">
    <p class='ocr_par' dir='ltr' id='par_1_49' title="bbox 2209 2033 3114 2104">
     <span class='ocr_line' id='line_1_49' title="bbox 2209 2033 3114 2104; baseline 0.001 -16"><span class='ocrx_word' id='word_1_366' title='bbox 2209 2033 2348 2098; x_wconf 90' lang='lat' dir='ltr'><strong>nuit,</strong></span> <span class='ocrx_word' id='word_1_367' title='bbox 2379 2042 2433 2089; x_wconf 89' lang='lat' dir='ltr'><strong>et</strong></span> <span class='ocrx_word' id='word_1_368' title='bbox 2455 2047 2643 2090; x_wconf 88' lang='lat' dir='ltr'><strong>vocem</strong></span> <span class='ocrx_word' id='word_1_369' title='bbox 2671 2033 2952 2104; x_wconf 86' lang='lat' dir='ltr'><strong>repressit.</strong></span> <span class='ocrx_word' id='word_1_370' title='bbox 3109 2045 3114 2050; x_wconf 88' lang='lat'>&#39;</span> 
     </span>
    </p>
   </div>
   <div class='ocr_carea' id='block_1_50' title="bbox 2232 2123 3800 2196">
    <p class='ocr_par' dir='ltr' id='par_1_50' title="bbox 2232 2123 3800 2196">
     <span class='ocr_line' id='line_1_50' title="bbox 2232 2123 3800 2196; baseline -0.002 -16"><span class='ocrx_word' id='word_1_371' title='bbox 2232 2155 2235 2160; x_wconf 60' lang='grc' dir='ltr'><em>ν</em></span> <span class='ocrx_word' id='word_1_372' title='bbox 2283 2125 2477 2182; x_wconf 83' lang='lat' dir='ltr'><strong>Habito</strong></span> <span class='ocrx_word' id='word_1_373' title='bbox 2506 2133 2630 2196; x_wconf 86' lang='lat' dir='ltr'><strong>post</strong></span> <span class='ocrx_word' id='word_1_374' title='bbox 2664 2125 2782 2182; x_wconf 59' lang='lat' dir='ltr'><strong>haec</strong></span> <span class='ocrx_word' id='word_1_375' title='bbox 2811 2126 2880 2181; x_wconf 90' lang='lat' dir='ltr'><strong>ab</strong></span> <span class='ocrx_word' id='word_1_376' title='bbox 2912 2124 3188 2181; x_wconf 89' lang='lat' dir='ltr'><strong>universis</strong></span> <span class='ocrx_word' id='word_1_377' title='bbox 3231 2123 3559 2196; x_wconf 83' lang='lat' dir='ltr'><strong>aliquandiu</strong></span> <span class='ocrx_word' id='word_1_378' title='bbox 3589 2123 3701 2178; x_wconf 83' lang='lat' dir='ltr'><strong>alto</strong></span> <span class='ocrx_word' id='word_1_379' title='bbox 3735 2123 3800 2177; x_wconf 86' lang='lat' dir='ltr'><strong>si-</strong></span> 
     </span>
    </p>
   </div>
   <div class='ocr_carea' id='block_1_51' title="bbox 2209 2205 3799 2285">
    <p class='ocr_par' dir='ltr' id='par_1_51' title="bbox 2209 2205 3799 2285">
     <span class='ocr_line' id='line_1_51' title="bbox 2209 2205 3799 2285; baseline 0.001 -18"><span class='ocrx_word' id='word_1_380' title='bbox 2209 2211 2398 2280; x_wconf 91' lang='lat' dir='ltr'><strong>lentio,</strong></span> <span class='ocrx_word' id='word_1_381' title='bbox 2424 2205 2612 2284; x_wconf 78' lang='lat' dir='ltr'><strong>priore</strong></span> <span class='ocrx_word' id='word_1_382' title='bbox 2632 2213 2834 2268; x_wconf 88' lang='lat' dir='ltr'><strong>vultum</strong></span> <span class='ocrx_word' id='word_1_383' title='bbox 2858 2228 2973 2285; x_wconf 78' lang='lat' dir='ltr'><strong>pra:</strong></span> <span class='ocrx_word' id='word_1_384' title='bbox 2995 2213 3316 2270; x_wconf 89' lang='lat' dir='ltr'><strong>confusione</strong></span> <span class='ocrx_word' id='word_1_385' title='bbox 3339 2213 3706 2283; x_wconf 83' lang='lat' dir='ltr'><strong>deprimente,</strong></span> <span class='ocrx_word' id='word_1_386' title='bbox 3730 2229 3799 2268; x_wconf 86' lang='lat' dir='ltr'><strong>re-</strong></span> 
     </span>
    </p>
   </div>
   <div class='ocr_carea' id='block_1_52' title="bbox 2209 2303 3800 2377">
    <p class='ocr_par' dir='ltr' id='par_1_52' title="bbox 2209 2303 3800 2377">
     <span class='ocr_line' id='line_1_52' title="bbox 2209 2303 3800 2377; baseline -0.001 -17"><span class='ocrx_word' id='word_1_387' title='bbox 2209 2320 2329 2376; x_wconf 87' lang='lat' dir='ltr'><strong>gem</strong></span> <span class='ocrx_word' id='word_1_388' title='bbox 2358 2313 2537 2361; x_wconf 91' lang='lat' dir='ltr'><strong>autem</strong></span> <span class='ocrx_word' id='word_1_389' title='bbox 2560 2304 2879 2377; x_wconf 89' lang='lat' dir='ltr'><strong>aspiciente,</strong></span> <span class='ocrx_word' id='word_1_390' title='bbox 2923 2314 3196 2376; x_wconf 66' lang='lat' dir='ltr'><strong>aestusque</strong></span> <span class='ocrx_word' id='word_1_391' title='bbox 3225 2304 3432 2360; x_wconf 85' lang='lat' dir='ltr'><strong>mentis</strong></span> <span class='ocrx_word' id='word_1_392' title='bbox 3453 2303 3599 2358; x_wconf 82' lang='lat' dir='ltr'><strong>illius</strong></span> <span class='ocrx_word' id='word_1_393' title='bbox 3625 2318 3691 2358; x_wconf 82' lang='lat' dir='ltr'><strong>ex</strong></span> <span class='ocrx_word' id='word_1_394' title='bbox 3717 2320 3800 2375; x_wconf 82' lang='lat' dir='ltr'><strong>ge-</strong></span> 
     </span>
    </p>
   </div>
   <div class='ocr_carea' id='block_1_53' title="bbox 2209 2387 3799 2468">
    <p class='ocr_par' dir='ltr' id='par_1_53' title="bbox 2209 2387 3799 2468">
     <span class='ocr_line' id='line_1_53' title="bbox 2209 2387 3799 2468; baseline -0.003 -14"><span class='ocrx_word' id='word_1_395' title='bbox 2209 2397 2381 2454; x_wconf 87' lang='lat' dir='ltr'><strong>stibus</strong></span> <span class='ocrx_word' id='word_1_396' title='bbox 2407 2397 2576 2468; x_wconf 84' lang='lat' dir='ltr'><strong>ipsius</strong></span> <span class='ocrx_word' id='word_1_397' title='bbox 2600 2397 2991 2468; x_wconf 84' lang='lat' dir='ltr'><strong>perpendente,</strong></span> <span class='ocrx_word' id='word_1_398' title='bbox 3017 2397 3102 2452; x_wconf 90' lang='lat' dir='ltr'><strong>sic</strong></span> <span class='ocrx_word' id='word_1_399' title='bbox 3130 2396 3350 2452; x_wconf 82' lang='lat' dir='ltr'><strong>tandem</strong></span> <span class='ocrx_word' id='word_1_400' title='bbox 3383 2387 3498 2467; x_wconf 78' lang='lat' dir='ltr'><strong>ipse</strong></span> <span class='ocrx_word' id='word_1_401' title='bbox 3526 2411 3620 2452; x_wconf 85' lang='lat' dir='ltr'><strong>rex</strong></span> <span class='ocrx_word' id='word_1_402' title='bbox 3648 2411 3799 2450; x_wconf 73' lang='lat' dir='ltr'><strong>orsus</strong></span> 
     </span>
    </p>
   </div>
   <div class='ocr_carea' id='block_1_54' title="bbox 2208 2487 3792 2560">
    <p class='ocr_par' dir='ltr' id='par_1_54' title="bbox 2208 2487 3792 2560">
     <span class='ocr_line' id='line_1_54' title="bbox 2208 2487 3792 2560; baseline -0.003 -15"><span class='ocrx_word' id='word_1_403' title='bbox 2208 2498 2295 2545; x_wconf 87' lang='lat' dir='ltr'><strong>est</strong></span> <span class='ocrx_word' id='word_1_404' title='bbox 2317 2489 2494 2560; x_wconf 79' lang='lat' dir='ltr'><strong>loqui:</strong></span> <span class='ocrx_word' id='word_1_405' title='bbox 2517 2508 2540 2543; x_wconf 78' lang='grc'><strong>1</strong></span> <span class='ocrx_word' id='word_1_406' title='bbox 2558 2489 2827 2558; x_wconf 82' lang='lat' dir='ltr'><strong>Quidnam</strong></span> <span class='ocrx_word' id='word_1_407' title='bbox 2857 2497 2936 2558; x_wconf 91' lang='lat' dir='ltr'><strong>tu,</strong></span> <span class='ocrx_word' id='word_1_408' title='bbox 2959 2488 3133 2560; x_wconf 89' lang='lat' dir='ltr'><strong>inquit</strong></span> <span class='ocrx_word' id='word_1_409' title='bbox 3153 2491 3220 2543; x_wconf 88' lang='lat' dir='ltr'><strong>ad</strong></span> <span class='ocrx_word' id='word_1_410' title='bbox 3247 2487 3541 2560; x_wconf 70' lang='lat' dir='ltr'><strong>nugonem,</strong></span> <span class='ocrx_word' id='word_1_411' title='bbox 3569 2487 3792 2542; x_wconf 73' lang='lat' dir='ltr'><strong>medita-</strong></span> 
     </span>
    </p>
   </div>
   <div class='ocr_carea' id='block_1_55' title="bbox 2207 2577 3790 2644">
    <p class='ocr_par' dir='ltr' id='par_1_55' title="bbox 2207 2577 3790 2644">
     <span class='ocr_line' id='line_1_55' title="bbox 2207 2577 3790 2644; baseline -0.001 -10"><span class='ocrx_word' id='word_1_412' title='bbox 2207 2578 2424 2636; x_wconf 83' lang='lat' dir='ltr'><strong>bundus</strong></span> <span class='ocrx_word' id='word_1_413' title='bbox 2471 2587 2652 2637; x_wconf 87' lang='lat' dir='ltr'><strong>tecum</strong></span> <span class='ocrx_word' id='word_1_414' title='bbox 2703 2577 3004 2644; x_wconf 80' lang='lat' dir='ltr'><strong>deliberas,</strong></span> <span class='ocrx_word' id='word_1_415' title='bbox 3054 2579 3140 2634; x_wconf 90' lang='lat' dir='ltr'><strong>vir</strong></span> <span class='ocrx_word' id='word_1_416' title='bbox 3177 2579 3363 2636; x_wconf 77' lang='lat' dir='ltr'><strong>bone?</strong></span> <span class='ocrx_word' id='word_1_417' title='bbox 3391 2578 3522 2635; x_wconf 79' lang='lat' dir='ltr'><strong>Num</strong></span> <span class='ocrx_word' id='word_1_418' title='bbox 3546 2579 3790 2633; x_wconf 76' lang='lat' dir='ltr'><strong>etiamm</strong></span> 
     </span>
    </p>
   </div>
   <div class='ocr_carea' id='block_1_56' title="bbox 2208 2667 3796 2742">
    <p class='ocr_par' dir='ltr' id='par_1_56' title="bbox 2208 2667 3796 2742">
     <span class='ocr_line' id='line_1_56' title="bbox 2208 2667 3796 2742; baseline -0.001 -18"><span class='ocrx_word' id='word_1_419' title='bbox 2208 2669 2360 2726; x_wconf 88' lang='lat' dir='ltr'><strong>abire</strong></span> <span class='ocrx_word' id='word_1_420' title='bbox 2377 2669 2638 2741; x_wconf 89' lang='lat' dir='ltr'><strong>disponis,</strong></span> <span class='ocrx_word' id='word_1_421' title='bbox 2657 2678 2712 2726; x_wconf 91' lang='lat' dir='ltr'><strong>et</strong></span> <span class='ocrx_word' id='word_1_422' title='bbox 2726 2669 2924 2736; x_wconf 85' lang='lat' dir='ltr'><strong>cedere</strong></span> <span class='ocrx_word' id='word_1_423' title='bbox 2944 2669 3108 2726; x_wconf 84' lang='lat' dir='ltr'><strong>nobis</strong></span> <span class='ocrx_word' id='word_1_424' title='bbox 3133 2684 3360 2742; x_wconf 81' lang='lat' dir='ltr'><strong>regnum</strong></span> <span class='ocrx_word' id='word_1_425' title='bbox 3385 2670 3691 2726; x_wconf 63' lang='lat' dir='ltr'><strong>nostram!»</strong></span> <span class='ocrx_word' id='word_1_426' title='bbox 3719 2667 3796 2723; x_wconf 69' lang='lat' dir='ltr'><strong>Ad</strong></span> 
     </span>
    </p>
   </div>
   <div class='ocr_carea' id='block_1_57' title="bbox 2207 2759 3796 2830">
    <p class='ocr_par' dir='ltr' id='par_1_57' title="bbox 2207 2759 3796 2830">
     <span class='ocr_line' id='line_1_57' title="bbox 2207 2759 3796 2830; baseline 0 -16"><span class='ocrx_word' id='word_1_427' title='bbox 2207 2774 2372 2830; x_wconf 86' lang='lat' dir='ltr'><strong>quem</strong></span> <span class='ocrx_word' id='word_1_428' title='bbox 2414 2759 2506 2815; x_wconf 89' lang='lat' dir='ltr'><strong>ille</strong></span> <span class='ocrx_word' id='word_1_429' title='bbox 2533 2760 2803 2818; x_wconf 85' lang='lat' dir='ltr'><strong>submisse</strong></span> <span class='ocrx_word' id='word_1_430' title='bbox 2828 2769 2886 2818; x_wconf 90' lang='lat' dir='ltr'><strong>et</strong></span> <span class='ocrx_word' id='word_1_431' title='bbox 2919 2759 3153 2818; x_wconf 87' lang='lat' dir='ltr'><strong>leniter:</strong></span> <span class='ocrx_word' id='word_1_432' title='bbox 3182 2778 3204 2814; x_wconf 82' lang='grc'><strong>1</strong></span> <span class='ocrx_word' id='word_1_433' title='bbox 3229 2759 3349 2817; x_wconf 79' lang='lat' dir='ltr'><strong>Non</strong></span> <span class='ocrx_word' id='word_1_434' title='bbox 3380 2762 3520 2817; x_wconf 78' lang='lat' dir='ltr'><strong>adeo</strong></span> <span class='ocrx_word' id='word_1_435' title='bbox 3538 2759 3608 2818; x_wconf 75' lang='lat' dir='ltr'><strong>de</strong></span> <span class='ocrx_word' id='word_1_436' title='bbox 3634 2761 3796 2826; x_wconf 73' lang='lat' dir='ltr'><strong>vobis,</strong></span> 
     </span>
    </p>
   </div>
   <div class='ocr_carea' id='block_1_58' title="bbox 2207 2834 3788 2924">
    <p class='ocr_par' dir='ltr' id='par_1_58' title="bbox 2207 2834 3788 2924">
     <span class='ocr_line' id='line_1_58' title="bbox 2207 2834 3788 2924; baseline 0.001 -18"><span class='ocrx_word' id='word_1_437' title='bbox 2207 2848 2404 2922; x_wconf 86' lang='lat' dir='ltr'><strong>inquit,</strong></span> <span class='ocrx_word' id='word_1_438' title='bbox 2435 2849 2662 2908; x_wconf 89' lang='lat' dir='ltr'><strong>Domine</strong></span> <span class='ocrx_word' id='word_1_439' title='bbox 2690 2853 2950 2924; x_wconf 83' lang='lat' dir='ltr'><strong>despero;</strong></span> <span class='ocrx_word' id='word_1_440' title='bbox 2987 2834 3169 2923; x_wconf 77' lang='lat' dir='ltr'><strong>potius</strong></span> <span class='ocrx_word' id='word_1_441' title='bbox 3216 2853 3530 2923; x_wconf 85' lang='lat' dir='ltr'><strong>compatior</strong></span> <span class='ocrx_word' id='word_1_442' title='bbox 3571 2853 3788 2922; x_wconf 84' lang='lat' dir='ltr'><strong>impedi-</strong></span> 
     </span>
    </p>
   </div>
   <div class='ocr_carea' id='block_1_59' title="bbox 2208 2940 3799 3016">
    <p class='ocr_par' dir='ltr' id='par_1_59' title="bbox 2208 2940 3799 3016">
     <span class='ocr_line' id='line_1_59' title="bbox 2208 2940 3799 3016; baseline 0.001 -21"><span class='ocrx_word' id='word_1_443' title='bbox 2208 2940 2408 2998; x_wconf 90' lang='lat' dir='ltr'><strong>mentis</strong></span> <span class='ocrx_word' id='word_1_444' title='bbox 2432 2941 2630 3014; x_wconf 82' lang='lat' dir='ltr'><strong>vestris</strong></span> <span class='ocrx_word' id='word_1_445' title='bbox 2655 2951 2710 2999; x_wconf 92' lang='lat' dir='ltr'><strong>et</strong></span> <span class='ocrx_word' id='word_1_446' title='bbox 2728 2942 3201 3014; x_wconf 87' lang='lat' dir='ltr'><strong>occupationibus,</strong></span> <span class='ocrx_word' id='word_1_447' title='bbox 3229 2943 3433 3014; x_wconf 86' lang='lat' dir='ltr'><strong>quibus</strong></span> <span class='ocrx_word' id='word_1_448' title='bbox 3463 2945 3799 3016; x_wconf 74' lang='lat' dir='ltr'><strong>pra-peditu-</strong></span> 
     </span>
    </p>
   </div>
   <div class='ocr_carea' id='block_1_60' title="bbox 2208 3030 3799 3106">
    <p class='ocr_par' dir='ltr' id='par_1_60' title="bbox 2208 3030 3799 3106">
     <span class='ocr_line' id='line_1_60' title="bbox 2208 3030 3799 3106; baseline 0.003 -20"><span class='ocrx_word' id='word_1_449' title='bbox 2208 3038 2298 3086; x_wconf 91' lang='lat' dir='ltr'><strong>tur</strong></span> <span class='ocrx_word' id='word_1_450' title='bbox 2342 3030 2600 3088; x_wconf 89' lang='lat' dir='ltr'><strong>salutaria</strong></span> <span class='ocrx_word' id='word_1_451' title='bbox 2645 3032 2842 3090; x_wconf 67' lang='lat' dir='ltr'><strong>animae</strong></span> <span class='ocrx_word' id='word_1_452' title='bbox 2875 3042 3072 3090; x_wconf 65' lang='lat' dir='ltr'><strong>vestrae</strong></span> <span class='ocrx_word' id='word_1_453' title='bbox 3110 3033 3310 3089; x_wconf 88' lang='lat' dir='ltr'><strong>studia.</strong></span> <span class='ocrx_word' id='word_1_454' title='bbox 3353 3032 3626 3106; x_wconf 78' lang='lat' dir='ltr'><strong>Occupati</strong></span> <span class='ocrx_word' id='word_1_455' title='bbox 3671 3034 3799 3090; x_wconf 77' lang='lat' dir='ltr'><strong>enim</strong></span> 
     </span>
    </p>
   </div>
   <div class='ocr_carea' id='block_1_61' title="bbox 2207 3121 3800 3196">
    <p class='ocr_par' dir='ltr' id='par_1_61' title="bbox 2207 3121 3800 3196">
     <span class='ocr_line' id='line_1_61' title="bbox 2207 3121 3800 3196; baseline 0.004 -19"><span class='ocrx_word' id='word_1_456' title='bbox 2207 3121 2360 3188; x_wconf 88' lang='lat' dir='ltr'><strong>estis,</strong></span> <span class='ocrx_word' id='word_1_457' title='bbox 2401 3131 2478 3189; x_wconf 89' lang='lat' dir='ltr'><strong>et,</strong></span> <span class='ocrx_word' id='word_1_458' title='bbox 2518 3137 2642 3179; x_wconf 92' lang='lat' dir='ltr'><strong>cum</strong></span> <span class='ocrx_word' id='word_1_459' title='bbox 2690 3123 2951 3182; x_wconf 89' lang='lat' dir='ltr'><strong>Dominus</strong></span> <span class='ocrx_word' id='word_1_460' title='bbox 2998 3124 3290 3195; x_wconf 88' lang='lat' dir='ltr'><strong>adjuverit,</strong></span> <span class='ocrx_word' id='word_1_461' title='bbox 3336 3126 3482 3182; x_wconf 87' lang='lat' dir='ltr'><strong>bene</strong></span> <span class='ocrx_word' id='word_1_462' title='bbox 3521 3142 3800 3196; x_wconf 71' lang='lat' dir='ltr'><strong>proseque-</strong></span> 
     </span>
    </p>
   </div>
   <div class='ocr_carea' id='block_1_62' title="bbox 513 3194 3798 3290">
    <p class='ocr_par' dir='ltr' id='par_1_62' title="bbox 513 3194 3798 3290">
     <span class='ocr_line' id='line_1_62' title="bbox 513 3194 3798 3290; baseline 0.005 -24"><span class='ocrx_word' id='word_1_463' title='bbox 513 3226 623 3283; x_wconf 89' lang='lat' dir='ltr'><strong>que</strong></span> <span class='ocrx_word' id='word_1_464' title='bbox 671 3212 852 3284; x_wconf 88' lang='lat' dir='ltr'><strong>potius</strong></span> <span class='ocrx_word' id='word_1_465' title='bbox 881 3213 1287 3271; x_wconf 87' lang='lat' dir='ltr'><strong>deliberationis</strong></span> <span class='ocrx_word' id='word_1_466' title='bbox 1331 3215 1602 3286; x_wconf 67' lang='lat' dir='ltr'><strong>pristinae,</strong></span> <span class='ocrx_word' id='word_1_467' title='bbox 1647 3230 1812 3287; x_wconf 89' lang='lat' dir='ltr'><strong>quam</strong></span> <span class='ocrx_word' id='word_1_468' title='bbox 1854 3194 2104 3274; x_wconf 84' lang='lat' dir='ltr'><strong>admoni-</strong></span> <span class='ocrx_word' id='word_1_469' title='bbox 2131 3194 2177 3259; x_wconf 72' lang='grc' dir='ltr'>ο</span> <span class='ocrx_word' id='word_1_470' title='bbox 2209 3211 2342 3267; x_wconf 79' lang='lat' dir='ltr'><strong>mini</strong></span> <span class='ocrx_word' id='word_1_471' title='bbox 2373 3222 2553 3284; x_wconf 71' lang='lat' dir='ltr'><strong>coepta</strong></span> <span class='ocrx_word' id='word_1_472' title='bbox 2603 3215 2862 3272; x_wconf 71' lang='lat' dir='ltr'><strong>salubria.</strong></span> <span class='ocrx_word' id='word_1_473' title='bbox 2897 3233 2918 3268; x_wconf 74' lang='grc' dir='ltr'><strong><em>ι</em></strong></span> <span class='ocrx_word' id='word_1_474' title='bbox 2961 3194 3114 3272; x_wconf 72' lang='lat' dir='ltr'><strong>Tultc</strong></span> <span class='ocrx_word' id='word_1_475' title='bbox 3157 3232 3252 3272; x_wconf 67' lang='lat' dir='ltr'><strong>re!</strong></span> <span class='ocrx_word' id='word_1_476' title='bbox 3296 3194 3626 3290; x_wconf 41' lang='lat' dir='ltr'><strong>complexus</strong></span> <span class='ocrx_word' id='word_1_477' title='bbox 3668 3194 3798 3284; x_wconf 61' lang='grc' dir='ltr'>είιιπ.</span> 
     </span>
    </p>
   </div>
   <div class='ocr_carea' id='block_1_63' title="bbox 516 3302 2101 3380">
    <p class='ocr_par' dir='ltr' id='par_1_63' title="bbox 516 3302 2101 3380">
     <span class='ocr_line' id='line_1_63' title="bbox 516 3302 2101 3380; baseline 0.003 -23"><span class='ocrx_word' id='word_1_478' title='bbox 516 3303 680 3362; x_wconf 88' lang='lat' dir='ltr'><strong>tionis</strong></span> <span class='ocrx_word' id='word_1_479' title='bbox 723 3303 827 3358; x_wconf 89' lang='lat' dir='ltr'><strong>sibi</strong></span> <span class='ocrx_word' id='word_1_480' title='bbox 880 3302 1068 3372; x_wconf 82' lang='lat' dir='ltr'><strong>factae,</strong></span> <span class='ocrx_word' id='word_1_481' title='bbox 1121 3319 1332 3362; x_wconf 90' lang='lat' dir='ltr'><strong>memor</strong></span> <span class='ocrx_word' id='word_1_482' title='bbox 1388 3321 1572 3380; x_wconf 84' lang='lat' dir='ltr'><strong>regem</strong></span> <span class='ocrx_word' id='word_1_483' title='bbox 1636 3305 1948 3379; x_wconf 86' lang='lat' dir='ltr'><strong>aggreditur</strong></span> <span class='ocrx_word' id='word_1_484' title='bbox 1999 3307 2101 3363; x_wconf 85' lang='lat' dir='ltr'><strong>du-</strong></span> 
     </span>
    </p>
   </div>
   <div class='ocr_carea' id='block_1_64' title="bbox 510 3397 2102 3472">
    <p class='ocr_par' dir='ltr' id='par_1_64' title="bbox 510 3397 2102 3472">
     <span class='ocr_line' id='line_1_64' title="bbox 510 3397 2102 3472; baseline 0.003 -20"><span class='ocrx_word' id='word_1_485' title='bbox 510 3397 632 3452; x_wconf 86' lang='lat' dir='ltr'><strong>rius</strong></span> <span class='ocrx_word' id='word_1_486' title='bbox 674 3411 924 3471; x_wconf 85' lang='lat' dir='ltr'><strong>arguere.</strong></span> <span class='ocrx_word' id='word_1_487' title='bbox 960 3397 1184 3454; x_wconf 88' lang='lat' dir='ltr'><strong>Demum</strong></span> <span class='ocrx_word' id='word_1_488' title='bbox 1213 3415 1228 3455; x_wconf 86' lang='lat'><strong>:</strong></span> <span class='ocrx_word' id='word_1_489' title='bbox 1275 3418 1295 3453; x_wconf 83' lang='grc'><strong>1</strong></span> <span class='ocrx_word' id='word_1_490' title='bbox 1329 3399 1636 3472; x_wconf 87' lang='lat' dir='ltr'><strong>Quidquid,</strong></span> <span class='ocrx_word' id='word_1_491' title='bbox 1677 3400 1776 3467; x_wconf 88' lang='lat' dir='ltr'><strong>ait,</strong></span> <span class='ocrx_word' id='word_1_492' title='bbox 1801 3400 1869 3456; x_wconf 92' lang='lat' dir='ltr'><strong>de</strong></span> <span class='ocrx_word' id='word_1_493' title='bbox 1905 3408 2102 3457; x_wconf 60' lang='lat' dir='ltr'><strong>cetero</strong></span> 
     </span>
    </p>
   </div>
   <div class='ocr_carea' id='block_1_65' title="bbox 515 3485 2103 3556">
    <p class='ocr_par' dir='ltr' id='par_1_65' title="bbox 515 3485 2103 3556">
     <span class='ocr_line' id='line_1_65' title="bbox 515 3485 2103 3556; baseline 0.003 -17"><span class='ocrx_word' id='word_1_494' title='bbox 515 3486 692 3542; x_wconf 89' lang='lat' dir='ltr'><strong>visum</strong></span> <span class='ocrx_word' id='word_1_495' title='bbox 721 3485 874 3541; x_wconf 80' lang='lat' dir='ltr'><strong>vobis</strong></span> <span class='ocrx_word' id='word_1_496' title='bbox 917 3485 1116 3554; x_wconf 90' lang='lat' dir='ltr'><strong>fuerit,</strong></span> <span class='ocrx_word' id='word_1_497' title='bbox 1158 3488 1378 3545; x_wconf 89' lang='lat' dir='ltr'><strong>domine</strong></span> <span class='ocrx_word' id='word_1_498' title='bbox 1415 3503 1548 3556; x_wconf 77' lang='lat' dir='ltr'><strong>rex,</strong></span> <span class='ocrx_word' id='word_1_499' title='bbox 1590 3498 1682 3545; x_wconf 88' lang='lat' dir='ltr'><strong>aut</strong></span> <span class='ocrx_word' id='word_1_500' title='bbox 1730 3488 1980 3546; x_wconf 84' lang='lat' dir='ltr'><strong>faciendo</strong></span> <span class='ocrx_word' id='word_1_501' title='bbox 2019 3488 2103 3545; x_wconf 88' lang='lat' dir='ltr'><strong>vel</strong></span> 
     </span>
    </p>
   </div>
   <div class='ocr_carea' id='block_1_66' title="bbox 513 3573 2102 3648">
    <p class='ocr_par' dir='ltr' id='par_1_66' title="bbox 513 3573 2102 3648">
     <span class='ocr_line' id='line_1_66' title="bbox 513 3573 2102 3648; baseline 0.001 -16"><span class='ocrx_word' id='word_1_502' title='bbox 513 3573 813 3632; x_wconf 81' lang='lat' dir='ltr'><strong>omittendo</strong></span> <span class='ocrx_word' id='word_1_503' title='bbox 837 3591 1002 3648; x_wconf 89' lang='lat' dir='ltr'><strong>opere</strong></span> <span class='ocrx_word' id='word_1_504' title='bbox 1026 3578 1311 3646; x_wconf 86' lang='lat' dir='ltr'><strong>inchoato,</strong></span> <span class='ocrx_word' id='word_1_505' title='bbox 1364 3594 1484 3635; x_wconf 87' lang='lat' dir='ltr'><strong>mea</strong></span> <span class='ocrx_word' id='word_1_506' title='bbox 1531 3579 1759 3635; x_wconf 87' lang='lat' dir='ltr'><strong>ulterius</strong></span> <span class='ocrx_word' id='word_1_507' title='bbox 1781 3595 1887 3636; x_wconf 93' lang='lat' dir='ltr'><strong>non</strong></span> <span class='ocrx_word' id='word_1_508' title='bbox 1932 3579 2102 3636; x_wconf 82' lang='lat' dir='ltr'><strong>inter-</strong></span> 
     </span>
    </p>
   </div>
   <div class='ocr_carea' id='block_1_67' title="bbox 511 3669 2102 3744">
    <p class='ocr_par' dir='ltr' id='par_1_67' title="bbox 511 3669 2102 3744">
     <span class='ocr_line' id='line_1_67' title="bbox 511 3669 2102 3744; baseline 0.003 -18"><span class='ocrx_word' id='word_1_509' title='bbox 511 3671 638 3726; x_wconf 90' lang='lat' dir='ltr'><strong>erit.</strong></span> <span class='ocrx_word' id='word_1_510' title='bbox 663 3669 857 3726; x_wconf 81' lang='lat' dir='ltr'><strong>&#39;l‘otttm</strong></span> <span class='ocrx_word' id='word_1_511' title='bbox 882 3671 1036 3727; x_wconf 83' lang='lat' dir='ltr'><strong>vobis</strong></span> <span class='ocrx_word' id='word_1_512' title='bbox 1065 3685 1291 3743; x_wconf 83' lang='lat' dir='ltr'><strong>regnum</strong></span> <span class='ocrx_word' id='word_1_513' title='bbox 1321 3681 1565 3727; x_wconf 89' lang='lat' dir='ltr'><strong>vestrum</strong></span> <span class='ocrx_word' id='word_1_514' title='bbox 1598 3671 1841 3744; x_wconf 88' lang='lat' dir='ltr'><strong>quietum</strong></span> <span class='ocrx_word' id='word_1_515' title='bbox 1859 3673 2013 3737; x_wconf 89' lang='lat' dir='ltr'><strong>cedo,</strong></span> <span class='ocrx_word' id='word_1_516' title='bbox 2045 3681 2102 3730; x_wconf 90' lang='lat' dir='ltr'><strong>et</strong></span> 
     </span>
    </p>
   </div>
   <div class='ocr_carea' id='block_1_68' title="bbox 511 3757 2104 3822">
    <p class='ocr_par' dir='ltr' id='par_1_68' title="bbox 511 3757 2104 3822">
     <span class='ocr_line' id='line_1_68' title="bbox 511 3757 2104 3822; baseline 0.003 -8"><span class='ocrx_word' id='word_1_517' title='bbox 511 3761 584 3816; x_wconf 87' lang='lat' dir='ltr'><strong>ad</strong></span> <span class='ocrx_word' id='word_1_518' title='bbox 629 3771 872 3816; x_wconf 86' lang='lat' dir='ltr'><strong>nostram</strong></span> <span class='ocrx_word' id='word_1_519' title='bbox 927 3757 1371 3818; x_wconf 81' lang='lat' dir='ltr'><strong>Cartltusiensem</strong></span> <span class='ocrx_word' id='word_1_520' title='bbox 1419 3775 1662 3822; x_wconf 78' lang='lat' dir='ltr'><strong>ereptum</strong></span> <span class='ocrx_word' id='word_1_521' title='bbox 1699 3761 1854 3818; x_wconf 83' lang='lat' dir='ltr'><strong>vobis</strong></span> <span class='ocrx_word' id='word_1_522' title='bbox 1901 3762 2104 3819; x_wconf 82' lang='lat' dir='ltr'><strong>valefa-</strong></span> 
     </span>
    </p>
   </div>
   <div class='ocr_carea' id='block_1_69' title="bbox 509 3851 2101 3926">
    <p class='ocr_par' dir='ltr' id='par_1_69' title="bbox 509 3851 2101 3926">
     <span class='ocr_line' id='line_1_69' title="bbox 509 3851 2101 3926; baseline 0.003 -18"><span class='ocrx_word' id='word_1_523' title='bbox 509 3851 663 3910; x_wconf 82' lang='lat' dir='ltr'><strong>cieus</strong></span> <span class='ocrx_word' id='word_1_524' title='bbox 698 3867 827 3908; x_wconf 89' lang='lat' dir='ltr'><strong>mox</strong></span> <span class='ocrx_word' id='word_1_525' title='bbox 857 3853 1065 3909; x_wconf 90' lang='lat' dir='ltr'><strong>redibo.</strong></span> <span class='ocrx_word' id='word_1_526' title='bbox 1097 3852 1378 3910; x_wconf 83' lang='lat' dir='ltr'><strong>Putatisne</strong></span> <span class='ocrx_word' id='word_1_527' title='bbox 1415 3868 1511 3910; x_wconf 91' lang='lat' dir='ltr'><strong>vos</strong></span> <span class='ocrx_word' id='word_1_528' title='bbox 1545 3853 1705 3910; x_wconf 89' lang='lat' dir='ltr'><strong>nobis</strong></span> <span class='ocrx_word' id='word_1_529' title='bbox 1745 3855 1979 3926; x_wconf 89' lang='lat' dir='ltr'><strong>gratiam</strong></span> <span class='ocrx_word' id='word_1_530' title='bbox 2005 3869 2101 3912; x_wconf 89' lang='lat' dir='ltr'><strong>ex-</strong></span> 
     </span>
    </p>
   </div>
   <div class='ocr_carea' id='block_1_70' title="bbox 509 3943 2101 4016">
    <p class='ocr_par' dir='ltr' id='par_1_70' title="bbox 509 3943 2101 4016">
     <span class='ocr_line' id='line_1_70' title="bbox 509 3943 2101 4016; baseline 0.003 -16"><span class='ocrx_word' id='word_1_531' title='bbox 509 3943 831 4013; x_wconf 62' lang='lat' dir='ltr'><strong>hibere,&#39;si</strong></span> <span class='ocrx_word' id='word_1_532' title='bbox 876 3953 1061 4001; x_wconf 90' lang='lat' dir='ltr'><strong>vestro</strong></span> <span class='ocrx_word' id='word_1_533' title='bbox 1089 3959 1189 4001; x_wconf 90' lang='lat' dir='ltr'><strong>nos</strong></span> <span class='ocrx_word' id='word_1_534' title='bbox 1218 3944 1306 4000; x_wconf 85' lang='lat' dir='ltr'><strong>vel</strong></span> <span class='ocrx_word' id='word_1_535' title='bbox 1348 3957 1492 4015; x_wconf 90' lang='lat' dir='ltr'><strong>pane</strong></span> <span class='ocrx_word' id='word_1_536' title='bbox 1536 3947 1921 4016; x_wconf 85' lang='lat' dir='ltr'><strong>substentetis,</strong></span> <span class='ocrx_word' id='word_1_537' title='bbox 1975 3961 2101 4004; x_wconf 88' lang='lat' dir='ltr'><strong>cum</strong></span> 
     </span>
    </p>
   </div>
   <div class='ocr_carea' id='block_1_71' title="bbox 510 4035 2101 4108">
    <p class='ocr_par' dir='ltr' id='par_1_71' title="bbox 510 4035 2101 4108">
     <span class='ocr_line' id='line_1_71' title="bbox 510 4035 2101 4108; baseline 0.004 -18"><span class='ocrx_word' id='word_1_538' title='bbox 510 4049 578 4090; x_wconf 87' lang='lat' dir='ltr'><strong>eo</strong></span> <span class='ocrx_word' id='word_1_539' title='bbox 621 4035 837 4106; x_wconf 89' lang='lat' dir='ltr'><strong>penitus</strong></span> <span class='ocrx_word' id='word_1_540' title='bbox 889 4051 996 4093; x_wconf 87' lang='lat' dir='ltr'><strong>non</strong></span> <span class='ocrx_word' id='word_1_541' title='bbox 1037 4037 1299 4108; x_wconf 74' lang='lat' dir='ltr'><strong>egemus?</strong></span> <span class='ocrx_word' id='word_1_542' title='bbox 1353 4036 1553 4093; x_wconf 83' lang='lat' dir='ltr'><strong>Verum</strong></span> <span class='ocrx_word' id='word_1_543' title='bbox 1598 4039 1775 4094; x_wconf 88' lang='lat' dir='ltr'><strong>satius</strong></span> <span class='ocrx_word' id='word_1_544' title='bbox 1811 4048 1899 4095; x_wconf 84' lang='lat' dir='ltr'><strong>est</strong></span> <span class='ocrx_word' id='word_1_545' title='bbox 1943 4039 2101 4096; x_wconf 87' lang='lat' dir='ltr'><strong>nobis</strong></span> 
     </span>
    </p>
   </div>
   <div class='ocr_carea' id='block_1_72' title="bbox 510 4125 2102 4202">
    <p class='ocr_par' dir='ltr' id='par_1_72' title="bbox 510 4125 2102 4202">
     <span class='ocr_line' id='line_1_72' title="bbox 510 4125 2102 4202; baseline 0.005 -23"><span class='ocrx_word' id='word_1_546' title='bbox 510 4125 581 4180; x_wconf 81' lang='lat' dir='ltr'><strong>ad</strong></span> <span class='ocrx_word' id='word_1_547' title='bbox 627 4140 760 4182; x_wconf 81' lang='lat' dir='ltr'><strong>saxa</strong></span> <span class='ocrx_word' id='word_1_548' title='bbox 808 4133 1120 4182; x_wconf 87' lang='lat' dir='ltr'><strong>nostrarum</strong></span> <span class='ocrx_word' id='word_1_549' title='bbox 1168 4128 1462 4200; x_wconf 88' lang='lat' dir='ltr'><strong>confugere</strong></span> <span class='ocrx_word' id='word_1_550' title='bbox 1509 4130 1762 4200; x_wconf 80' lang='lat' dir='ltr'><strong>Alpium,</strong></span> <span class='ocrx_word' id='word_1_551' title='bbox 1819 4146 1982 4202; x_wconf 90' lang='lat' dir='ltr'><strong>quam</strong></span> <span class='ocrx_word' id='word_1_552' title='bbox 2030 4131 2102 4188; x_wconf 84' lang='lat' dir='ltr'><strong>ad</strong></span> 
     </span>
    </p>
   </div>
   <div class='ocr_carea' id='block_1_73' title="bbox 509 4214 2097 4292">
    <p class='ocr_par' dir='ltr' id='par_1_73' title="bbox 509 4214 2097 4292">
     <span class='ocr_line' id='line_1_73' title="bbox 509 4214 2097 4292; baseline 0.004 -20"><span class='ocrx_word' id='word_1_553' title='bbox 509 4214 675 4272; x_wconf 85' lang='lat' dir='ltr'><strong>talem</strong></span> <span class='ocrx_word' id='word_1_554' title='bbox 731 4214 1010 4274; x_wconf 78' lang='lat' dir='ltr'><strong>hominem</strong></span> <span class='ocrx_word' id='word_1_555' title='bbox 1065 4218 1269 4275; x_wconf 84' lang='lat' dir='ltr'><strong>habere</strong></span> <span class='ocrx_word' id='word_1_556' title='bbox 1318 4221 1668 4287; x_wconf 80' lang='lat' dir='ltr'><strong>conﬂictum,</strong></span> <span class='ocrx_word' id='word_1_557' title='bbox 1740 4222 1834 4292; x_wconf 88' lang='lat' dir='ltr'><strong>qui</strong></span> <span class='ocrx_word' id='word_1_558' title='bbox 1889 4231 2097 4292; x_wconf 88' lang='lat' dir='ltr'><strong>totum,</strong></span> 
     </span>
    </p>
   </div>
   <div class='ocr_carea' id='block_1_74' title="bbox 507 4303 2102 4385">
    <p class='ocr_par' dir='ltr' id='par_1_74' title="bbox 507 4303 2102 4385">
     <span class='ocr_line' id='line_1_74' title="bbox 507 4303 2102 4385; baseline 0.007 -26"><span class='ocrx_word' id='word_1_559' title='bbox 507 4303 655 4376; x_wconf 88' lang='lat' dir='ltr'><strong>quod</strong></span> <span class='ocrx_word' id='word_1_560' title='bbox 698 4320 827 4376; x_wconf 79' lang='lat' dir='ltr'><strong>,pro</strong></span> <span class='ocrx_word' id='word_1_561' title='bbox 881 4319 981 4362; x_wconf 87' lang='lat' dir='ltr'><strong>sua</strong></span> <span class='ocrx_word' id='word_1_562' title='bbox 1045 4307 1220 4364; x_wconf 86' lang='lat' dir='ltr'><strong>salute</strong></span> <span class='ocrx_word' id='word_1_563' title='bbox 1274 4309 1518 4380; x_wconf 89' lang='lat' dir='ltr'><strong>geritur,</strong></span> <span class='ocrx_word' id='word_1_564' title='bbox 1595 4319 1854 4382; x_wconf 89' lang='lat' dir='ltr'><strong>tanquam</strong></span> <span class='ocrx_word' id='word_1_565' title='bbox 1914 4314 2102 4385; x_wconf 86' lang='lat' dir='ltr'><strong>perdi-</strong></span> 
     </span>
    </p>
   </div>
   <div class='ocr_carea' id='block_1_75' title="bbox 509 4394 2096 4474">
    <p class='ocr_par' dir='ltr' id='par_1_75' title="bbox 509 4394 2096 4474">
     <span class='ocr_line' id='line_1_75' title="bbox 509 4394 2096 4474; baseline 0.006 -23"><span class='ocrx_word' id='word_1_566' title='bbox 509 4404 626 4452; x_wconf 91' lang='lat' dir='ltr'><strong>tum</strong></span> <span class='ocrx_word' id='word_1_567' title='bbox 661 4394 978 4452; x_wconf 88' lang='lat' dir='ltr'><strong>arbitratur.</strong></span> <span class='ocrx_word' id='word_1_568' title='bbox 1025 4397 1241 4455; x_wconf 81' lang='lat' dir='ltr'><strong>Habeat</strong></span> <span class='ocrx_word' id='word_1_569' title='bbox 1285 4399 1390 4455; x_wconf 88' lang='lat' dir='ltr'><strong>sibi</strong></span> <span class='ocrx_word' id='word_1_570' title='bbox 1436 4398 1600 4458; x_wconf 86' lang='lat' dir='ltr'><strong>citius</strong></span> <span class='ocrx_word' id='word_1_571' title='bbox 1628 4403 1966 4472; x_wconf 86' lang='lat' dir='ltr'><strong>amissurus,</strong></span> <span class='ocrx_word' id='word_1_572' title='bbox 2009 4414 2096 4474; x_wconf 91' lang='lat' dir='ltr'><strong>et,</strong></span> 
     </span>
    </p>
   </div>
   <div class='ocr_carea' id='block_1_76' title="bbox 2211 3302 3798 3378">
    <p class='ocr_par' dir='ltr' id='par_1_76' title="bbox 2211 3302 3798 3378">
     <span class='ocr_line' id='line_1_76' title="bbox 2211 3302 3798 3378; baseline 0.007 -20"><span class='ocrx_word' id='word_1_573' title='bbox 2211 3302 2288 3358; x_wconf 91' lang='lat' dir='ltr'><strong>ita</strong></span> <span class='ocrx_word' id='word_1_574' title='bbox 2319 3318 2442 3359; x_wconf 83' lang='lat' dir='ltr'><strong>cum</strong></span> <span class='ocrx_word' id='word_1_575' title='bbox 2463 3305 2774 3375; x_wconf 67' lang='lat' dir='ltr'><strong>iuramento</strong></span> <span class='ocrx_word' id='word_1_576' title='bbox 2817 3308 2892 3362; x_wconf 92' lang='lat' dir='ltr'><strong>ait</strong></span> <span class='ocrx_word' id='word_1_577' title='bbox 2921 3325 2937 3364; x_wconf 91' lang='lat'><strong>:</strong></span> <span class='ocrx_word' id='word_1_578' title='bbox 2971 3328 2990 3363; x_wconf 82' lang='grc'><strong>1</strong></span> <span class='ocrx_word' id='word_1_579' title='bbox 3023 3307 3130 3364; x_wconf 76' lang='lat' dir='ltr'><strong>Per</strong></span> <span class='ocrx_word' id='word_1_580' title='bbox 3165 3308 3397 3365; x_wconf 89' lang='lat' dir='ltr'><strong>salutem</strong></span> <span class='ocrx_word' id='word_1_581' title='bbox 3425 3310 3635 3367; x_wconf 64' lang='lat' dir='ltr'><strong>anima:</strong></span> <span class='ocrx_word' id='word_1_582' title='bbox 3662 3327 3798 3378; x_wconf 69' lang='lat' dir='ltr'><strong>mea,</strong></span> 
     </span>
    </p>
   </div>
   <div class='ocr_carea' id='block_1_77' title="bbox 2205 3390 3799 3470">
    <p class='ocr_par' dir='ltr' id='par_1_77' title="bbox 2205 3390 3799 3470">
     <span class='ocr_line' id='line_1_77' title="bbox 2205 3390 3799 3470; baseline 0.007 -24"><span class='ocrx_word' id='word_1_583' title='bbox 2205 3390 2332 3447; x_wconf 90' lang='lat' dir='ltr'><strong>dum</strong></span> <span class='ocrx_word' id='word_1_584' title='bbox 2356 3392 2551 3450; x_wconf 82' lang='lat' dir='ltr'><strong>vitales</strong></span> <span class='ocrx_word' id='word_1_585' title='bbox 2583 3395 2805 3467; x_wconf 84' lang='lat' dir='ltr'><strong>spirabo</strong></span> <span class='ocrx_word' id='word_1_586' title='bbox 2840 3412 3021 3464; x_wconf 84' lang='lat' dir='ltr'><strong>auras,</strong></span> <span class='ocrx_word' id='word_1_587' title='bbox 3056 3405 3111 3453; x_wconf 92' lang='lat' dir='ltr'><strong>tu</strong></span> <span class='ocrx_word' id='word_1_588' title='bbox 3147 3414 3178 3453; x_wconf 91' lang='lat' dir='ltr'><strong>a</strong></span> <span class='ocrx_word' id='word_1_589' title='bbox 3216 3412 3340 3454; x_wconf 89' lang='lat' dir='ltr'><strong>meo</strong></span> <span class='ocrx_word' id='word_1_590' title='bbox 3369 3415 3546 3470; x_wconf 81' lang='lat' dir='ltr'><strong>regno</strong></span> <span class='ocrx_word' id='word_1_591' title='bbox 3567 3417 3678 3456; x_wconf 86' lang='lat' dir='ltr'><strong>non</strong></span> <span class='ocrx_word' id='word_1_592' title='bbox 3705 3403 3799 3457; x_wconf 80' lang='lat' dir='ltr'><strong>dis-</strong></span> 
     </span>
    </p>
   </div>
   <div class='ocr_carea' id='block_1_78' title="bbox 2203 3484 3802 3562">
    <p class='ocr_par' dir='ltr' id='par_1_78' title="bbox 2203 3484 3802 3562">
     <span class='ocr_line' id='line_1_78' title="bbox 2203 3484 3802 3562; baseline 0.006 -22"><span class='ocrx_word' id='word_1_593' title='bbox 2203 3484 2397 3553; x_wconf 88' lang='lat' dir='ltr'><strong>cedes;</strong></span> <span class='ocrx_word' id='word_1_594' title='bbox 2433 3495 2608 3551; x_wconf 84' lang='lat' dir='ltr'><strong>tecum</strong></span> <span class='ocrx_word' id='word_1_595' title='bbox 2637 3489 2844 3560; x_wconf 84' lang='lat' dir='ltr'><strong>partiar</strong></span> <span class='ocrx_word' id='word_1_596' title='bbox 2874 3491 3018 3547; x_wconf 91' lang='lat' dir='ltr'><strong>enim</strong></span> <span class='ocrx_word' id='word_1_597' title='bbox 3044 3491 3278 3548; x_wconf 77' lang='lat' dir='ltr'><strong>consilia</strong></span> <span class='ocrx_word' id='word_1_598' title='bbox 3308 3493 3603 3562; x_wconf 78' lang='lat' dir='ltr'><strong>salutaria,</strong></span> <span class='ocrx_word' id='word_1_599' title='bbox 3636 3506 3802 3552; x_wconf 70' lang='lat' dir='ltr'><strong>tecu-</strong></span> 
     </span>
    </p>
   </div>
   <div class='ocr_carea' id='block_1_79' title="bbox 2203 3576 3802 3656">
    <p class='ocr_par' dir='ltr' id='par_1_79' title="bbox 2203 3576 3802 3656">
     <span class='ocr_line' id='line_1_79' title="bbox 2203 3576 3802 3656; baseline 0.008 -27"><span class='ocrx_word' id='word_1_600' title='bbox 2203 3584 2260 3630; x_wconf 88' lang='lat' dir='ltr'><strong>et</strong></span> <span class='ocrx_word' id='word_1_601' title='bbox 2282 3576 2462 3632; x_wconf 89' lang='lat' dir='ltr'><strong>studia</strong></span> <span class='ocrx_word' id='word_1_602' title='bbox 2488 3578 2684 3634; x_wconf 71' lang='lat' dir='ltr'><strong>animae</strong></span> <span class='ocrx_word' id='word_1_603' title='bbox 2710 3594 2843 3636; x_wconf 76' lang='lat' dir='ltr'><strong>mem</strong></span> <span class='ocrx_word' id='word_1_604' title='bbox 2865 3581 3191 3637; x_wconf 81' lang='lat' dir='ltr'><strong>necessaria.</strong></span> <span class='ocrx_word' id='word_1_605' title='bbox 3224 3601 3244 3636; x_wconf 87' lang='grc'><strong>1</strong></span> <span class='ocrx_word' id='word_1_606' title='bbox 3278 3581 3426 3638; x_wconf 80' lang='lat' dir='ltr'><strong>Misit</strong></span> <span class='ocrx_word' id='word_1_607' title='bbox 3453 3589 3802 3656; x_wconf 72' lang='lat' dir='ltr'><strong>estemplcct</strong></span> 
     </span>
    </p>
   </div>
   <div class='ocr_carea' id='block_1_80' title="bbox 2203 3671 3798 3747">
    <p class='ocr_par' dir='ltr' id='par_1_80' title="bbox 2203 3671 3798 3747">
     <span class='ocr_line' id='line_1_80' title="bbox 2203 3671 3798 3747; baseline 0.006 -27"><span class='ocrx_word' id='word_1_608' title='bbox 2203 3673 2476 3736; x_wconf 86' lang='lat' dir='ltr'><strong>sumptus,</strong></span> <span class='ocrx_word' id='word_1_609' title='bbox 2509 3681 2751 3740; x_wconf 88' lang='lat' dir='ltr'><strong>opusque</strong></span> <span class='ocrx_word' id='word_1_610' title='bbox 2774 3685 2986 3726; x_wconf 87' lang='lat' dir='ltr'><strong>summa</strong></span> <span class='ocrx_word' id='word_1_611' title='bbox 3013 3686 3136 3728; x_wconf 83' lang='lat' dir='ltr'><strong>cum</strong></span> <span class='ocrx_word' id='word_1_612' title='bbox 3169 3671 3428 3729; x_wconf 80' lang='lat' dir='ltr'><strong>instantia</strong></span> <span class='ocrx_word' id='word_1_613' title='bbox 3455 3675 3630 3747; x_wconf 72' lang='lat' dir='ltr'><strong>jussit</strong></span> <span class='ocrx_word' id='word_1_614' title='bbox 3659 3693 3798 3732; x_wconf 74' lang='lat' dir='ltr'><strong>eoin-</strong></span> 
     </span>
    </p>
   </div>
   <div class='ocr_carea' id='block_1_81' title="bbox 2203 3753 2360 3827">
    <p class='ocr_par' dir='ltr' id='par_1_81' title="bbox 2203 3753 2360 3827">
     <span class='ocr_line' id='line_1_81' title="bbox 2203 3753 2360 3827; baseline 0.019 -19"><span class='ocrx_word' id='word_1_615' title='bbox 2203 3753 2360 3827; x_wconf 87' lang='lat' dir='ltr'><strong>pleri.</strong></span> 
     </span>
    </p>
   </div>
   <div class='ocr_carea' id='block_1_82' title="bbox 2824 3830 3178 3890">
    <p class='ocr_par' dir='ltr' id='par_1_82' title="bbox 2824 3830 3178 3890">
     <span class='ocr_line' id='line_1_82' title="bbox 2824 3830 3178 3890; baseline 0.008 -3"><span class='ocrx_word' id='word_1_616' title='bbox 2824 3830 3052 3889; x_wconf 83' lang='lat' dir='ltr'><strong>CAPUT</strong></span> <span class='ocrx_word' id='word_1_617' title='bbox 3095 3832 3178 3890; x_wconf 73' lang='lat' dir='ltr'><strong>Vl.</strong></span> 
     </span>
    </p>
   </div>
   <div class='ocr_carea' id='block_1_83' title="bbox 2205 3915 3797 3994">
    <p class='ocr_par' dir='ltr' id='par_1_83' title="bbox 2205 3915 3797 3994">
     <span class='ocr_line' id='line_1_83' title="bbox 2205 3915 3797 3994; baseline 0.008 -23"><span class='ocrx_word' id='word_1_618' title='bbox 2205 3915 2362 3986; x_wconf 86' lang='lat' dir='ltr'><strong>Quod</strong></span> <span class='ocrx_word' id='word_1_619' title='bbox 2390 3935 2481 3974; x_wconf 74' lang='lat' dir='ltr'><strong>rex</strong></span> <span class='ocrx_word' id='word_1_620' title='bbox 2499 3919 2712 3994; x_wconf 59' lang='grc' dir='ltr'><strong><em>Ηυξ]οηὶ</em></strong></span> <span class='ocrx_word' id='word_1_621' title='bbox 2733 3924 2954 3978; x_wconf 82' lang='lat' dir='ltr'><strong>credidit</strong></span> <span class='ocrx_word' id='word_1_622' title='bbox 2982 3942 3092 3994; x_wconf 78' lang='lat' dir='ltr'><strong>pra:</strong></span> <span class='ocrx_word' id='word_1_623' title='bbox 3116 3928 3319 3982; x_wconf 75' lang='lat' dir='ltr'><strong>cwleris</strong></span> <span class='ocrx_word' id='word_1_624' title='bbox 3347 3930 3600 3985; x_wconf 73' lang='lat' dir='ltr'><strong>omnibus</strong></span> <span class='ocrx_word' id='word_1_625' title='bbox 3625 3931 3675 3982; x_wconf 76' lang='lat' dir='ltr'><strong>in</strong></span> <span class='ocrx_word' id='word_1_626' title='bbox 3714 3931 3797 3984; x_wconf 64' lang='lat' dir='ltr'><strong>bis</strong></span> 
     </span>
    </p>
   </div>
   <div class='ocr_carea' id='block_1_84' title="bbox 2275 3993 3798 4071">
    <p class='ocr_par' dir='ltr' id='par_1_84' title="bbox 2275 3993 3798 4071">
     <span class='ocr_line' id='line_1_84' title="bbox 2275 3993 3798 4071; baseline 0.008 -29"><span class='ocrx_word' id='word_1_627' title='bbox 2275 4005 2396 4071; x_wconf 45' lang='lat' dir='ltr'><strong>quat</strong></span> <span class='ocrx_word' id='word_1_628' title='bbox 2423 4008 2533 4070; x_wconf 66' lang='lat' dir='ltr'><strong>sum</strong></span> <span class='ocrx_word' id='word_1_629' title='bbox 2569 3993 2793 4071; x_wconf 51' lang='lat' dir='ltr'><strong>salutem</strong></span> <span class='ocrx_word' id='word_1_630' title='bbox 2837 3996 3030 4071; x_wconf 69' lang='lat' dir='ltr'><strong>animo:</strong></span> <span class='ocrx_word' id='word_1_631' title='bbox 3065 3997 3459 4068; x_wconf 75' lang='lat' dir='ltr'><strong>contingebant,</strong></span> <span class='ocrx_word' id='word_1_632' title='bbox 3521 4012 3571 4054; x_wconf 77' lang='lat' dir='ltr'><strong>et</strong></span> <span class='ocrx_word' id='word_1_633' title='bbox 3609 4003 3739 4071; x_wconf 69' lang='lat' dir='ltr'><strong>quod</strong></span> <span class='ocrx_word' id='word_1_634' title='bbox 3764 4019 3798 4054; x_wconf 74' lang='grc' dir='ltr'>ι</span> 
     </span>
    </p>
   </div>
   <div class='ocr_carea' id='block_1_85' title="bbox 2281 4059 3798 4140">
    <p class='ocr_par' dir='ltr' id='par_1_85' title="bbox 2281 4059 3798 4140">
     <span class='ocr_line' id='line_1_85' title="bbox 2281 4059 3798 4140; baseline 0.009 -28"><span class='ocrx_word' id='word_1_635' title='bbox 2281 4059 2461 4140; x_wconf 68' lang='lat' dir='ltr'><strong>multis</strong></span> <span class='ocrx_word' id='word_1_636' title='bbox 2499 4064 2632 4133; x_wconf 81' lang='lat' dir='ltr'><strong>regis</strong></span> <span class='ocrx_word' id='word_1_637' title='bbox 2655 4063 2802 4140; x_wconf 67' lang='lat' dir='ltr'><strong>[ilius</strong></span> <span class='ocrx_word' id='word_1_638' title='bbox 2823 4069 3108 4140; x_wconf 74' lang='lat' dir='ltr'><strong>putabatur</strong></span> <span class='ocrx_word' id='word_1_639' title='bbox 3129 4083 3152 4132; x_wconf 89' lang='lat'><strong><em>;</em></strong></span> <span class='ocrx_word' id='word_1_640' title='bbox 3182 4059 3406 4139; x_wconf 64' lang='grc'><strong>81⁷1111011</strong></span> <span class='ocrx_word' id='word_1_641' title='bbox 3439 4059 3798 4140; x_wconf 61' lang='lat' dir='ltr'><strong>ipsum&#39;sapcr</strong></span> 
     </span>
    </p>
   </div>
   <div class='ocr_carea' id='block_1_86' title="bbox 2273 4130 3801 4204">
    <p class='ocr_par' dir='ltr' id='par_1_86' title="bbox 2273 4130 3801 4204">
     <span class='ocr_line' id='line_1_86' title="bbox 2273 4130 3801 4204; baseline 0.009 -23"><span class='ocrx_word' id='word_1_642' title='bbox 2273 4130 2435 4204; x_wconf 65' lang='lat' dir='ltr'><strong>uariis</strong></span> <span class='ocrx_word' id='word_1_643' title='bbox 2466 4130 2763 4204; x_wconf 69' lang='lat' dir='ltr'><strong>excessibus</strong></span> <span class='ocrx_word' id='word_1_644' title='bbox 2788 4130 3080 4204; x_wconf 74' lang='lat' dir='ltr'><strong>arguendo,</strong></span> <span class='ocrx_word' id='word_1_645' title='bbox 3111 4130 3213 4192; x_wconf 79' lang='lat' dir='ltr'><strong>non</strong></span> <span class='ocrx_word' id='word_1_646' title='bbox 3247 4130 3492 4194; x_wconf 61' lang='lat' dir='ltr'><strong>cessabat</strong></span> <span class='ocrx_word' id='word_1_647' title='bbox 3521 4145 3692 4195; x_wconf 80' lang='lat' dir='ltr'><strong>sacris</strong></span> <span class='ocrx_word' id='word_1_648' title='bbox 3712 4130 3801 4194; x_wconf 76' lang='grc'><strong>’111-</strong></span> 
     </span>
    </p>
   </div>
   <div class='ocr_carea' id='block_1_87' title="bbox 2273 4197 3798 4278">
    <p class='ocr_par' dir='ltr' id='par_1_87' title="bbox 2273 4197 3798 4278">
     <span class='ocr_line' id='line_1_87' title="bbox 2273 4197 3798 4278; baseline 0.007 -26"><span class='ocrx_word' id='word_1_649' title='bbox 2273 4197 2505 4278; x_wconf 69' lang='lat' dir='ltr'><strong>{ormare</strong></span> <span class='ocrx_word' id='word_1_650' title='bbox 2521 4197 3018 4278; x_wconf 56' lang='lat' dir='ltr'><strong>exhortationibus,</strong></span> <span class='ocrx_word' id='word_1_651' title='bbox 3044 4197 3169 4276; x_wconf 69' lang='lat' dir='ltr'><strong>quia</strong></span> <span class='ocrx_word' id='word_1_652' title='bbox 3205 4211 3322 4278; x_wconf 74' lang='lat' dir='ltr'><strong>ejus</strong></span> <span class='ocrx_word' id='word_1_653' title='bbox 3355 4212 3510 4264; x_wconf 76' lang='lat' dir='ltr'><strong>uaria</strong></span> <span class='ocrx_word' id='word_1_654' title='bbox 3559 4213 3798 4266; x_wconf 74' lang='lat' dir='ltr'><strong>consolo—</strong></span> 
     </span>
    </p>
   </div>
   <div class='ocr_carea' id='block_1_88' title="bbox 2273 4270 3801 4348">
    <p class='ocr_par' dir='ltr' id='par_1_88' title="bbox 2273 4270 3801 4348">
     <span class='ocr_line' id='line_1_88' title="bbox 2273 4270 3801 4348; baseline 0.006 -26"><span class='ocrx_word' id='word_1_655' title='bbox 2273 4270 2413 4348; x_wconf 73' lang='lat' dir='ltr'><strong>tionc</strong></span> <span class='ocrx_word' id='word_1_656' title='bbox 2434 4270 3088 4348; x_wconf 58' lang='lat' dir='ltr'><strong>leviusferelgatadverse,</strong></span> <span class='ocrx_word' id='word_1_657' title='bbox 3110 4289 3158 4331; x_wconf 82' lang='lat' dir='ltr'><strong>et</strong></span> <span class='ocrx_word' id='word_1_658' title='bbox 3187 4270 3354 4346; x_wconf 63' lang='lat' dir='ltr'><strong>[fctus</strong></span> <span class='ocrx_word' id='word_1_659' title='bbox 3383 4280 3504 4348; x_wconf 80' lang='lat' dir='ltr'><strong>ejus</strong></span> <span class='ocrx_word' id='word_1_660' title='bbox 3546 4283 3801 4335; x_wconf 70' lang='lat' dir='ltr'><strong>orationi-</strong></span> 
     </span>
    </p>
   </div>
   <div class='ocr_carea' id='block_1_89' title="bbox 2272 4339 3800 4412">
    <p class='ocr_par' dir='ltr' id='par_1_89' title="bbox 2272 4339 3800 4412">
     <span class='ocr_line' id='line_1_89' title="bbox 2272 4339 3800 4412; baseline 0.009 -21"><span class='ocrx_word' id='word_1_661' title='bbox 2272 4339 2368 4392; x_wconf 77' lang='lat' dir='ltr'><strong>bus</strong></span> <span class='ocrx_word' id='word_1_662' title='bbox 2408 4344 2687 4408; x_wconf 81' lang='lat' dir='ltr'><strong>superabat</strong></span> <span class='ocrx_word' id='word_1_663' title='bbox 2731 4342 2966 4412; x_wconf 68' lang='lat' dir='ltr'><strong>facilius,</strong></span> <span class='ocrx_word' id='word_1_664' title='bbox 3015 4339 3327 4404; x_wconf 41' lang='lat' dir='ltr'><strong>et&#39;con&#39;siliis</strong></span> <span class='ocrx_word' id='word_1_665' title='bbox 3371 4339 3676 4406; x_wconf 60' lang='lat' dir='ltr'><strong>instructu</strong></span> <span class='ocrx_word' id='word_1_666' title='bbox 3701 4355 3800 4406; x_wconf 73' lang='lat' dir='ltr'><strong>ur-</strong></span> 
     </span>
    </p>
   </div>
   <div class='ocr_carea' id='block_1_90' title="bbox 2272 4412 2969 4480">
    <p class='ocr_par' dir='ltr' id='par_1_90' title="bbox 2272 4412 2969 4480">
     <span class='ocr_line' id='line_1_90' title="bbox 2272 4412 2969 4480; baseline 0.01 -18"><span class='ocrx_word' id='word_1_667' title='bbox 2272 4413 2620 4480; x_wconf 80' lang='lat' dir='ltr'><strong>cumspcctitrs</strong></span> <span class='ocrx_word' id='word_1_668' title='bbox 2650 4412 2969 4470; x_wconf 76' lang='lat' dir='ltr'><strong>declinabat.</strong></span> 
     </span>
    </p>
   </div>
   <div class='ocr_carea' id='block_1_91' title="bbox 507 4487 3804 4597">
    <p class='ocr_par' dir='ltr' id='par_1_91' title="bbox 507 4487 3804 4597">
     <span class='ocr_line' id='line_1_91' title="bbox 507 4487 3804 4597; baseline 0.006 -53"><span class='ocrx_word' id='word_1_669' title='bbox 507 4487 599 4545; x_wconf 89' lang='lat' dir='ltr'><strong>cui</strong></span> <span class='ocrx_word' id='word_1_670' title='bbox 649 4488 863 4597; x_wconf 62' lang='lat' dir='ltr'><strong>nescit,</strong></span> <span class='ocrx_word' id='word_1_671' title='bbox 921 4489 1214 4548; x_wconf 90' lang='lat' dir='ltr'><strong>relicturus</strong></span> <span class='ocrx_word' id='word_1_672' title='bbox 1257 4507 1421 4564; x_wconf 90' lang='lat' dir='ltr'><strong>opes,</strong></span> <span class='ocrx_word' id='word_1_673' title='bbox 1473 4508 1608 4565; x_wconf 91' lang='lat' dir='ltr'><strong>quas</strong></span> <span class='ocrx_word' id='word_1_674' title='bbox 1655 4505 1870 4553; x_wconf 88' lang='lat' dir='ltr'><strong>tantum</strong></span> <span class='ocrx_word' id='word_1_675' title='bbox 1910 4506 2091 4565; x_wconf 85' lang='lat' dir='ltr'><strong>amat;</strong></span> <span class='ocrx_word' id='word_1_676' title='bbox 2125 4535 2177 4597; x_wconf 66' lang='grc' dir='ltr'><strong>Β</strong></span> <span class='ocrx_word' id='word_1_677' title='bbox 2207 4587 2228 4597; x_wconf 33' lang='grc' dir='ltr'><strong>Δ</strong></span> <span class='ocrx_word' id='word_1_678' title='bbox 2275 4497 2405 4553; x_wconf 86' lang='lat' dir='ltr'><strong>Post</strong></span> <span class='ocrx_word' id='word_1_679' title='bbox 2443 4499 2560 4554; x_wconf 66' lang='lat' dir='ltr'><strong>haec</strong></span> <span class='ocrx_word' id='word_1_680' title='bbox 2589 4500 2843 4572; x_wconf 87' lang='lat' dir='ltr'><strong>princeps</strong></span> <span class='ocrx_word' id='word_1_681' title='bbox 2868 4502 2958 4558; x_wconf 91' lang='lat' dir='ltr'><strong>ille</strong></span> <span class='ocrx_word' id='word_1_682' title='bbox 2987 4519 3216 4577; x_wconf 83' lang='lat' dir='ltr'><strong>magnus</strong></span> <span class='ocrx_word' id='word_1_683' title='bbox 3263 4507 3367 4562; x_wconf 83' lang='lat' dir='ltr'><strong>viri</strong></span> <span class='ocrx_word' id='word_1_684' title='bbox 3408 4505 3512 4564; x_wconf 87' lang='lat' dir='ltr'><strong>Dei</strong></span> <span class='ocrx_word' id='word_1_685' title='bbox 3559 4509 3804 4566; x_wconf 81' lang='lat' dir='ltr'><strong>crebrius</strong></span> 
     </span>
    </p>
   </div>
   <div class='ocr_carea' id='block_1_92' title="bbox 505 4583 2092 4662">
    <p class='ocr_par' dir='ltr' id='par_1_92' title="bbox 505 4583 2092 4662">
     <span class='ocr_line' id='line_1_92' title="bbox 505 4583 2092 4662; baseline 0.005 -22"><span class='ocrx_word' id='word_1_686' title='bbox 505 4598 609 4641; x_wconf 90' lang='lat' dir='ltr'><strong>nec</strong></span> <span class='ocrx_word' id='word_1_687' title='bbox 645 4583 898 4642; x_wconf 87' lang='lat' dir='ltr'><strong>Christus</strong></span> <span class='ocrx_word' id='word_1_688' title='bbox 959 4585 1046 4643; x_wconf 89' lang='lat' dir='ltr'><strong>his</strong></span> <span class='ocrx_word' id='word_1_689' title='bbox 1098 4586 1384 4660; x_wconf 85' lang='lat' dir='ltr'><strong>dignatur,</strong></span> <span class='ocrx_word' id='word_1_690' title='bbox 1439 4603 1541 4646; x_wconf 90' lang='lat' dir='ltr'><strong>nec</strong></span> <span class='ocrx_word' id='word_1_691' title='bbox 1589 4589 1877 4662; x_wconf 89' lang='lat' dir='ltr'><strong>quisquam</strong></span> <span class='ocrx_word' id='word_1_692' title='bbox 1931 4590 2092 4648; x_wconf 86' lang='lat' dir='ltr'><strong>Chri-</strong></span> 
     </span>
    </p>
   </div>
   <div class='ocr_carea' id='block_1_93' title="bbox 502 4676 2095 4749">
    <p class='ocr_par' dir='ltr' id='par_1_93' title="bbox 502 4676 2095 4749">
     <span class='ocr_line' id='line_1_93' title="bbox 502 4676 2095 4749; baseline 0.005 -17"><span class='ocrx_word' id='word_1_693' title='bbox 502 4676 748 4747; x_wconf 90' lang='lat' dir='ltr'><strong>stianus,</strong></span> <span class='ocrx_word' id='word_1_694' title='bbox 809 4677 1148 4749; x_wconf 79' lang='lat' dir='ltr'><strong>participari.</strong></span> <span class='ocrx_word' id='word_1_695' title='bbox 1176 4697 1196 4732; x_wconf 86' lang='grc'><strong>1</strong></span> <span class='ocrx_word' id='word_1_696' title='bbox 1234 4677 1360 4736; x_wconf 66' lang='lat' dir='ltr'><strong>Haec</strong></span> <span class='ocrx_word' id='word_1_697' title='bbox 1386 4679 1492 4748; x_wconf 92' lang='lat' dir='ltr'><strong>ita,</strong></span> <span class='ocrx_word' id='word_1_698' title='bbox 1532 4681 1642 4738; x_wconf 91' lang='lat' dir='ltr'><strong>imo</strong></span> <span class='ocrx_word' id='word_1_699' title='bbox 1690 4690 1747 4738; x_wconf 92' lang='lat' dir='ltr'><strong>et</strong></span> <span class='ocrx_word' id='word_1_700' title='bbox 1775 4682 1860 4740; x_wconf 76' lang='lat' dir='ltr'><strong>liis</strong></span> <span class='ocrx_word' id='word_1_701' title='bbox 1892 4682 2095 4741; x_wconf 88' lang='lat' dir='ltr'><strong>similia</strong></span> 
     </span>
    </p>
   </div>
   <div class='ocr_carea' id='block_1_94' title="bbox 503 4766 2094 4835">
    <p class='ocr_par' dir='ltr' id='par_1_94' title="bbox 503 4766 2094 4835">
     <span class='ocr_line' id='line_1_94' title="bbox 503 4766 2094 4835; baseline 0.007 -13"><span class='ocrx_word' id='word_1_702' title='bbox 503 4766 638 4822; x_wconf 87' lang='lat' dir='ltr'><strong>satis</strong></span> <span class='ocrx_word' id='word_1_703' title='bbox 665 4767 908 4835; x_wconf 89' lang='lat' dir='ltr'><strong>duriora,</strong></span> <span class='ocrx_word' id='word_1_704' title='bbox 933 4768 1150 4826; x_wconf 85' lang='lat' dir='ltr'><strong>Girardi</strong></span> <span class='ocrx_word' id='word_1_705' title='bbox 1179 4768 1550 4828; x_wconf 83' lang='lat' dir='ltr'><strong>blandimenta</strong></span> <span class='ocrx_word' id='word_1_706' title='bbox 1587 4772 1654 4829; x_wconf 90' lang='lat' dir='ltr'><strong>ad</strong></span> <span class='ocrx_word' id='word_1_707' title='bbox 1686 4780 1898 4832; x_wconf 77' lang='lat' dir='ltr'><strong>tantum</strong></span> <span class='ocrx_word' id='word_1_708' title='bbox 1920 4773 2094 4832; x_wconf 50' lang='lat' dir='ltr'><strong>domi-</strong></span> 
     </span>
    </p>
   </div>
   <div class='ocr_carea' id='block_1_95' title="bbox 501 4858 1310 4917">
    <p class='ocr_par' dir='ltr' id='par_1_95' title="bbox 501 4858 1310 4917">
     <span class='ocr_line' id='line_1_95' title="bbox 501 4858 1310 4917; baseline 0.002 -5"><span class='ocrx_word' id='word_1_709' title='bbox 501 4865 754 4914; x_wconf 85' lang='lat' dir='ltr'><strong>natorem</strong></span> <span class='ocrx_word' id='word_1_710' title='bbox 785 4858 1097 4917; x_wconf 89' lang='lat' dir='ltr'><strong>referuntur</strong></span> <span class='ocrx_word' id='word_1_711' title='bbox 1122 4859 1310 4917; x_wconf 85' lang='lat' dir='ltr'><strong>fuisse.</strong></span> 
     </span>
    </p>
   </div>
   <div class='ocr_carea' id='block_1_96' title="bbox 566 4947 2092 5028">
    <p class='ocr_par' dir='ltr' id='par_1_96' title="bbox 566 4947 2092 5028">
     <span class='ocr_line' id='line_1_96' title="bbox 566 4947 2092 5028; baseline 0.01 -26"><span class='ocrx_word' id='word_1_712' title='bbox 566 4947 714 5015; x_wconf 78' lang='lat' dir='ltr'><strong>Quid</strong></span> <span class='ocrx_word' id='word_1_713' title='bbox 727 4964 858 5008; x_wconf 90' lang='lat' dir='ltr'><strong>vero</strong></span> <span class='ocrx_word' id='word_1_714' title='bbox 879 4951 969 5021; x_wconf 90' lang='lat' dir='ltr'><strong>pio</strong></span> <span class='ocrx_word' id='word_1_715' title='bbox 985 4953 1128 5008; x_wconf 91' lang='lat' dir='ltr'><strong>inter</strong></span> <span class='ocrx_word' id='word_1_716' title='bbox 1143 4952 1246 5010; x_wconf 89' lang='lat' dir='ltr'><strong>ista</strong></span> <span class='ocrx_word' id='word_1_717' title='bbox 1265 4966 1319 5012; x_wconf 90' lang='lat' dir='ltr'><strong>et</strong></span> <span class='ocrx_word' id='word_1_718' title='bbox 1334 4953 1586 5025; x_wconf 77' lang='lat' dir='ltr'><strong>modesto</strong></span> <span class='ocrx_word' id='word_1_719' title='bbox 1614 4955 1781 5028; x_wconf 88' lang='lat' dir='ltr'><strong>priori</strong></span> <span class='ocrx_word' id='word_1_720' title='bbox 1801 4971 1905 5013; x_wconf 85' lang='lat' dir='ltr'><strong>suo</strong></span> <span class='ocrx_word' id='word_1_721' title='bbox 1923 4957 2092 5018; x_wconf 83' lang='lat' dir='ltr'><strong>animi</strong></span> 
     </span>
    </p>
   </div>
   <div class='ocr_carea' id='block_1_97' title="bbox 493 5035 2088 5120">
    <p class='ocr_par' dir='ltr' id='par_1_97' title="bbox 493 5035 2088 5120">
     <span class='ocr_line' id='line_1_97' title="bbox 493 5035 2088 5120; baseline 0.011 -30"><span class='ocrx_word' id='word_1_722' title='bbox 493 5035 698 5104; x_wconf 83' lang='lat' dir='ltr'><strong>&#39;fuerit,</strong></span> <span class='ocrx_word' id='word_1_723' title='bbox 745 5040 1015 5099; x_wconf 73' lang='lat' dir='ltr'><strong>referebat</strong></span> <span class='ocrx_word' id='word_1_724' title='bbox 1060 5043 1178 5116; x_wconf 89' lang='lat' dir='ltr'><strong>ipse</strong></span> <span class='ocrx_word' id='word_1_725' title='bbox 1224 5047 1423 5119; x_wconf 71' lang='lat' dir='ltr'><strong>sapius</strong></span> <span class='ocrx_word' id='word_1_726' title='bbox 1477 5047 1591 5119; x_wconf 89' lang='lat' dir='ltr'><strong>jam</strong></span> <span class='ocrx_word' id='word_1_727' title='bbox 1635 5045 1920 5120; x_wconf 84' lang='lat' dir='ltr'><strong>episcopus</strong></span> <span class='ocrx_word' id='word_1_728' title='bbox 1961 5048 2088 5106; x_wconf 82' lang='lat' dir='ltr'><strong>talia</strong></span> 
     </span>
    </p>
   </div>
   <div class='ocr_carea' id='block_1_98' title="bbox 575 5148 1838 5240">
    <p class='ocr_par' dir='ltr' id='par_1_98' title="bbox 575 5148 1838 5240">
     <span class='ocr_line' id='line_1_98' title="bbox 575 5148 1838 5240; baseline 0.003 -28"><span class='ocrx_word' id='word_1_729' title='bbox 727 5151 804 5240; x_wconf 63' lang='lat' dir='ltr'><strong>2e</strong></span> <span class='ocrx_word' id='word_1_730' title='bbox 830 5169 939 5240; x_wconf 77' lang='lat' dir='ltr'><strong>quo</strong></span> <span class='ocrx_word' id='word_1_731' title='bbox 961 5157 1086 5240; x_wconf 59' lang='lat' dir='ltr'><strong>vide</strong></span> <span class='ocrx_word' id='word_1_732' title='bbox 1113 5158 1267 5240; x_wconf 75' lang='lat' dir='ltr'><strong>plura</strong></span> <span class='ocrx_word' id='word_1_733' title='bbox 1285 5159 1432 5240; x_wconf 73' lang='lat' dir='ltr'><strong>infra</strong></span> <span class='ocrx_word' id='word_1_734' title='bbox 1454 5160 1548 5216; x_wconf 90' lang='lat' dir='ltr'><strong>lib.</strong></span> <span class='ocrx_word' id='word_1_735' title='bbox 1571 5177 1645 5240; x_wconf 76' lang='lat' dir='ltr'><strong>tv,</strong></span> <span class='ocrx_word' id='word_1_736' title='bbox 1671 5161 1838 5240; x_wconf 61' lang='grc' dir='ltr'><strong>11.ιὲ</strong></span> 
     </span>
    </p>
   </div>
   <div class='ocr_carea' id='block_1_99' title="bbox 534 5221 2087 5349">
    <p class='ocr_par' dir='ltr' id='par_1_99' title="bbox 534 5221 2087 5349">
     <span class='ocr_line' id='line_1_99' title="bbox 534 5221 2087 5300; baseline 0.012 -28"><span class='ocrx_word' id='word_1_737' title='bbox 534 5289 546 5300; x_wconf 80' lang='lat'><strong>_</strong></span> <span class='ocrx_word' id='word_1_738' title='bbox 576 5221 690 5292; x_wconf 68' lang='lat'><strong>(60)</strong></span> <span class='ocrx_word' id='word_1_739' title='bbox 730 5222 810 5278; x_wconf 84' lang='lat' dir='ltr'><strong>Ex</strong></span> <span class='ocrx_word' id='word_1_740' title='bbox 847 5221 1052 5281; x_wconf 77' lang='lat' dir='ltr'><strong>familia</strong></span> <span class='ocrx_word' id='word_1_741' title='bbox 1077 5221 1174 5293; x_wconf 81' lang='grc' dir='ltr'><strong>,ἰιι</strong></span> <span class='ocrx_word' id='word_1_742' title='bbox 1211 5232 1440 5298; x_wconf 88' lang='lat' dir='ltr'><strong>videtur,</strong></span> <span class='ocrx_word' id='word_1_743' title='bbox 1481 5221 1745 5287; x_wconf 72' lang='lat' dir='ltr'><strong>comitum</strong></span> <span class='ocrx_word' id='word_1_744' title='bbox 1778 5230 2087 5300; x_wconf 82' lang='lat' dir='ltr'><strong>Nivernett-</strong></span> 
     </span>
     <span class='ocr_line' id='line_1_100' title="bbox 536 5292 2086 5349; baseline 0.004 -6"><span class='ocrx_word' id='word_1_745' title='bbox 536 5305 666 5344; x_wconf 86' lang='lat' dir='ltr'><strong>tum.</strong></span> <span class='ocrx_word' id='word_1_746' title='bbox 691 5292 887 5349; x_wconf 80' lang='lat' dir='ltr'><strong>Comes</strong></span> <span class='ocrx_word' id='word_1_747' title='bbox 919 5311 1151 5349; x_wconf 81' lang='lat' dir='ltr'><strong>namque</strong></span> <span class='ocrx_word' id='word_1_748' title='bbox 1179 5299 1526 5349; x_wconf 71' lang='lat' dir='ltr'><strong>Nivernensis</strong></span> <span class='ocrx_word' id='word_1_749' title='bbox 1552 5302 1753 5349; x_wconf 75' lang='lat' dir='ltr'><strong>dicitur</strong></span> <span class='ocrx_word' id='word_1_750' title='bbox 1781 5317 1811 5349; x_wconf 81' lang='lat' dir='ltr'><strong>a</strong></span> <span class='ocrx_word' id='word_1_751' title='bbox 1857 5302 2086 5349; x_wconf 75' lang='lat' dir='ltr'><strong>nni-Ian-</strong></span> 
     </span>
    </p>
   </div>
   <div class='ocr_carea' id='block_1_100' title="bbox 501 5299 2086 5447">
    <p class='ocr_par' dir='ltr' id='par_1_100' title="bbox 501 5299 2086 5447">
     <span class='ocr_line' id='line_1_101' title="bbox 501 5299 2086 5367; baseline 0.01 -22"><span class='ocrx_word' id='word_1_752' title='bbox 501 5299 666 5345; x_wconf 81' lang='lat' dir='ltr'><strong>stum.</strong></span> <span class='ocrx_word' id='word_1_753' title='bbox 691 5299 887 5349; x_wconf 73' lang='lat' dir='ltr'><strong>Comes</strong></span> <span class='ocrx_word' id='word_1_754' title='bbox 919 5311 1151 5367; x_wconf 88' lang='lat' dir='ltr'><strong>namque</strong></span> <span class='ocrx_word' id='word_1_755' title='bbox 1179 5299 1526 5359; x_wconf 81' lang='lat' dir='ltr'><strong>Nivernensis</strong></span> <span class='ocrx_word' id='word_1_756' title='bbox 1552 5302 1753 5358; x_wconf 92' lang='lat' dir='ltr'><strong>dicitur</strong></span> <span class='ocrx_word' id='word_1_757' title='bbox 1781 5317 1812 5356; x_wconf 90' lang='lat' dir='ltr'><strong>a</strong></span> <span class='ocrx_word' id='word_1_758' title='bbox 1857 5302 2086 5360; x_wconf 85' lang='lat' dir='ltr'><strong>Dorlan-</strong></span> 
     </span>
     <span class='ocr_line' id='line_1_102' title="bbox 502 5362 2085 5447; baseline 0 -18"><span class='ocrx_word' id='word_1_759' title='bbox 502 5362 744 5447; x_wconf 51' lang='grc' dir='ltr'><strong>ξυλεῖ-ει</strong></span> <span class='ocrx_word' id='word_1_760' title='bbox 775 5362 1044 5447; x_wconf 73' lang='lat' dir='ltr'><strong>Morolio:</strong></span> <span class='ocrx_word' id='word_1_761' title='bbox 1085 5370 1176 5438; x_wconf 89' lang='lat' dir='ltr'><strong>qui</strong></span> <span class='ocrx_word' id='word_1_762' title='bbox 1206 5381 1394 5447; x_wconf 67' lang='lat' dir='ltr'><strong>tamen</strong></span> <span class='ocrx_word' id='word_1_763' title='bbox 1416 5387 1539 5428; x_wconf 86' lang='lat' dir='ltr'><strong>eum</strong></span> <span class='ocrx_word' id='word_1_764' title='bbox 1577 5372 1915 5447; x_wconf 72' lang='lat' dir='ltr'><strong>confundunt</strong></span> <span class='ocrx_word' id='word_1_765' title='bbox 1937 5390 2085 5447; x_wconf 73' lang='lat' dir='ltr'><strong>cum</strong></span> 
     </span>
    </p>
   </div>
   <div class='ocr_carea' id='block_1_101' title="bbox 500 5429 2082 5520">
    <p class='ocr_par' dir='ltr' id='par_1_101' title="bbox 500 5429 2082 5520">
     <span class='ocr_line' id='line_1_103' title="bbox 500 5429 2082 5520; baseline 0.009 -35"><span class='ocrx_word' id='word_1_766' title='bbox 500 5429 808 5520; x_wconf 56' lang='lat' dir='ltr'><strong>guillelmo,</strong></span> <span class='ocrx_word' id='word_1_767' title='bbox 839 5437 1004 5491; x_wconf 85' lang='lat' dir='ltr'><strong>etiam</strong></span> <span class='ocrx_word' id='word_1_768' title='bbox 1024 5451 1090 5492; x_wconf 88' lang='lat' dir='ltr'><strong>ex</strong></span> <span class='ocrx_word' id='word_1_769' title='bbox 1104 5429 1316 5520; x_wconf 72' lang='lat' dir='ltr'><strong>&#39;contitc</strong></span> <span class='ocrx_word' id='word_1_770' title='bbox 1336 5429 2082 5520; x_wconf 53' lang='lat' dir='ltr'><strong>Niverttettsi,_§artbusiatto,</strong></span> 
     </span>
    </p>
   </div>
   <div class='ocr_carea' id='block_1_102' title="bbox 490 5503 2084 5590">
    <p class='ocr_par' dir='ltr' id='par_1_102' title="bbox 490 5503 2084 5590">
     <span class='ocr_line' id='line_1_104' title="bbox 490 5503 2084 5590; baseline 0.008 -32"><span class='ocrx_word' id='word_1_771' title='bbox 490 5503 652 5590; x_wconf 56' lang='lat' dir='ltr'><strong>dcta</strong></span> <span class='ocrx_word' id='word_1_772' title='bbox 675 5506 962 5590; x_wconf 77' lang='lat' dir='ltr'><strong>utriusque</strong></span> <span class='ocrx_word' id='word_1_773' title='bbox 1008 5509 1445 5590; x_wconf 46' lang='lat' dir='ltr'><strong>anlliisqeﬂtlo._</strong></span> <span class='ocrx_word' id='word_1_774' title='bbox 1481 5512 1629 5590; x_wconf 79' lang='lat' dir='ltr'><strong>Quos</strong></span> <span class='ocrx_word' id='word_1_775' title='bbox 1659 5503 2084 5590; x_wconf 51' lang='lat' dir='ltr'><strong>&#39;distinguendos&#39;</strong></span> 
     </span>
    </p>
   </div>
   <div class='ocr_carea' id='block_1_103' title="bbox 497 5577 2085 5656">
    <p class='ocr_par' dir='ltr' id='par_1_103' title="bbox 497 5577 2085 5656">
     <span class='ocr_line' id='line_1_105' title="bbox 497 5577 2085 5656; baseline 0.008 -27"><span class='ocrx_word' id='word_1_776' title='bbox 497 5583 749 5656; x_wconf 65' lang='lat' dir='ltr'><strong>constat,</strong></span> <span class='ocrx_word' id='word_1_777' title='bbox 780 5586 892 5650; x_wconf 81' lang='lat' dir='ltr'><strong>tum</strong></span> <span class='ocrx_word' id='word_1_778' title='bbox 914 5591 981 5638; x_wconf 85' lang='lat' dir='ltr'><strong>ex</strong></span> <span class='ocrx_word' id='word_1_779' title='bbox 1014 5577 1133 5656; x_wconf 77' lang='lat' dir='ltr'><strong>Vita</strong></span> <span class='ocrx_word' id='word_1_780' title='bbox 1167 5577 1224 5634; x_wconf 93' lang='lat' dir='ltr'><strong>S.</strong></span> <span class='ocrx_word' id='word_1_781' title='bbox 1250 5577 1544 5656; x_wconf 68' lang='lat' dir='ltr'><strong>Anthelmi,</strong></span> <span class='ocrx_word' id='word_1_782' title='bbox 1587 5583 1639 5656; x_wconf 85' lang='lat' dir='ltr'><strong>in</strong></span> <span class='ocrx_word' id='word_1_783' title='bbox 1671 5600 1777 5654; x_wconf 87' lang='lat' dir='ltr'><strong>qua</strong></span> <span class='ocrx_word' id='word_1_784' title='bbox 1800 5577 2085 5656; x_wconf 47' lang='lat' dir='ltr'><strong>uicinaque</strong></span> 
     </span>
    </p>
   </div>
   <div class='ocr_carea' id='block_1_104' title="bbox 499 5646 2081 5725">
    <p class='ocr_par' dir='ltr' id='par_1_104' title="bbox 499 5646 2081 5725">
     <span class='ocr_line' id='line_1_106' title="bbox 499 5646 2081 5725; baseline 0.01 -29"><span class='ocrx_word' id='word_1_785' title='bbox 499 5646 569 5725; x_wconf 67' lang='lat' dir='ltr'><strong>tit</strong></span> <span class='ocrx_word' id='word_1_786' title='bbox 587 5646 826 5725; x_wconf 47' lang='lat' dir='ltr'><strong>mentio,</strong></span> <span class='ocrx_word' id='word_1_787' title='bbox 849 5646 960 5704; x_wconf 83' lang='lat' dir='ltr'><strong>tum</strong></span> <span class='ocrx_word' id='word_1_788' title='bbox 984 5649 1112 5725; x_wconf 75' lang='lat' dir='ltr'><strong>quia</strong></span> <span class='ocrx_word' id='word_1_789' title='bbox 1135 5663 1199 5725; x_wconf 75' lang='lat' dir='ltr'><strong>ex</strong></span> <span class='ocrx_word' id='word_1_790' title='bbox 1220 5652 1380 5725; x_wconf 83' lang='lat' dir='ltr'><strong>epist.</strong></span> <span class='ocrx_word' id='word_1_791' title='bbox 1410 5651 1634 5725; x_wconf 78' lang='lat' dir='ltr'><strong>Eugenii</strong></span> <span class='ocrx_word' id='word_1_792' title='bbox 1661 5646 1810 5725; x_wconf 67' lang='lat' dir='ltr'><strong>p&#39;apte</strong></span> <span class='ocrx_word' id='word_1_793' title='bbox 1840 5653 1904 5709; x_wconf 91' lang='grc' dir='ltr'><strong>ιιι</strong></span> <span class='ocrx_word' id='word_1_794' title='bbox 1927 5646 2081 5712; x_wconf 69' lang='lat' dir='ltr'><strong>et&#39;ex</strong></span> 
     </span>
    </p>
   </div>
   <div class='ocr_carea' id='block_1_105' title="bbox 498 5688 2080 5804">
    <p class='ocr_par' dir='ltr' id='par_1_105' title="bbox 498 5688 2080 5804">
     <span class='ocr_line' id='line_1_107' title="bbox 498 5688 2080 5804; baseline -0.001 -34"><span class='ocrx_word' id='word_1_795' title='bbox 498 5688 963 5804; x_wconf 48' lang='grc' dir='ltr'><strong>ξξρξέῖξῗιιέξεὶἓ</strong></span> <span class='ocrx_word' id='word_1_796' title='bbox 970 5688 2080 5804; x_wconf 56' lang='grc' dir='ltr'><strong>ᾖξ’ξᾷῑ11⁹α¹ᾙξρῖῑιῖῗῖεὲξιίὄ³ᾞῗιῖιᾶ¹ᾙιιέἷ</strong></span> 
     </span>
    </p>
   </div>
   <div class='ocr_carea' id='block_1_106' title="bbox 497 5789 2081 5872">
    <p class='ocr_par' dir='ltr' id='par_1_106' title="bbox 497 5789 2081 5872">
     <span class='ocr_line' id='line_1_108' title="bbox 497 5789 2081 5872; baseline 0.011 -37"><span class='ocrx_word' id='word_1_797' title='bbox 497 5789 640 5840; x_wconf 82' lang='lat' dir='ltr'><strong>rium</strong></span> <span class='ocrx_word' id='word_1_798' title='bbox 702 5797 835 5846; x_wconf 87' lang='lat' dir='ltr'><strong>tom.</strong></span> <span class='ocrx_word' id='word_1_799' title='bbox 876 5789 922 5848; x_wconf 90' lang='grc' dir='ltr'><strong>ιι</strong></span> <span class='ocrx_word' id='word_1_800' title='bbox 968 5790 1185 5862; x_wconf 80' lang='lat' dir='ltr'><strong>Spicil.,</strong></span> <span class='ocrx_word' id='word_1_801' title='bbox 1223 5809 1278 5872; x_wconf 72' lang='grc' dir='ltr'>ρ.</span> <span class='ocrx_word' id='word_1_802' title='bbox 1309 5792 1434 5864; x_wconf 76' lang='grc'><strong>513,</strong></span> <span class='ocrx_word' id='word_1_803' title='bbox 1493 5808 1616 5851; x_wconf 89' lang='lat' dir='ltr'><strong>nov.</strong></span> <span class='ocrx_word' id='word_1_804' title='bbox 1664 5789 1821 5863; x_wconf 83' lang='lat' dir='ltr'><strong>edii.,</strong></span> <span class='ocrx_word' id='word_1_805' title='bbox 1864 5806 2081 5853; x_wconf 85' lang='lat' dir='ltr'><strong>constat</strong></span> 
     </span>
    </p>
   </div>
   <div class='ocr_carea' id='block_1_107' title="bbox 2201 4587 3797 4668">
    <p class='ocr_par' dir='ltr' id='par_1_107' title="bbox 2201 4587 3797 4668">
     <span class='ocr_line' id='line_1_109' title="bbox 2201 4587 3797 4668; baseline 0.007 -24"><span class='ocrx_word' id='word_1_806' title='bbox 2201 4587 2485 4645; x_wconf 77' lang='lat' dir='ltr'><strong>fruebatur</strong></span> <span class='ocrx_word' id='word_1_807' title='bbox 2506 4589 2797 4660; x_wconf 82' lang='lat' dir='ltr'><strong>colloquio,</strong></span> <span class='ocrx_word' id='word_1_808' title='bbox 2833 4602 2888 4648; x_wconf 92' lang='lat' dir='ltr'><strong>et</strong></span> <span class='ocrx_word' id='word_1_809' title='bbox 2926 4597 3158 4652; x_wconf 88' lang='lat' dir='ltr'><strong>consilio</strong></span> <span class='ocrx_word' id='word_1_810' title='bbox 3207 4599 3442 4668; x_wconf 82' lang='lat' dir='ltr'><strong>amplius</strong></span> <span class='ocrx_word' id='word_1_811' title='bbox 3486 4601 3797 4658; x_wconf 80' lang='lat' dir='ltr'><strong>delectaba-</strong></span> 
     </span>
    </p>
   </div>
   <div class='ocr_carea' id='block_1_108' title="bbox 2197 4679 3800 4757">
    <p class='ocr_par' dir='ltr' id='par_1_108' title="bbox 2197 4679 3800 4757">
     <span class='ocr_line' id='line_1_110' title="bbox 2197 4679 3800 4757; baseline 0.008 -21"><span class='ocrx_word' id='word_1_812' title='bbox 2197 4688 2300 4736; x_wconf 78' lang='lat' dir='ltr'><strong>tur.</strong></span> <span class='ocrx_word' id='word_1_813' title='bbox 2329 4679 2439 4736; x_wconf 79' lang='lat' dir='ltr'><strong>Nec</strong></span> <span class='ocrx_word' id='word_1_814' title='bbox 2461 4691 2622 4737; x_wconf 90' lang='lat' dir='ltr'><strong>erant</strong></span> <span class='ocrx_word' id='word_1_815' title='bbox 2648 4682 2840 4752; x_wconf 85' lang='lat' dir='ltr'><strong>multi;</strong></span> <span class='ocrx_word' id='word_1_816' title='bbox 2875 4686 2971 4742; x_wconf 91' lang='lat' dir='ltr'><strong>sed</strong></span> <span class='ocrx_word' id='word_1_817' title='bbox 2993 4695 3069 4754; x_wconf 89' lang='lat' dir='ltr'><strong>et,</strong></span> <span class='ocrx_word' id='word_1_818' title='bbox 3099 4697 3208 4744; x_wconf 89' lang='lat' dir='ltr'><strong>uta</strong></span> <span class='ocrx_word' id='word_1_819' title='bbox 3235 4690 3419 4748; x_wconf 81' lang='lat' dir='ltr'><strong>multis</strong></span> <span class='ocrx_word' id='word_1_820' title='bbox 3446 4693 3800 4757; x_wconf 77' lang='lat' dir='ltr'><strong>credebatur,</strong></span> 
     </span>
    </p>
   </div>
   <div class='ocr_carea' id='block_1_109' title="bbox 2193 4771 3801 4856">
    <p class='ocr_par' dir='ltr' id='par_1_109' title="bbox 2193 4771 3801 4856">
     <span class='ocr_line' id='line_1_111' title="bbox 2193 4771 3801 4856; baseline 0.009 -31"><span class='ocrx_word' id='word_1_821' title='bbox 2193 4771 2280 4827; x_wconf 88' lang='lat' dir='ltr'><strong>vel</strong></span> <span class='ocrx_word' id='word_1_822' title='bbox 2307 4787 2449 4829; x_wconf 87' lang='lat' dir='ltr'><strong>unus</strong></span> <span class='ocrx_word' id='word_1_823' title='bbox 2492 4773 2594 4830; x_wconf 90' lang='lat' dir='ltr'><strong>sub</strong></span> <span class='ocrx_word' id='word_1_824' title='bbox 2620 4775 2768 4831; x_wconf 83' lang='lat' dir='ltr'><strong>omni</strong></span> <span class='ocrx_word' id='word_1_825' title='bbox 2800 4775 2919 4847; x_wconf 83' lang='lat' dir='ltr'><strong>ejus</strong></span> <span class='ocrx_word' id='word_1_826' title='bbox 2955 4789 3247 4850; x_wconf 85' lang='lat' dir='ltr'><strong>potestate,</strong></span> <span class='ocrx_word' id='word_1_827' title='bbox 3282 4781 3338 4848; x_wconf 81' lang='lat' dir='ltr'><strong>in</strong></span> <span class='ocrx_word' id='word_1_828' title='bbox 3373 4798 3493 4854; x_wconf 79' lang='lat' dir='ltr'><strong>quo</strong></span> <span class='ocrx_word' id='word_1_829' title='bbox 3515 4785 3688 4856; x_wconf 82' lang='lat' dir='ltr'><strong>magis</strong></span> <span class='ocrx_word' id='word_1_830' title='bbox 3718 4797 3801 4839; x_wconf 82' lang='lat' dir='ltr'><strong>rc—</strong></span> 
     </span>
    </p>
   </div>
   <div class='ocr_carea' id='block_1_110' title="bbox 2193 4865 3798 4946">
    <p class='ocr_par' dir='ltr' id='par_1_110' title="bbox 2193 4865 3798 4946">
     <span class='ocr_line' id='line_1_112' title="bbox 2193 4865 3798 4946; baseline 0.009 -28"><span class='ocrx_word' id='word_1_831' title='bbox 2193 4865 2502 4934; x_wconf 84' lang='lat' dir='ltr'><strong>quiesccret</strong></span> <span class='ocrx_word' id='word_1_832' title='bbox 2535 4867 2758 4939; x_wconf 77' lang='lat' dir='ltr'><strong>spiritus</strong></span> <span class='ocrx_word' id='word_1_833' title='bbox 2782 4867 2922 4940; x_wconf 75' lang='lat' dir='ltr'><strong>ejus,</strong></span> <span class='ocrx_word' id='word_1_834' title='bbox 2956 4887 3122 4943; x_wconf 89' lang='lat' dir='ltr'><strong>quam</strong></span> <span class='ocrx_word' id='word_1_835' title='bbox 3158 4873 3214 4931; x_wconf 82' lang='lat' dir='ltr'><strong>in</strong></span> <span class='ocrx_word' id='word_1_836' title='bbox 3246 4873 3430 4946; x_wconf 84' lang='lat' dir='ltr'><strong>priore</strong></span> <span class='ocrx_word' id='word_1_837' title='bbox 3453 4873 3798 4932; x_wconf 68' lang='lat' dir='ltr'><strong>-Withami3.</strong></span> 
     </span>
    </p>
   </div>
   <div class='ocr_carea' id='block_1_111' title="bbox 2196 4957 3802 5042">
    <p class='ocr_par' dir='ltr' id='par_1_111' title="bbox 2196 4957 3802 5042">
     <span class='ocr_line' id='line_1_113' title="bbox 2196 4957 3802 5042; baseline 0.009 -30"><span class='ocrx_word' id='word_1_838' title='bbox 2196 4957 2326 5014; x_wconf 81' lang='lat' dir='ltr'><strong>Erat</strong></span> <span class='ocrx_word' id='word_1_839' title='bbox 2345 4967 2528 5016; x_wconf 89' lang='lat' dir='ltr'><strong>autem</strong></span> <span class='ocrx_word' id='word_1_840' title='bbox 2551 4969 2801 5031; x_wconf 88' lang='lat' dir='ltr'><strong>potestas</strong></span> <span class='ocrx_word' id='word_1_841' title='bbox 2827 4963 2954 5036; x_wconf 87' lang='lat' dir='ltr'><strong>ejus</strong></span> <span class='ocrx_word' id='word_1_842' title='bbox 2975 4965 3147 5021; x_wconf 86' lang='lat' dir='ltr'><strong>multa</strong></span> <span class='ocrx_word' id='word_1_843' title='bbox 3177 5007 3196 5034; x_wconf 93' lang='lat'><strong>,</strong></span> <span class='ocrx_word' id='word_1_844' title='bbox 3228 4967 3319 5024; x_wconf 88' lang='lat' dir='ltr'><strong>cui</strong></span> <span class='ocrx_word' id='word_1_845' title='bbox 3353 4976 3470 5024; x_wconf 87' lang='lat' dir='ltr'><strong>tota</strong></span> <span class='ocrx_word' id='word_1_846' title='bbox 3500 4985 3625 5026; x_wconf 85' lang='lat' dir='ltr'><strong>cum</strong></span> <span class='ocrx_word' id='word_1_847' title='bbox 3648 4983 3802 5042; x_wconf 75' lang='lat' dir='ltr'><strong>parte</strong></span> 
     </span>
    </p>
   </div>
   <div class='ocr_carea' id='block_1_112' title="bbox 2194 5049 3799 5132">
    <p class='ocr_par' dir='ltr' id='par_1_112' title="bbox 2194 5049 3799 5132">
     <span class='ocr_line' id='line_1_114' title="bbox 2194 5049 3799 5132; baseline 0.011 -29"><span class='ocrx_word' id='word_1_848' title='bbox 2194 5049 2307 5122; x_wconf 84' lang='grc'><strong>(61)</strong></span> <span class='ocrx_word' id='word_1_849' title='bbox 2330 5053 2566 5109; x_wconf 87' lang='lat' dir='ltr'><strong>maxima</strong></span> <span class='ocrx_word' id='word_1_850' title='bbox 2589 5051 2866 5114; x_wconf 72' lang='lat' dir='ltr'><strong>Hibernia:</strong></span> <span class='ocrx_word' id='word_1_851' title='bbox 2892 5057 3166 5116; x_wconf 76' lang='lat' dir='ltr'><strong>serviebat</strong></span> <span class='ocrx_word' id='word_1_852' title='bbox 3185 5059 3409 5132; x_wconf 83' lang='lat' dir='ltr'><strong>Anglia,</strong></span> <span class='ocrx_word' id='word_1_853' title='bbox 3425 5063 3520 5118; x_wconf 84' lang='lat' dir='ltr'><strong>cui</strong></span> 
     </span>
    </p>
   </div>
   <div class='ocr_carea' id='block_1_113' title="bbox 2190 5161 3796 5241">
    <p class='ocr_par' dir='ltr' id='par_1_113' title="bbox 2190 5161 3796 5241">
     <span class='ocr_line' id='line_1_115' title="bbox 2190 5161 3796 5241; baseline 0.007 -21"><span class='ocrx_word' id='word_1_854' title='bbox 2190 5161 2538 5241; x_wconf 75' lang='lat' dir='ltr'><strong>Guillelmum</strong></span> <span class='ocrx_word' id='word_1_855' title='bbox 2576 5175 2706 5241; x_wconf 78' lang='lat' dir='ltr'><strong>ante</strong></span> <span class='ocrx_word' id='word_1_856' title='bbox 2729 5170 3115 5241; x_wconf 67' lang='lat' dir='ltr'><strong>annum_l155</strong></span> <span class='ocrx_word' id='word_1_857' title='bbox 3145 5182 3458 5241; x_wconf 87' lang='lat' dir='ltr'><strong>mortuum;</strong></span> <span class='ocrx_word' id='word_1_858' title='bbox 3496 5173 3796 5232; x_wconf 70' lang='lat' dir='ltr'><strong>Geram</strong></span> 
     </span>
    </p>
   </div>
   <div class='ocr_carea' id='block_1_114' title="bbox 2197 5235 3793 5310">
    <p class='ocr_par' dir='ltr' id='par_1_114' title="bbox 2197 5235 3793 5310">
     <span class='ocr_line' id='line_1_116' title="bbox 2197 5235 3793 5310; baseline 0.006 -22"><span class='ocrx_word' id='word_1_859' title='bbox 2197 5247 2328 5310; x_wconf 71' lang='lat' dir='ltr'><strong>vero</strong></span> <span class='ocrx_word' id='word_1_860' title='bbox 2363 5235 2540 5310; x_wconf 63' lang='lat' dir='ltr'><strong>adhuc</strong></span> <span class='ocrx_word' id='word_1_861' title='bbox 2573 5237 2893 5310; x_wconf 76' lang='lat' dir='ltr'><strong>vixissesub</strong></span> <span class='ocrx_word' id='word_1_862' title='bbox 2922 5239 3146 5310; x_wconf 74' lang='lat' dir='ltr'><strong>ilugone</strong></span> <span class='ocrx_word' id='word_1_863' title='bbox 3168 5253 3384 5298; x_wconf 82' lang='lat' dir='ltr'><strong>certum</strong></span> <span class='ocrx_word' id='word_1_864' title='bbox 3402 5235 3515 5301; x_wconf 73' lang='lat' dir='ltr'><strong>est.</strong></span> <span class='ocrx_word' id='word_1_865' title='bbox 3545 5246 3622 5300; x_wconf 85' lang='lat' dir='ltr'><strong>De</strong></span> <span class='ocrx_word' id='word_1_866' title='bbox 3643 5244 3793 5300; x_wconf 54' lang='lat' dir='ltr'><strong>Cui}</strong></span> 
     </span>
    </p>
   </div>
   <div class='ocr_carea' id='block_1_115' title="bbox 2189 5301 3797 5384">
    <p class='ocr_par' dir='ltr' id='par_1_115' title="bbox 2189 5301 3797 5384">
     <span class='ocr_line' id='line_1_117' title="bbox 2189 5301 3797 5384; baseline 0.007 -27"><span class='ocrx_word' id='word_1_867' title='bbox 2189 5301 2456 5384; x_wconf 79' lang='lat' dir='ltr'><strong>lerm_o_ad</strong></span> <span class='ocrx_word' id='word_1_868' title='bbox 2485 5321 2578 5384; x_wconf 83' lang='lat' dir='ltr'><strong>an.</strong></span> <span class='ocrx_word' id='word_1_869' title='bbox 2615 5307 2752 5384; x_wconf 44' lang='lat' dir='ltr'><strong>H318</strong></span> <span class='ocrx_word' id='word_1_870' title='bbox 2769 5309 2859 5384; x_wconf 55' lang='lat' dir='ltr'><strong>ita</strong></span> <span class='ocrx_word' id='word_1_871' title='bbox 2886 5301 3079 5368; x_wconf 74' lang='lat' dir='ltr'><strong>scribit</strong></span> <span class='ocrx_word' id='word_1_872' title='bbox 3103 5313 3440 5384; x_wconf 24' lang='lat' dir='ltr'><strong>AQuillelmns</strong></span> <span class='ocrx_word' id='word_1_873' title='bbox 3490 5317 3561 5372; x_wconf 84' lang='lat' dir='ltr'><strong>de</strong></span> <span class='ocrx_word' id='word_1_874' title='bbox 3592 5314 3797 5384; x_wconf 75' lang='lat' dir='ltr'><strong>Nangis</strong></span> 
     </span>
    </p>
   </div>
   <div class='ocr_carea' id='block_1_116' title="bbox 2189 5375 3796 5455">
    <p class='ocr_par' dir='ltr' id='par_1_116' title="bbox 2189 5375 3796 5455">
     <span class='ocr_line' id='line_1_118' title="bbox 2189 5375 3796 5455; baseline 0.006 -27"><span class='ocrx_word' id='word_1_875' title='bbox 2189 5375 2332 5455; x_wconf 75' lang='lat' dir='ltr'><strong>apud</strong></span> <span class='ocrx_word' id='word_1_876' title='bbox 2359 5375 2652 5455; x_wconf 52' lang='lat' dir='ltr'><strong>Acheriutrt</strong></span> <span class='ocrx_word' id='word_1_877' title='bbox 2693 5378 2882 5455; x_wconf 70' lang='lat' dir='ltr'><strong>Spicil.</strong></span> <span class='ocrx_word' id='word_1_878' title='bbox 2928 5391 3064 5455; x_wconf 86' lang='lat' dir='ltr'><strong>tom.</strong></span> <span class='ocrx_word' id='word_1_879' title='bbox 3101 5382 3168 5438; x_wconf 89' lang='grc'><strong>111</strong></span> <span class='ocrx_word' id='word_1_880' title='bbox 3192 5424 3208 5448; x_wconf 89' lang='lat'><strong>,</strong></span> <span class='ocrx_word' id='word_1_881' title='bbox 3234 5399 3358 5455; x_wconf 85' lang='lat' dir='ltr'><strong>pag.</strong></span> <span class='ocrx_word' id='word_1_882' title='bbox 3390 5385 3448 5441; x_wconf 81' lang='lat'><strong>5.</strong></span> <span class='ocrx_word' id='word_1_883' title='bbox 3484 5405 3506 5438; x_wconf 81' lang='lat' dir='ltr'><strong>c</strong></span> <span class='ocrx_word' id='word_1_884' title='bbox 3543 5375 3796 5455; x_wconf 54' lang='lat' dir='ltr'><strong>ﬂorebat</strong></span> 
     </span>
    </p>
   </div>
   <div class='ocr_carea' id='block_1_117' title="bbox 2189 5441 3792 5528">
    <p class='ocr_par' dir='ltr' id='par_1_117' title="bbox 2189 5441 3792 5528">
     <span class='ocr_line' id='line_1_119' title="bbox 2189 5441 3792 5528; baseline 0.006 -30"><span class='ocrx_word' id='word_1_885' title='bbox 2189 5441 2372 5528; x_wconf 40' lang='lat' dir='ltr'><strong>etiam.</strong></span> <span class='ocrx_word' id='word_1_886' title='bbox 2390 5441 2721 5528; x_wconf 72' lang='lat' dir='ltr'><strong>Guillertbus</strong></span> <span class='ocrx_word' id='word_1_887' title='bbox 2735 5441 3104 5528; x_wconf 60' lang='lat' dir='ltr'><strong>&#39;blivcrnensis</strong></span> <span class='ocrx_word' id='word_1_888' title='bbox 3127 5441 3606 5528; x_wconf 44' lang='lat' dir='ltr'><strong>coinquittsignis;</strong></span> <span class='ocrx_word' id='word_1_889' title='bbox 3633 5454 3792 5528; x_wconf 62' lang='lat' dir='ltr'><strong>cujus</strong></span> 
     </span>
    </p>
   </div>
   <div class='ocr_carea' id='block_1_118' title="bbox 2194 5513 3792 5596">
    <p class='ocr_par' dir='ltr' id='par_1_118' title="bbox 2194 5513 3792 5596">
     <span class='ocr_line' id='line_1_120' title="bbox 2194 5513 3792 5596; baseline 0.007 -29"><span class='ocrx_word' id='word_1_890' title='bbox 2194 5513 2412 5596; x_wconf 67' lang='lat' dir='ltr'><strong>devotio</strong></span> <span class='ocrx_word' id='word_1_891' title='bbox 2441 5516 2578 5596; x_wconf 80' lang='lat' dir='ltr'><strong>mira</strong></span> <span class='ocrx_word' id='word_1_892' title='bbox 2597 5519 2976 5596; x_wconf 50' lang='grc' dir='ltr'><strong>ευίῳίιλάιῃιι</strong></span> <span class='ocrx_word' id='word_1_893' title='bbox 3005 5525 3080 5596; x_wconf 75' lang='lat' dir='ltr'><strong>de</strong></span> <span class='ocrx_word' id='word_1_894' title='bbox 3099 5526 3304 5594; x_wconf 84' lang='lat' dir='ltr'><strong>potenti</strong></span> <span class='ocrx_word' id='word_1_895' title='bbox 3329 5513 3792 5596; x_wconf 44' lang='lat' dir='ltr'><strong>pritt‘éipe&#39;szc&#39;li</strong></span> 
     </span>
    </p>
   </div>
   <div class='ocr_carea' id='block_1_119' title="bbox 2186 5583 3690 5666">
    <p class='ocr_par' dir='ltr' id='par_1_119' title="bbox 2186 5583 3690 5666">
     <span class='ocr_line' id='line_1_121' title="bbox 2186 5583 3690 5666; baseline 0.005 -26"><span class='ocrx_word' id='word_1_896' title='bbox 2186 5583 2371 5666; x_wconf 66' lang='lat' dir='ltr'><strong>factus</strong></span> <span class='ocrx_word' id='word_1_897' title='bbox 2395 5595 2481 5666; x_wconf 75' lang='lat' dir='ltr'><strong>est</strong></span> <span class='ocrx_word' id='word_1_898' title='bbox 2507 5588 2561 5641; x_wconf 92' lang='lat' dir='ltr'><strong>in</strong></span> <span class='ocrx_word' id='word_1_899' title='bbox 2591 5583 2880 5666; x_wconf 71' lang='lat' dir='ltr'><strong>Carthusia</strong></span> <span class='ocrx_word' id='word_1_900' title='bbox 2911 5583 3133 5666; x_wconf 76' lang='lat' dir='ltr'><strong>humilis</strong></span> <span class='ocrx_word' id='word_1_901' title='bbox 3167 5583 3376 5666; x_wconf 74' lang='lat' dir='ltr'><strong>pauper</strong></span> <span class='ocrx_word' id='word_1_902' title='bbox 3405 5583 3633 5650; x_wconf 68' lang='lat' dir='ltr'><strong>Christi.</strong></span> <span class='ocrx_word' id='word_1_903' title='bbox 3666 5615 3690 5648; x_wconf 81' lang='grc'><strong>1</strong></span> 
     </span>
    </p>
   </div>
   <div class='ocr_carea' id='block_1_120' title="bbox 2258 5654 3791 5737">
    <p class='ocr_par' dir='ltr' id='par_1_120' title="bbox 2258 5654 3791 5737">
     <span class='ocr_line' id='line_1_122' title="bbox 2258 5654 3791 5737; baseline 0.005 -25"><span class='ocrx_word' id='word_1_904' title='bbox 2258 5654 2373 5737; x_wconf 65' lang='lat' dir='ltr'><strong>(iii)</strong></span> <span class='ocrx_word' id='word_1_905' title='bbox 2411 5657 2456 5712; x_wconf 80' lang='grc' dir='ltr'>Α</span> <span class='ocrx_word' id='word_1_906' title='bbox 2491 5659 2962 5737; x_wconf 74' lang='lat' dir='ltr'><strong>patre__Henricus</strong></span> <span class='ocrx_word' id='word_1_907' title='bbox 2998 5654 3446 5737; x_wconf 75' lang='lat' dir='ltr'><strong>Attdegavénsetn</strong></span> <span class='ocrx_word' id='word_1_908' title='bbox 3477 5670 3791 5737; x_wconf 58' lang='lat' dir='ltr'><strong>ducatg,</strong></span> 
     </span>
    </p>
   </div>
   <div class='ocr_carea' id='block_1_121' title="bbox 2183 5726 3786 5805">
    <p class='ocr_par' dir='ltr' id='par_1_121' title="bbox 2183 5726 3786 5805">
     <span class='ocr_line' id='line_1_123' title="bbox 2183 5726 3786 5805; baseline 0.007 -26"><span class='ocrx_word' id='word_1_909' title='bbox 2183 5726 2434 5805; x_wconf 63' lang='lat' dir='ltr'><strong>lingliam</strong></span> <span class='ocrx_word' id='word_1_910' title='bbox 2463 5743 2587 5783; x_wconf 91' lang='lat' dir='ltr'><strong>cum</strong></span> <span class='ocrx_word' id='word_1_911' title='bbox 2637 5729 2893 5805; x_wconf 74' lang='lat' dir='ltr'><strong>Neustri&#39;a</strong></span> <span class='ocrx_word' id='word_1_912' title='bbox 2923 5733 3048 5802; x_wconf 83' lang='lat' dir='ltr'><strong>jure</strong></span> <span class='ocrx_word' id='word_1_913' title='bbox 3092 5726 3343 5794; x_wconf 64' lang='lat' dir='ltr'><strong>materno</strong></span> <span class='ocrx_word' id='word_1_914' title='bbox 3375 5735 3644 5805; x_wconf 76' lang='lat' dir='ltr'><strong>obtinuit,</strong></span> <span class='ocrx_word' id='word_1_915' title='bbox 3683 5726 3786 5790; x_wconf 64' lang='grc' dir='ltr'><strong>ιεέ</strong></span> 
     </span>
    </p>
   </div>
   <div class='ocr_carea' id='block_1_122' title="bbox 2185 5797 3242 5878">
    <p class='ocr_par' dir='ltr' id='par_1_122' title="bbox 2185 5797 3242 5878">
     <span class='ocr_line' id='line_1_124' title="bbox 2185 5797 3242 5878; baseline 0.009 -25"><span class='ocrx_word' id='word_1_916' title='bbox 2185 5797 2432 5854; x_wconf 84' lang='lat' dir='ltr'><strong>berniam</strong></span> <span class='ocrx_word' id='word_1_917' title='bbox 2455 5807 2640 5855; x_wconf 83' lang='lat' dir='ltr'><strong>autem</strong></span> <span class='ocrx_word' id='word_1_918' title='bbox 2666 5800 2767 5857; x_wconf 88' lang='lat' dir='ltr'><strong>sibi</strong></span> <span class='ocrx_word' id='word_1_919' title='bbox 2793 5797 2963 5860; x_wconf 81' lang='lat' dir='ltr'><strong>armis</strong></span> <span class='ocrx_word' id='word_1_920' title='bbox 2990 5805 3242 5878; x_wconf 74' lang='lat' dir='ltr'><strong>subjecit.</strong></span> 
     </span>
    </p>
   </div>
  </div>
