3962 6410
284 283 400 347 ’975

1668 290 1854 352 γιτΑ.
1887 326 1959 336 -
1987 295 2118 352 LIB.
2160 298 2224 354 ll.

3466 319 3576 378 θη

281 415 416 458 cum
455 397 797 472 Andegavia,
844 401 1137 492 Aquitania
1176 399 1391 476 quoque
1419 422 1542 464 cum
1581 406 1871 475 Gasconia,
1904 414 1948 471 Α
1977 426 2100 482 quae
2121 397 2354 483 denique
2375 429 2531 470 suam
2559 415 2728 488 ipsius
2759 420 3149 492 contingebant
3176 427 3434 488 salutem.
3462 434 3574 490 Cu-

291 506 391 548 nec
417 505 524 546 non
551 501 606 547 et
650 486 1002 550 finitimarum
1047 496 1324 567 regionum
1371 507 1576 556 tractus
1624 495 1776 556 multi
1822 511 1880 557 et

284 584 473 653 magni
498 584 868 655 subjacebant.
901 586 956 642 In
980 587 1233 642 omnibus
1257 603 1385 644 vero
1412 591 1570 646 terris
1607 592 1693 648 his
1733 592 1878 648 nulla

287 676 672 733 inveniebatur
697 691 932 748 persona
963 680 1334 751 cujuscunque
1369 684 1568 752 gradus
1597 694 1692 738 aut
1727 685 1877 740 ordi-

287 765 400 832 nis,
419 766 506 820 cui
529 765 784 822 libentius
807 767 1158 835 auscultaret,
1173 777 1238 824 et
1255 771 1658 840 cuipromptius
1679 772 1884 828 obtem-

287 864 532 934 peraret,
561 879 725 933 quam
755 865 963 922 homini
999 862 1148 933 huic,
1187 867 1243 922 in
1283 868 1557 932 omnibus,
1592 884 1712 938 quae
1741 866 1881 923 ratio

288 955 484 1010 salutis
518 956 716 1012 animus
743 971 855 1013 sua:
877 959 946 1014 ab
971 973 1037 1015 eo
1075 959 1276 1030 inquiri
1301 975 1396 1016 seu
1424 961 1669 1015 exaudiri
1699 960 1882 1030 exige-

282 1046 405 1101 bat.
447 1045 621 1103 Tanta
651 1049 886 1118 denique
920 1049 1291 1107 familiarium
1334 1052 1410 1107 illi
1458 1052 1695 1122 seipsum
1733 1066 1882 1106 com-

292 1140 566 1208 mittebat,
624 1150 734 1196 tam
780 1141 1040 1214 singulari
1085 1143 1289 1200 amoris
1335 1145 1622 1216 privilegio
1668 1145 1882 1201 cunctis

286 1232 412 1288 fere
433 1232 684 1290 omnibus
705 1233 1029 1304 praeferebat
1052 1234 1222 1301 illum,
1252 1243 1312 1291 ut
1330 1237 1620 1292 crederent
1646 1245 1703 1291 et
1727 1249 1880 1290 assea-

288 1334 484 1378 rerent
505 1323 864 1394 pertinaciter
896 1325 1167 1390 nonnulli,
1193 1326 1346 1381 hunc
1391 1325 1534 1380 iilius
1564 1325 1732 1380 lilium
1758 1339 1881 1381 esse

286 1415 620 1484 naturalem,
663 1426 724 1473 et
769 1415 934 1486 hujus
985 1417 1136 1472 illum
1196 1418 1497 1489 genitorem
1544 1417 1717 1473 fuisse
1765 1433 1888 1472 car-

285 1507 497 1564 'nalem.

367 1597 615 1656 Vidimus
643 1608 766 1671 post
800 1607 1032 1656 mortem
1063 1599 1205 1672 regis
1247 1599 1502 1656 Richardi
1531 1599 1666 1672 (62),
1703 1599 1885 1670 hujus,

293 1691 366 1748 de
391 1708 495 1763 quo
525 1691 814 1764 loquimur,
848 1692 942 1749 filii
972 1693 1114 1766 regis
1155 1701 1212 1748 et
1255 1693 1609 1759 successoris,
1646 1709 1769 1748 cum
1802 1708 1888 1749 es-

1982 521 2071 596 ras
2115 515 2296 596 tamen
2335 517 2673 565 terrenorum
2720 512 2774 567 in
2822 514 2967 570 nullo
2995 530 3119 572 cum
3158 519 3250 578 illo
3277 526 3572 596 tractabat.

1979 595 2106 666 quia
2131 595 2245 653 sola
2290 599 2402 669 ipse
2438 599 2680 658 coelestia
2711 604 2960 672 curabat,
2992 607 3126 676 sola,
3154 595 3578 690 quibuscunque

1980 698 2160 758 posset
2184 691 2380 759 modis,
2433 698 2686 759 amanda,
2732 701 3024 769 quaerenda
3060 710 3116 758 et
3149 703 3443 764 obtinenda
3497 712 3579 767 ia-

1982 775 2251 834 culcabat.
2297 781 2478 850 Quam
2537 782 2723 842 multis
2775 795 2958 844 tamen
3006 789 3151 847 bona
3197 808 3416 866 quoque
3463 809 3578 866 ter~

1982 882 2112 922 rena
2135 867 2380 942 iiugonis
2406 873 2626 930 hortatu
2651 875 2744 931 ille
2771 878 3087 946 contulerit,
3122 884 3339 952 quoties
3369 885 3480 943 iras
3522 889 3579 941 in

1977 960 2330 1051 clementiam
2352 977 2453 1036 per
2473 965 2757 1041 liugonem
2782 975 3109 1041 mutaverit;
3133 984 3188 1030 et
3213 976 3300 1034 his
3327 993 3358 1034 a
3381 979 3580 1048 quibus

1980 1050 2223 1111 oliensus
2247 1066 2413 1123 esset,
2443 1061 2659 1116 veniam
2680 1065 3046 1132 concesserit;
3075 1077 3205 1137 quot
3241 1069 3506 1127 ecclesias
3526 1081 3582 1123 et

1983 1143 2102 1202 ioca
2129 1147 2384 1220 religiosa
2405 1148 2653 1223 Bugonis
2678 1156 2903 1213 obtentu
2943 1161 3268 1229 protexerit,
3305 1161 3580 1234 rebusque

1984 1239 2310 1296 necessariis
2354 1242 2718 1315 ampliaverit,
2755 1248 3079 1322 perlongum
3116 1260 3262 1308 esset
3299 1252 3578 1324 sigillatim

1984 1341 2291 1386 recensere.
2321 1329 2572 1390 Monebat
2605 1337 2752 1394 hunc
2773 1338 2927 1413 Hugo
2951 1343 3189 1410 assidue,
3213 1358 3325 1399 non
3357 1343 3411 1399 in
3436 1357 3578 1398 vana

1984 1429 2260 1491 ventoque
2287 1420 2552 1494 fugaciori
2584 1429 2768 1483 mundi
2794 1433 3157 1501 prosperitate
3195 1441 3362 1504 atque
3386 1441 3578 1504 poten-

1990 1510 2066 1564 tia
2087 1511 2388 1579 confidere,
2418 1528 2525 1568 non
2549 1515 2604 1570 in
2635 1516 3183 1578 incerto'divitiarum
3203 1538 3448 1594 sperare,
3480 1523 3580 1581 sed

1990 1596 2044 1652 in
2080 1601 2190 1654 Deo
2215 1599 2364 1666 vivo,
2403 1605 2497 1672 qui
2520 1620 2648 1660 vero
2671 1615 2756 1661 est
2783 1608 3069 1677 fortitudo,
3113 1621 3168 1667 et
3188 1614 3292 1683 qui
3328 1622 3479 1671 certa
3523 1622 3582 1669 et

1983 1699 2193 1744 aeterna
2222 1701 2310 1748 est
2340 1693 2620 1752 beatitudo
2651 1697 2996 1762 sperantibus
3024 1708 3080 1756 et
3106 1701 3488 1760 confitentibus
3522 1703 3578 1757 in

284 1789 381 1837 set
407 1781 560 1852 litigo
590 1783 642 1836 in
683 1782 880 1838 finibus
903 1782 1596 1853 'Aquitanite,innumeras
1642 1781 1890 1852 undique
1919 1767 1962 1828 Β
1991 1795 2071 1836 se.
2100 1782 2374 1838 Suadebat
2400 1784 2449 1839 ei
2475 1784 2636 1840 facile
2659 1786 2922 1854 tribuere,
2947 1789 3203 1859 perituris
3225 1804 3583 1859 permansura

209 1861 216 1866 ’
283 1873 523 1928 diversae
563 1873 894 1930 conditionis
935 1882 993 1927 et
1043 1871 1320 1944 dignitatis
1353 1881 1560 1926 turmas
1603 1870 1886 1941 ad‘ipsum

283 1978 656 2030 concurrere,
696 1979 800 2020 nec
823 1962 992 2018 aliter
1023 1976 1187 2035 quam
1225 1979 1255 2018 a
1285 1962 1430 2034 regis
1475 1961 1714 2018 defuncti
1763 1978 1888 2034 ger-

288 2071 477 2122 mano,
506 2073 670 2126 super
697 2065 842 2111 statu
883 2069 984 2110 suo
1025 2055 1200 2126 ipsum
1243 2054 1546 2126 consulere.
1587 2053 1893 2112 Contende-

292 2148 427 2204 bant
457 2149 736 2205 uobiscum
765 2149 970 2219 plures,
1028 2148 1179 2204 illum
1232 2121 1652 2217 fratrem‘regis
1685 2161 1896 2204 nuncu-

285 2253 522 2314 pantes;
579 2256 678 2298 nec
727 2242 1024 2298 credebant
1053 2239 1208 2297 nobis
1257 2239 1326 2296 de
1377 2239 1521 2296 illius
1565 2239 1891 2309 cognatione

285 2344 391 2389 aut
419 2333 695 2406 progenie,
730 2333 874 2404 quod
898 2347 1086 2389 verum
1114 2347 1462 2398 noveramus,
1490 2330 1887 2387 asserentibus.

291 2443 320 2479 Ἰ
355 2424 486 2491 Nos,
517 2425 791 2495 inquiunt,
831 2425 959 2494 quid
1003 2437 1191 2479 verum
1241 2423 1530 2488 habeatur,
1565 2422 1633 2476 de
1665 2420 1753 2476 his
1783 2434 1894 2476 me-

283 2515 398 2571 lius
420 2515 648 2581 scimus,
664 2523 718 2570 et
741 2513 1060 2586 agnovimus
1086 2512 1413 2569 evidentius.
1437 2510 1699 2566 Dominus
1720 2525 1891 2581 quon-

188 2655 195 2660 .
291 2608 418 2663 dam
450 2621 544 2663 rex
576 2615 765 2662 noster
796 2604 1063 2662 Henricus
1089 2619 1367 2675 nunquam
1390 2612 1684 2660 externum
1714 2602 1890 2658 h'omi-

284 2714 441 2764 nem,
477 2708 543 2753 ut
608 2697 772 2754 istum
817 2698 1059 2764 amabat,
1106 2705 1169 2752 ut
1216 2697 1380 2752 istum
1431 2695 1755 2760 honorabat,
1818 2693 1920 2766 de.

287 2788 464 2852 nullo,
502 2799 562 2843 ut
583 2786 649 2842 de
667 2789 793 2854 isto,
818 2787 1128 2844 confidebat
1166 2785 1397 2851 nemini,
1426 2795 1488 2841 ut
1511 2785 1620 2850 isti,
1651 2785 1886 2856 seipsum

289 2877 566 2932 credebat.
602 2877 714 2934 Nisi
746 2879 849 2934 iste
871 2886 1018 2934 esset
1046 2876 1189 2933 filius
1208 2874 1332 2946 eius
1363 2876 1529 2947 (quod
1565 2875 1729 2931 etiam
1766 2890 1890 2932 cor-

283 2972 440 3039 poris
461 2968 636 3024 forma
666 2969 966 3025 consimilis
993 2967 1150 3022 fateri
1178 2965 1472 3038 probatur)
1501 2980 1784 3035 nunquam
1825 2977 1888 3020 se

279 3069 345 3114 et
371 3075 466 3115 sua
505 3069 614 3114 tam
652 3061 962 3131 Speciaiiter
993 3060 1068 3116 illi
1098 3066 1414 3129 exponeret,
1459 3071 1560 3112 nec
1587 3056 1644 3112 in
1672 3063 1884 3111 tantum

290 3151 519 3206 honoris
542 3150 747 3205 cultum
773 3151 1046 3211 hominem
1079 3150 1439 3221 alienigenam
1472 3154 1619 3203 tanta
1643 3162 1774 3204 cum
1796 3146 1882 3204 in-

285 3243 497 3299 stantia
525 3227 893 3312 promoveret.
932 3261 950 3294 ι
988 3242 1054 3297 Et
1091 3242 1208 3297 hazc
1235 3240 1455 3312 quidem
1483 3239 1563 3296 illi
1595 3257 1610 3294 :

367 3353 387 3387 ι
430 3333 632 3389 Verum
677 3348 779 3389 nos
807 3333 949 3404 quod
1000 3332 1285 3388 verissime
1329 3331 1533 3387 scimus
1570 3329 1886 3388 firmissime

284 3428 607 3492 asserimus,
647 3427 772 3497 quia
815 3441 918 3481 non
960 3427 1118 3481 istam
1151 3425 1207 3481 ei
1240 3439 1410 3496 penes
1440 3438 1620 3497 regem
1653 3424 1882 3497 gratiam

290 3519 680 3574 conciliaverat
709 3533 837 3573 caro
867 3528 922 3572 et
963 3518 1212 3589 sanguis,
1259 3518 1356 3574 sed
1388 3517 1649 3573 revelatio
1680 3517 1879 3584 Patris,

292 3613 386 3684 qui
416 3622 500 3669 est
525 3613 579 3667 in
625 3610 800 3667 caelis.
852 3609 990 3665 Nam
1018 3611 1270 3667 conscius
1298 3610 1473 3681 ipsius
1499 3611 1592 3680 qui
1623 3610 1674 3665 in
1703 3610 1884 3666 excel-

282 3706 367 3762 sis
419 3713 562 3771 erat,
615 3703 904 3760 manifeste
948 3713 1178 3760 noverat
1227 3719 1394 3774 quam
1440 3704 1675 3770 sincero,
1718 3717 1882 3773 quam

289 3800 534 3869 perfecto
573 3796 769 3854 aﬂ’ectu
809 3796 1012 3864 cordis,
1050 3796 1228 3867 ipsum
1276 3795 1483 3852 relictis
1517 3795 1770 3852 omnibus
1791 3795 1884 3852 ille

284 3896 635 3958 sequeretur,
665 3887 782 3957 qui,
848 3887 951 3942 nisi
1004 3895 1228 3958 propter
1269 3886 1466 3956 ipsum,
1513 3886 1647 3941 nihil
1694 3901 1882 3942 amare

291 3980 522 4034 sciebat.
557 3996 576 4031 ι
611 3976 729 4034 Rex
761 3992 976 4048 quoque
1001 3987 1161 4033 acute
1197 3979 1250 4034 id
1293 3978 1470 4049 ipsum
1516 3978 1802 4048 pervidens
1825 3987 1883 4034 et

1911 3115 1959 3178 C

1992 1885 2338 1942 comparare,
2360 1874 2727 1946 indigentibus
2745 1880 3155 1936 communicare
3174 1882 3320 1938 bona
3339 1897 3585 1938 momen-

1991 1968 2178 2028 tanea,
2210 1975 2334 2017 cum
2365 1963 2562 2034 quibus
2589 1966 2884 2023 sortiretur
2904 1975 3130 2024 aeterna.

2064 2051 2242 2124 Super
2264 2054 2434 2112 variis
2461 2058 2777 2115 excessibus
2813 2059 3011 2129 saepius
3045 2060 3308 2131 arguebat
3339 2074 3488 2127 eum,
3526 2070 3585 2118 et

1993 2144 2061 2201 ad
2089 2147 2489 2204 correctionem
2544 2149 2734 2206 sedulo
2759 2150 3048 2206 invitabat.
3089 2149 3434 2224 Corripiebat
3457 2168 3585 2209 eun

1996 2235 2474 2294 vehementissime
2496 2253 2599 2308 pro
2620 2240 2870 2297 ecclesiis
2895 2240 3300 2298 cathedraiibus
3322 2251 3382 2299 et
3400 2257 3585 2298 coem-

1992 2325 2099 2382 biis
2119 2329 2466 2395 vacantibus,
2490 2343 2620 2400 qua:
2649 2331 2702 2386 in
2733 2346 2898 2387 manu
2925 2345 3030 2388 sua
3067 2332 3260 2389 iiiicite
3298 2333 3494 2404 saepius
3519 2347 3586 2389 ac
3617 2345 3620 2350 '

1991 2417 2083 2472 diu
2113 2419 2412 2485 detinebat,
2436 2430 2500 2476 et
2518 2435 2619 2490 per
2637 2436 2833 2479 manus
2853 2437 3079 2479 suorum
3105 2423 3347 2492 pessime
3376 2432 3584 2480 tracta-

1990 2508 2114 2576 bat;
2151 2510 2206 2565 in
2237 2510 2607 2580 praeficiendis
2640 2513 2864 2568 tandem
2901 2512 3177 2584 episcopis
3205 2522 3262 2569 et
3300 2513 3586 2570 abbatibus

1988 2611 2115 2653 eum
2166 2599 2316 2656 abuti
2360 2609 2618 2671 usurpata
2661 2617 2692 2657 a
2734 2603 3227 2673 praedecessoribus
3265 2603 3381 2660 suis
3429 2612 3585 2674 pote-

1991 2697 2137 2746 state
2166 2690 2550 2748 eonviucebat.
2602 2691 2922 2751 iusinuabat
2967 2693 3214 2751 omnium
3243 2709 3384 2766 pene
3414 2694 3586 2751 malo-

1991 2797 2110 2837 rum
2135 2795 2360 2838 causam
2385 2791 2446 2838 et
2472 2785 2759 2840 materiam
2785 2784 2837 2840 in
2857 2785 3060 2856 populo
3086 2785 3181 2842 Dei
3202 2800 3304 2856 per
3329 2784 3588 2858 indignos

1988 2871 2256 2943 pullulare
2281 2873 2558 2944 praelatos,
2599 2888 2698 2943 per
2723 2889 2820 2931 eos
2841 2875 3037 2942 foveri,
3070 2890 3169 2946 per
3198 2875 3346 2947 ipsos
3371 2891 3583 2943 augeri,

1987 2981 2088 3036 per
2112 2981 2208 3022 eos
2229 2974 2290 3022 et
2313 2966 2518 3038 vigere.
2550 2964 2659 3023 Pro
2681 2965 2766 3022 bis
2789 2967 3043 3023 omnibus
3067 2982 3196 3024 vero
3217 2969 3270 3022 in
3303 2967 3424 3024 illos
3444 2983 3588 3040 prae-

1964 3059 2146 3131 cipue
2169 3072 2361 3130 ptenas
2389 3058 2574 3115 divino
2602 3057 2884 3115 asserebat
2918 3058 3124 3126 judicio
3165 3063 3580 3131 retorquendas,

1988 3149 2080 3221 qui
2138 3149 2335 3206 talibus
2374 3149 2428 3205 in
2475 3163 2665 3206 eorum
2712 3149 3056 3221 promotione
3103 3159 3442 3207 auctoresse
3490 3159 3587 3205 aut

1966 3244 2224 3302 fautores
2249 3258 2358 3300 non
2398 3243 2714 3300 timuissent
2732 3243 2993 3298 exhibere
3015 3260 3034 3297 ς
3066 3259 3088 3294 ι
3126 3251 3184 3298 et
3205 3243 3332 3314 quid
3359 3258 3586 3299 necesse

1982 3345 2089 3404 est,
2142 3336 2348 3403 aiebat,
2379 3350 2413 3392 ο
2452 3334 2708 3406 princeps
2757 3333 3196 3405 sapientissime,
3228 3343 3288 3390 ut
3310 3349 3411 3405 pro
3441 3349 3584 3391 vano

1985 3425 2355 3499 Cujuscunque
2391 3425 2581 3482 favore
2622 3440 2868 3496 personae
2908 3434 2988 3481 tot
3023 3423 3310 3481 animabus
3351 3434 3583 3480 mortem

1982 3519 2190 3576 inferas
2215 3516 2627 3590 perniciosam?
2673 3525 2752 3574 tot
2796 3517 2864 3573 de
2910 3517 3219 3588 perditione
3261 3515 3581 3586 multorum,

1982 3612 2187 3670 Christi
2215 3621 2391 3668 morte
2423 3610 2856 3681 redemptorum,
2892 3609 3178 3680 dispendia
3209 3609 3320 3666 Deo
3345 3609 3580 3677 irrogcs,

1983 3705 2189 3776 tibique
2219 3703 2451 3775 proinde
2482 3710 2563 3758 tot
2601 3701 2994 3772 suppliciorum
3036 3699 3284 3756 cumulos
3333 3699 3388 3753 in
3437 3698 3584 3752 futu-

1985 3817 2104 3855 rum
2149 3799 2422 3871 reponas?
2487 3806 2700 3868 quanto
2778 3796 2954 3851 satius
3013 3795 3216 3851 liberas
3276 3795 3582 3866 quibusque

1978 3889 2276 3947 electiones
2295 3887 2454 3958 juxta
2481 3901 2754 3944 canonum
2782 3886 2920 3942 scita
2948 3885 3292 3955 relinquens,
3349 3885 3582 3954 teipsum

1981 3990 2063 4036 tot
2104 3981 2370 4036 maiorum
2418 3979 2729 4051 labyrintho
2773 3977 3098 4048 explicares,
3146 3986 3203 4032 et
3232 3987 3353 4031 tuas
3388 3977 3454 4031 ad
3481 3977 3582 4031 huc

287 4071 653 4142 perpendens,
684 4071 826 4126 sicut
851 4071 993 4126 hanc
1021 4086 1052 4125 a
1083 4070 1194 4126 Deo
1215 4071 1448 4140 gratiam
1478 4073 1724 4128 noscitur
1751 4087 1879 4142 per-
1982 4081 2190 4129 tantum
2219 4082 2404 4142 partes
2433 4071 2812 4142 interponeres
2845 4077 2928 4136 ut,
2975 4069 3069 4140 qui
3116 4068 3226 4124 Deo
3272 4077 3579 4139 acceptum,

284 4162 521 4232 cepisse,
578 4171 640 4217 ut
693 4161 841 4218 viros
872 4161 1031 4217 bonae
1071 4162 1510 4219 conversationis
1569 4163 1880 4220 testimonio
1977 4165 2106 4222 etin
2131 4164 2217 4220 his
2254 4179 2376 4235 qua:
2400 4163 2496 4219 Dei
2533 4171 2682 4229 sunt,
2713 4161 2913 4233 populo
2935 4160 3028 4216 tibi
3049 4162 3260 4216 credito
3285 4168 3341 4214 et
3366 4159 3582 4214 subdito

281 4255 545 4324 probatos
571 4255 781 4311 arctius
805 4253 1076 4327 diligeret,
1104 4261 1256 4309 tanto
1277 4269 1401 4310 eum
1418 4269 1532 4325 pra:
1552 4254 1766 4309 caeteris
1787 4269 1882 4310 co-
1978 4257 2321 4329 profuturum
2345 4255 2627 4327 eligerent,
2656 4251 3039 4324 praevalerent,
3070 4259 3127 4306 et
3158 4250 3212 4306 in
3243 4250 3582 4312 contrarium

283 4345 389 4401 iuit
416 4348 768 4414 eminentius,
791 4355 996 4419 quanto
1019 4354 1268 4402 senserat
1305 4345 1456 4401 ilium
1480 4345 1645 4402 divini
1673 4344 1879 4400 amoris
1982 4347 2218 4404 nitentes
2253 4345 2307 4401 in
2336 4347 2451 4402 suis
2495 4344 2867 4402 moiitionibus
2895 4342 3016 4399 elisi
3053 4341 3387 4398 deficerent?
3419 4360 3440 4393 ι
3468 4340 3583 4396 Hac

281 4438 498 4496 facibus
526 4439 757 4512 flagrare
787 4440 1161 4497 excellentius.
1204 4438 1314 4496 Nec
1341 4439 1486 4496 enim
1532 4439 1586 4494 in
1630 4453 1881 4496 sermone
1915 4471 1956 4526 υ
1976 4440 2126 4495 enim
2154 4439 2381 4501 ratione,
2411 4437 2637 4507 provida
2657 4446 2974 4494 sanctorum
3001 4434 3226 4490 Patrum
3245 4432 3582 4503 dispensatio

283 4534 691 4600 assentationis,
742 4533 942 4589 nedum
997 4532 1360 4599 adulationis,
1428 4531 1530 4586 fuit
1583 4531 1875 4601 aliquando

281 4628 428 4698 apud
489 4643 635 4682 eum.
690 4625 1002 4691 Enimvero,
1057 4625 1271 4697 qualem
1317 4633 1544 4680 noverat
1595 4623 1873 4693 expedire,

185 4781 188 4784 ,
281 4721 389 4778 sibi
424 4721 620 4792 primo,
657 4720 851 4777 deinde
885 4719 1020 4784 suis,
1057 4727 1333 4791 postremo
1380 4715 1668 4782 universis,
1722 4713 1873 4771 illum

245 4891 248 4893 Α
279 4815 514 4886 cupiens
541 4813 809 4887 exhiberi,
833 4797 1086 4869 instabat
1107 4818 1414 4883 Opportune
1447 4809 1752 4880 importune
1775 4821 1875 4877 pro

279 4925 452 4967 causa
473 4918 528 4965 et
550 4909 784 4980 negotio,
809 4923 908 4978 pro
933 4917 1176 4978 tempore
1201 4915 1256 4961 et
1279 4904 1418 4969 loco,
1450 4916 1702 4974 arguens,
1723 4900 1877 4959 obse-

279 5021 448 5062 crans
477 4988 535 5061 et
560 5005 850 5075 increpans
894 5017 1017 5057 eum
1051 5003 1103 5056 in
1149 5000 1299 5056 omni
1337 4997 1600 5069 patientia
1626 5004 1683 5051 et
1721 4995 1876 5052 suavi

282 5096 534 5154 doctrina
569 5097 813 5160 miscens,
839 5075 994 5166 juxta
1017 5090 1075 5147 S.
1126 5088 1407 5146 Benedicti
1447 5086 1720 5157 egregiam
1749 5097 1877 5140 seu-

181 5249 188 5258 _
282 5182 538 5254 tentiam,
609 5184 930 5256 temporibus
996 5193 1274 5252 tempora,
1331 5173 1878 5234 termribus'blandi-

279 5290 477 5336 utenda.

254 5377 297 5392 "
355 5371 430 5426 De
460 5371 606 5427 illius
631 5373 816 5439 itaque
851 5369 1014 5423 rebus
1051 5369 1320 5422 duntaxat,
1337 5379 1434 5420 seu
1471 5360 1702 5433 negotiis
1733 5373 1868 5414 con—

279 5465 568 5521 siliabatur
615 5464 716 5520 iste
745 5475 868 5519 cum
900 5460 1010 5524 illo,
1038 5475 1158 5532 quae
1185 5457 1486 5520 Christum,
1515 5468 1636 5525 quas
1684 5451 1870 5507 Eccle-

278 5555 444 5620 siam,
475 5570 596 5626 qua:
624 5554 772 5624 regni
797 5552 1264 5624 tranquillitatem,
1290 5565 1410 5620 qua:
1435 5547 1618 5618 populi
1650 5560 1865 5617 pacem,

1981 4531 2038 4586 in
2070 4529 2431 4600 preficiendis
2463 4529 2820 4586 ecclesiarum
2852 4529 3190 4592 rectoribus,
3227 4525 3581 4581 Christianis-

1982 4619 2138 4676 simis
2163 4619 2291 4675 olim
2306 4619 2641 4692 principibus
2665 4619 2843 4676 locum
2867 4619 3111 4674 noscitur
3134 4617 3580 4674 accommodasse

1982 4727 2090 4768 non
2124 4722 2449 4779 extremum,
2485 4727 2598 4784 quo
2625 4727 2725 4784 per
2756 4727 2949 4768 eorum
2995 4709 3422 4768 sincerissimam
3451 4708 3578 4763 ddi-

1981 4802 2222 4876 gentiam
2247 4803 2682 4870 ambitiosorum,
2711 4803 2758 4860 si
2789 4817 2909 4874 qua
2927 4801 3263 4868 emersisset,
3299 4799 3578 4856 temeritas

1982 4895 2197 4951 facilius
2224 4904 2588 4966 premeretur,
2612 4895 2985 4966 religiosorum
3006 4908 3140 4950 vero
3167 4891 3497 4948 unanimitas
3520 4892 3578 4948 in

1981 4987 2178 5044 studiis
2220 4987 2335 5043 suis
2373 4988 2561 5054 robur,
2591 4999 2648 5045 et
2676 4988 2733 5044 in
2781 4986 2922 5043 votis
2969 4983 3222 5042 effectum
3271 4985 3577 5055 expeditius

1981 5091 2424 5152 consequeretur.
2855 5127 2858 5130 .

2053 5173 2273 5229 Talibus
2301 5172 2453 5245 Hugo
2493 5173 2776 5230 insistebat
2819 5171 3073 5244 eloquiis,
3099 5180 3157 5228 et
3197 5171 3579 5245 hujuscemodi

1981 5280 2113 5337 erga
2141 5265 2438 5338 principem
2470 5265 2698 5323 vacabat
2732 5265 2984 5332 monitis,
3032 5265 3246 5335 quoties
3287 5265 3579 5320 occasione

1979 5358 2344 5429 qualicunque
2385 5357 2501 5427 ejus
2555 5358 2807 5424 utebatur
2857 5353 3113 5412 familiari
3163 5371 3418 5411 accessu.
3482 5363 3577 5408 aut

1978 5450 2192 5521 quoties
2221 5452 2502 5508 secretiori
2533 5451 2678 5510 illius
2699 5451 3005 5522 potiebatur
3035 5447 3225 5506 affatu.
3258 5449 3326 5503 Et
3354 5447 3574 5517 quidem

1983 5543 2201 5600 ratione
2229 5541 2513 5612 multiplici
2559 5541 2737 5613 ipsum
2783 5540 2966 5597 adibat
3009 5538 3382 5610 frequentius,
3432 5550 3575 5591 nunc

351 5670 468 5743 (6?)
497 5742 502 5743 ί
527 5669 674 5743 Obiit
701 5685 866 5743 anno
904 5667 1066 5733 H99,
1113 5665 1198 5723 die
1237 5665 1273 5719 6
1311 5663 1532 5735 Aprilis,
1572 5661 1887 5719 Richardus
1933 5675 2065 5728 rex,
2110 5661 2264 5733 cujus
2307 5658 2582 5730 exsequiis
2630 5655 2690 5716 S.
2731 5655 2916 5726 Hugo,
2955 5653 3035 5712 uti
3073 5650 3330 5724 refertur,
3378 5649 3474 5710 lib.
3516 5665 3586 5721 v,'

279 5758 333 5800 c.
367 5741 458 5806 15.
493 5741 762 5799 interfuit.
