3962 6416
477 309 584 375 975

475 412 770 494 accersitus
816 431 886 492 ab
930 433 1070 508 ipso,
1096 445 1242 489 nunc
1278 445 1379 506 pro
1425 431 1596 490 variis
1633 415 1854 498 domus,
1882 425 2060 508 quam
2093 437 2140 496 Α

473 519 734 590 l‘undabat
784 537 840 584 et
884 526 1130 599 regebat,
1187 522 1604 582 necessitatibus
1640 521 1793 581 ultro
1825 523 1895 581 ad
1942 539 2068 581 eum

474 635 728 696 pergens.
756 619 1123 690 Emergebant
1150 629 1280 673 vero
1325 613 1662 671 creberrime
1697 625 1822 672 tunc
1854 624 2068 688 tempo-

475 715 553 776 ris
583 713 696 784 regi
729 703 1006 768 hinc'inde
1035 707 1263 764 adversa
1301 705 1557 776 plurima,
1589 721 1712 776 qua:
1735 703 1941 780 jugiter
1963 707 2066 785 viri

474 801 776 876 spiritualis
801 799 1170 859 consolatione
1185 795 1579 860 variazfercbat
1602 795 1794 860 levius.
1819 813 2068 854 nonnun-

473 907 638 964 quam
669 907 802 949 vero
829 887 1150 962 superabat,
1186 888 1361 945 fretus
1391 887 1508 960 ejus
1535 887 1896 957 orationibus,
1927 887 2062 946 faci-

473 983 600 1051 lius,
627 985 944 1056 plerumque
988 988 1170 1040 autem
1199 981 1315 1052 ejus
1348 981 1645 1036 instructus
1673 979 1913 1038 consiliis
1951 979 2063 1036 cir-

465 1074 840 1146 cumspectius
864 1081 956 1127 aut
983 1069 1307 1142 prudentius
1337 1069 1662 1126 declinabat.
1710 1071 1712 1073 ’
2035 1069 2040 1072 ’

1073 1181 1304 1240 CAPUT
1348 1181 1458 1238 VII.

459 1289 716 1358 Qualiter
747 1307 844 1348 rex
869 1291 931 1347 in
970 1291 1206 1363 periculo
1241 1292 1410 1363 utaris
1457 1289 1763 1347 Britannici
1797 1296 2062 1350 constitit-

455 1408 464 1414 .
539 1361 1038 1433 tnﬁliberationém
1085 1379 1238 1433 suam
1263 1361 1478 1433 Hugoni
1517 1363 2060 1432 ascripsitrett'orere

455 1477 498 1494 ._
537 1431 810 1487 dicebatur
846 1433 984 1504 quod
1024 1432 1094 1486 ad
1141 1431 1507 1504 pontiﬁcalem
1538 1431 1762 1502 gradum
1805 1435 2060 1489 niteretur

533 1518 654 1559 eum
681 1501 992 1574 quantocius
1014 1501 1334 1568 promovere,
1361 1503 1408 1556 si
1437 1502 1508 1556 ad
1534 1501 1741 1574 portam
1781 1505 2058 1560 incolumis

455 1566 465 1602 ⁸
567 1566 842 1629 erueniret.

451 1667 460 1690 ²
535 1666 777 1737 Contigit
835 1672 1020 1721 autem
1078 1663 1204 1720 vic‘e
1229 1665 1468 1735 quadam
1517 1678 1698 1736 regem
1729 1680 1851 1720 cum
1879 1666 2057 1722 classe

1376 308 1434 366 S.
1475 309 1780 369 HUGONiS
1820 310 2030 370 EPISC.
2068 313 2390 377 LINCOLN.
2435 321 2598 380 0RD.
2639 323 2897 382 CAKTII.

3673 327 3772 392 97η

2763 429 3174 507 cirum".
3259 443 3264 450 ‘

2175 530 2415 616 Qualiter
2441 536 2704 616 devotioni
2733 537 2967 616 totaiiter
2989 539 3146 616 Hugo
3173 541 3506 616 intendebat,
3537 555 3618 599 ita
3637 540 3768 615 φιοᾶ

2242 606 2296 657 in
2325 609 2524 678 serunt:
2559 606 2698 662 hanc
2723 607 3026 675 dictionem,
3060 606 3260 678 Amen,
3287 612 3356 667 de
3385 606 3768 672 conciret-"dias

2237 675 2576 752 proferebat;
2603 684 2654 732 et
2682 679 2916 750 qualiter
2939 682 3098 752 etiam
3124 697 3183 736 se
3207 675 3424 752 gerebat
3453 687 3517 738 in
3549 701 3762 751 menso;

2239 755 2290 827 et
2323 747 2494 814 quod,
2523 747 2892 827 quamcunque
2917 750 3156 827 ﬁnirebat
3179 747 3234 808 ii
3257 753 3513 810 mnibus
3544 747 3772 827 σιειμό

2239 819 2452 883 tionem,
2488 833 2546 872 se
2567 827 2741 874 totum
2765 819 2812 876 ei
2835 819 3024 876 dabat.
3271 861 3279 866 -

2234 928 2514 1002 ipseiam
2559 927 2830 1003 completa
2884 933 3002 1006 (63)
3047 935 3416 996 aediﬁcatione
3475 940 3766 1012 utriusque

2160 1023 2494 1090 mansionis,
2528 1021 2758 1084 fratrum
2793 1025 3009 1084 scilicet
3033 1035 3089 1084 et
3131 1028 3566 1096 monachornt,
3593 1032 3767 1090 solitis

2161 1123 2368 1172 sanetae
2393 1117 2830 1173 conversationis
2857 1120 3162 1188 exercitiis,
3191 1121 3590 1192 quoliberius,
3619 1139 3692 1182 eo
3712 1135 3766 1182 et

2157 1205 2470 1276 impensius
2484 1205 2734 1266 vacabat.
2761 1207 3002 1280 Tempus
3033 1225 3198 1277 otnne
3227 1213 3384 1282 quod
3435 1215 3629 1276 somni
3649 1217 3762 1273 sola

2157 1300 2462 1358 necessitas
2503 1299 2632 1358 sibi
2682 1301 2908 1361 mittiue
2943 1301 3320 1372 vitulieasset,
3343 1307 3622 1375 orationi,
3673 1319 3764 1366 aut

2146 1391 2420 1458 lectioni,
2466 1393 2970 1460 autumeditationi,
3007 1397 3094 1452 vel
3121 1398 3400 1470 spirituali
3434 1400 3761 1474 indulgebat

2159 1479 2432 1538 collatioui
2479 1483 2598 1538 sive
2645 1483 3034 1540 exhortationi.
3072 1484 3403 1558 Quanquam
3459 1491 3760 1550 dormienti

2157 1573 2391 1644 corpori,
2405 1573 2616 1652 tuentis
2638 1586 2916 1643 nunquam
2933 1575 3450 1639 dormituritittnem
3475 1582 3760 1652 subripere

2145 1665 2506 1729 creditisses,
2537 1663 2592 1720 si
2611 1665 2664 1722 ei
2689 1663 3016 1725 familiarius
3039 1667 3378 1738 adhaerens,
3407 1671 3458 1726 si
3483 1673 3757 1733 donni“.

450 1753 574 1814 'non
613 1758 826 1816 modica
867 1757 1106 1814 medium
1134 1756 1382 1828 pelagus,
1421 1751 1573 1813 inter
1597 1755 1910 1813 Ncustriam
1935 1743 2131 1842 Bri-
2159 1765 2268 1815 tem
2299 1757 2585 1816 sollicitius
2601 1759 2946 1824 observat-es.
3050 1759 3412 1828 referentem,
3444 1779 3578 1834 qua
3595 1767 3756 1837 conis

443 1852 818 1922 ‘tanuiamque
865 1849 1206 1917 limitatum,
1253 1847 1560 1904 sulcantem
1611 1847 1778 1903 nimia
1830 1857 2054 1918 repente

461 1940 684 1996 suborta
707 1943 1028 2008 tempestate
1047 1944 1186 2008 pene
1204 1935 1540 2007 naufragari.
1559 1935 1603 1992 Α
1623 1936 1803 2006 prima
1818 1937 2056 2007 denique

437 2019 640 2108 "vigilia
677 2014 854 2089 noctis
879 2044 1036 2087 mare
1064 2031 1434 2087 intumescens
1481 2029 1794 2086 furentilius
1839 2029 2050 2095 ventis,

457 2127 644 2183 nimiis
671 2125 911 2183 tactibus
953 2132 1050 2180 aut
1083 2123 1388 2190 obsistere,
1441 2133 1535 2178 aut
1575 2122 1798 2178 allidere
1837 2124 2052 2188 visunt,

457 2221 624 2272 naves
655 2213 864 2272 medias
907 2226 1054 2270 nunc
1103 2212 1268 2270 astris
1313 2213 1588 2280 inserere,
1619 2226 1773 2268 nunc
1803 2225 2052 2283 mergere

457 2308 658 2378 abysso
699 2301 1004 2360 laborabat.
1051 2301 1167 2360 lloc
1194 2301 1592 2360 elementorum
1629 2301 1788 2365 ludo,
1825 2300 2049 2366 nescio,

433 2399 527 2450 'an
563 2393 768 2464 aliquid
812 2392 870 2448 in
897 2393 1008 2448 hoc
1033 2392 1271 2448 humana
1301 2391 1528 2463 pertulit
1565 2391 1809 2447 conditio
1840 2391 2050 2446 luctuo-

430 2487 590 2542 ‘sins.
620 2484 736 2542 Sub
771 2483 878 2540 hac
905 2493 1085 2540 morte
1109 2482 1228 2555 ipsa
1255 2484 1528 2540 amat-inre
1552 2483 1747 2538 mortis
1775 2483 2012 2552 imagine
2030 2523 2048 2549 ,

458 2597 562 2633 mn
596 2577 867 2634 modicum
915 2575 1174 2648 temporis
1213 2589 1515 2647 expensum
1554 2575 1786 2631 docebat
1807 2575 2049 2646 singulos

429 2669 860 2743 'unvigantinm,
905 2680 1070 2724 omne
1107 2666 1235 2722 vitae
1265 2665 1514 2721 mortalis
1539 2665 1778 2738 spatium
1811 2665 1898 2720 vix
1927 2665 2048 2722 exi-

453 2777 620 2834 gnum
647 2759 886 2832 reputari
911 2766 1247 2814 momentum
1273 2756 1318 2813 si
1356 2769 1524 2828 sagax
1555 2755 1834 2828 inspector
1859 2767 2045 2811 rerum

461 2853 605 2908 illius
633 2847 1033 2920 contempletur
1067 2859 1344 2905 occasum.
1376 2845 1460 2902 Nil
1487 2859 1605 2911 rex,
1631 2845 1707 2900 nil
1731 2845 1944 2913 consul,
1969 2843 2046 2915 nil

460 2951 674 3017 potens,
697 2941 776 2998 nil
802 2939 961 2998 fortis
987 2946 1084 2996 aut
1109 2938 1299 3006 dives,
1345 2935 1418 2992 nil
1459 2934 1690 3006 quilibet
1731 2935 1914 2992 senior
1951 2943 2048 2991 aut

440 3033 680 3103 juvenis,
713 3040 886 3088 totum
911 3029 1044 3087 illud
1065 3027 1424 3094 causabatur,
1439 3027 1587 3098 quod
1613 3033 1846 3082 eatenus
1869 3023 2043 3082 vixis-

2141 1849 2306 1923 .vigili
2349 1848 2494 1906 inter
2535 1849 2752 1920 soporis
2775 1863 2952 1907 nexus
2975 1837 3172 1922 spiritu
3209 1851 3748 1926 libet-percepisset.

2135 1943 2470 2000 ~studiosius'
2498 1941 2830 2001 attendisses
2861 1959 2881 1997 :
2933 1943 3152 2006 audi-res
3191 1943 3339 2002 hunc
3361 1947 3612 2014 centies
3635 1964 3749 2008 eam

2134 2033 2464 2134 vehementi
2493 2035 2737 2134 spiritus-
2758 2034 3120 2134 intpulsione,
3148 2051 3276 2095 cum
3303 2036 3450 2134 forti
3483 2038 3746 2096 [abieram

2129 2127 2556 2199 impressione:
2573 2128 2778 2185 sivein
2806 2129 2894 2188 die
2917 2129 3035 2184 slve
3051 2127 3116 2190 in
3137 2138 3305 2186 nocte
3333 2132 3744 2202 quiescentem,

2151 2220 2444 2292 mysticum
2501 2220 2636 2277 illud
2681 2235 2778 2278 ore
2848 2219 3016 2284 tonos
3085 2219 3378 2280 Dor-inice
3451 2225 3741 2291 iteratum,

2157 2330 2178 2365 ι
2215 2313 2420 2380 Amen,
2465 2331 2488 2365 ι
2518 2312 2678 2384 quasi
2711 2310 3115 2371 conclusionem
3147 2315 3460 2384 praemissa:
3487 2318 3741 2374 orationis

2130 2405 2428 2476 proferre:
2473 2403 2608 2460 nihil
2634 2419 2766 2462 vero
2788 2403 2934 2462 aliud
2955 2403 3040 2461 ab
3071 2418 3172 2462 ore
3197 2406 3558 2476 dormientis,
3599 2411 3737 2466 sicut

2124 2497 2425 2570 plerisque
2449 2497 2618 2554 moris
2641 2505 2749 2562 est.
2775 2505 2873 2554 aut
2897 2512 3064 2556 voces
3087 2507 3186 2554 aut
3219 2499 3394 2556 verba
3421 2502 3724 2558 miath

2124 2591 2420 2658 emittere,
2459 2589 2756 2662 aliquando
2779 2589 3131 2662 procedebat,
3159 2591 3256 2648 sed
3285 2593 3567 2662 lenitoret
3583 2595 3726 2665 quie-

2147 2682 2358 2740 tissime
2385 2682 2686 2753 pausando,
2717 2695 2866 2738 nunc
2891 2695 2988 2754 per
3009 2681 3304 2738 intervalla
3335 2685 3556 2752 rarius,
3595 2701 3734 2742 nunc

2125 2786 2280 2830 vero
2301 2772 2668 2844 Frequentius,
2697 2779 2974 2843 protracta
3005 2771 3405 2842 aliquantulum
3427 2774 3609 2844 prima
3631 2775 3734 2848 ql-

2121 2866 2300 2933 ‘laba,
2347 2863 2630 2922 etultima
2660 2865 2716 2919 in
2751 2873 2971 2920 acutum
2996 2863 3144 2922 velut
3183 2865 3488 2938 jacnlando
3509 2869 3736 2936 entissa,

2119 2955 2448 3014 -~innumeris
2471 2955 2684 3011 vicibus
2719 2956 3019 3026 repetebat.
3066 2955 3180 3014 Nec
3229 2972 3368 3014 vero
3411 2961 3651 3026 niirnm,
3689 2959 3736 3016 si

2141 3046 2436 3104 dormienti
2487 3061 2598 3102 non
2643 3046 2872 3104 deerant
2928 3046 3141 3104 interna
3189 3037 3506 3116 serenitas,
3555 3052 3730 3108 intima

439 3134 564 3188 'sct,
609 3134 666 3180 et
709 3123 853 3192 quod
890 3136 1145 3184 serenum
1191 3117 1492 3191 aliquando
1534 3117 1758 3174 vidisset
1795 3124 1856 3174 et
1885 3123 2038 3172 tran-

2140 3140 2360 3199 clari‘ta's
2381 3149 2436 3198 et
2465 3155 2620 3196 mera
2643 3140 2922 3206 suavitas,
2946 3154 3113 3210 quem
3153 3141 3478 3213 vigilantem
3506 3155 3728 3201 externa

446 3213 699 3285 quillum.
736 3210 857 3268 iam
894 3211 996 3267 sub
1023 3209 1199 3267 oculis
1228 3223 1469 3281 praesens
1505 3207 1696 3262 mortis
1733 3205 1914 3278 imago
1945 3221 2038 3262 co-

444 3305 606 3374 gebat
659 3301 950 3358 nonnullos
1013 3299 1217 3356 habere
1272 3298 1330 3354 in
1389 3297 1531 3354 votis
1584 3297 1758 3366 ipsius
1821 3297 2036 3368 pridem

444 3393 693 3451 aculeum
741 3391 1050 3463 pertulisse.
1081 3391 1294 3458 Qudttts
1321 3405 1478 3444 tuens
1513 3389 1698 3445 snnior
1721 3397 1871 3456 erat,
1899 3403 2034 3446 con-

441 3484 668 3544 (essioni
713 3493 1063 3557 peccatorum
1116 3483 1473 3547 insistebant,
1519 3495 1589 3538 ex
1655 3481 2034 3557 desperatione

419 3581 566 3636 vitae
587 3579 872 3651 praesentis
900 3575 1323 3633 sollicitudinem
1351 3574 1546 3630 futuras
1571 3573 1870 3645 capientes.
1895 3571 2031 3630 Pre-

439 3670 598 3727 cibus
627 3671 874 3742 plerique
897 3667 1282 3742 gemebundis,
1313 3667 1563 3736 votisque
1598 3665 1666 3720 ad
1713 3664 2027 3730 Dominum,

411 3765 506 3820 'ad
547 3771 768 3820 sanctos
795 3773 851 3820 et
885 3763 954 3818 ad
988 3772 1208 3818 sanctas
1237 3759 1712 3817 succlamitabant.
1753 3759 1872 3815 ltox
1912 3768 2032 3814 tau-

435 3859 560 3914 dcm
589 3868 646 3916 et
675 3859 792 3932 ipse
819 3859 874 3915 in
905 3861 1022 3915 haec
1048 3858 1211 3913 verba
1241 3855 1493 3928 prorupit
1526 3873 1543 3910 :
1577 3872 1596 3907 ι
1633 3853 1716 3918 0,
1741 3853 1950 3924 inquit,
1981 3854 2028 3910 si

433 3951 687 4024 vigilaret
710 3967 857 4009 nunc
885 3949 1292 4009 Carthesiensis
1322 3949 1479 4022 Hugo
1509 3949 1690 4005 meus!
1721 3948 1769 4004 si
1798 3947 2029 4004 secretis

433 4045 739 4103 intenderet
788 4047 949 4103 modo
979 4043 1274 4117 precibus!
1311 4043 1358 4100 si
1407 4042 1492 4100 vel
1539 4040 1874 4098 solemnibus
1899 4055 2024 4098 cum

431 4137 545 4192 suis
576 4136 836 4193 fratribus
867 4137 1155 4194 interesset
1185 4136 1348 4194 modo
1373 4135 1683 4192 divinorum
1713 4135 2024 4192 ciliciorum

407 4227 720 4294 excubiis,
773 4242 886 4284 non
927 4229 1003 4282 ita
1059 4228 1113 4284 in
1169 4227 1391 4300 longum
1449 4227 1556 4284 mei
1605 4227 2024 4284 oblivisceretur

431 4319 611 4375 Deus!
652 4337 672 4373 ι
706 4319 858 4375 Tunc
885 4335 1050 4375 orans
1101 4329 1156 4376 ct
1184 4319 1344 4375 altius
1373 4319 1768 4390 ingemiscens:
1803 4335 1824 4370 ι
1853 4317 2020 4384 Deus,

429 4409 627 4481 inquit,
657 4411 744 4467 cui
770 4411 942 4466 servit
973 4410 1122 4482 prior
1144 4409 1456 4466 Withamim
1483 4409 1536 4464 in
1569 4407 1832 4476 veritate,
1873 4407 2019 4463 illius

397 4503 733 4560 'interventu
779 4513 834 4558 et
875 4502 1117 4568 meritis,
1165 4501 1407 4558 nobisin
1453 4509 1602 4557 tanta
1645 4516 1747 4572 pro
1777 4499 2016 4572 peccatis

399 4587 630 4651 'nosuis
659 4594 908 4666 angustia
931 4594 1081 4666 justo
1109 4591 1468 4666 deprehensis
1505 4593 1808 4649 clementer
1852 4592 2018 4649 mise-

423 4695 567 4745 rere.
603 4705 624 4742 ι
657 4687 861 4743 Ferunt
886 4689 1108 4759 quidam
1135 4688 1304 4743 etiam
1359 4687 1570 4743 vovisse
1607 4700 1732 4743 eum
1784 4684 1928 4756 quod
1948 4683 2016 4740 ad

424 4779 788 4850 pontiﬁcalem
819 4779 1088 4837 niteretur
1109 4779 1334 4850 gradum
1361 4776 1684 4849 quantocius
1719 4775 1868 4832 illum
1891 4789 2016 4845 pro-

397 4863 404 4872 ’
424 4886 664 4939 movere,
687 4873 731 4928 si
757 4874 1048 4930 meruisset
1075 4872 1360 4929 incolumis
1375 4873 1445 4928 ad
1465 4878 1683 4942 portum
1706 4867 2010 4940 pervenire.

393 4961 536 5018 'Nec
573 4979 758 5032 mora,
792 4967 966 5040 pelagi
1013 4966 1216 5037 fragor,
1249 4972 1538 5021 ventorum
1569 4959 1728 5018 turbo
1761 4957 2008 5016 subsedit

422 5063 480 5110 et
514 5058 771 5122 evanuit;
831 5061 1036 5116 cadunt
1080 5058 1306 5126 fluctus,
1349 5055 1493 5114 redit
1535 5068 1672 5110 aura
1713 5051 1909 5122 lenior,
1956 5058 2013 5108 et

396 5137 623 5202 't'reunu
656 5145 894 5205 ftinditus
927 5150 1328 5223 compleantur,
1368 5163 1539 5206 naves
1563 5147 1834 5206 universae
1858 5152 2012 5216 opta-

421 5251 476 5295 to
506 5241 790 5310 potiuntur
815 5240 1030 5310 littore,
1075 5242 1388 5300 referuntur
1423 5241 1727 5314 gratiarum
1765 5238 2011 5296 actiones

419 5333 488 5388 ab
529 5333 802 5390 universis
840 5333 1035 5392 divinte
1079 5337 1418 5418 clementia},
1465 5345 1524 5394 et
1569 5350 1676 5396 rex
1711 5337 1780 5394 de
1813 5344 2010 5394 calere

415 5426 756 5484 venerationi
785 5425 895 5482 viri
907 5425 1005 5482 Dei
1032 5442 1092 5484 se
1124 5435 1299 5484 totum
1319 5429 1558 5485 devovit.

490 5583 603 5656 (63)
629 5582 780 5654 Quae,
805 5592 865 5639 ut
885 5582 1014 5638 alibi
1033 5581 1292 5656 prmmisi,
1317 5589 1524 5654 septem
1547 5592 1642 5640 aut
1659 5593 1785 5642 octo
1811 5599 2004 5654 annos,

389 5655 398 5662 ’
417 5661 480 5708 ut
501 5653 891 5726 ίςοήιιυιρνριιιιι,
925 5653 1260 5726 requirebat.

490 5725 606 5798 ςϋι)
645 5723 1060 5799 Diebusrempe
1093 5723 1372 5784 ferialibus
1405 5723 1550 5781 intra
1579 5725 2003 5790 hebdomadam.

2138 3233 2384 3296 vanitas,
2418 3245 2562 3288 caeca
2609 3230 2937 3296 curiositas,
2984 3241 3044 3288 et
3085 3231 3300 3302 impura
3325 3233 3596 3306 voluptas
3623 3237 3736 3292 suis

2137 3325 2358 3382 it'retire
2381 3323 2655 3382 illecebris
2681 3323 2992 3380 nullatenus
3015 3325 3408 3396 praevalebant.

2205 3415 2342 3474 Cum
2371 3429 2502 3474 vero
2545 3429 2809 3488 corporea
2838 3417 3092 3475 sumebat
3119 3417 3378 3474 alimenta
3400 3461 3417 3486 ,
3457 3437 3589 3478 cum
3615 3421 3732 3477 Ian-

2138 3507 2294 3566 cibus
2323 3515 2528 3565 tereret
2554 3506 2737 3565 cibum
2766 3508 3084 3564 nutrimenti
3115 3511 3358 3576 terreni,
3399 3520 3540 3570 tunc
3571 3517 3734 3587 potis-

2119 3601 2333 3658 simum
2370 3613 2535 3656 aures
2581 3598 2700 3670 ejus
2739 3601 3084 3669 esuriebant,
3135 3611 3190 3658 ct
3231 3603 3570 3662 hauriebam
3611 3623 3732 3665 ver-

2132 3689 2260 3746 bum
2292 3691 2410 3747 Dei.
2455 3689 2514 3747 Si
2555 3706 2678 3746 cum
2731 3689 2991 3748 fratribus
3039 3708 3138 3765 pro
3191 3709 3348 3751 more
3399 3695 3565 3766 juxta
3595 3715 3728 3755 con-

2131 3782 2470 3840 suetudinem
2527 3783 2636 3839 diei
2695 3782 2822 3839 festi
2879 3782 3228 3840 refectui-ium
3279 3787 3570 3858 ingressus
3627 3807 3730 3847 una

2128 3886 2254 3932 cum
2303 3875 2408 3932 illis
2447 3876 2774 3948 pranderet,
2821 3886 2984 3947 prout
3035 3887 3264 3934 caeteros
3303 3879 3425 3950 ipse
3469 3887 3730 3942 onebat

2128 3976 2185 4025 et
2213 3967 2464 4034 docebat,
2501 3969 2688 4026 oculos
2714 3969 2766 4025 in
2797 3984 3016 4036 mensa,
3057 3987 3252 4026 manus
3278 3973 3334 4028 in
3359 3978 3630 4050 sententi,
3673 3989 3728 4036 et

2117 4073 2288 4117 aures
2317 4061 2383 4117 ad
2415 4061 2613 4117 librum
2633 4101 2650 4130 ,
2697 4077 2794 4118 cor
2821 4072 3004 4120 autem
3033 4063 3102 4119 ad
3141 4063 3312 4120 Deum
3347 4067 3618 4128 habebat.
3667 4072 3724 4130 Si

2125 4149 2274 4206 solus
2294 4149 2488 4206 edebat
2518 4149 2573 4206 in
2590 4151 2780 4206 cellula
2805 4151 2939 4223 (6t),
2967 4152 3349 4224 partiebantur
3369 4157 3478 4214 sibi
3509 4159 3652 4218 liber
3671 4169 3722 4216 et

2105 4243 2370 4300 mensula
2408 4242 2690 4300 oculorum
2729 4241 2930 4300 oﬂlcia.
2979 4242 3130 4304 Tunc
3165 4247 3314 4304 enim
3360 4247 3574 4306 lumina
3611 4253 3723 4322 eius

2123 4345 2184 4389 se
2206 4333 2581 4390 distrahebant
2623 4335 2893 4401 vicissim,
2939 4335 3066 4392 hinc
3111 4336 3248 4392 liber
3290 4350 3564 4411 apertus,
3598 4344 3716 4400 hinc

2103 4425 2280 4494 panis
2301 4433 2426 4482 erat
2451 4428 2750 4497 appositus.
2791 4425 2927 4482 Nam
2973 4429 3253 4500 pulmenta
3283 4434 3468 4489 rarius
3497 4437 3715 4506 adjicie-

2123 4516 2344 4581 bantur,
2389 4531 2530 4587 aqua
2569 4516 2680 4573 sola
2705 4519 2905 4589 saepius
2948 4519 3199 4590 poculum
3241 4523 3410 4580 simul
3435 4537 3496 4582 et
3520 4527 3712 4599 insoci-

2121 4607 2230 4662 lum
2263 4606 2390 4662 fuit.
2445 4607 2864 4664 Condimentum
2911 4609 2998 4667 bis
3043 4610 3222 4682 epulis
3257 4615 3710 4685 pretiosissimum

2103 4714 2396 4770 nunquam
2423 4699 2596 4756 defuit
2620 4716 2806 4758 sermo
2835 4701 2961 4760 Dei.

2187 4791 2243 4846 In
2265 4791 2412 4848 omni
2431 4808 2664 4864 namque
2679 4803 2923 4865 tempore
2941 4803 2999 4854 et
3019 4795 3074 4852 iu
3089 4795 3238 4854 omni
3256 4797 3402 4866 loco,
3419 4804 3571 4872 quod
3588 4803 3702 4866 loci,

2094 4909 2102 4916 ·
2115 4883 2260 4954 quod
2281 4884 2540 4956 temporis
2561 4883 2828 4956 ﬂagitaret
2843 4886 3008 4953 ratio,
3021 4887 3190 4945 hocet
3202 4890 3320 4962 ipse
3331 4892 3594 4960 faciebat.
3607 4898 3697 4952 bne

2099 4982 2172 5030 .et
2188 4974 2306 5031 aliis
2326 4975 2592 5048 agendum
2613 4979 2888 5033 mouebat.
2911 4978 3065 5036 Adeo
3085 4979 3232 5040 velut
3255 4983 3310 5038 in
3326 4983 3581 5044 habitum
3605 4984 3704 5044 sibi

2111 5076 2352 5123 verterat
2378 5068 2840 5124 ordinatissimam
2866 5079 2924 5127 et
2959 5070 3378 5130 saluberrimam
3413 5078 3702 5137 institutis-

2091 5175 2258 5225 -nem,
2311 5168 2368 5216 ut
2400 5175 2616 5232 semper
2641 5170 2788 5219 totus
2807 5172 2866 5218 et
2893 5162 3105 5234 integer
3129 5164 3412 5240 videretur
3443 5170 3500 5228 in
3525 5187 3622 5240 eo,
3639 5172 3702 5228 ad

2112 5253 2255 5322 quod
2278 5268 2400 5308 eum
2424 5253 2704 5309 intendere
2732 5255 3121 5325 prmscribebat
3160 5257 3264 5313 loci
3301 5266 3596 5330 persentis
3619 5274 3704 5320 aut

2095 5345 2260 5401 bene
2279 5347 2588 5417 dispositio,
2605 5358 2660 5404 et
2676 5357 2735 5404 ut
2765 5349 2868 5406 hoc
2895 5351 3070 5422 ipsum
3097 5354 3262 5408 etiam
3293 5365 3542 5428 tempore
3559 5361 3706 5430 quie-

2063 5472 2070 5479 -
2095 5437 2296 5494 scandi
2326 5438 2721 5496 observaret-in
2743 5438 2959 5497 lectulo.
2980 5438 3267 5514 Nunquam
3291 5459 3420 5501 cum
3451 5449 3707 5513 lectulis,

2103 5591 2258 5664 juxta
2285 5574 2752 5664 Carthusicnsium
2775 5596 3246 5658 consuetudinem.
3265 5597 3459 5653 diebus
3491 5612 3688 5656 tantum

2111 5663 2406 5747 llomiuicis
2437 5673 2493 5720 et
2528 5665 2734 5747 iestivis
2766 5666 2938 5724 sinml
2969 5669 3021 5723 in
3071 5669 3361 5724 refecturi»
3403 5675 3684 5728 comede..-

2113 5745 2272 5790 unm.
