3962 6396
210 414 310 484 9'17

1585 418 1767 481 VJTA.
1797 452 1867 469 —-
1904 419 2031 475 LIB.
2072 421 2141 487 ll.

3363 439 3477 509 978

209 524 493 587 dummodo
522 532 669 584 esset
697 524 1004 594 incolumis,
1043 527 1127 584 vel
1159 529 1225 584 atl
1251 540 1583 615 momentum
1612 536 1784 597 tenuit
1813 537 1860 603 Α
1887 520 2176 605 aperuerat
2212 535 2366 607 llugo
2394 529 2583 594 noster
2612 545 3083 611 perseverantibus
3108 546 3165 601 in
3186 549 3475 627 pulsando,

206 617 530 690 vigilantem.
571 616 713 683 Mox,
748 627 826 698 ut
872 618 989 689 ejus
1014 623 1257 681 membra
1281 610 1510 691 stratum
1537 626 1786 698 excepise

204 716 304 781 set,
332 706 494 765 etiam
525 708 638 778 ipsa
653 696 902 780 soporem
928 696 1137 779 pariter
1156 712 1520 784 excipiebant.
1538 714 1595 771 Si
1611 696 1786 787 quan-

202 803 270 861 an
304 799 678 869 intempesdve
708 799 762 855 in
789 801 1028 871 quolibet
1058 819 1188 861 casu
1208 790 1542 864 excitaretur
1578 823 1609 865 a
1633 823 1786 877 sum,-

200 907 289 958 no,
320 891 610 950 confestim
644 891 727 953 vel
775 895 845 963 ad
883 895 1182 954 oralionem
1233 899 1512 973 surgebat.
1557 900 1641 958 vel
1683 901 1784 961 sub

203 991 473 1065 momento
500 983 809 1041 solvebatur
834 1000 1024 1053 rursus
1045 984 1099 1043 in
1128 1001 1400 1063 soporem.
1446 984 1459 1067 ξ

806 1075 1035 1136 CAPUT
1073 1078 1166 1136 1X.

197 1163 441 1245 Qualiter
473 1167 542 1222 ad
580 1167 747 1245 ipsum
767 1166 910 1237 apud
933 1167 1278 1245 Williamium
1303 1171 1665 1245 ron/luebatur
1685 1190 1781 1241 pro

210 1239 214 1243 ’
270 1236 460 1314 solatio
484 1238 739 1314 cupiendo
762 1253 783 1301 ξ
804 1236 852 1291 et
882 1240 1023 1314 quod
1060 1240 1210 1314 multi
1248 1258 1367 1297 cum
1401 1236 1474 1299 ’σο
1514 1236 1783 1314 religionis

263 1322 373 1360 sum
406 1306 562 1382 pilam
604 1311 800 1382 ducere
825 1306 1138 1378 cupiebant,
1167 1313 1280 1382 ipse
1312 1323 1490 1368 tamen
1518 1306 1633 1368 πεί
1648 1316 1780 1381 cito,

263 1392 355 1430 nec
391 1377 550 1445 facile
576 1378 849 1447 pulsantes
879 1382 1180 1450 recipiebat.

222 1495 229 1500 -
262 1467 367 1524 llis
381 1479 443 1524 et
464 1469 771 1541 huiusmodi
810 1472 1110 1541 spiritualis
1139 1474 1437 1547 disciplina:
1453 1477 1649 1535 studiis
1676 1478 1778 1535 ﬂo-

190 1568 345 1616 rente
373 1563 515 1632 apud
550 1560 907 1619 Withamiam
935 1562 1191 1637 "agone,
1219 1576 1274 1623 et
1311 1582 1438 1627 cum
1487 1569 1603 1634 suis
1648 1584 1779 1628 con.

190 1652 469 1727 discipulis
506 1654 797 1719 salubriter
834 1657 1272 1728 pbilusophante,
1314 1660 1670 1719 confluebant
1704 1665 1775 1720 ad

186 1760 316 1803 eum
364 1744 582 1816 plurimi
637 1749 865 1805 diversae
901 1750 1231 1808 conditionis
1273 1766 1370 1809 seu
1417 1752 1777 1823 professionis

189 1836 287 1893 viri
323 1837 562 1907 religiosi
611 1839 755 1913 (65),
790 1851 1012 1913 aspectu
1047 1842 1189 1900 illius
1217 1852 1277 1900 et
1323 1844 1490 1901 aﬂ‘atu
1517 1845 1775 1905 aedificari

190 1927 382 1985 instrui
415 1942 470 1986 et
498 1946 724 1989 munere
751 1941 951 2002 optata“:
975 1932 1365 1992 consolationis
1393 1936 1626 1994 refoveri
1659 1952 1769 1992 cer-

185 2018 297 2073 tius
332 2030 742 2091 praesumentes.
770 2020 884 2076 Nee
913 2036 1041 2079 vero
1066 2037 1163 2081 sua
1187 2025 1495 2097 quempiam
1525 2040 1649 2098 spes
1671 2024 1771 2081 fal-

184 2105 350 2170 lebat.
376 2108 556 2169 nullus
595 2111 648 2164 in
682 2122 836 2181 parte
862 2113 953 2183 pio
979 2112 1332 2175 fraudabatur
1353 2117 1531 2173 cordis
1561 2117 1771 2175 deside-

179 2198 279 2253 rio.
308 2199 530 2255 Cunctis
552 2204 693 2271 apud
716 2203 1069 2260 Withantiam
1090 2207 1336 2279 exempla
1357 2208 1626 2266 dabantur
1648 2224 1770 2281 per-

179 2288 340 2347 fectae
370 2291 668 2362 religionis,
698 2309 895 2355 omnes
921 2296 1046 2354 inde
1073 2300 1421 2370 reportabant
1445 2300 1775 2365 documenta,

174 2395 328 2451 sana:
351 2382 743 2452 instructionis,
768 2396 823 2441 et
849 2388 1079 2459 quisque
1102 2388 1298 2446 allecto
1327 2380 1640 2462 replebatur
1665 2392 1771 2463 piae

176 2471 501 2529 devotionis.
541 2473 678 2535 llinc
717 2475 900 2532 subito
944 2493 1040 2547 per
1067 2492 1256 2535 omnes
1290 2479 1585 2543 Britannia:
1609 2482 1766 2554 lines,

178 2573 381 2619 sanctze
430 2563 588 2632 hujus
623 2565 894 2636 opinionis
943 2566 1244 2639 fragrantia
1275 2572 1514 2628 suaviter
1548 2573 1765 2642 diﬂ‘usa,

177 2652 467 2718 multorum
498 2656 797 2725 praecordia
822 2665 984 2717 tanta:
1010 2659 1313 2717 dulcedinis
1339 2659 1611 2727 alliciebat
1635 2680 1765 2735 gra-

177 2742 276 2809 tia,
305 2751 363 2798 ut
390 2744 493 2800 viri
536 2745 936 2814 litteratissimi,
967 2750 1239 2823 variisque
1262 2750 1417 2815 ditati
1444 2752 1765 2823 redditibus,

179 2835 378 2897 relictis
406 2837 566 2909 hujus
593 2841 775 2896 mundi
801 2843 1030 2914 pompis,
1059 2832 1264 2902 sanetae
1288 2859 1344 2904 et
1367 2848 1592 2905 sincera:
1621 2849 1767 2923 illius

176 2929 607 2986 conversationis
647 2930 1012 2991 humilitatem
1062 2944 1173 2993 tota
1220 2937 1508 2999 devotione
1539 2950 1761 3014 expete-

174 3028 313 3086 rent,
359 3027 579 3089 totaque
618 3020 896 3079 alacritate
921 3024 1187 3082 subirent.

206 3164 209 3167 ,
240 3107 565 3166 Gaudebant
597 3112 946 3193 illustrissimi
983 3116 1393 3188 disciplinarum
1431 3117 1767 3187 scholar-ium

171 3198 409 3270 magistri
442 3204 548 3259 sub
579 3203 711 3259 tanti
743 3205 1060 3276 magisterio
1101 3208 1341 3265 doctoris
1372 3204 1499 3264 illud
1536 3209 1761 3283 implere
1785 3242 1839 3311 ϐ

174 3289 529 3358 apostolicum
554 3310 569 3351 :
603 3312 624 3345 ς
657 3292 712 3349 Si
730 3294 853 3365 quis
875 3296 1090 3352 videtur
1109 3292 1251 3354 inter
1268 3314 1362 3356 vos
1385 3301 1601 3371 sapiens
1613 3314 1759 3371 esse,

171 3378 360 3434 stultus
380 3380 673 3450 elﬁciatur,
701 3393 756 3436 ut
778 3387 848 3438 sit
873 3385 1089 3456 sapiens
1119 3384 1171 3458 (I
1198 3385 1320 3442 Cor.
1346 3405 1428 3455 ut,
1455 3388 1563 3462 lO).
1593 3410 1613 3444 ι
1645 3391 1758 3448 Ab-

169 3467 338 3525 dicata
384 3478 578 3538 itaque
622 3488 761 3536 vana
794 3475 979 3532 mundi
1018 3477 1282 3548 sapientia
1326 3478 1426 3537 sub
1473 3480 1758 3553 disciplina

169 3564 522 3633 praeceptoris
561 3563 697 3622 adeo
740 3564 886 3623 docti
936 3564 1245 3624 eﬂiciuntur
1279 3579 1337 3626 et
1363 3569 1463 3642 ipsi
1497 3570 1759 3633 docibilcs

169 3649 280 3718 Dei,
307 3655 590 3717 tramitem
633 3655 962 3717 Christiana:
998 3660 1352 3734 philosophiae
1392 3665 1760 3725 indeclinabili

165 3734 282 3825 vitae
321 3757 622 3820 carpentes
648 3751 995 3811 rectitudine.
1023 3751 1278 3815 Nonnulli
1308 3772 1523 3829 quoque
1551 3770 1607 3814 et
1641 3777 1759 3823 mo-,

162 3834 486 3904 nacborum,
516 3853 615 3894 nec
639 3854 751 3897 non
774 3852 828 3897 et
854 3857 919 3898 ex
950 3840 1270 3900 clericorum
1295 3846 1577 3906 ordinibus
1601 3865 1760 3921 regna

159 3920 343 4005 larium
368 3932 441 3985 "su
462 3928 498 3984 b
524 3922 746 4001 virgam
787 3948 847 3989 se
879 3924 1108 3992 solertis
1138 3936 1438 4008 transferre
1463 3920 1761 4009 cupiebant

158 4016 403 4087 pastoris,
429 4021 626 4090 sagaci
657 4022 914 4087 nimirum
947 4025 1128 4083 animo
1157 4032 1557 4099 perpendentes
1577 4073 1592 4098 ,
1622 4048 1749 4088 cor-

158 4119 329 4174 poreae
354 4112 586 4180 quidem
618 4129 832 4183 pascuae
858 4117 1170 4192 ariditatem
1196 4161 1211 4186 ,
1246 4137 1366 4193 quae
1411 4139 1578 4193 penes
1622 4110 1757 4187 eum

163 4201 558 4281 reperiebatur,
598 4205 922 4276 pinguedine
954 4210 1252 4283 spiritualis
1301 4213 1572 4277 alimonia:
1619 4216 1750 4273 uheL

163 4287 270 4343 rius
301 4294 664 4367 compensmfi.
699 4292 818 4366 Ipse
844 4312 974 4356 vero
1003 4304 1347 4374 praepositus,
1381 4313 1439 4361 ut
1476 4317 1594 4362 erat
1623 4324 1759 4380 pru-.

162 4376 289 4436 dens
310 4398 408 4451 per
428 4385 617 4469 omnia
647 4395 699 4441 et
727 4388 1173 4469 circumspectus,
1203 4410 1303 4453 nec
1322 4396 1430 4453 cite
1464 4412 1562 4454 nec
1588 4376 1759 4457 facile.

162 4472 429 4538 aperiebat
460 4466 823 4548 pulsantibus.
858 4478 1127 4540 Probabat
1150 4502 1385 4557 namque
1413 4489 1657 4560 spiritus,
1686 4500 1745 4546 ut

1895 624 2292 694 beneplacitum
2316 625 2418 683 fuit
2461 625 2712 686 Domino.
2756 632 3022 690 Abierant
3064 636 3227 709 enim
3254 624 3474 711 quidam

1890 725 2448 789 retrorsutn,quorum
2469 718 2575 777 duo
2604 730 2760 777 erant
2790 724 3033 782 Andreas
3063 736 3118 783 et
3142 726 3470 790 Alexander.

1887 794 2136 867 Andreas
2160 808 2457 873 monachus
2485 809 2784 867 habebatur
2811 822 2865 868 et
2889 817 3119 872 sacrisla
3135 821 3473 884 monasterii.

1885 890 2032 970 quod
2078 897 2450 957 Mulcbelneite
2471 900 2585 974 (66)
2617 915 2994 975 nuncupatur;
3025 910 3328 983 Alexander
3354 913 3471 984 (67)

1884 987 2182 1056 stecnlaris,
2235 1001 2293 1046 ut
2337 991 2530 1064 vulgus
2560 992 2819 1066 loquitur,
2846 999 3123 1072 exstiterat
3150 1006 3469 1062 canonicus.

1956 1080 2110 1138 Versi
2141 1097 2377 1153 namque
2392 1084 2447 1141 in
2462 1086 2803 1157 seditionem,
2826 1088 3103 1161 nugonem
3133 1093 3321 1153 durius
3342 1113 3468 1153 exa-

1881 1171 2196 1228 cerbabaut.
2253 1173 2501 1231 Andreas
2544 1187 2817 1257 utcunque
2861 1179 3076 1237 furebat
3132 1184 3466 1249 modestius,

1879 1262 2184 1323 Alexander
2211 1279 2343 1321 vero
2367 1265 2485 1323 sine
2523 1270 2910 1329 moderaminis
2929 1282 3151 1343 aspectu
3181 1275 3348 1331 multa
3370 1291 3470 1333 suo

1882 1357 2052 1417 Paulo
2080 1357 2199 1431 (68)
2224 1358 2365 1415 mala
2392 1361 2729 1419 ostendebat.
2763 1381 2783 1417 ι
2813 1363 3087 1421 Seduxisti
3118 1383 3239 1433 nos,
3269 1367 3468 1439 inquit,

1880 1451 2133 1524 pessime,
2154 1461 2209 1508 et
2231 1451 2490 1509 induxistl
2511 1453 2565 1508 in
2595 1453 2772 1511 locum
2796 1456 3040 1513 horroris
3061 1469 3116 1513 et
3138 1469 3305 1515 vastae
3335 1458 3468 1514 soli-

1882 1541 2084 1598 tudinis
2110 1582 2125 1608 ,
2182 1543 2422 1614 privatos
2457 1552 2513 1599 et
2546 1553 2741 1600 exutos
2760 1544 3188 1605 habitationibus
3212 1540 3465 1617 amoenis,

1879 1632 2151 1705 rebusque
2175 1633 2370 1705 opimis
2399 1653 2413 1691 :
2438 1644 2491 1692 et
2515 1636 2669 1708 quasi
2697 1652 2805 1693 non
2826 1648 3010 1694 essent
3028 1630 3292 1711 religiosae
3315 1639 3467 1711 quic-

1878 1722 1950 1780 tis
1987 1723 2296 1780 habitacula
2329 1725 2382 1782 iu
2410 1727 2629 1793 steculo,
2668 1727 2744 1784 ita
2772 1728 2914 1784 inter
2944 1728 3166 1785 frutices
3198 1732 3356 1786 nobis
3386 1729 3470 1790 fe-e

1876 1815 1999 1871 riuo
2029 1816 2188 1873 modo
2218 1826 2270 1873 et
2296 1833 2447 1874 more
2474 1818 2898 1877 delitescendum
2923 1823 3248 1892 praescribis.
3272 1822 3465 1879 Abun-

1804 1903 1849 1960 B
1874 1905 1967 1964 dat
1994 1908 2174 1964 omnis
2204 1918 2347 1965 terra
2380 1910 2771 1982 religiosorum
2798 1914 3046 1971 vivorum
3080 1915 3335 1982 coetibus,
3372 1914 3473 1970 ubi

1873 2007 1929 2056 et
2008 1999 2437 2057 cohabitantium
2514 2003 2803 2061 multitudo
2883 2006 2950 2060 ad
3028 1998 3329 2072 solatium,
3406 2012 3463 2060 et

1871 2090 2137 2163 perfectio
2221 2095 2357 2150 satis
2438 2094 2593 2152 nobis
2663 2094 2936 2153 sumceret
2993 2096 3064 2152 ad
3110 2096 3471 2167 exetnplumzi

1870 2193 1927 2241 et
1980 2200 2108 2242 ecce
2157 2186 2298 2247 soli.
2356 2187 2475 2243 sine
2527 2188 2760 2258 solatio,
2803 2204 2914 2261 prae
2958 2189 3161 2246 accidia
3220 2189 3473 2261 languidi

1869 2285 1925 2337 et
1955 2287 2256 2351 torpentes,
2288 2281 2557 2336 neminem
2590 2280 2719 2337 totis
2745 2280 2935 2338 diebus
2978 2281 3222 2336 videmus
3250 2321 3266 2348 ,
3296 2293 3459 2350 quem

1869 2366 2168 2441 imitemur,
2202 2371 2295 2428 sed
2326 2372 2563 2445 parietes
2583 2371 2747 2437 solos,
2778 2373 2975 2443 quibus
2999 2373 3347 2438 includimur,
3376 2373 3461 2427 in»

1867 2470 2103 2520 tuemur.
2130 2462 2237 2520 Sed
2267 2479 2369 2520 nec
2397 2466 2590 2520 cedent
2629 2463 2784 2519 nobis
2812 2463 3038 2518 nimium
3081 2463 3206 2519 licet
3255 2474 3458 2533 arguta:

1866 2553 2106 2610 rationes
2130 2564 2254 2610 tua}.
2269 2552 2566 2611 Manifestis
2582 2555 2731 2610 enim
2758 2562 2814 2609 et
2834 2556 3152 2611 rectissimis
3172 2555 3459 2611 sententiis

1866 2644 2067 2699 nostris
2104 2659 2324 2716 semper
2360 2645 2681 2702 adversatur
2708 2659 2887 2704 sermo
2925 2654 3068 2703 tuus.
3105 2646 3183 2702 Ita
3209 2661 3340 2703 vero
3366 2662 3455 2700 ra-

1866 2736 2099 2793 rissimae
2124 2736 2302 2794 adhuc
2337 2735 2390 2791 in
2411 2736 2574 2793 terris
2598 2742 2653 2791 et
2678 2735 2901 2792 novellae
2926 2736 3084 2807 hujus
3110 2735 3244 2807 legis
3264 2733 3470 2807 Ῑιιειιιιιτ

1863 2829 2020 2885 nobis
2061 2828 2382 2899 portandum
2420 2827 2724 2898 ingeritur,
2762 2844 2827 2885 ac
2853 2830 2898 2885 si
2936 2828 3159 2899 perierit
3209 2829 3407 2899 ubique
3432 2860 3465 2894 ,-

1864 2928 2222 2989 praeterquam
2255 2918 2395 2988 apud
2422 2915 2861 2984 Cartbusienses,
2883 2916 3268 2975 Christianitas
3291 2928 3401 2975 tota
3427 2930 3468 2986 ,κ

1863 3015 1920 3063 et
1960 3007 2048 3062 vix
2081 2994 2424 3076 paucissimis
2454 3007 2799 3063 ltomunculis
2823 3008 2912 3063 via
2953 3009 3025 3062 sit
3053 3016 3332 3080 comperta
3359 3022 3465 3064 sa—f

1863 3095 2012 3153 lutis.
2039 3096 2235 3154 Verum
2262 3138 2277 3163 ,
2319 3111 2457 3166 quos
2500 3099 2713 3169 potiora
2741 3113 2851 3154 non
2881 3099 3071 3164 latent,
3104 3099 3207 3154 hac
3237 3099 3464 3156 inutilia?

1862 3188 1918 3243 et
1945 3204 2082 3244 vana
2112 3189 2313 3245 diutius
2342 3199 2526 3244 tenere
2557 3204 2658 3245 nec
2679 3189 3041 3258 debentmec
3060 3190 3260 3251 valent.
3294 3209 3317 3241 ι
3354 3190 3466 3247 ﬂis~

1860 3291 1994 3350 ergo
2022 3287 2073 3335 et
2107 3279 2304 3335 talibus
2331 3292 2545 3335 sacrum
2570 3279 2721 3334 illum
2760 3278 3006 3335 ordinem
3037 3280 3297 3352 arguebat
3335 3281 3467 3339 [ιω-ξ

1860 3368 2121 3439 spbemiis
2148 3409 2162 3435 ,
2212 3379 2267 3424 et
2294 3368 2491 3424 talibus
2525 3369 2701 3424 virum
2743 3369 2839 3426 Dei
2870 3368 3141 3427 alliciebat
3187 3372 3465 3429 conviciis

1861 3458 2096 3516 hominis
2132 3459 2434 3529 pervicacia
2458 3460 2664 3517 vesani.
3459 3506 3463 3511 .

1879 3538 1887 3543 ”
1930 3547 2157 3606 Dolebat
2204 3550 2409 3607 interea
2456 3551 2609 3624 llugo
2638 3552 2895 3625 periculis
2932 3568 3122 3612 eorum
3151 3595 3167 3620 ,
3207 3554 3299 3625 qui
3329 3553 3445 3622 iam

1858 3638 2211 3697 firmaverant
2228 3640 2332 3696 sibi
2354 3656 2660 3698 semionem
2690 3658 2922 3714 nequam
2945 3644 3251 3716 apostasia.
3267 3643 3448 3700 Time-

1856 3731 1950 3787 bat
1973 3744 2189 3803 quoque
2219 3732 2533 3789 scandalum
2565 3734 2906 3789 inﬁrmorum
2932 3748 2998 3790 ac
3033 3743 3283 3791 recenter
3306 3749 3447 3791 cons

1855 3838 2182 3892 versurum,
2233 3840 2370 3896 quos
2421 3835 2618 3898 praeter
2677 3826 3023 3883 inevitabiles
3085 3827 3459 3897 undecunque:

1853 3917 2183 3987 prodeuntes
2200 3919 2555 3975 tentationum
2578 3927 2743 3973 aestus
2770 3917 3442 3988 vehementiushujusmo-

1853 4010 1913 4065 di
1971 4011 2315 4082 exagitabant
2367 4006 2749 4082 tempestuosae
2797 4011 3062 4081 procellae.
3115 4011 3246 4066 Erat
3292 4012 3461 4067 enim:

1853 4100 2074 4172 spiritus
2093 4114 2305 4167 eorum,
2321 4103 2461 4160 male
2482 4102 2687 4159 scilicet
2708 4102 3073 4170 robustorum,
3102 4103 3250 4160 velut
3279 4105 3461 4159 turbo:

1851 4189 2134 4261 impellens
2159 4193 2418 4264 parietem
2440 4205 2643 4275 sanetae
2666 4193 2811 4255 illius
2837 4195 3136 4261 societatis,
3163 4204 3215 4251 et
3234 4195 3438 4251 discin-

1849 4281 1986 4345 dens
2010 4297 2109 4356 pro
2128 4285 2336 4342 viribus
2359 4300 2707 4359 compagem.
2733 4286 3006 4355 Quantum
3037 4286 3269 4357 denique
3301 4299 3457 4357 mcc-_

1848 4372 2150 4443 stitudiuis,
2189 4384 2563 4448 quantumque
2600 4377 2742 4433 taadii
2771 4392 2992 4434 sacrum
3041 4375 3167 4431 illud
3197 4384 3384 4445 peetus
3417 4378 3455 4439 ,"

1848 4464 1903 4519 in
1927 4463 2169 4523 fraterna
2197 4469 2575 4539 compassione
2598 4477 2653 4524 et
2677 4483 2803 4525 vera
2825 4468 3028 4538 pietate
3060 4468 3436 4532 teneri-imum,

161 4575 334 4621 monet
372 4567 686 4639 Apostolus,
735 4571 779 4627 si
809 4588 873 4629 ex
905 4573 1014 4630 Deo
1039 4589 1242 4645 essem,
1279 4589 1335 4635 ει
1370 4557 1583 4649 quidem
1632 4596 1741 4638 non
1774 4557 2310 4649 Doccupaveritpro
2328 4574 2512 4649 amara
2534 4559 2745 4616 illorum
2766 4559 3152 4649 obstinatione,
3180 4572 3278 4613 nec
3302 4558 3435 4628 ipse,
3468 4587 3472 4592 “

160 4642 270 4708 sine
306 4655 594 4715 dulcedine
622 4669 678 4717 et
725 4660 834 4718 leni
884 4665 1117 4735 quadarn
1166 4642 1476 4736 asperitate.
1516 4671 1745 4742 Aperuit

160 4754 331 4800 autem
364 4750 695 4820 quibusdam
726 4760 849 4827 post
877 4752 1112 4827 largiora
1156 4758 1513 4831 probamenta
1556 4776 1742 4833 perse-

157 4841 464 4898 verantibus
488 4841 544 4898 in
568 4843 855 4915 pulsando.

781 4934 1011 4997 CAPUT
1047 4918 1119 4995 x.‘

158 5036 231 5094 De
256 5049 893 5122 apostatationefralrum
917 5051 1141 5108 Anthea:
1160 5065 1208 5108 et
1244 5055 1557 5122 Alexandri,
1596 5069 1645 5113 et
1676 5060 1741 5115 de

224 5118 469 5197 conuiciis
507 5137 570 5197 ac
611 5119 1270 5197 b‘laspltemiis‘eernmdem
1297 5126 1350 5180 in
1381 5118 1660 5197 Hugoitem
1689 5139 1740 5185 et

224 5187 459 5242 ordinem
497 5186 922 5248 Carthasiensem
944 5194 1130 5250 illatis.

226 5273 299 5332 lit
337 5286 523 5337 autem
556 5297 624 5338 ex
656 5283 765 5340 line
788 5285 985 5356 patuit,
1008 5301 1117 5344 non
1145 5287 1197 5343 in
1226 5289 1506 5358 omnibus,
1539 5290 1739 5352 quibus

224 5406 1020 5502 iﬁlﬁl‘ltterth‘ts'Andreaset
1052 5422 1386 5502 Alexander,
1432 5429 1498 5484 de
1534 5428 1736 5502 quibus

155 5488 273 5569 fit).
302 5487 856 5569 fiequenti‘ltnbertus‘
869 5493 1129 5569 prior,_e_t_
1146 5487 1462 5568 Radulpbus
1475 5487 1730 5569 saérista,

156 5552 488 5648 21,3233}
528 5556 822 5648 Wallel‘tt‘sn
838 5552 1001 5633 (apud
1025 5552 1403 5648 :Whartont'un
1422 5552 1731 5648 inihuglia

155 5630 327 5701 sacra,
364 5633 505 5693 part.
539 5644 578 5696 ι,
604 5645 658 5700 p.
699 5629 922 5703 586)'cx
967 5634 1145 5702 priore
1184 5636 1555 5695 Barthoniensi
1594 5629 1733 5696 (iar-

153 5687 430 5775 Uilllftfttltls
455 5697 789 5775 [ilcllls,_QIli
815 5713 993 5775 tamen
1023 5706 1089 5757 ad
1114 5707 1408 5775 prinratum
1439 5711 1621 5765 rediit.

356 5763 425 5850 ‘ln
452 5760 758 5850 dignusne-:0
782 5774 1078 5850 Angliraun
1191 5776 1241 5837 Ι,
1270 5791 1326 5845 p.
1362 5760 1727 5850 Vl9d'cl-vl97,

149 5831 443 5898 appellatur
471 5831 945 5899 Michclnicnsevct
980 5831 1319 5903 Micclucuse
1340 5831 1564 5923 inagro

1851 4646 1943 4716 qui
1970 4645 2077 4703 hoc
2103 4648 2330 4715 pertulit
2364 4648 2487 4705 ullis
2528 4649 2744 4720 potuit,
2799 4659 2859 4719 ut
2883 4645 3081 4721 saepius
3118 4649 3388 4719 fatebatur
3417 4689 3435 4714 ,

1846 4737 2029 4794 verbis
2055 4738 2355 4795 declarare.

1919 4829 2166 4886 Vidimus
2219 4840 2401 4887 autem
2432 4842 2613 4903 postea
2657 4831 2803 4890 hunc
2837 4833 3015 4906 ipsum
3066 4833 3432 4889 Alexandrum

1847 4922 1991 4995 (69),
2019 4922 2430 4981 Cluuiaccnsem
2457 4926 2782 4982 monachum
2805 4966 2824 4993 ,
2867 4922 3030 4983 rebus
3057 4927 3158 4984 sibi
3189 4926 3433 4996 aliquan-

1846 5012 2017 5068 tulum
2047 5015 2373 5071 cedentibus
2419 5024 2607 5071 contra
2641 5025 2849 5083 votum,
2876 5017 3294 5087 permutationis
3321 5031 3434 5073 suae

1845 5107 2184 5178 paenitudine
2205 5107 2447 5173 ductum,
2480 5107 2723 5180 llugonis
2753 5118 2882 5166 tunc
2905 5110 3149 5184 episc0pi
3180 5112 3432 5167 ambitio-

1841 5198 1955 5255 sius
1979 5200 2210 5271 gratiam
2236 5201 2561 5274 implorare,
2608 5203 2765 5261 nobis
2783 5205 2953 5261 etiam
2990 5206 3316 5277 multiplices
3346 5206 3432 5259 in-

1840 5291 2123 5362 geminare
2158 5308 2366 5364 preces,
2398 5310 2529 5367 quo,
2572 5296 2876 5355 interventu
2919 5309 3108 5357 nostro
3133 5339 3149 5367 ,
3195 5298 3430 5356 reditum

1840 5432 2065 5486 setensi.

1909 5500 2025 5578 (67)
2080 5502 2162 5556 Ad
2196 5517 2355 5578 quem
2403 5511 2584 5559 exstat
2639 5504 2866 5576 epistola
2914 5505 3061 5578 Petri
3107 5500 3449 5578 Blesensis,l

1837 5573 1951 5643 “ub
1971 5589 2182 5628 numer.
2215 5573 2306 5639 86,
2334 5590 2440 5643 qtta
2467 5590 2590 5629 eum
2614 5573 2688 5630 ad
2704 5577 3065 5635 constantiam
3102 5576 3328 5630 animat.

1907 5642 2020 5718 (68)
2056 5642 2507 5718 Allttsinatlillnd
2536 5646 2777 5703 Tintoth.
2801 5663 2921 5718 cap.
2955 5660 3032 5703 tv.
3064 5665 3082 5700 ι
3119 5647 3423 5707 Alexander

1831 5716 2061 5769 aerarius
2094 5716 2258 5771 multa
2282 5717 2412 5773 mihi
2440 5718 2579 5771 ntala
2609 5716 2922 5773 ostendit.)

1901 5786 2015 5860 (69)
2071 5785 2184 5840 Sub
2220 5788 2391 5860 tribus
2440 5787 2645 5860 ultimis
2683 5788 2806 5860 vita:
2960 5787 3200 5859 llugonia
3234 5792 3416 5860 annis,

1832 5857 2028 5926 quibus
2059 5866 2247 5914 auctor
2282 5855 2413 5912 VHJ.‘
2440 5856 2644 5926 llugoni
2669 5858 2918 5915 adluesit.
3047 5855 3070 5859 “
3369 5904 3373 5911 .
