3962 6420
484 439 593 498 9'79

1360 431 1418 489 s.
1467 431 1769 490 uocatus
1807 430 2018 488 EPlSC.
2059 403 2376 488 lancem.
2419 431 2582 490 om).
2623 429 2881 489 unum.

3673 435 3772 492 Μ

481 557 789 608 mereretur
815 549 1026 605 adveri
1057 592 1072 616 ,
1129 555 1189 602 ut
1236 547 1514 604 asserebat
1537 586 1554 610 ,
1585 545 1816 616 paradisi
1845 545 2064 601 incaute
2098 545 2144 603 Α
2173 543 2404 602 fratrum
2435 561 2664 603 numero
2689 587 2705 614 ,
2763 545 3012 603 aedificiis
3047 562 3265 620 quoque
3301 549 3654 618 regularibus
3693 553 3766 602 de»

479 644 758 716 perditam.
793 643 1152 700 mansionem.
1185 640 1384 696 Verum
1409 677 1424 704 ,
1459 638 1604 694 sicut
1625 652 1726 708 per
1753 635 2071 706 Apostohtm

479 736 686 790 dictum
710 734 870 792 estde
894 733 1038 790 Esau
1059 751 1074 790 :
1093 730 1250 786 tNou
1273 729 1482 790 invenit
1509 729 1842 800 pumilentim
1870 727 2072 796 locum,

479 842 793 900 quarquam
819 841 942 882 cum
971 824 1224 897 laerymis
1253 823 1562 894 inquisierit
1591 837 1710 878 eam
1751 820 1940 894 (Hebr.
1971 835 2069 886 xu,

481 918 600 989 Π).
637 939 656 972 ι
689 917 868 974 Rediit
895 925 1076 973 autem
1102 923 1160 972 et
1185 921 1519 970 memoratus
1541 913 1808 976 Andreas,
1835 911 2072 998 nominis

481 1011 570 1064 sui.
617 1011 824 1066 honore
871 1009 1153 1066 mutilatas
1184 1047 1198 1076 ,
1235 1007 1302 1062 ad
1354 1016 1482 1062 nota
1533 1005 1650 1078 (70)
1685 1005 1926 1062 infantiae
1960 1019 2071 1062 suae

479 1101 766 1158 cunabula.

1091 1167 1321 1226 CAPUT
1359 1169 1452 1224 Xl.

480 1263 718 1328 Qualiter
744 1263 1003 1333 difﬁcilem
1041 1279 1096 1318 se
1131 1263 1370 1316 habuerit
1405 1270 1580 1314 noster
1603 1257 1760 1329 Ilngo
1796 1257 1866 1312 ad
1887 1273 2068 1312 eorum

547 1336 915 1402 receptioncm,
956 1335 1047 1405 qui
1098 1333 1256 1386 semel
1339 1340 1722 1405 apostatassent
1755 1337 1852 1405 ,'_et
1905 1345 2066 1405 quam

547 1398 718 1457 tenere
759 1398 1144 1474 pet-sistendum
1193 1405 1250 1456 in
1288 1398 1388 1456 sua
1433 1401 1682 1472 religione
1715 1399 1942 1466 quietem
1987 1398 2070 1452 di-

545 1475 751 1529 texerit.

545 1587 776 1660 Semper
807 1587 964 1662 Hugo
1007 1587 1358 1645 difﬁcillimus
1403 1587 1780 1644 inveniebatur
1809 1587 1878 1642 ad
1927 1585 2067 1643 reei-

471 1681 700 1750 piendos
726 1681 1168 1752 semelegressos
1188 1681 1254 1736 ab
1275 1681 1492 1748 ordine,
1511 1694 1604 1736 seu
1631 1679 1944 1746 rnonachos,
1969 1694 2064 1736 seu

471 1785 792 1840 conversos,
815 1787 1066 1830 asserens
1086 1788 1256 1843 quam
1279 1773 1518 1828 maxime
1545 1771 1671 1828 huic
1695 1772 1943 1842 religioni
1972 1788 2066 1828 ca-

469 1864 702 1918 vendam
729 1864 929 1920 sedulo.
955 1864 1290 1919 instabilium
1321 1863 1598 1920 levitatem
1627 1864 2064 1959 palearum.lloc
2097 1904 2139 1959 Β

467 1953 980 2024 siquidemnomine
1009 1955 1130 2010 illos
1159 1955 1500 2026 exprimebat
1529 1995 1546 2021 ,
1599 1955 1690 2025 qui
1743 1955 1812 2010 ad
1841 1955 2056 2012 facilem

465 2045 785 2104 tentationis
834 2057 1039 2104 motum
1075 2056 1458 2118 separantura
1505 2047 1732 2119 collegio
1751 2047 2016 2103 bonorum
2042 2088 2066 2114 ,.

463 2137 681 2194 excussi
727 2139 806 2195 ab.
821 2141 1117 2196 areainita:
1154 2140 1530 2212 professionis.
1568 2139 1886 2210 llujusmodi
1957 2141 2057 2196 ho-

463 2227 640 2285 mines
671 2229 726 2285 in
752 2229 876 2286 aliis
905 2232 1246 2288 commodius
1279 2232 1530 2287 habitare
1575 2245 1734 2301 posse
1761 2229 1896 2286 locis
1925 2230 2056 2286 reli-

462 2320 633 2389 giosis
651 2321 886 2390 dicebat,
916 2325 970 2378 in
993 2325 1193 2394 quibus
1217 2325 1342 2379 vitze
1365 2324 1556 2378 activae
1579 2323 1860 2392 disciplina
1891 2324 2065 2379 etiam

461 2411 600 2467 istos
637 2415 962 2484 quandoque
1013 2425 1298 2485 promovet
1338 2416 1402 2470 ad
1458 2417 1712 2472 salutem.
1746 2417 1822 2472 Eo
1871 2425 2056 2472 autem

462 2499 606 2572 ipso,
633 2503 778 2572 quod
807 2503 996 2560 talium
1035 2515 1259 2576 experta
1297 2516 1352 2562 et
1379 2505 1608 2576 probata
1634 2507 1872 2562 societas
1903 2521 2059 2576 repn-

461 2591 647 2649 dietur
696 2596 766 2650 ab
815 2597 1004 2652 ordine
1055 2596 1476 2666 Carthusiensi,
1533 2606 1641 2652 tam
1687 2597 1794 2652 illis
1844 2597 2056 2654 consuli

460 2684 673 2750 aiebat,
701 2687 796 2757 qui
821 2728 837 2753 ,
863 2703 934 2744 ne
963 2689 1372 2760 ingrediantur,
1409 2689 1777 2760 repelluntur,
1810 2705 1972 2762 quam
2001 2700 2057 2745 et

455 2773 589 2842 illis,
613 2778 704 2848 qui
736 2779 880 2834 intus
899 2780 1144 2849 admissi,
1169 2781 1338 2850 quieti
1365 2781 1598 2838 interius
1623 2791 1946 2850 morantur;
1976 2793 2052 2849 et,

459 2881 584 2923 cum
608 2869 732 2924 istis
763 2869 816 2924 id
861 2871 928 2926 ad
951 2871 1094 2940 quod
1125 2872 1304 2926 minus
1329 2872 1508 2928 idonei
1542 2883 1669 2928 sunt
1701 2888 1806 2928 non
1839 2872 2054 2929 confer-

457 2966 572 3024 tur,
595 2958 718 3016 aliis
743 2973 932 3015 eorum
961 2975 1190 3018 accessu
1217 2963 1665 3033 impedimentum
1707 2979 1814 3020 non
1845 2964 2056 3036 irroga-

455 3058 570 3104 tur.
603 3049 814 3108 Nullius
837 3067 992 3119 vero,
1023 3053 1322 3123 quamlibet
1343 3055 1550 3124 dilecti,
1579 3057 1884 3128 quamlibet
1907 3073 2060 3130 paen

456 3141 745 3202 eminentia
768 3144 873 3200 risi
905 3188 930 3213 ,
975 3146 1282 3202 nullatenus
1309 3149 1630 3206 admittebat
1681 3149 1734 3204 in
1775 3150 1882 3206 hoc
1920 3165 2048 3206 casu

2174 647 2364 695 center
2411 641 2806 696 consummatis
2835 681 2852 709 ,
2903 639 3239 698 mdificamﬁs
3291 639 3678 697 indesinenter
3725 643 3768 696 ia

2171 742 2369 788 sancto
2383 733 2660 804 proposito
2691 733 2790 790 sibi
2834 733 3248 790 commissarum
3275 733 3463 789 ovium
3499 735 3772 790 animabus

2171 825 2300 880 boni
2327 826 2486 895 hujus
2509 827 2746 895 pastoris
2775 825 3092 897 invigilabat
3121 825 3374 882 solertia.
3407 825 3470 881 In
3505 825 3668 895 cuius
3689 843 3772 880 ne-

2171 917 2303 990 gotii
2353 935 2460 974 non
2515 919 2790 976 mediocre
2833 919 3162 991 adjutorium
3195 961 3211 986 ,
3263 921 3447 976 sacris
3497 919 3786 976 codicibu'

2171 1005 2524 1066 conficiendis
2547 1021 2568 1079 ,‘
2591 1007 2972 1084 comparandis
3006 1019 3079 1077 et,
3110 1011 3313 1082 quibus
3339 1021 3536 1084 posset
3565 1011 3734 1065 modis
3751 1052 3774 1074 ,

2173 1105 2519 1176 acquirendis
2569 1105 2714 1162 haud
2765 1121 2984 1178 segnem
3011 1121 3230 1177 operam
3265 1104 3652 1176 impendebat.
3685 1102 3770 1158 His

2169 1198 2316 1254 enim
2338 1206 2390 1252 et
2405 1213 2504 1269 pro
2535 1199 2745 1256 deliciis
2768 1209 2824 1254 et
2843 1215 2938 1270 pro
2952 1200 3154 1255 divitiis
3181 1207 3434 1269 tempore
3461 1197 3774 1266 tranquillo,

2171 1289 2256 1346 his
2291 1287 2487 1345 bellico
2530 1289 2632 1346 sub
2658 1291 2946 1362 procinctu
2975 1305 3075 1360 pro
3101 1289 3224 1344 telis
3251 1289 3340 1344 vel
3365 1289 3574 1352 annis,
3611 1287 3694 1342 his
3721 1287 3768 1340 in

2170 1378 2316 1436 fame
2335 1396 2437 1451 pro
2461 1380 2742 1449 alimonia,
2779 1393 2834 1440 et
2869 1384 2919 1438 in
2949 1381 3212 1454 languore
3239 1399 3340 1453 pro
3369 1381 3620 1444 medela,
3661 1381 3770 1434 reli-

2169 1475 2342 1545 giosis
2386 1475 2802 1546 quibuscunque
2829 1516 2846 1542 ,
2875 1477 3112 1531 maxime
3133 1476 3302 1530 vitam
3335 1475 3672 1548 gerentibus
3693 1489 3768 1528 so-

2169 1563 2429 1633 litariam,
2457 1565 2718 1621 utendum
2747 1581 2870 1623 esse
2895 1569 3258 1622 memorabat.

2239 1673 2379 1731 Hinc
2430 1675 2658 1746 contigit
2703 1685 2764 1733 ut
2811 1693 2934 1733 eum
2977 1693 3106 1748 rege
3153 1677 3498 1733 familiarius
3545 1679 3770 1749 quodam

2167 1775 2414 1836 tempore
2461 1783 2632 1838 agens
2673 1769 2746 1824 de
2801 1770 3032 1841 penuria
3083 1769 3350 1825 librorum
3413 1771 3766 1826 interserens!

2167 1860 2498 1913 mentionem
2535 1873 2560 1916 τ
2599 1874 2630 1914 a
2669 1875 2778 1930 quo
2827 1861 3136 1916 admonitus
3168 1903 3190 1928 ,
3241 1869 3303 1916 ut
3347 1863 3768 1917 conscribendis

2165 1963 2262 2018 per
2288 1949 2652 2005 conductitios
2699 1951 2996 2022 scriptores
3029 1951 3184 2007 libris
3225 1953 3522 2008 insisteret
3553 1995 3570 2018 ,
3609 1969 3766 2006 tuem-

2163 2041 2366 2096 branas
2393 2040 2712 2098 sibi‘decsse
2743 2042 3044 2112 respondit.
3095 2042 3232 2096 Tum
3263 2043 3354 2098 illc
3381 2061 3396 2095 :
3437 2063 3458 2095 ι
3487 2044 3557 2097 Et
3603 2059 3766 2113 quan-

2167 2141 2277 2186 tum
2305 2174 2321 2196 ,
2361 2133 2438 2187 ait
2465 2175 2481 2199 ,
2512 2133 2758 2202 pecunia:
2781 2131 2879 2189 tibi
2905 2133 2987 2188 vis
3011 2133 3250 2188 conferri
3301 2133 3370 2188 ad
3403 2134 3762 2204 supplendum

2161 2227 2306 2281 hunc
2347 2225 2653 2282 defectum?
2678 2257 2752 2268 -—-
2785 2226 2924 2290 Una,
2963 2227 3158 2296 inquit,
3195 2242 3385 2282 marca
3417 2229 3632 2298 argenti
3673 2227 3764 2280 diu

2162 2315 2409 2373 sufficiet.
2451 2337 2470 2372 ι
2507 2319 2620 2374 Rex
2644 2319 2712 2374 ad
2744 2319 2860 2375 haec
2881 2318 3171 2374 subridens
3203 2337 3220 2374 :
3257 2337 3276 2370 ι
3317 2315 3364 2376 θ
3387 2361 3406 2386 ,
3449 2320 3560 2382 ait,
3599 2335 3758 2388 quam

2161 2412 2519 2466 immoderate
2561 2427 2756 2484 gravas
2799 2413 2984 2468 bos?»
3013 2411 3298 2481 iussitque
3347 2412 3410 2466 in
3463 2411 3760 2467 continenti

2161 2502 2349 2556 decem
2375 2517 2593 2558 marcas
2635 2502 2794 2558 fratri
2819 2544 2836 2570 ,
2892 2503 2985 2574 qui
3016 2519 3138 2558 cum
3169 2519 3237 2574 eo
3261 2513 3388 2559 erat
3415 2546 3428 2570 ,
3455 2503 3742 2558 numerari.

2159 2593 2416 2649 Promisit
2445 2595 2606 2648 etiam
2635 2611 2796 2650 unam
2831 2595 3232 2661 bibliothecam,
3263 2596 3544 2666 utriusipie
3559 2595 3746 2650 Testa-

2159 2686 2326 2740 menti
2355 2701 2551 2756 corpus
2574 2687 2784 2758 integre
2809 2689 3203 2754 continentem,
3225 2703 3286 2744 se
3311 2691 3756 2743 transmiwtrum

2157 2775 2232 2830 ei.
2265 2775 2445 2832 Rediit
2491 2779 2644 2848 prior
2687 2781 2932 2836 domum.
2983 2780 3047 2834 Et
3095 2795 3188 2835 rex
3231 2782 3495 2852 promiSsi
3531 2783 3614 2834 sui
3647 2799 3756 2836 non

2157 2867 2480 2934 immemor,
2537 2869 2764 2941 inquirit
2809 2871 3040 2926 sollicite
3089 2873 3486 2928 bibliothecam
3547 2875 3760 2944 optimc

2156 2959 2482 3026 confectam,
2524 2975 2684 3031 quam
2720 2962 2768 3016 ei
2803 2963 3054 3018 conferre
3083 2965 3376 3033 potuisset.
3435 2963 3760 3036 Suggeritur

2157 3050 2384 3108 domum
2455 3053 2728 3109 curiosius
2792 3055 3108 3126 quaerenti,
3185 3055 3492 3110 monachos
3575 3053 3756 3110 Santti

2153 3139 2430 3198 Witbonii‘
2450 3143 2564 3214 (72)
2587 3143 2860 3218 egregiam
2891 3145 3098 3200 recenti
3125 3151 3178 3199 et
3200 3144 3418 3198 decenti
3444 3159 3616 3215 opere
3639 3161 3758 3200 con-

453 3247 667 3303 preces,
695 3235 945 3291 omnibus
975 3236 1040 3292 in
1057 3239 1334 3294 conamini
1367 3239 1610 3296 auditum
1635 3239 1896 3298 claudens
1925 3241 2050 3298 md.
2078 3241 2126 3306 ο
2155 3231 2350 3289 fecisse
2397 3233 2778 3290 bibliothecam
2805 3275 2822 3302 ,
2865 3235 2918 3290 in
2951 3249 3056 3306 qua
3087 3235 3156 3290 ad
3189 3249 3444 3290 mensam
3481 3237 3756 3291 edentium

455 3323 644 3392 eundi,
694 3325 786 3396 qui
841 3337 1036 3397 sponte
1061 3329 1448 3398 deseruissent,
1489 3332 1544 3388 in
1573 3333 1780 3401 quibus
1811 3348 1870 3390 se
1897 3333 2056 3406 prius

453 3415 831 3474 intractabiles
859 3421 1256 3490 exhibuissent,
1291 3433 1442 3494 septa
1467 3425 1634 3482 ovilis.
1655 3426 1760 3482 sui.

529 3505 752 3562 Zelabat
781 3522 877 3578 per
903 3509 1087 3566 omnia
1115 3525 1338 3568 suorum
1363 3513 1602 3583 quietem
1628 3557 1642 3582 ,
1675 3524 1936 3586 tanquam
1961 3517 2048 3574 sui

455 3597 632 3666 ipsius
652 3597 904 3655 salutem.
933 3601 1233 3658 Videbatur
1261 3611 1440 3660 autem
1463 3606 1536 3672 ei,
1567 3621 1672 3662 non
1700 3608 1878 3664 solum
1901 3609 2048 3679 ipsos

453 3689 696 3758 quietem
740 3689 884 3748 hanc
931 3693 1254 3764 perturbare
1281 3735 1298 3762 ,
1345 3696 1446 3764 qui.
1467 3695 1646 3768 aliqua
1697 3699 2048 3769 improbitate

451 3779 751 3838 Sabbatum
789 3782 1000 3840 illorum
1049 3795 1298 3842 sanctum
1333 3796 1398 3843 et
1415 3789 1706 3846 delicatum
1748 3805 2046 3862 prtesume-

453 3883 578 3928 rent
605 3873 905 3942 infestare;
965 3877 1075 3934 imo
1103 3887 1159 3934 et
1184 3879 1306 3936 illos
1351 3881 1442 3951 qui
1481 3882 1710 3941 infestos
1735 3884 2042 3941 dissimula-

447 3975 572 4022 rent
601 3967 682 4024 vel
715 3968 953 4026 inclusos
977 3972 1278 4044 reprimere
1311 4017 1326 4040 ,
1370 3975 1452 4030 vel
1481 3975 1834 4038 iufestaturos
1859 3988 1918 4036 et
1941 3995 2050 4036 ert--

447 4055 660 4124 dum",
683 4073 750 4114 ne
777 4059 1189 4130 ingrederentur
1206 4105 1220 4130 ,
1251 4066 1584 4138 negligenter
1611 4083 1822 4126 arcere.

1051 4193 1280 4250 CAPUT
1315 4195 1440 4250 XII.

447 4279 864 4358 Qualiter,_licct
900 4293 1030 4358 esset
1073 4287 1140 4358 de
1182 4287 1330 4358 libris
1368 4275 1789 4358 congregationis
1818 4305 1930 4346 sate
1952 4307 2042 4345 ne-

516 4352 762 4407 cessariis
799 4356 1160 4430 perquirendis
1208 4352 1517 4430 sollicitus],
1535 4352 1899 4430 bibliothecam
1923 4361 2040 4430 (7i)

513 4433 690 4496 tamen
715 4439 808 4496 per
851 4439 1019 4493 regem
1057 4426 1156 4482 sibi
1191 4443 1226 4480 ιι
1275 4429 1548 4484 monachis
1588 4426 2050 4488 Witltoniensiltus.

509 4495 828 4570 acquiritur);
851 4511 916 4549 ea:
939 4496 1178 4570 inaudito
1204 4497 1479 4570 charitatis
1508 4499 1702 4570 alfectu
1723 4499 1859 4554 ultro
1889 4502 2038 4556 reddi

511 4561 658 4650 terit.
701 4561 852 4620 Unde
889 4566 1159 4650 foueat-uit
1205 4583 1270 4648 ea:
1312 4566 1404 4621 illo
1462 4561 1754 4650 présertim
1808 4581 2038 4641 tempore
2069 4589 2120 4650 ο

509 4633 654 4690 inter
692 4635 974 4690 monachos
1003 4635 1390 4692 Wintonienses
1421 4633 1472 4694 ei
1498 4638 1886 4696 Witlramenses
1912 4633 2040 4697 ἐνθ-

508 4706 668 4780 initas
688 4705 909 4780 dilectio
953 4708 1196 4780 specialis
1217 4749 1263 4780 ,ι
1279 4723 1371 4780 per
1397 4725 1560 4780 quam
1602 4709 1862 4766 Robcrtus
1891 4714 2040 4780 prior.

509 4774 831 4846 cathedralis
861 4774 1116 4840 ecclesia,
1147 4789 1200 4832 et
1225 4774 1495 4846 Radulfus
1521 4781 1748 4834 επεν-ἰείη
1773 4821 1788 4845 ,
1825 4774 2034 4835 Witha-

486 4845 914 4920 tmienses‘e/Iecti
942 4847 1315 4920 so'itariisunt
1341 4866 1360 4913 ;
1385 4845 1453 4902 ad
1474 4867 1697 4920 quorum
1725 4851 2036 4908 instantiam

507 4915 832 5032 gizerilpsisse
856 4931 911 4970 se
939 4920 1124 4972 asserit
1159 4917 1332 4973 Vitam
1355 4915 1522 4973 nostri
1545 4918 1786 4990 [lagonis
1801 4921 2032 4992 ejusdem

551 4999 599 5032 lc
624 5001 656 5032 α
681 5001 762 5032 ον.

551 4993 762 5039 tctator.

509 5071 668 5129 Libet
689 5077 964 5134 succincte
985 5079 1234 5150 quaedam
1257 5097 1328 5136 ex.
1345 5082 1588 5152 gestisvi
1598 5084 1664 5147 ri,
1697 5082 1840 5154 pleni
1859 5085 2042 5155 genti-.

439 5179 526 5220 nec
555 5163 860 5223 dilectionis
885 5207 900 5234 ,
933 5169 1024 5224 Dei
1055 5171 1308 5228 videlicet
1351 5183 1404 5228 et
1437 5173 1670 5243 proximi
1707 5215 1724 5241 ,
1777 5173 1988 5230 referre
2013 5215 2032 5241 ,

437 5255 584 5326 quod
605 5253 871 5324 ejusdem,
901 5273 1024 5327 qum.
1050 5260 1106 5314 in
1129 5261 1220 5316 illo
1245 5263 1600 5320 vehementer
1629 5265 1858 5320 emicuit
1879 5307 1892 5328 ,
1919 5267 2032 5321 siu-

436 5349 733 5404 cerissimte
757 5350 1040 5405 charitatis
1064 5351 1274 5422 insigne
1297 5354 1680 5410 documentum
1709 5356 1830 5412 fuit.
1858 5358 2028 5430 lgitttr

432 5455 572 5514 pene
619 5439 733 5512 jam
791 5458 892 5515 pro
945 5445 1336 5501 consuetudine
1391 5447 1542 5504 illius.
1565 5449 1772 5507 ordinis
1816 5451 2030 5524 integro

503 5619 620 5696 (:19)
657 5619 716 5696 id
743 5631 848 5688 est,
871 5621 1304 5696 Mulchelneiam,
1329 5625 1407 5680 uti
1441 5626 1799 5696 interpretor.

2152 3325 2383 3382 fratrum
2424 3326 2528 3398 legi
2583 3327 2875 3384 debuisset.
2910 3327 3029 3395 Quo
3053 3327 3146 3384 ille
3169 3338 3460 3398 comperto
3487 3369 3504 3395 ,
3567 3329 3754 3400 oppido

2129 3407 2368 3490 gavisus
2388 3428 2493 3489 est,
2521 3419 2860 3492 accessitque
2883 3422 3207 3492 quantocius
3235 3421 3304 3476 ad
3335 3421 3592 3492 priorem
3623 3423 3758 3478 illius

2150 3509 2413 3566 Ecclesia:
2439 3551 2455 3577 ,
2504 3519 2560 3566 et
2590 3511 2691 3566 sub
2721 3511 2904 3568 multm
2929 3511 3462 3581 recompensationis
3493 3512 3754 3582 pollicita-

2151 3600 2300 3656 tione
2325 3601 2514 3658 donari
2537 3601 2638 3658 sibi
2665 3617 2870 3658 munus
2890 3610 3132 3672 optatum
3160 3601 3347 3672 petiit,
3400 3613 3584 3673 atque
3607 3605 3754 3660 citius

2153 3691 2489 3762 impetravit.
2536 3692 2724 3764 Itaque
2775 3695 2928 3768 prior
2956 3693 3272 3752 Withamia:
3302 3711 3434 3750 cum
3493 3695 3752 3752 fratribus

2151 3785 2286 3846 suis.
2313 3784 2638 3841 bibliotheca
2678 3786 2828 3858 regio
2856 3801 3080 3841 munere
3103 3795 3358 3857 suscepta
3385 3795 3452 3842 et
3481 3787 3748 3858 inspecta,

2149 3889 2256 3930 non
2289 3875 2639 3932 mediocriter
2667 3885 2722 3932 et
2753 3875 2852 3946 ipsi
2899 3875 3064 3930 laetati
3091 3885 3236 3940 sunt,
3270 3885 3328 3932 et
3355 3875 3413 3931 in
3441 3892 3510 3932 eo
3537 3877 3756 3958 potissi-_

2146 3985 2294 4024 mum
2339 3969 2507 4042 gavisi
2550 3970 2690 4042 quod
2725 3971 2848 4044 styli
2889 3969 3210 4043 elegantiam
3251 3973 3536 4043 totiusque
3579 3975 3750 4045 aperis

2147 4069 2486 4116 venustatem
2548 4064 2828 4134 operosior
2877 4065 3185 4120 emendatio
3239 4063 3544 4123 sublimius
3613 4084 3750 4124 com-

2147 4152 2447 4208 mandaret.

2213 4241 2453 4314 Contigit
2479 4252 2601 4313 post
2631 4244 2731 4300 hoc
2759 4245 3048 4318 quemdam
3073 4257 3138 4300 cx
3163 4247 3460 4303 monachis
3491 4247 3746 4304 Ecclesia:

2143 4333 2538 4392 Witboniensis
2595 4337 2708 4408 (75)
2741 4378 2756 4404 ,
2817 4337 3193 4394 aedificatiouis
3237 4341 3420 4410 gratia
3449 4382 3466 4408 ,
3537 4343 3744 4398 venisse

2142 4429 2497 4486 Withamiam
2527 4445 2542 4484 :
2573 4431 2742 4498 Quem
2793 4433 2944 4502 prior
2987 4447 3140 4490 more
3191 4449 3296 4490 suo
3341 4450 3566 4492 summa
3625 4451 3740 4493 cum

2141 4519 2455 4576 affabilitate
2479 4529 2665 4592 optato
2695 4521 2947 4580 reficiens
2981 4531 3186 4580 sanctae
3235 4523 3598 4583 discretionis
3637 4541 3748 4583 su:-

2141 4611 2431 4683 colloquio,
2464 4613 2662 4672 didicit.
2675 4625 2902 4686 repente
2929 4619 3000 4676 ab
3025 4634 3114 4686 eo,
3141 4635 3264 4676 cum
3295 4631 3510 4693 quanta
3541 4621 3736 4694 suppli-

2138 4706 2353 4761 catione
2387 4704 2651 4763 Dominus
2695 4723 2790 4766 rex
2835 4709 3222 4768 bibliothecam
3255 4713 3435 4783 ipsam
3488 4715 3733 4784 dignatas

2139 4797 2304 4853 fuerit
2333 4813 2361 4853 a
2387 4799 2571 4868 priore
2599 4815 2698 4856 suo
2720 4801 3017 4871 postulare.
3054 4823 3073 4856 σ
3109 4804 3176 4859 Et
3203 4819 3302 4860 nos
3321 4807 3549 4876 quidem
3577 4807 3628 4862 in
3649 4821 3736 4872 eo,

2141 4893 2240 4958 ait,
2269 4893 2434 4948 etiam
2461 4893 2800 4965 gratulantur
2827 4896 3146 4968 impensius,
3194 4897 3340 4968 quod
3369 4907 3576 4954 vestra:
3593 4899 3724 4952 illam

2137 4987 2428 5042 contulerit
2457 4987 2754 5044 sanctitati.
2789 4987 2918 5056 Quae
2943 4991 2988 5046 si
3017 4991 3171 5046 vobis
3197 5004 3294 5061 per
3321 4993 3510 5046 omnia
3539 4991 3726 5063 placet,

2138 5081 2276 5136 bene
2303 5095 2390 5137 res
2419 5082 2708 5152 processit.
2727 5081 2824 5137 Sin
2855 5083 3013 5150 alias,
3037 5093 3093 5140 et
3107 5085 3204 5139 si'a
3225 5091 3412 5139 vestra
3445 5093 3730 5140 consueta-

2137 5175 2262 5231 dine
2285 5176 2509 5232 dissidet
2531 5176 2713 5246 aliqua
2740 5177 2822 5232 sui
2851 5188 3026 5247 parte,
3053 5193 3152 5234 nos
3185 5178 3287 5233 ista
3321 5192 3426 5248 pro
3457 5177 3616 5234 libita
3643 5191 3728 5232 rc-

2135 5277 2250 5323 stro
2277 5267 2436 5340 longe
2465 5267 2746 5326 meliorem
2773 5270 2938 5326 citius
2956 5270 3312 5326 conficiemus
3341 5285 3444 5340 pro
3471 5269 3720 5326 restrain

2131 5359 2384 5416 omnibus
2401 5361 2759 5432 dispositione
2784 5362 3168 5418 ordinandam.
3193 5360 3348 5418 Hanc
3369 5365 3518 5419 enim
3545 5373 3724 5420 nostro

2133 5451 2252 5508 usui
2281 5461 2590 5524 nostraeque
2618 5453 3036 5520 consuetudini,
3067 5467 3170 5509 nec
3195 5453 3316 5508 sine
3343 5453 3530 5522 magni
3559 5451 3718 5509 sudo-

2130 5631 2334 5687 mensis
2363 5629 2486 5687 Julii
2517 5631 2689 5687 sancti
2723 5631 3013 5687 Swithuni.
3043 5631 3119 5686 De
3151 5627 3714 5702 quo‘BollandianiAad

504 5692 616 5770 (ῖς)
657 5691 710 5746 Id
739 5703 842 5758 est,
875 5710 1031 5770 sacra
1067 5693 1262 5760 Biblia,
1301 5711 1422 5766 quae
1465 5691 1680 5753 veteres
1711 5700 1913 5769 passim
1939 5701 2026 5758 bi-
2127 5703 2327 5756 dictam
2354 5703 2519 5762 diem.
2549 5711 2604 5756 et
2633 5701 2974 5757 Mnhillonius
3015 5711 3145 5756 tom.
3170 5691 3254 5756 ἸΙΙ
3299 5701 3520 5766 Aunal.,
3549 5719 3602 5770 p.
3627 5700 3718 5754 98-

432 5756 758 5816 blinthecam
783 5756 1070 5821 vocabant.

506 5827 622 5890 (72)
658 5831 804 5890 Alias
855 5835 908 5889 in
955 5834 1340 5909 blartgrologio
1385 5837 1632 5894 Romano
1673 5839 1740 5893 ad
1795 5840 1937 5896 diem
1994 5842 2032 5896 2

2201 5773 2315 5842 (75)
2355 5771 2482 5826 Sive
2503 5771 2920 5837 Wintouicusis,
2949 5773 3016 5827 de
3044 5788 3150 5842 qua
3187 5771 3312 5842 vide
3347 5771 3580 5842 Monast.
3609 5773 3708 5827 Ast-

2129 5839 2402 5914 glicauum
2433 5853 2473 5896 t.
2493 5842 2534 5910 l,
2565 5858 2618 5911 p.
2646 5843 2708 5897 5t
2739 5853 2798 5898 et
2827 5843 2878 5898 iu
2903 5839 3166 5898 addcndis
3193 5839 3288 5898 foL
3315 5841 3438 5898 979.

3170 6400 3219 6404 ἡ
3297 6399 3777 6408 ᾐήήήήἠ
