3962 6420
176 414 275 472 981

1298 409 1481 468 VITA.
1512 442 1580 452 —
1615 409 1746 467 LIB.
1788 408 1871 465 Ill.
1900 440 1969 451 -
1996 408 2289 468 PROLOG.

3346 419 3457 475 982

177 530 257 585 τις
306 527 552 597 impensa
628 522 855 582 fecimus
901 538 1222 582 consonare.
1285 544 1305 578 ι
1331 525 1417 582 Ad
1467 525 1583 583 haec
1613 525 1764 585 orior
1790 527 1839 588 Α
1863 524 2135 584 restitutio
2154 525 2373 598 pretiosi
2397 540 2584 591 revera
2636 526 2838 606 laboris
2889 537 3083 597 vestri.
3118 530 3177 588 Si
3210 546 3341 590 vero
3364 537 3453 591 bt-

176 620 452 676 admirans
480 617 796 688 (nesciebat
819 616 963 673 enim
990 615 1144 688 prius
1175 631 1412 688 quonam
1440 617 1631 674 ordine
1664 631 1761 673 rex

172 708 505 765 obtinuisset
556 706 724 778 illam)
765 706 987 764 fratrem
1016 708 1275 764 continuo
1311 707 1385 763 ita
1413 706 1610 764 affatus
1628 714 1713 764 est
1742 722 1757 761 :

180 817 199 852 ι
227 798 380 854 Itane
398 797 649 853 dominus
663 811 758 853 res
782 796 1067 854 ecclesiam
1090 806 1331 854 nosu'am
1349 796 1600 854 fundavit
1624 797 1761 854 adeo

173 890 486 946 necessario
511 888 703 946 labore
730 890 956 947 vestro?
978 889 1137 947 Credi
1166 889 1321 959 mihi,
1362 890 1758 956 amantissime,

173 970 495 1037 restituetur
541 980 696 1037 vobis
745 981 799 1035 in
826 980 1132 1039 continenti
1179 980 1512 1039 bibliotheca
1556 990 1758 1038 vestra.

168 1072 279 1129 Sed
306 1081 365 1129 et
408 1072 639 1130 fratwm
662 1082 966 1130 vestrorum
996 1089 1093 1147 per
1122 1090 1219 1131 vos
1248 1075 1443 1132 devote
1488 1073 1759 1146 supplica-

164 1181 293 1221 mus
320 1164 708 1234 universitati,
737 1174 1008 1236 quatenus
1031 1176 1231 1222 nosti-te
1263 1166 1554 1239 dignentur
1582 1166 1761 1222 humi-

164 1254 305 1310 litati
337 1255 639 1327 indulgere,
673 1255 816 1327 quod
845 1256 1133 1312 occasione
1159 1256 1369 1323 nostri,
1399 1256 1555 1314 nobis
1580 1266 1759 1313 tamen

171 1346 222 1401 id
254 1347 655 1417 ignorantibus,
688 1344 959 1402 defectum
981 1346 1359 1403 sustinuerunt
1375 1346 1468 1404 sui
1493 1346 1752 1404 codicis.)

166 1440 264 1496 llis
290 1442 589 1498 monachos
614 1440 810 1498 auditis
839 1442 1186 1497 vehementer
1208 1440 1446 1511 expavit,
1466 1439 1763 1512 gemebun-

170 1533 253 1589 dis
280 1548 449 1591 orans
473 1533 718 1599 vocibus,
751 1549 818 1588 ne
849 1532 977 1589 talia
1000 1534 1263 1605 cogitaret
1288 1531 1373 1588 vel
1403 1532 1754 1597 loqueretur,

167 1624 485 1682 nullatenus
524 1624 784 1696 expedire
803 1623 1083 1681 afﬁrmans
1103 1622 1351 1680 ecclesia:
1380 1638 1492 1679 suae
1520 1665 1535 1692 ,
1567 1630 1628 1677 ut
1656 1621 1760 1678 sibi

168 1716 376 1774 utiliter
401 1716 691 1774 conciliata
723 1717 816 1773 tali
854 1733 920 1774 ex
950 1718 1113 1775 senio
1151 1717 1296 1789 regis
1347 1717 1524 1789 gratia
1569 1715 1760 1786 quavis

164 1810 457 1865 occasione
494 1809 835 1866 descivisset.
869 1827 887 1861 ι
924 1808 1121 1876 Estne,
1165 1808 1369 1879 inquit,
1401 1809 1506 1863 hoc
1545 1822 1757 1873 verum,

1862 617 2190 675 bliothecam
2236 619 2376 674 hanc
2400 617 2642 688 recipere
2674 619 2925 675 clanculo
2974 620 3201 678 minime
3226 625 3451 695 acquie-

1863 708 2038 777 scitis,
2073 723 2175 779 ego
2198 706 2348 764 illam
2373 706 2425 763 ei
2456 708 2705 776 restituo,
2744 710 2838 779 qui
2869 709 2977 765 huc
2998 709 3173 778 ipsum
3204 710 3415 767 destina
3433 742 3451 753 -

1860 800 1964 856 vit.
1996 798 2056 857 Si
2081 813 2214 856 vero
2238 812 2358 855 eam
2392 798 2822 869 reportaveritis,
2846 800 2953 855 bac
2976 800 3050 857 illi
3080 814 3183 875 per
3205 816 3308 860 nos
3329 802 3451 858 nul-

1859 891 2078 949 latenus
2098 890 2422 948 innotescet.
2460 908 2481 947 ι
2516 889 2659 959 Quid
2688 890 2860 947 multa
2886 891 2912 947 ἲ
2934 890 3232 962 Recipiunt
3256 906 3451 949 mom-

1859 983 1952 1041 cbi
1973 982 2217 1041 codicem
2242 998 2401 1040 suum
2423 1023 2444 1053 ,
2474 983 2631 1054 quasi
2661 983 2869 1040 recenti
2902 983 3046 1040 dono
3072 983 3402 1055 acquisitum
3429 1023 3447 1050 ,

1861 1074 2090 1132 multum
2114 1074 2184 1131 de
2207 1074 2429 1141 codice,
2467 1074 2563 1131 sed
2584 1073 2755 1132 multo
2785 1074 2906 1146 plus
2931 1075 2998 1131 de
3027 1075 3450 1132 transmittentis

1860 1182 1927 1225 ac
1974 1167 2319 1224 restituentis
2364 1166 2687 1236 dulcedine,
2718 1176 2772 1222 et
2818 1166 2890 1223 de
2936 1166 3223 1224 cbaritatis
3274 1166 3448 1238 ipsius

1859 1259 2195 1333 plenitudine
2217 1258 2526 1316 exhilarati.

1932 1352 2223 1409 Convaluit
2280 1351 2547 1422 siquidem
2598 1366 2663 1408 ex
2714 1351 2806 1407 illo
2862 1350 3165 1423 prmsertim
3200 1359 3448 1421 tempore

1861 1444 2005 1501 inter
2031 1444 2316 1516 utriusque
2349 1443 2455 1499 loci
2486 1442 2720 1511 accolas,
2748 1443 3158 1500 Withonienses
3193 1440 3449 1496 videlicet

1861 1537 2164 1595 ctnnobitas
2204 1545 2260 1593 et
2288 1535 2712 1593 Witbamienses
2756 1536 3039 1600 eremitas,
3102 1531 3325 1590 eximia:
3355 1531 3440 1587 di-

1860 1629 2109 1687 lectionis
2138 1629 2516 1702 pmrogativa,
2531 1636 2825 1705 praestante
2846 1626 2940 1681 Dei
2956 1625 3157 1704 gratia,
3195 1624 3249 1681 in
3273 1636 3449 1680 aevum

1863 1721 2145 1781 duratura.
2189 1719 2306 1781 Yisi
2346 1730 2473 1777 sunt
2503 1729 2689 1777 autem
2716 1725 2913 1791 postea
2958 1715 3062 1772 viri
3109 1714 3257 1775 omni
3289 1712 3453 1769 laude

1863 1812 2143 1867 attollendi
2209 1809 2485 1868 Bobertus
2522 1809 2638 1882 (74)
2666 1809 2818 1887 prior
2843 1804 3172 1863 cathedraiis
3208 1802 3453 1860 ecciesire

169 1901 314 1971 quod
340 1901 409 1957 de
429 1900 547 1971 ejus
574 1899 759 1957 favore
786 1900 907 1973 plus
928 1901 1087 1956 solito
1113 1900 1462 1970 praesumitis,
1485 1912 1587 1955 nec
1606 1898 1764 1956 vobis
1789 1881 1838 1943 Β
1865 1900 2264 1965 Withoniensis
2290 1940 2307 1968 ,
2342 1910 2400 1957 et
2426 1881 2745 1970 Radulphus
2774 1897 2890 1971 (75)
2921 1895 3154 1957 saerista
3204 1892 3449 1967 ejusdem

173 1994 326 2049 triste
378 2002 463 2049 est
501 1993 594 2049 tali
626 1994 773 2050 hunc
800 2009 1025 2049 munere
1060 1992 1294 2065 negotiis
1320 1992 1519 2055 vestris
1563 1994 1755 2065 propi-

169 2086 301 2141 tium
327 2100 454 2142 esse
481 2084 731 2143 effectum
755 2086 779 2141 ?
807 2106 826 2140 ι
861 2086 997 2141 Cum
1021 2085 1110 2141 ille
1125 2084 1395 2146 fratribus
1434 2086 1550 2142 suis
1572 2086 1753 2141 omni-

163 2176 269 2232 bus
296 2192 367 2233 ex
398 2177 501 2233 hoc
545 2177 802 2248 gaudium
853 2176 1173 2247 provenisse
1230 2185 1550 2243 assereret,
1601 2175 1757 2247 litigo

163 2265 452 2337 subiunxit
481 2285 497 2323 :
533 2286 552 2321 ι
592 2267 665 2325 Ut
702 2268 834 2335 hoc,
866 2266 1075 2343 inquit,
1123 2267 1377 2336 gaudium
1407 2274 1761 2338 perpetuetur

160 2361 220 2416 in
254 2362 498 2437 iongum,
525 2370 752 2424 cunctos
778 2373 1006 2421 necesse
1029 2368 1115 2419 est
1150 2368 1211 2417 ut
1236 2359 1409 2418 lateat
1437 2359 1580 2416 facta
1606 2360 1760 2417 vobis

1861 1997 2126 2064 ecclesia,
2158 1994 2585 2052 Witbamienses
2611 1992 2792 2049 effecti
2820 1991 3077 2057 solitarii,
3112 1990 3165 2045 in
3197 2004 3293 2045 sua
3321 1987 3450 2042 soli-

1862 2088 2049 2145 tudine
2088 2086 2292 2158 optime
2337 2084 2654 2157 profecisse.
2685 2102 2705 2137 ‹
2736 2082 2820 2139 Ad
2848 2096 3081 2155 quorum
3131 2078 3447 2135 instantiam

1863 2179 1996 2236 dicit
2047 2193 2107 2235 se
2155 2177 2490 2249 compositor
2537 2189 2749 2247 magna:
2801 2172 2935 2229 Vitae
2983 2171 3155 2228 nostri
3212 2168 3451 2240 ilugonis

1862 2269 1976 2336 illa,
2012 2284 2133 2340 quae
2157 2268 2226 2326 de
2253 2283 2320 2325 eo
2346 2266 2587 2339 scripsit,
2613 2263 2904 2323 scribendo
2931 2272 3277 2339 posterorum
3307 2258 3450 2319 noti-

1866 2364 1955 2419 tize
1979 2362 2409 2425 commendasse.
2439 2379 2461 2421 ι

1445 2523 1677 2601 Explica
1708 2523 1839 2579 liter
1856 2526 2139 2585 secundus,

1304 2813 1726 2876 PROLOGUS
1778 2810 1991 2873 LIBRI
2030 2809 2304 2871 TERTII
2316 2830 2341 2870 .‘

234 3006 396 3076 Quia,
428 3013 727 3077 praestante
764 3004 1020 3069 Domino.
1042 3003 1191 3061 beati
1219 3003 1324 3060 viri
1348 3011 1521 3068 vesta,
1551 3001 1756 3073 quibus

169 3100 234 3154 ab
266 3100 382 3171 ipso
404 3100 656 3171 pueritia:
683 3112 797 3156 sua:
826 3107 1070 3169 tempore
1097 3098 1455 3168 omnipotenti
1484 3095 1597 3151 Deo
1637 3107 1754 3149 me-

172 3192 273 3249 tuit
307 3192 551 3264 placere,
581 3206 754 3263 usque
780 3190 849 3247 ad
869 3189 1327 3262 episcopationem
1361 3186 1444 3245 sui
1470 3185 1754 3258 qualicun-

165 3298 266 3361 que
290 3281 427 3361 ston
458 3281 775 3338 summatim
799 3279 1143 3337 exaravimus
1173 3298 1188 3335 :
1221 3294 1387 3346 nunc,
1419 3276 1651 3350 qualiter
1683 3276 1753 3332 ad

164 3469 251 3535 rit,
283 3478 337 3524 et
372 3468 618 3541 qualiter
662 3468 718 3524 in
745 3481 811 3525 eo
834 3467 1039 3523 vixerit
1069 3475 1126 3523 et
1148 3465 1415 3535 docuerit,
1446 3465 1755 3522 succinctus

166 3575 338 3618 sermo
362 3570 680 3634 percurrat.
708 3559 821 3618 Nec
855 3561 1000 3617 enim
1030 3559 1241 3632 singula
1279 3560 1375 3617 sed
1406 3573 1583 3630 neque
1610 3572 1755 3628 prte-

164 3654 310 3723 cipua
355 3662 647 3722 gestorum
674 3651 792 3722 ejus
820 3660 987 3724 atque
1010 3652 1299 3707 verborum
1330 3665 1360 3705 a
1388 3648 1545 3705 nobis
1591 3647 1756 3704 modo

159 3743 496 3800 recensenda
531 3742 935 3815 promittimus;
968 3741 1065 3798 sed
1088 3756 1155 3799 ea
1182 3741 1317 3807 sola,
1347 3754 1446 3796 nec
1473 3746 1656 3795 tamen
1689 3751 1754 3794 ea

168 3834 360 3902 omnia,
394 3850 522 3906 quae
558 3833 717 3889 nobis
755 3845 882 3890 sunt
928 3848 997 3890 ex
1049 3832 1292 3905 ejusdem
1320 3830 1531 3887 actibus
1552 3840 1611 3887 et
1642 3845 1757 3887 me-

171 3927 457 3985 moralibus
495 3926 658 3983 dictis
683 3927 892 3983 certius
910 3932 1201 3997 comperta
1227 3933 1285 3981 et
1312 3923 1638 3980 memoriter
1664 3937 1758 3978 re-

176 4021 331 4071 tenta.
384 4016 443 4074 In
481 4016 683 4090 quibus
707 4033 819 4075 non
842 4016 1260 4074 admirationem
1304 4013 1631 4088 superﬂuam
1678 4014 1755 4072 leo

173 4105 401 4166 gentium
444 4107 566 4164 sive
604 4106 943 4163 audientium
969 4113 1273 4178 captamus,
1310 4104 1407 4162 sed
1438 4104 1617 4176 potius
1656 4118 1752 4171 ea,

172 4204 283 4260 quae
326 4204 517 4253 saneta
548 4203 615 4253 et
643 4195 883 4253 salubria
909 4203 1063 4263 sunt,
1112 4209 1277 4254 nosse
1310 4202 1375 4251 et
1430 4192 1631 4250 imitari
1660 4208 1760 4249 cu-

172 4282 419 4351 pientium
448 4286 891 4344 aedificationem.
924 4285 1061 4342 Nam
1100 4293 1155 4343 et
1190 4285 1244 4342 in
1273 4286 1376 4341 hoc
1398 4284 1561 4340 etiam
1585 4284 1754 4341 tradi-

176 4378 274 4427 tam
306 4390 335 4428 a
371 4377 582 4433 sanctis
614 4377 735 4450 .(76)
772 4378 981 4435 ordinis
995 4376 1406 4434 Cartliusiensis
1440 4375 1754 4432 auctoribus

173 4466 481 4528 gravitatem
506 4469 712 4539 pariter
725 4477 787 4525 et
802 4469 1165 4526 humilitatem
1193 4470 1353 4525 altius
1380 4467 1755 4539 etperfectius

174 4552 467 4629 imbiberat,
501 4569 563 4615 ut
602 4560 735 4617 nihil
768 4560 947 4617 minus
974 4576 1136 4632 quam
1167 4562 1550 4617 miraculorum
1573 4560 1755 4629 prodi-

174 4644 250 4711 gia
280 4650 461 4708 mirari
500 4662 597 4708 aut
623 4652 866 4709 aemulari
898 4654 1193 4721 videretur,
1220 4668 1343 4709 cum
1399 4654 1516 4709 haec
1571 4663 1752 4708 tamen

174 4736 235 4794 de
258 4743 385 4800 viris
412 4746 620 4803 sanctis
664 4746 805 4803 lecta
829 4754 926 4802 aut
950 4747 1165 4817 cognita
1215 4746 1456 4803 suaviter
1500 4745 1747 4809 referret,
1782 4760 1831 4818 ι)

210 4872 345 4952 ⁸(74)
367 4875 784 4952 Wintoniensis,
812 4888 872 4952 et
893 4886 1079 4952 postea
1121 4877 1710 4952 prior_Witbamiensis
1730 4920 1747 4948 ,

174 4946 371 5020 nisi__s_it
401 4949 540 5020 alius
561 4951 629 5020 ab
658 4965 723 5005 eo
767 4946 923 5020 cujus
946 4950 1006 5006 fit
1026 4946 1230 5007 mentio
1262 4949 1356 5006 lib.
1382 4965 1435 5013 v,
1469 4965 1518 5005 c.
1542 4948 1634 5003 24.

240 5011 466 5097 (ἹδλΑᾱ
506 5018 668 5097 hujus
710 5029 765 5075 et
806 5011 937 5097 d'icti
984 5020 1226 5097 lioberti
1256 5011 1445 5097 preces
1484 5020 1744 5097 scriptam

316 5089 595 5166 Yitamb‘.
627 5089 867 5161 liugonis
904 5092 1103 5166 asserit
1142 5089 1508 5166 abbreviator,
1556 5091 1647 5160 qui
1691 5091 1745 5166 id

176 5159 435 5224 accepisse
475 5159 690 5217 videtur
718 5159 787 5218 ex
834 5162 1012 5233 primo
1053 5161 1292 5219 auctoris
1334 5159 1598 5234 prologo,
1648 5160 1743 5230 qui

1861 3006 1919 3054 et
1952 2993 2635 3064 sublimiusjveneraretur.
2664 2990 2976 3059 Referebat,
3005 3005 3226 3062 inquam
3254 3032 3269 3061 ,
3330 2993 3446 3051 ἰδίω

1858 3088 1928 3147 ad
1955 3083 2481 3145 commendationem
2504 3082 2875 3141 exhibentium
2897 3090 2959 3140 et
2978 3083 3047 3139 ad
3062 3083 3445 3140 excitationem

1858 3177 1991 3234 talia
2025 3173 2444 3242 admirantium,
2479 3187 2605 3230 cum
2644 3171 2750 3243 ipsi
2783 3170 2900 3228 sola
2937 3176 3083 3227 esset
3132 3182 3444 3228 sanctorum

1855 3270 2119 3328 sanctitas
2140 3285 2238 3343 pro
2262 3267 2547 3336 miraculo,
2577 3275 2632 3325 et
2650 3266 2766 3325 sola
2787 3264 3057 3325 sufﬁceret
3070 3274 3125 3323 et
3148 3280 3247 3337 pro
3267 3280 3453 3322 exein.
3556 3293 3561 3296 ~

161 3376 561 3449 elliﬁcopatnm,
586 3376 795 3434 coelesti
834 3385 1198 3448 prosequente
1222 3375 1395 3448 gratia
1422 3373 1750 3431 eonscende-
1779 3410 1827 3474 c
1852 3363 1969 3474 pit:

1930 3455 2103 3514 Unico
2125 3464 2307 3511 autem
2328 3463 2385 3510 et
2407 3450 2703 3511 universali
2733 3459 2854 3507 erat
2881 3450 2932 3508 ei
2965 3449 3231 3506 miraculo
3250 3449 3450 3506 Condi-

1858 3549 1998 3607 toris
2025 3549 2131 3616 sui,
2169 3562 2291 3618 quas
2316 3562 2595 3618 nunquam
2625 3546 2679 3604 ei
2718 3547 2926 3611 deerat,
2952 3538 3325 3615 praecordialis
3364 3556 3450 3597 re-

1856 3641 2125 3710 cordatio,
2163 3648 2220 3696 et
2261 3637 2594 3712 magnalium
2633 3652 2851 3709 quoque
2902 3634 3047 3691 illius
3083 3632 3352 3703 stupenda
3396 3639 3452 3686 et

1856 3731 2251 3806 inexplicabilis
2279 3731 2587 3787 multitudo.
2629 3728 2873 3785 Plurima
2900 3742 3032 3783 vero
3058 3725 3128 3781 ad
3161 3738 3317 3782 suam
3361 3723 3448 3793 ip-

1857 3826 1972 3884 sius
2019 3824 2346 3896 quandoque
2394 3820 2807 3889 relevationem,
2857 3831 2961 3874 nec
2988 3831 3096 3873 non
3132 3823 3190 3873 et
3212 3812 3446 3877 aliorum

1856 3919 2054 3991 sacpius
2096 3914 2499 3986 intulationem
2538 3927 2637 3984 per
2675 3926 2824 3981 eum,
2852 3911 2982 3967 dum
3014 3908 3314 3973 adviveret,
3350 3918 3448 3960 seu

1855 4012 2116 4069 scientem
2143 4023 2240 4066 seu
2276 4006 2633 4071 nescientem,
2680 4003 2971 4061 Dominum
3003 3996 3318 4058 exhibuisse
3344 3996 3449 4052 mi-

1853 4102 2058 4167 racula,
2092 4099 2316 4165 nemini,
2337 4099 2429 4170 qui
2458 4096 2778 4155 familiarius
2805 4094 2881 4156 illi
2905 4093 3153 4159 adhaesit,
3178 4091 3447 4148 incertum

1856 4196 1978 4253 fuit.
2030 4194 2140 4253 Sed
2169 4209 2272 4251 nec
2294 4192 2419 4259 ista,
2461 4204 2581 4264 qua
2614 4199 2893 4261 utcunque
2914 4186 3166 4249 fidelibus
3202 4197 3449 4240 commu-

1854 4289 2091 4347 nicando
2140 4286 2479 4354 scribemus,
2529 4284 2609 4341 rei
2649 4282 2816 4353 hujus
2861 4279 3155 4347 certitudo,
3209 4289 3447 4349 superna

1853 4379 2153 4452 opitulante
2182 4378 2376 4451 gratia,
2406 4375 2787 4449 denegabitur.
2832 4372 2962 4435 llaec
3007 4386 3135 4426 vero
3175 4368 3240 4424 de
3274 4382 3449 4439 proau-
3505 4420 3510 4445 λ

1855 4479 1967 4535 mio
1992 4477 2151 4548 hujus
2176 4474 2337 4531 libelli
2358 4472 2507 4530 tertii
2535 4473 2590 4527 in
2622 4471 2802 4526 Vitam
2836 4467 2979 4523 beati
3006 4466 3107 4520 viri
3138 4462 3449 4533 praelibasse

1856 4566 2116 4632 sufﬁciat;
2166 4574 2222 4620 et
2254 4564 2368 4636 jam
2398 4561 2639 4620 historiae
2674 4560 2898 4625 seriem,
2927 4556 3164 4613 incultus
3184 4552 3308 4607 licet
3335 4558 3448 4620 sty-

1856 4658 1963 4724 lus,
1992 4656 2229 4712 evolvat.

1857 4880 2011 4936 deest
2041 4878 2093 4937 in
2126 4892 2254 4936 mss.

1929 4948 2045 5021 (76)
2081 4946 2196 5003 Non
2231 4955 2338 5021 tam
2362 4943 2623 4999 miracula
2653 4957 2706 4999 tn
2730 4939 2902 5021 oculis
2936 4938 3442 5021 hominumaquam

1857 5005 2302 5077 vit‘am’sanctam
2327 5016 2379 5071 in
2401 5024 2702 5085 conspectu
2736 5013 2852 5079 Dei,
2881 5025 3095 5082 semper
3113 5005 3443 5080 expetivisse

1855 5088 2246 5149 Cartbusianos
2270 5101 2338 5145 ex
2369 5087 2476 5144 hoc
2504 5088 2623 5143 loco
2650 5092 2817 5159 patet.

1440 5299 1667 5373 Explicit
1698 5298 1970 5372 prologus.
