3920 6298
396 347 499 406 987

1253 345 1312 402 S.
1353 341 1902 408 liUGONIS.EPISC.
1945 340 2262 399 LINCOI.N.
2299 342 2458 403 OBD.
2501 343 2763 403 CARTH.

3577 350 3682 406 983

395 459 560 518 nandi
585 458 924 531 suﬂ'ragium,
954 457 1116 530 legati
1151 458 1263 528 jam
1293 459 1451 528 plene
1482 458 1752 524 instructi,
1784 458 1984 516 hilares
2013 461 2060 522 Α
2091 461 2244 526 tiam,
2296 461 2349 516 in
2393 477 2460 517 eo
2502 463 2568 516 ad
2601 477 2840 532 przesens
2885 463 3212 534 simpliciter
3251 465 3303 523 ei
3349 467 3598 536 obediat,
3629 480 3681 525 et

393 565 449 611 et
473 554 585 610 leti
613 554 1006 628 superveniunt
1034 555 1101 609 ad
1123 568 1268 609 eum.
1298 553 1652 608 Praesciverat
1683 551 1904 622 quidam
1926 551 1995 608 ab

391 646 524 704 olim
550 648 635 702 vir
659 645 850 703 beatus
871 646 940 702 ad
971 646 1318 718 pontificatus
1343 645 1577 701 oliicium
1601 659 1662 701 se
1685 644 1800 719 (88)
1825 661 1998 716 quan-

393 729 572 808 doque
590 738 852 794 divinitus
874 737 1310 807 perducendum;
1337 736 1480 793 unde
1507 737 1651 808 quod
1696 738 1859 793 vitari
1886 732 2018 796 non

395 846 558 902 posse
585 831 824 898 dolebat,
862 845 930 884 ne
959 827 1175 884 demum
1206 827 1381 897 ﬂeret,
1398 839 1663 900 quantum
1698 831 1753 886 in
1783 845 1844 887 se
1873 831 1994 900 fuit,

399 936 469 976 ne
488 921 656 978 citius
681 921 860 987 ﬂeret,
889 918 1092 974 differri
1121 919 1391 990 cupiebat.

468 1013 684 1070 Auditis
711 1027 840 1085 ergo
869 1021 992 1083 post
1028 1012 1301 1082 inspectas
1333 1012 1545 1069 litteras
1575 1012 1831 1084 praefatas
1861 1029 1997 1070 nun-

397 1104 598 1159 tiorum
646 1103 845 1167 verbis,
879 1103 959 1159 sic
986 1116 1082 1160 eos
1131 1103 1465 1174 alloquitur:
1501 1121 1522 1156 ο
1552 1104 1747 1160 Mirum
1770 1115 1876 1172 est,
1907 1107 1993 1162 in-

393 1197 534 1268 quit,
560 1196 703 1269 quod
727 1196 828 1252 viri
875 1198 1150 1268 sapientes
1179 1199 1424 1272 adeoque
1467 1200 1659 1257 civiles
1688 1216 1775 1257 me
1817 1200 1996 1257 homi-

397 1301 522 1341 nem
575 1285 837 1341 incultum
881 1297 936 1341 et
981 1286 1208 1344 idiotam
1255 1299 1538 1360 tantopere
1587 1288 1892 1347 sollicitatis
1937 1298 1997 1346 ut

396 1376 718 1433 familiarem
768 1386 826 1434 et
875 1379 1011 1435 mihi
1064 1381 1136 1436 ab
1179 1380 1546 1438 adolescentia
1599 1397 1718 1438 mea
1764 1382 1996 1439 amicam

396 1471 634 1542 quietem
667 1470 976 1529 solitudinis
997 1472 1214 1530 auferre.
1239 1476 1464 1543 curetis,
1493 1474 1832 1548 publicisque
1864 1490 1995 1533 con-

395 1562 651 1620 ventibus
673 1572 731 1620 et
753 1563 1099 1632 negotiorum
1135 1565 1574 1637 implicamentis,
1608 1569 1740 1624 mihi
1771 1581 1995 1640 prorsus

396 1649 626 1710 insuetis
675 1663 733 1709 et
779 1655 1102 1726 inexpertis,
1147 1657 1398 1729 ingerere
1449 1658 1728 1716 laboretis.
1792 1659 1992 1716 Verum

393 1745 548 1815 quia,
584 1754 644 1801 ut
674 1746 854 1814 video,
880 1747 938 1804 id
965 1749 1121 1805 vobis
1147 1749 1449 1806 dissuaderi
1491 1750 1714 1821 prolatis
1735 1765 1767 1806 a
1792 1767 1880 1808 me
1905 1765 1994 1808 ra-

396 1837 636 1894 tionibus
665 1853 772 1895 non
810 1849 1013 1912 potest,
1041 1843 1144 1898 hoc
1189 1842 1378 1898 sciatis
1429 1843 1834 1911 indubitanter,
1866 1843 1994 1916 quia

393 1928 563 1983 vestri
599 1928 807 1986 laboris
836 1940 983 1986 meta
1028 1932 1084 1987 in
1127 1947 1251 1989 meo
1282 1933 1510 1990 arbitrio
1542 1950 1650 1990 non
1683 1943 1768 1991 est
1794 1935 2022 1991 constir

396 2025 537 2077 tuta.
569 2017 768 2077 Latere
805 2024 952 2078 enim
988 2037 1086 2080 vos
1128 2039 1236 2080 non
1289 2035 1469 2096 potest
1494 2027 1619 2098 quia
1669 2028 1833 2083 homo
1874 2042 1994 2082 sum

400 2112 503 2166 sub
526 2110 700 2167 aliena
727 2122 995 2180 potestate
1031 2115 1380 2173 constitutus.
1416 2116 1739 2174 Monachum
1774 2131 1862 2174 me
1899 2133 1996 2172 no-

392 2201 552 2258 vistis
575 2202 775 2274 prioris
797 2204 913 2276 (89)
937 2206 1044 2262 mei
1089 2206 1311 2264 nutibus
1351 2207 1674 2276 subjectum,
1715 2208 1996 2265 servandae

395 2307 570 2361 usque
591 2293 656 2348 ad
685 2305 918 2351 mortem
965 2297 1289 2354 obedientize
1327 2299 1601 2366 additum,
1625 2309 1681 2356 et
1724 2308 1996 2371 praecepto

397 2381 566 2450 illius,
587 2384 678 2455 qui
703 2385 757 2441 in
779 2386 880 2443 has
902 2397 1078 2444 terras
1113 2389 1262 2446 misit
1285 2405 1395 2460 me,
1441 2406 1832 2463 usquequaque
1877 2393 1996 2449 sub-

396 2485 652 2532 stratum.
687 2479 734 2534 Α
758 2497 880 2539 meo
923 2481 1055 2536 mihi
1084 2484 1374 2554 praeposito
1399 2483 1594 2539 domus
1627 2483 1790 2554 hujus
1815 2493 1996 2540 custo-

397 2568 486 2623 dia
513 2567 718 2624 credita
759 2580 872 2637 est,
904 2584 1008 2627 nec
1047 2571 1286 2628 admittit
1322 2571 1462 2627 ratio
1498 2581 1578 2638 ut,
1619 2587 1684 2628 ea
1731 2573 1994 2646 neglecta,

397 2657 626 2716 alterius
651 2659 1026 2733 cujuscunque
1073 2666 1268 2720 domus
1290 2665 1376 2721 vel
1424 2666 1671 2722 ecclesiae
1698 2666 1995 2737 suscipiam

397 2749 784 2821 gubernacula.
817 2753 1073 2810 Dominus
1090 2755 1312 2826 quidem
1331 2756 1764 2826 Cantuariensis,
1788 2759 1997 2831 primas

395 2850 454 2896 et
475 2842 728 2914 princeps
751 2843 1011 2900 Ecclesiae
1030 2845 1364 2918 Anglicanas,
1383 2849 1484 2904 sub
1499 2849 1757 2919 pontiﬁce
1779 2864 1996 2906 summo

398 2944 482 2990 est
507 2952 523 3002 ;
549 2945 789 2992 attamen
820 2938 876 2993 in
933 2937 1239 3008 hujusmodi
1279 2947 1364 2996 est
1405 2940 1545 2997 alius
1573 2941 1716 2997 inter
1761 2956 1860 2998 nos
1885 2955 1997 2998 me-

400 3026 542 3082 dius.
576 3028 684 3083 Aut
725 3028 895 3101 igitur
939 3029 1216 3100 petitionis
1276 3028 1651 3101 hujuscemodi
1698 3031 1997 3088 intentione

2097 553 2438 610 haesitatione
2475 555 2623 610 omni
2667 556 2964 627 postposita
3007 557 3267 629 suscipiat
3309 557 3587 616 humiliter
3631 562 3684 616 id

2095 644 2238 716 quod
2265 645 2314 700 ei
2341 645 2597 702 divinitus
2621 648 2904 704 constabat
2926 649 3130 720 imponi
3167 649 3359 722 jugum
3385 643 3613 709 Domini.

2168 737 2305 792 Dum
2358 753 2490 793 vero
2541 739 2658 794 ιι.νο
2699 750 2996 811 agerentur
3021 741 3441 815 abillis.'llugo
3465 734 3705 803 minime

2096 826 2406 900 indulgebat
2432 829 2578 885 otiis.
2603 829 2762 886 Omni
2791 847 3030 904 namque
3069 832 3355 903 instantia,
3383 836 3468 891 die
3493 846 3686 892 noctu-

2095 934 2203 989 que
2227 922 2627 992 compunctioni
2647 921 2835 980 cordis
2861 939 2924 980 ac
2950 925 3206 995 puritatis
3230 924 3565 995 incumbens,
3600 946 3686 985 as-

2096 1010 2372 1082 siduzeque
2396 1013 2631 1068 orationi
2675 1013 3038 1092 praeparabat,
3083 1030 3194 1071 non
3237 1017 3444 1072 cultum
3485 1020 3710 1090 pretio?

2096 1117 2282 1158 sarum
2303 1103 2555 1169 vestium,
2591 1120 2684 1160 seu
2715 1121 2970 1161 vasorum
3008 1105 3356 1180 splendorem
3384 1110 3449 1163 ad
3474 1110 3684 1166 inanem

2097 1193 2347 1267 gloriam,
2370 1195 2465 1250 sed
2504 1196 2742 1250 animam
2787 1211 2942 1253 suam
2970 1198 3039 1253 ad
3080 1199 3460 1254 tentationem.
3509 1200 3688 1257 immi-

2097 1298 2318 1342 nentem
2340 1301 2486 1343 enim
2516 1302 2623 1342 non
2648 1287 2811 1344 aliter
2851 1287 3206 1360 exspectabat
3245 1299 3422 1345 status
3448 1291 3530 1345 sui
3572 1307 3688 1346 mu-

2097 1377 2557 1450 tationem,quam
2575 1380 2809 1436 nubibus
2834 1381 3172 1452 conglobatis
3192 1391 3498 1452 suspectam
3528 1394 3684 1438 nauta

2095 1477 2521 1542 tempestatem;
2565 1479 2659 1527 aut
2710 1472 2765 1528 in
2802 1471 3024 1544 longum
3071 1483 3326 1529 servatus
3369 1474 3525 1530 miles
3563 1476 3687 1529 olim

2095 1560 2443 1618 formidatam
2466 1560 2744 1634 agminum
2788 1561 3027 1618 hostium
3069 1565 3531 1637 congressionem.
3557 1565 3688 1628 Cum

2095 1655 2352 1713 familiari
2373 1671 2504 1713 vero
2524 1657 2804 1728 provisere
2829 1663 2884 1711 et
2903 1657 3171 1713 nutritore
3197 1673 3297 1714 suo
3321 1657 3433 1712 Deo
3456 1659 3523 1713 de
3546 1675 3690 1713 sum-

2095 1749 2301 1822 ptibus,
2317 1749 2546 1807 sollicite
2569 1751 2844 1807 tractabat
2869 1751 3197 1808 necessariis
3219 1751 3288 1806 ad
3304 1751 3447 1806 diem
3472 1751 3687 1817 festum,

2097 1856 2206 1914 quo
2231 1849 2354 1898 erat
2379 1841 2664 1914 ungendus
2691 1840 2813 1896 oleo
2859 1840 3080 1898 laetitiae.
3109 1843 3190 1898 De
3235 1841 3571 1912 sumptibus,
3614 1842 3692 1896 in-

2095 1949 2298 2006 quam,
2348 1949 2457 1992 non
2493 1933 2692 2005 quibus
2731 1942 2953 1990 ventres
3003 1933 3255 1990 reliceret
3303 1935 3690 2000 destruendos,

2095 2027 2239 2084 escis
2258 2042 2415 2100 teque
2441 2024 2807 2094 destruendis,
2836 2028 2932 2082 sed
2981 2027 3183 2098 quibus
3235 2026 3512 2098 ingentem
3565 2041 3690 2080 sen-

2096 2131 2253 2173 suum
2302 2118 2640 2173 internorum
2682 2127 2738 2172 et
2765 2115 3114 2173 aﬂ’ectionum
3157 2115 3557 2172 multitudinem
3577 2117 3694 2171 vir-

2097 2208 2306 2265 tutibus
2333 2207 2620 2265 roboraret
2649 2223 2756 2264 non
2779 2207 3092 2265 defectnris.
3116 2206 3266 2264 Nihil
3309 2221 3446 2263 sane
3463 2207 3704 2262 ducebat

2097 2301 2482 2372 miserabilius,
2505 2317 2669 2375 quam
2695 2302 2751 2358 in
2778 2302 2868 2358 die
2889 2309 3052 2357 tantae
3072 2298 3437 2358 solemnitatis
3455 2299 3697 2354 exterius

2097 2395 2316 2466 quidem
2365 2395 2682 2451 madescere
2732 2391 3147 2448 sacramentalis
3191 2390 3300 2446 olei
3344 2390 3695 2462 pinguedine,

2097 2487 2327 2544 interius
2356 2501 2490 2543 vero
2513 2486 2792 2542 tabescere
2835 2483 3088 2556 squalore
3130 2481 3378 2537 ardentis
3419 2479 3700 2537 conscien-

2099 2575 2204 2630 tiae.
2234 2575 2408 2644 Quam
2448 2575 2537 2630 ille
2560 2574 2792 2630 miseriae
2820 2572 3215 2628 immanitatem
3242 2586 3549 2642 pmcavere
3575 2579 3698 2624 sat-

2099 2681 2286 2738 agens,
2310 2665 2383 2721 ita
2409 2681 2468 2722 se
2501 2664 2698 2738 agebat
2727 2663 2781 2718 in
2811 2662 3196 2733 comparandis
3219 2659 3704 2733 praeparandisqne

2097 2757 2270 2828 copiis
2312 2757 2368 2812 in
2410 2756 2515 2812 hoc
2555 2756 2731 2826 ipsum
2774 2753 3129 2820 necessariis,
3153 2767 3221 2808 ac
3268 2751 3315 2808 si
3362 2749 3497 2805 nihil
3531 2757 3704 2814 esset.

2097 2846 2360 2921 quidquid
2385 2847 2455 2902 ab
2482 2846 2702 2903 ineunte
2755 2853 2915 2902 aetate
2941 2843 3106 2902 studii
3138 2851 3194 2901 et
3240 2841 3444 2900 laboris
3473 2842 3621 2897 circa
3649 2839 3706 2895 id

2098 2941 2300 3014 negotii
2330 2940 2658 3012 expedisset.
2766 3008 2769 3012 ι

2169 3032 2547 3092 Versabantur
2571 3041 2837 3106 praeterea
2881 3031 3259 3088 indesinenter
3293 3029 3343 3085 ei
3382 3038 3508 3084 ante
3551 3042 3708 3084 men-

395 3119 786 3177 discedendum
811 3130 920 3188 est,
944 3131 1042 3177 aut
1070 3121 1286 3180 itineris
1310 3124 1527 3180 onerosi
1567 3138 1738 3196 usque
1779 3123 1846 3180 ad
1869 3123 1997 3180 Car-
2023 3151 2073 3217 ο
2101 3122 2174 3180 tis
2198 3124 2408 3192 oculos,
2429 3139 2538 3179 non
2564 3124 2904 3180 imminentia
2916 3122 3238 3179 deliciarum
3267 3129 3364 3217 aut
3386 3119 3706 3175 divitiarum

399 3210 640 3266 thusiam
669 3209 918 3284 fatigatio
943 3214 1248 3271 subeunda.
1272 3212 1410 3270 Nam
1439 3215 1578 3271 citra
1602 3215 1803 3286 prioris
1823 3215 2000 3272 nostri

394 3305 719 3375 iussionem,
744 3309 931 3364 oneris
968 3310 1138 3367 vestri
1162 3309 1438 3368 sarcinam
1460 3309 1704 3368 humeris
1724 3309 1860 3367 meis
1884 3309 2006 3368 nul-

400 3398 488 3454 lus
511 3400 772 3471 imponet.
801 3418 821 3453 ι
968 3397 972 3400 ’

1022 3491 1262 3550 CAPUT
1300 3493 1392 3550 IV.

405 3605 653 3679 Qualiter
683 3607 858 3679 missi
895 3607 1145 3679 priorem,
1189 3608 1488 3664 Carthasim
1543 3607 1910 3679 requirebant;
1955 3616 2004 3665 et

478 3675 636 3745 Hrth
674 3677 783 3757 ipse
824 3675 1097 3757 deuotioni
1119 3678 1309 3757 fortius
1335 3679 1580 3734 insistens
1612 3675 1677 3757 se
1699 3689 1882 3734 contra
1907 3679 2006 3752 ju-

477 3763 598 3816 gum
634 3747 926 3818 cp'iswpale
953 3748 1054 3802 sibi
1080 3748 1357 3803 imminens
1395 3753 1752 3820 prwparabat.

478 3859 594 3917 lloc
617 3859 762 3917 illius
782 3872 1009 3933 accepto
1030 3877 1311 3934 responso,
1347 3877 1472 3920 cum
1499 3864 1726 3920 verbum
1751 3863 1868 3935 ejus
1883 3877 2008 3920 cer-

407 3963 607 4010 nerent
633 3955 849 4026 penitus
878 3971 984 4012 non
1024 3970 1188 4028 posse
1231 3956 1459 4025 mutari,
1512 3957 1742 4013 redeunt
1791 3955 1866 4011 illi
1895 3965 2006 4011 tam

406 4044 477 4099 de
501 4043 720 4108 infecto.
762 4060 860 4116 pro
891 4061 999 4116 quo
1022 4054 1300 4111 venerant.
1342 4046 1560 4118 negotio
1599 4045 1801 4112 mmsti,
1837 4061 2008 4118 quam

409 4132 478 4187 de
505 4132 671 4189 futuri
709 4136 950 4204 pastoris
969 4135 1051 4190 sui
1097 4135 1393 4194 virtutibus
1429 4136 1737 4208 insignique
1757 4145 2010 4194 constan-

406 4222 484 4276 tia
533 4223 678 4279 unde
717 4239 828 4280 non
865 4225 1066 4296 exigua
1110 4235 1370 4298 ceperant
1418 4226 1761 4284 documenta.
1806 4225 2007 4283 hilares

404 4315 608 4372 effecti.
653 4315 878 4382 Verum,
901 4333 972 4373 ne
1013 4316 1201 4375 multis
1247 4323 1632 4382 immoremur,
1658 4316 2010 4374 honorabiles

403 4407 511 4463 sub
560 4405 912 4464 festinatione
966 4406 1273 4479 diriguntur
1313 4407 1379 4464 ad
1416 4406 1764 4464 Carthusiam
1821 4407 2004 4480 legati.

2105 3213 2382 3288 plerisque
2427 3223 2611 3286 optata
2656 3213 2945 3280 lenocinia,
3000 3227 3109 3268 non
3144 3210 3382 3282 dignitas
3418 3217 3516 3264 aut
3545 3216 3710 3282 pote-

2105 3307 2264 3365 statis
2280 3305 2626 3377 excellentia,
2650 3323 2758 3364 non
2783 3308 3000 3362 demum
3021 3304 3408 3375 obsequiorum
3439 3299 3708 3358 sedulitas

2105 3398 2370 3465 oliiciosa,
2400 3398 2497 3456 sed
2536 3413 2725 3454 amara
2755 3398 2884 3452 vita:
2924 3394 3365 3466 contemplativa:
3392 3389 3707 3464 dispendia,

2104 3490 2307 3561 quietae
2335 3497 2392 3546 et
2432 3501 2644 3546 serena:
2683 3485 3053 3543 meditationis
3105 3483 3479 3554 orationisque
3533 3480 3706 3536 detri-

2106 3589 2309 3638 menta.
2337 3579 2526 3646 Nemo,
2555 3589 2616 3634 ut
2638 3578 2958 3650 plerumque
2982 3576 3099 3648 ipse
3124 3575 3281 3631 nobis
3299 3574 3561 3631 secretius
3589 3587 3710 3627 non

2107 3675 2228 3732 sine
2243 3674 2451 3747 gemitu
2487 3673 2782 3738 fatebatur,
2829 3670 3205 3743 quotidianam
3257 3667 3436 3724 cordis
3461 3665 3580 3735 ejus
3602 3680 3711 3720 ex—

2105 3777 2310 3836 ponere
2331 3763 2605 3819 sulliceret
2635 3762 2886 3834 agoniam
2911 3776 3016 3832 qua
3039 3757 3352 3816 medullitus
3376 3757 3706 3826 angebatur,

2107 3870 2233 3914 cum
2260 3855 2534 3927 perdenda
2565 3869 2691 3911 mox
2725 3853 3129 3925 imaginabatur
3171 3850 3450 3906 fructuosa
3487 3847 3711 3905 cellula

2107 3964 2220 4007 sum
2243 3946 2378 4013 otia,
2407 3961 2508 4018 pro
2534 3947 2732 4018 quibus
2759 3944 3119 4002 succederent
3158 3942 3506 4015 dispendiosa
3545 3941 3710 4014 pala-

2107 4041 2309 4099 tiorum
2331 4038 2567 4114 negotia.
2615 4036 2889 4098 Metuebat
2932 4049 3167 4107 quoque,
3199 4050 3269 4092 ne
3293 4034 3434 4090 inter
3463 4033 3580 4090 lene
3610 4047 3710 4090 (acb

2107 4134 2271 4190 dente
2295 4127 2592 4203 psalmodia
2613 4127 2823 4196 iitibus,
2864 4133 3115 4186 cessante
3139 4123 3372 4181 lectione
3410 4139 3568 4180 sacra
3602 4139 3709 4179 su-

2107 4221 2330 4296 perlluis
2367 4222 2680 4278 rumoribus
2697 4263 2713 4290 ,
2743 4220 2966 4279 cederet
2994 4219 3201 4292 pariter
3225 4217 3312 4274 vel
3355 4216 3550 4273 intima
3571 4233 3708 4274 con-

2111 4314 2392 4387 templatio
2413 4315 2631 4379 caeteris,
2646 4311 3136 4384 pliantasmatibus,
3149 4309 3233 4367 vel
3253 4310 3467 4366 interna
3488 4308 3708 4381 purius

2110 4405 2350 4462 externis
2373 4403 2722 4460 vanitatibus.

405 4498 528 4568 Quo
558 4499 937 4569 pervenientes
959 4500 1278 4572 petitionem
1301 4499 1698 4557 Lincolniensis
1725 4499 2000 4567 Ecclesiae,
2033 4498 2080 4555 Β
2176 4497 2448 4568 Denique,
2497 4511 2620 4552 cum
2666 4497 2892 4554 rediisse
2931 4497 3154 4553 nuntios
3181 4496 3512 4568 accepisset,
3559 4511 3706 4565 quos

408 4593 588 4662 regias
613 4607 831 4665 quoque
868 4608 1063 4665 preces
1105 4602 1160 4649 ct
1205 4593 1557 4651 munitionem
1604 4591 2002 4666 archipraesulis

405 4684 628 4752 scriptis
666 4683 955 4756 verbisque
993 4683 1248 4755 allegant.
1295 4683 1398 4752 Qui
1440 4685 1634 4750 etiam,
1679 4693 1740 4740 ut
1779 4685 2001 4754 dignum

407 4772 533 4838 fuit,
559 4774 859 4831 honorifice
887 4776 1146 4847 suscepti,
1192 4777 1445 4848 gratificc
1467 4779 1735 4844 exauditi,
1767 4778 2000 4834 reditum

407 4865 741 4934 amclerant,
797 4853 1109 4922 mandatum
1167 4869 1281 4939 (90)
1327 4871 1528 4941 prioris
1578 4880 1632 4927 et
1651 4870 1880 4928 fratrum
1931 4871 2002 4928 ad

406 4951 688 5023 liugonem
727 4965 1093 5026 reportantes,
1119 4968 1390 5029 quatenus
1436 4961 1754 5018 canonicam
1787 4962 1855 5017 de
1898 4976 2002 5018 cae-

405 5055 529 5100 tero
553 5045 770 5103 domino
809 5046 1186 5106 Cantuariensi
1230 5052 1575 5108 exhibiturus
1601 5053 1714 5125 (91)
1744 5052 1993 5110 obedien-

479 5177 595 5251 (88)
631 5179 710 5234 Et
755 5181 1110 5250 prted-ictione
1152 5181 1296 5238 illius
1316 5184 1485 5250 senis,
1515 5183 1668 5252 cujus
1705 5185 1766 5238 lit
1795 5183 2002 5238 mentio

403 5250 562 5314 lib.i,
593 5266 644 5306 c.
665 5251 700 5322 ξ)
723 5259 780 5306 et
819 5251 1042 5306 alterius
1083 5253 1313 5309 Bovouis
1365 5254 1456 5309 lib.
1485 5256 1559 5319 'u,
1590 5272 1640 5311 c.
1662 5255 1718 5322 Ξ,
1747 5265 1802 5310 et
1843 5254 1988 5310 forsi-

401 5295 602 5397 ιδῃ-ξι
635 5321 738 5397 alia
776 5323 1104 5397 revelatione
1137 5323 1237 5378 sibi
1253 5295 1624 5397 _n.ota:”_noll;isv
1637 5295 1927 5397 iri-cognita.

483 5391 844 5466 (89)__Prioris
897 5393 1107 5466 scilicet
1161 5395 1386 5465 majoris
1432 5391 1784 5462 Carthusiaef
1814 5402 2002 5466 utpote

401 5461 679 5534 generalis
713 5464 875 5518 totius
904 5463 1136 5534 ordinis.
1215 5484 1230 5489 -

481 5534 595 5602 (illi)
631 5534 936 5590 Cat-thusiae
984 5533 1230 5602 videlicet
1273 5531 1513 5601 majoris.
1555 5534 1642 5590 cui
1696 5533 1916 5592 tuncab
1943 5549 1996 5591 ιι,

408 5601 551 5674 ΙΠΑ8
600 5601 1186 5674 ριἐιιετθιίιιαιιοειίηιιεξ.
1225 5605 1302 5659 De
1340 5619 1446 5673 quo
1491 5605 1631 5673 apud
1679 5604 2000 5674 Saussaium

289 5717 293 5724 .
409 5674 464 5730 in
507 5671 726 5742 Martyr.
763 5673 959 5743 Gallic.
1017 5671 1280 5743 supplent.
1325 5671 1379 5741 p.
1428 5671 1564 5728 l-095
1601 5688 1616 5726 :
1654 5694 1672 5726 ι
1704 5675 1760 5730 In
1808 5673 2002 5743 majori

410 5741 702 5797 Carthus’ia
756 5741 1272 5813 Gratianopolitanae
1322 5744 1570 5801 dimccsis
1614 5745 1759 5814 pium
1797 5741 1998 5801 clliavit

2105 4597 2254 4646 certe
2294 4587 2596 4655 maluisset,
2637 4597 2764 4646 tunc
2813 4589 3049 4663 primum
3098 4588 3206 4648 iter
3249 4587 3380 4644 illud
3429 4587 3701 4660 arripere,

2105 4695 2213 4736 non
2244 4679 2496 4735 cessabat
2523 4678 2720 4735 fratres
2752 4679 2807 4738 in
2835 4694 2993 4737 sacro
3034 4683 3315 4753 proposito
3335 4682 3579 4752 paternis
3605 4696 3705 4737 ex-

2105 4769 2506 4827 hortationibus
2525 4770 2882 4827 corroborare
2898 4812 2912 4838 ,
2937 4787 3208 4845 suumque
3232 4772 3484 4829 timorem
3507 4787 3704 4829 eorum

2103 4859 2378 4933 suffragiis
2425 4861 2684 4917 attentius
2721 4865 3124 4923 commendare.
3174 4866 3427 4924 Viderint
3443 4868 3576 4939 jam,
3603 4870 3704 4939 qui

2103 4957 2476 5028 episcopatum
2529 4965 2814 5028 tantopere
2848 4957 3184 5028 desiderant,
3225 4971 3282 5019 et
3325 4963 3417 5034 qui
3446 4963 3518 5019 ad
3558 4979 3706 5034 prae-

2103 5047 2367 5106 lationum
2429 5048 2668 5105 culmina
2724 5056 2806 5106 tot
2848 5049 3022 5110 deviis
3077 5051 3299 5110 callium
3359 5054 3706 5113 anfractibus

2103 5185 2357 5261 spiritum
2398 5183 2574 5261 beata}
2603 5183 3217 5261 memoriaiiancelinus
3254 5187 3407 5261 prior
3424 5191 3702 5261 generalis

2103 5255 2347 5326 decimus
2388 5256 2597 5311 ordinis
2629 5255 2981 5326 ,Cartbusiani
3006 5273 3022 5310 :
3049 5257 3140 5312 cui
3165 5255 3326 5314 annis
3378 5255 3491 5314 fere
3536 5277 3700 5317 sen-

2103 5327 2287 5399 ginta,
2318 5340 2428 5399 non
2471 5326 2591 5399 sine
2625 5325 2823 5396 insigni
2856 5325 3016 5399 laude
3053 5341 3117 5382 ac
3152 5328 3275 5384 vita:
3308 5330 3697 5399 sanctimonia,

2104 5394 2164 5452 ut
2193 5397 2358 5468 habet
2381 5394 2501 5464 ejus
2530 5394 3008 5468 Mnemosynoniin
3038 5399 3442 5468 nomenclatura
3465 5394 3696 5457 Patruini

2103 5467 2277 5594 msius
2323 5469 2533 5523 ordinis
2577 5466 2812 5538 praefuit.
2847 5485 2867 5521 ι
2919 5467 2998 5522 Ita
3041 5468 3137 5524 ibi.
3161 5466 3312 5524 Obiit
3334 5480 3514 5525 autem
3543 5473 3696 5527 dicta

2161 5552 2352 5593 eanno
2392 5537 2548 5594 1254.

2143 5538 2192 5592 ie
2210 5552 2352 5593 anno
2392 5537 2548 5595 1254.

2174 5607 2288 5682 {9})
2327 5607 2550 5682 Qualem
2576 5606 2735 5682 debet
2771 5606 3056 5682 episcopus
3095 5607 3524 5682 archiepiscopo,
3555 5610 3695 5668 Liu-

2103 5676 2394 5736 coluiensis
2422 5676 2822 5736 Cantuariensi.
