3962 6398
173 409 273 502 989

1500 434 1680 491 vm.
1713 464 1789 477 —
1820 431 1947 490 LIB.
1971 399 2067 490 ἰιι.

3328 436 3437 493 990

173 551 426 622 aspirarit,
456 561 691 620 quonam
729 546 992 603 virtutum
1044 561 1262 620 genere,
1289 545 1486 617 quibus
1533 561 1743 603 morum
1772 548 1824 609 Α
1853 548 2163 614 consilium,
2191 555 2396 619 quanto
2433 545 2609 616 major
2637 555 2777 614 erat,
2804 557 2857 604 et
2890 556 3089 618 quanto
3128 549 3195 604 ad
3229 551 3432 619 majora

173 640 386 709 divitiis,
419 650 473 696 et
495 640 687 710 quibus
718 639 1034 695 nteritorum
1073 638 1356 709 stipendiis
1381 637 1552 692 virum
1579 639 1744 693 istum

171 733 506 789 antecedant.
537 730 643 792 Iste
671 741 724 786 et
745 731 983 802 seipsnm
1034 747 1063 785 a
1101 731 1414 786 vulneribus
1437 727 1745 785 indemnem

169 819 401 893 servare,
453 831 510 879 et
554 822 727 880 aliena
783 822 1004 879 vulnera
1059 839 1286 887 curare,
1341 831 1448 876 tam
1509 819 1747 892 perfecte

168 921 406 985 edoctus,
459 913 657 986 pabulo
713 930 929 986 quoque
989 914 1250 970 doctrina:
1304 912 1563 967 salutaris
1613 911 1747 968 adeo

95 1056 101 1071 ,
166 1008 432 1078 copiosus,
472 1005 662 1061 intimo
688 1006 868 1062 cordis
909 1003 1103 1060 aﬂ‘ectu
1133 1003 1541 1060 evidentissimo
1581 1001 1745 1057 etiam

103 1105 109 1172 ξ
165 1101 339 1172 operis
359 1097 556 1154 effectu
593 1097 916 1169 loquebatur
947 1114 962 1160 ξ
1002 1117 1022 1150 ι
1061 1095 1176 1152 Νοιι
1228 1111 1346 1152 sum
1384 1093 1646 1159 medicus,
1692 1100 1747 1148 et

99 1185 108 1255 ,’
165 1193 215 1246 in
243 1193 401 1246 domo
423 1205 540 1246 mea
585 1197 806 1244 nonest
854 1188 1033 1260 panis,
1076 1186 1244 1242 nolite
1283 1201 1370 1242 me
1417 1185 1747 1241 constituere

163 1284 457 1355 principem
511 1281 690 1353 populi
737 1280 872 1350 (lsa.
924 1297 1008 1346 ιιι,
1036 1279 1144 1352 7).»
1167 1278 1394 1344 Verum,
1438 1294 1544 1350 quo
1586 1277 1747 1332 altius

163 1378 432 1449 proprium
453 1377 505 1431 in
531 1375 784 1432 omnibus
804 1373 1119 1430 attendebat
1140 1373 1222 1427 vir
1243 1372 1434 1428 beatus
1456 1369 1745 1449 delectum,

162 1445 224 1524 eo
244 1445 568 1523 cumulatius
607 1466 803 1521 divina
845 1465 1196 1535 plenitudinis
1225 1464 1507 1535 percipere
1550 1445 1750 1519 meruit

162 1559 613 1630 supplementum,
659 1557 787 1613 illud
833 1557 1078 1612 Doctoris
1113 1558 1352 1628 gentiqu
1395 1556 1744 1612 decantatis:

167 1672 186 1704 ι
218 1651 352 1712 Non,
387 1651 530 1721 quod
581 1648 910 1705 sullicientcs
961 1649 1134 1704 simus
1181 1647 1424 1718 cogitare
1469 1645 1671 1716 aliquid
1715 1660 1746 1700 a

161 1744 330 1807 nobis,
363 1742 517 1813 quasi
569 1757 635 1796 ex
682 1741 876 1806 nobis;
931 1740 1025 1795 sed
1084 1737 1406 1793 sullicientia
1464 1745 1649 1791 nostra
1681 1751 1748 1790 ex

163 1836 267 1890 Deo
288 1845 369 1889 est
399 1832 483 1906 (11
513 1831 637 1888 Cor.
683 1849 766 1901 ιιι,
798 1832 876 1903 5).
910 1851 928 1883 ι
956 1831 1091 1899 Quia
1127 1847 1256 1884 vero
1285 1845 1390 1884 non
1421 1845 1450 1883 a
1477 1845 1566 1893 se,
1590 1828 1682 1882 sed
1715 1843 1746 1882 a

158 1923 266 1977 Deo
299 1923 402 1978 sibi
431 1923 572 1978 hanc
616 1920 997 1978 suﬁicientiam
1042 1933 1166 1976 esse
1209 1919 1435 1983 sciebat,
1488 1917 1656 1973 noluit
1681 1918 1747 1972 de

155 2014 332 2070 alieno
357 2015 705 2071 commodato
755 2023 848 2068 aut
893 2014 1057 2068 etiam
1101 2012 1228 2066 dato
1275 2011 1621 2076 insolescere,
1655 2024 1747 2065 ne—

155 2122 259 2176 que
291 2107 345 2162 in
380 2107 589 2178 magnis
609 2105 908 2171 ambulare,
940 2103 1032 2159 sed
1080 2119 1200 2159 sese
1242 2103 1526 2157 attendens
1569 2101 1620 2156 in
1659 2116 1744 2168 se,

153 2198 294 2255 dona
353 2214 484 2254 vero
533 2198 646 2262 Dei,
697 2213 818 2267 qua:
871 2196 1221 2268 percipiebat,
1273 2209 1432 2258 supra
1485 2209 1575 2258 se,
1616 2193 1745 2246 ulli-

152 2306 302 2346 mum
328 2299 438 2344 tota
470 2289 667 2344 mentis
713 2288 998 2344 aliectione
1046 2290 1098 2342 in
1130 2284 1516 2342 ecclesnasttcis
1545 2283 1746 2362 nuptiis

155 2390 344 2435 tenere
391 2379 645 2436 studebat
699 2379 899 2434 locum.
939 2379 986 2433 ls
1021 2388 1225 2443 autem,
1265 2377 1357 2446 qui
1397 2392 1517 2431 eum
1563 2389 1747 2446 segre—

153 2470 298 2541 gavit
329 2485 396 2523 ex
424 2478 579 2525 utero
625 2470 818 2524 matris
857 2484 989 2533 suae,
1040 2478 1095 2523 et
1129 2468 1340 2522 vocavit
1369 2481 1467 2537 per
1514 2464 1746 2535 gratiam

155 2577 331 2626 suam,
379 2570 438 2615 ut
485 2577 581 2631 per
629 2576 752 2616 eum
821 2558 1154 2631 gloriﬁcaret
1209 2573 1406 2612 nomen
1475 2569 1631 2610 suum
1691 2555 1743 2608 in

161 2656 342 2712 multis
371 2657 644 2729 gentibus,
693 2656 1014 2712 invitatione
1059 2654 1332 2710 amicabili
1363 2669 1486 2709 eum
1521 2651 1747 2720 cogebat

159 2749 403 2817 superius
441 2746 758 2813 ascendere,
796 2763 904 2819 quo
944 2749 1010 2802 de
1038 2745 1353 2802 sullicientia
1392 2744 1606 2801 coalitus
1639 2743 1744 2801 sibi

159 2837 347 2893 collata
378 2839 656 2895 conservis
681 2839 813 2902 suis,
840 2839 995 2892 daret
1015 2837 1195 2892 cibum
1218 2838 1272 2892 in
1305 2845 1566 2908 tempore.

777 2926 1005 2984 CAPUT
1046 2926 1112 2982 V.
1335 2925 1338 2928 ’

160 3016 394 3086 Qualiter
421 3021 620 3076 nuntiis
647 3038 677 3073 a
703 3019 988 3076 Cartlmsia
1026 3020 1292 3090 regressis,
1327 3019 1594 3090 vocatione
1624 3033 1744 3090 jam

222 3092 373 3143 tertia
396 3092 465 3144 de
497 3091 652 3145 domo
677 3108 775 3145 sua
814 3093 956 3146 exire
983 3087 1303 3158 compulsus,
1328 3105 1503 3144 versus
1543 3087 1743 3142 Londi-

222 3177 342 3231 nam
376 3177 477 3231 pro
531 3163 922 3216 consecratione
966 3160 1266 3231 recipienda
1305 3176 1359 3213 se
1399 3159 1742 3231 transferens,

219 3229 385 3303 illum
409 3231 647 3303 nondum
687 3232 769 3285 sui
807 3231 1023 3303 ordinis
1066 3229 1426 3303 humilitatem
1465 3229 1742 3303 deseruit:
1773 3244 1815 3303 α

219 3301 336 3369 quin
377 3301 554 3370 potius
599 3311 712 3369 post
743 3300 924 3355 sellam
961 3299 1240 3370 equitando
1281 3297 1609 3370 sarcinulam
1653 3299 1745 3353 de-

216 3368 406 3494 Erret,
449 3372 504 3426 in
547 3368 644 3424 sua
680 3368 1071 3425 consecratione
1107 3387 1140 3425 α
1182 3368 1325 3440 regia
1375 3369 1742 3438 muniﬁcentia

273 3441 520 3494 minime
545 3443 852 3494 honoratus.

273 3443 520 3510 rgissime
545 3443 852 3496 honoratus.

215 3531 400 3587 Trium
437 3532 624 3601 itaque
657 3533 922 3588 mensium
950 3532 1064 3604 (92)
1090 3530 1278 3603 elapso
1308 3541 1553 3602 tempore
1595 3545 1628 3585 a
1655 3530 1745 3585 die

150 3622 428 3680 electionis
483 3639 594 3679 sua:
623 3626 830 3694 primae,
859 3624 1050 3692 legatis
1069 3639 1214 3695 saepe
1233 3624 1394 3679 dictis
1420 3623 1681 3694 regressis
1710 3638 1744 3678 a

148 3718 430 3776 Carthusia
447 3760 462 3780 .
493 3719 779 3775 vocatione
795 3720 910 3790 jam
942 3719 1102 3774 tertia
1125 3717 1468 3788 compellitur
1505 3717 1658 3772 exire
1677 3716 1745 3773 de

147 3811 300 3866 demo
331 3827 438 3867 sua
456 3850 476 3876 ,
499 3810 590 3880 qui
617 3811 818 3866 dudum
844 3824 1101 3880 egressus
1125 3809 1302 3862 fuerat
1327 3809 1393 3863 de
1419 3816 1561 3862 terra
1597 3815 1657 3862 et
1677 3806 1746 3862 de

147 3901 474 3971 cognatione
499 3914 620 3955 sua.
641 3898 931 3969 Egreditur
954 3913 1083 3967 ergo
1106 3899 1174 3953 ad
1196 3896 1540 3967 pontiﬁcialis
1567 3895 1746 3966 perci-

152 3989 402 4058 pieudam
425 3989 868 4048 consecrationis
889 3987 1340 4044 benedictionem.
1363 3986 1600 4058 Pergens
1615 4001 1744 4042 vero
1810 4003 1813 4005 ·

153 4081 218 4134 ad
265 4081 674 4152 suscipiendum
728 4088 998 4136 tantorum
1061 4095 1411 4136 successuum
1463 4079 1700 4135 culmina
1724 4119 1742 4145 ,

153 4172 476 4230 humilitatis
512 4174 622 4228 ima
661 4173 884 4230 minime
909 4174 1219 4237 deserebat.
1260 4172 1550 4243 Complens
1593 4173 1741 4230 enim

149 4277 308 4334 opere
351 4266 504 4338 quod
534 4278 750 4336 semper
773 4264 1026 4323 volvebat
1053 4266 1108 4322 in
1135 4265 1319 4330 corde,
1351 4264 1454 4322 viri
1481 4265 1742 4337 sapientis

217 4445 327 4517 (9'3)
376 4444 549 4500 Facta
578 4445 750 4514 prima
796 4443 849 4499 in
892 4444 1218 4517 Eyneshaim
1248 4446 1512 4517 electione
1552 4445 1740 4517 itur_in

149 4511 382 4569 William
413 4530 518 4583 pro
567 4511 857 4584 consensu,
902 4511 965 4569 ei
1015 4515 1254 4570 William
1302 4532 1400 4584 pro
1446 4515 1611 4570 altera
1635 4514 1743 4584 ele-

149 4585 324 4643 ctione
362 4584 728 4642 Lincolniam.
769 4583 894 4639 inde
935 4600 1124 4638 rursus
1154 4585 1207 4638 in
1241 4583 1503 4648 Witham,
1535 4600 1600 4639 ex
1630 4583 1744 4637 Wi-

149 4655 290 4707 tham
333 4657 400 4709 ad
433 4655 783 4711 Carthusiam
833 4654 1114 4719 majorem,
1161 4664 1219 4709 et
1247 4655 1370 4709 inde
1413 4656 1621 4709 reditur
1641 4669 1743 4722 pro

147 4725 566 4791 vocationejam
599 4726 756 4778 tertia
780 4725 833 4778 in
866 4724 1126 4790 Witham,
1153 4736 1207 4778 et
1235 4741 1302 4779 ex
1342 4725 1577 4780 Witham
1602 4723 1746 4778 Lon-

148 4793 329 4848 dinum
354 4811 456 4862 pro
495 4795 922 4852 consecratione.
956 4795 1035 4848 An
1065 4796 1178 4848 haec
1205 4806 1347 4849 intra
1375 4797 1535 4850 trium
1587 4808 1742 4850 men-

147 4862 599 4936 sinutkangustias
638 4867 911 4936 potuerint
941 4865 1150 4936 perlici,
1199 4882 1400 4936 anceps
1433 4867 1631 4920 haereo.

219 4933 332 5003 (95)
375 4933 479 4992 Ubi
529 4935 860 5006 cathedralis
910 4935 1164 4990 ecclesia.
1227 4936 1303 4991 De
1337 4933 1443 5006 qua
1493 4935 1738 5006 plurarin

149 5000 453 5076 Mortastico
515 5004 828 5076 Anglicano.
866 5015 905 5060 t.
957 5006 995 5070 l,
1037 5022 1090 5076 p.
1141 5007 1242 5073 3|,
1291 5000 1741 5062 et'Mabillonius

149 5075 384 5146 tom._lll'
416 5075 641 5143 Annal.,
677 5091 728 5146 β.
760 5076 886 5131 567.

218 5144 332 5214 (94)
374 5147 454 5201 De
475 5147 564 5200 die
580 5144 902 5201 conveniunt
936 5161 1147 5214 omnes,
1180 5161 1283 5202 non
1317 5148 1444 5202 item
1473 5146 1541 5202 de
1569 5162 1735 5204 anno.

218 5213 333 5286 (95)
369 5217 482 5270 Aut
503 5217 667 5286 igitur
706 5233 800 5272 rex
832 5217 1004 5272 adluit
1045 5213 1466 5284 consecrationi,
1489 5228 1588 5272 aut
1627 5234 1736 5275 non

150 5286 334 5352 procul
363 5287 434 5341 ab
471 5286 560 5341 illa
590 5287 782 5342 abluit.

179 5392 183 5395 -
219 5354 334 5422 (96)
373 5358 802 5413 Archidiaconns
845 5358 1219 5421 Menevensis,
1269 5358 1523 5414 Giraldns
1567 5359 1734 5414 Cam-

151 5421 383 5500 brensis,
407 5427 470 5482 S.
499 5427 704 5500 Hugoni
721 5437 1048 5491 comtaneus,
1071 5445 1233 5500 quem
1256 5429 1522 5486 Henricus
1537 5429 1735 5500 Whar-

153 5500 315 5570 tonus
340 5498 394 5551 in
425 5499 740 5570 prmratione
758 5500 824 5552 ad
853 5508 996 5570 part.
1031 5515 1070 5552 ιι
1091 5498 1301 5569 Angliae
1324 5515 1525 5558 sacrae.
1556 5516 1614 5570 p.
1635 5499 1730 5565 20,

151 5577 257 5644 non
303 5567 570 5644 inutiliter
616 5568 1017 5644 monet__fuisse
1043 5567 1736 5644 archidiaconumiﬂjrechi-

155 5638 394 5703 [densent
428 5638 483 5692 in
530 5638 768 5694 Ecclesia
809 5639 1111 5695 Menevensi
1133 5680 1150 5703 ,
1183 5655 1292 5695 non
1325 5641 1622 5696 Breehinia:
1665 5655 1732 5696 ac

154 5699 445 5770 Icneviaa,
474 5709 616 5776 quod
659 5709 852 5764 Balcus
889 5709 1085 5770 habet.
1115 5699 1214 5764 nec
1255 5711 1429 5778 primo
1460 5709 1727 5767 Brecnoc-

154 5786 400 5855 gensem,
452 5789 637 5855 postea
684 5778 1276 5855 “atterensemtqnod
1323 5781 1438 5834 vult
1458 5781 1724 5855 _Pitseus.

155 5841 390 5902 Unicum
415 5841 561 5906 eitim
590 5849 883 5907 Brechiniaa
911 5841 1408 5906 archidiaconatum
1446 5851 1732 5908 Givalduut

1316 5993 1408 6006 ...ρό-

1853 640 2274 706 conscendebat,
2313 648 2465 694 tanto
2496 654 2556 695 se
2587 638 2639 694 in
2663 639 2912 694 onmibus
2944 636 3279 694 humiliabat.
3329 639 3433 694 So-
3465 643 3468 646 ’

1848 730 1997 785 litam
2025 731 2192 786 animi
2239 730 2561 803 gravitatem
2594 745 2716 786 cum
2746 729 3034 786 exterioris
3064 728 3241 784 cultus
3283 729 3433 797 abie-

1849 821 2032 878 ctione
2068 832 2362 889 retentans,
2396 823 2619 879 sedebat
2653 837 2849 893 equum
2883 837 2987 876 non
3011 820 3250 892 phaleris
3277 822 3434 876 ador-

1849 923 2062 978 natum,
2110 913 2206 969 sed
2254 925 2379 985 post
2424 915 2611 970 sellam
2647 923 2953 976 oneratum,
2999 913 3193 985 quilms
3241 912 3437 969 diurno

1848 1011 2098 1060 uteretur
2130 1013 2374 1075 tempore
2419 1013 2475 1060 et
2518 1014 2804 1070 nocturno,
2833 1003 3048 1076 pellium
3087 1013 3141 1058 et
3181 1017 3432 1074 sagarum

1855 1096 2142 1153 involucro
2179 1095 2366 1169 [Cod.,
2404 1113 2657 1168 sagarum
2696 1095 3008 1168 involutus].
3053 1093 3127 1150 Ita
3153 1111 3274 1150 cum
3320 1095 3434 1151 suis

1851 1189 2066 1246 clericis
2113 1203 2282 1258 equos
2308 1190 2650 1254 sedentibus,
2692 1191 2871 1245 aureis
2916 1189 3196 1244 decoratos
3223 1201 3436 1258 sagma-

1853 1285 2020 1349 tibus,
2045 1283 2252 1340 electus
2283 1282 2544 1337 Dominus
2589 1282 2901 1353 equitabat;
2953 1280 3058 1335 illis
3094 1279 3242 1334 varia
3281 1292 3437 1332 scru-

1849 1377 2091 1432 tantibus
2121 1385 2258 1442 arte,
2285 1391 2437 1431 suam
2467 1376 2516 1429 ei
2559 1375 2883 1430 sarcinulam
2915 1374 3148 1433 auferre.
3179 1381 3233 1426 et
3257 1371 3435 1424 l'eren-

1849 1471 1971 1525 dam
2006 1469 2119 1524 suis
2163 1468 2450 1539 sagmariis
2498 1468 2795 1538 imponere.
2842 1467 3063 1530 Verum,
3103 1479 3224 1521 cum
3256 1461 3324 1517 ab
3369 1475 3435 1516 eo

1851 1577 2028 1631 neque
2057 1560 2242 1625 seriis,
2279 1567 2336 1614 ut
2365 1560 2468 1614 hoc
2498 1559 2855 1629 permitteret,
2900 1571 3074 1624 neque
3101 1554 3226 1624 joco
3250 1559 3434 1607 extor-

1850 1652 2002 1722 queri
2030 1651 2292 1724 potuisset
2321 1650 2570 1721 (cavebat
2609 1661 2842 1717 namque
2891 1657 3017 1699 ante
3040 1645 3241 1714 gradus
3268 1636 3469 1697 subli-‘

1851 1743 2044 1798 mioris
2093 1756 2491 1805 conscensum,
2543 1736 2938 1794 observationis
2986 1735 3224 1805 pristinze
3275 1744 3434 1786 usum

1855 1834 2145 1889 obmittcre
2171 1832 2255 1885 Vel
2302 1840 2511 1886 mutare
2540 1824 3119 1901 quantulumcunque),
3151 1823 3224 1876 illi
3255 1821 3436 1875 animo

1777 1903 1822 1963 Β
1851 1922 2099 1978 smculari
2130 1921 2598 1977 confundebantur
2623 1921 2818 1975 rubore
2841 1914 3146 1974 vehementi
3171 1913 3222 1967 in
3253 1910 3434 1966 humi-

1849 2019 2006 2074 litate
2033 2015 2335 2087 spiritualis
2358 2015 2483 2068 viri.

1838 2105 1842 2110 ’
1919 2111 2056 2167 Cum
2089 2123 2218 2164 vero
2260 2105 2762 2163 Winthoniensium
2809 2102 2924 2173 (95)
2974 2097 3435 2169 appropinquaret

1848 2202 2079 2268 civitati,
2104 2202 2194 2258 ubi
2225 2208 2280 2257 et
2308 2201 2455 2272 regia
2487 2198 2561 2254 illi
2591 2196 2792 2252 l'amilia
2822 2204 2877 2250 et
2902 2193 3100 2249 civium
3139 2198 3436 2244 occursura

1848 2308 1970 2357 erat
2019 2295 2348 2369 frequentia,
2381 2291 2603 2365 quidam
2649 2306 2716 2346 ex
2768 2288 2900 2359 ipsis
2929 2284 3142 2340 clericis
3167 2293 3435 2336 verecun-

1849 2393 1992 2447 diam
2045 2405 2151 2445 non
2199 2387 2384 2442 ferens
2417 2383 2599 2441 cordis
2643 2381 2724 2439 sui
2769 2379 2915 2446 vani,
2964 2373 3255 2445 amputatis
3294 2369 3434 2424 clam

1847 2482 1980 2539 loris
2010 2481 2206 2551 quibus
2235 2480 2376 2552 pelle
2397 2475 2796 2547 astringebatnr
2817 2469 3087 2527 sarcinula
3112 2473 3432 2526 memorata,

1847 2577 2032 2648 praedo
2088 2573 2319 2630 eﬂicitur
2387 2571 2745 2643 improvisus,
2812 2563 3049 2636 spolians
3103 2559 3435 2616 nescientem

1846 2647 2036 2732 onere,
2074 2663 2218 2736 quod
2251 2663 2476 2720 ferebat.
2516 2659 2849 2716 Pervenicns
2875 2655 3089 2711 tandem
3117 2647 3433 2715 Londoniis,

1847 2761 1904 2816 in
1935 2759 2024 2814 die
2071 2757 2216 2812 festo
2244 2756 2360 2829 (94)
2399 2755 2542 2810 beati
2578 2750 2814 2806 Matthrei
2847 2744 3225 2817 evangelista,
3272 2740 3438 2829 bene-

1848 2834 2091 2907 dictione
2145 2827 2500 2904 consecratus
2542 2836 2864 2912 pontificali,
2911 2835 3089 2893 ordini
3140 2827 3436 2903 apostolico

1848 2942 1916 2997 ad
1943 2937 2427 3009 evangelizandum
2461 2932 2790 3006 pauperibus
2827 2925 3143 2998 dignissime
3172 2922 3434 2979 sociatur.

1848 3032 1964 3090 Rex
1997 3032 2110 3104 (95)
2159 3040 2339 3086 autem
2377 3024 2761 3097 congratulans
2804 3022 2915 3076 voti
2965 3020 3047 3076 sui
3100 3019 3244 3072 circa
3293 3013 3438 3069 illius

1845 3124 2246 3197 promotionem
2291 3137 2349 3178 se
2390 3128 2695 3189 compotem
2727 3114 2977 3171 eﬂ'ectum
3001 3111 3197 3181 gaudio
3237 3105 3436 3180 gestie-

1846 3196 1933 3273 bat
1965 3217 2201 3272 inllnito.
2230 3213 2474 3270 Contulit
2501 3224 2717 3282 quoque
2751 3208 2801 3262 ei
2849 3204 3179 3261 liberalitate
3220 3196 3437 3255 munill-

1847 3310 2161 3366 centissima
2194 3322 2324 3362 vasa
2369 3305 2615 3377 quaedam
2662 3317 2849 3369 aurea,
2879 3298 3066 3355 multa
3107 3308 3319 3366 quoque
3349 3306 3437 3344 ar-

1847 3411 2064 3475 gentea,
2092 3411 2146 3456 et
2170 3398 2318 3454 varia
2347 3399 2511 3454 etiam
2545 3397 2599 3452 in
2643 3411 2776 3452 usus
2807 3403 3052 3466 quosque
3094 3383 3438 3442 necessarios

1845 3491 2126 3556 utensilia,
2176 3489 2436 3561 adjiciens
2484 3487 2539 3542 in
2590 3495 2840 3557 sumptus
2879 3479 3217 3540 celebrandae
3248 3476 3438 3533 solem-

1847 3583 2037 3640 nitatis
2076 3582 2328 3638 universa
2359 3578 2578 3651 c0piose
2611 3577 2902 3648 impendia.

2449 3668 2678 3727 CAPUT
2725 3668 2813 3724 Vl.

1851 3763 2093 3830 Qualiter
2117 3760 2515 3818 incatltedratus
2541 3759 2681 3826 apud
2705 3756 3033 3811 Lincolnimn
3065 3750 3442 3830 archidiaconi)

1920 3833 2294 3888 Cantuarieusi
2323 3820 2675 3900 responderit,
2695 3835 2948 3899 quantum
2979 3839 3070 3889 pro
3101 3824 3262 3900 mitra
3288 3820 3438 3900 dede-

1911 3887 2026 3967 rat,
2056 3913 2259 3958 tantum
2291 3903 2340 3956 ei
2367 3887 2462 3971 pro
2491 3887 2744 3953 rathedrh
2764 3912 2840 3971 se
2868 3887 3141 3949 daturum.
3171 3887 3439 3971 Qualiter

1917 3965 2076 4031 etiam
2096 3965 2419 4042 responderit
2441 3967 2774 4040 procuratori
2794 3965 2986 4042 domus
3009 3979 3119 4017 sita:
3147 3965 3438 4042 deﬁcnpien-

1918 4028 2108 4099 illarum
2143 4028 2357 4097 numero
2387 4028 2668 4094 (lentarum
2699 4046 2788 4092 :et
2820 4037 2883 4089 de
2905 4037 3016 4088 avis
3037 4031 3176 4100 apud
3203 4028 3438 4100 Stoicam

1916 4096 2293 4177 mirehilitate,
2337 4096 2508 4182 quam
2561 4107 2740 4162 retulit
2790 4096 3201 4161 archidiaconus
3256 4096 3436 4151 Mene-

1915 4186 2086 4241 vemis
2117 4182 2257 4255 (96).
2498 4227 2504 4232 .
2570 4269 2576 4270 γ
2715 4255 2758 4270 ’Δ

1915 4274 2329 4333 lncathedratus
2353 4281 2536 4329 autem
2565 4269 2621 4328 in
2643 4257 2875 4326 ecclesia
2902 4280 3022 4331 sua,
3051 4257 3442 4319 Cantuarieusi.

1849 4451 2181 4512 obtinuisse,
2225 4447 2477 4512 quamvis
2525 4447 2594 4503 ab
2633 4445 2863 4503 ecclesia
2903 4438 3202 4500 cathedrali
3251 4435 3435 4512 Mene:

1853 4505 2039 4576 vensis
2074 4505 2492 4575 archidiaconus
2536 4517 2590 4572 in
2639 4515 3007 4586 pontiliettm,‘
3031 4525 3214 4586 regum
3245 4505 3442 4586 acsui

1773 4583 1822 4642 D
1853 4591 2026 4660 ipsius
2060 4588 2259 4642 litteris
2288 4589 2484 4657 saepius
2521 4577 2823 4660 appellatus
2851 4585 2940 4637 sit.
2975 4577 3144 4660 Porro
3187 4577 3440 4660 iungit-ala

1852 4645 2060 4729 Anglia:
2089 4673 2259 4712 sacrm
2299 4645 2456 4727 parte
2499 4671 2532 4729 τι
2554 4645 2686 4729 pag.
2713 4655 3026 4729 {lo-exstat
3062 4647 3267 4702 Giraldi
3301 4645 3444 4729 liber

1853 4714 2087 4784 Deucitis
2115 4714 2476 4797 episcoporum
2500 4714 2978 4797 Lincolniensiunt,
3011 4731 3065 4775 et
3072 4735 3119 4797 _a
3163 4733 3283 4797 pag.
3305 4714 3440 4778 420,

1849 4799 2091 4868 ejusdem
2124 4787 2315 4868 copula
2353 4807 2436 4852 ter
2469 4797 2851 4868 gemina,__seu_
2877 4793 3027 4868 liber
3062 4789 3139 4843 De
3177 4787 3310 4868 Vilis
3345 4800 3437 4868 se:

1849 4855 2211 4938 episcoporum
2253 4855 2660 4923 cowtanevorum.
2694 4855 2998 4932 'Utrobique
3028 4861 3236 4930 magnis
3265 4855 3436 4910 landi~

1851 4939 1953 4994 bus
1985 4940 2262 4994 Huconem
2294 4948 2542 4994 nostrum
2572 4935 2827 4991 Giraldus
2853 4933 3110 4993 celebrat,
3139 4929 3233 4985 sed
3267 4928 3437 4982 histo-

1851 4940 1953 4996 hns
1985 4940 2262 5008 Hugonem
2294 4948 2542 4994 nostrum
2572 4940 2827 4991 Giraldus
2853 4940 3110 4993 celebrat,
3139 4940 3233 4985 seu
3268 4940 3437 4982 DISIO-

1848 5012 1988 5066 riam
2039 5011 2218 5067 Oloris
2257 5017 2467 5064 tantum
2501 5007 2575 5078 in
2617 5005 2903 5077 posteriori
2947 5018 3111 5078 opere
3153 5017 3206 5078 ρ.
3371 5004 3442 5078 et

1845 5097 1964 5152 seq.
2001 5083 2227 5138 totidem
2257 5079 2370 5135 lere
2398 5077 2580 5132 verbis
2601 5067 2731 5146 quot
2769 5085 2961 5130 auctor
2986 5067 3122 5126 Vita:
3150 5067 3438 5125 describit.

1843 5151 1990 5208 Idem
2030 5151 2286 5208 Giraldus
2329 5151 2382 5204 in
2413 5149 2659 5208 catalogo
2691 5157 2798 5203 tam
2833 5144 3053 5203 l'usiori,
3104 5157 3267 5208 quam
3306 5141 3432 5194 bre-

1843 5151 1990 5208 lde’m
2030 5151 2286 5208 Giraldus
2329 5151 2382 5204 in
2413 5151 2659 5218 catalogo
2691 5157 2798 5203 tam
2833 5151 3053 5203 fusion,
3104 5157 3267 5211 quam
3306 5151 3432 5194 bre-

1840 5224 1981 5278 viori
2013 5223 2280 5278 librorum
2329 5235 2586 5283 suorum,
2628 5234 2685 5288 p.
2727 5217 2834 5288 442
2877 5226 2936 5271 et
2967 5213 3075 5288 445
3113 5221 3344 5288 testatur
3374 5222 3439 5262 se

1839 5295 2008 5364 etiam
2043 5293 2333 5364 scripsisse
2377 5281 2715 5364 «Vitam-8.
2770 5286 3055 5364 llu_g_onis._
3079 5281 3275 5364 quinti
3310 5289 3436 5361 post

1842 5353 2180 5435 Remigium,
2235 5360 2721 5435 lociejusdemts
2782 5353 2994 5414 scilicet
3035 5353 3438 5410 Lincolniensis

1843 5451 1864 5484 ο
1891 5430 2168 5488 antistitis.
2182 5453 2204 5485 ι
2229 5432 2336 5487 Sed
2351 5430 2465 5488 haec
2479 5447 2532 5486 tn
2545 5430 2736 5501 Anglia
2755 5445 2910 5484 sacra
2931 5439 3196 5501 nusquam
3214 5437 3428 5501 compa:

1837 5516 1944 5568 ret,
1977 5519 2078 5559 nec
2101 5505 2192 5557 ubi
2222 5504 2486 5573 hodieque
2518 5491 2727 5567 exst‘et,
2759 5502 2814 5555 in
2847 5491 3162 5573 prgfati'one
3187 5491 3434 5573 generali

1834 5562 2092 5629 observat
2138 5562 2494 5628 Whartonus.
2549 5562 2723 5628 Forte
2749 5562 2864 5624 haec
2917 5566 3160 5637 Hugonis
3197 5562 3323 5618 ’Vita
3360 5562 3433 5617 ab

1834 5645 2058 5716 elogiis,
2089 5645 2325 5716 eidema
2351 5644 2573 5716 Giraldo
2597 5643 2653 5697 in
2688 5639 2929 5710 praefatis
2958 5635 3168 5716 duobus
3193 5647 3430 5716 opuscn:

1835 5715 1904 5771 lis
1926 5701 2016 5770 sat
2045 5701 2192 5785 large
2219 5715 2460 5785 tributis,
2484 5701 2702 5785 diversa
2724 5725 2831 5764 non
2853 5717 2961 5775 est,
2992 5701 3258 5777 quidquid
3280 5701 3431 5758 aliud

1837 5787 2068 5844 innuero
2099 5783 2262 5842 verba
2286 5784 2491 5841 Giraldi
2513 5783 2823 5838 videantur.
