3920 6298
444 358 542 415 ⁸291

1299 357 1356 413 S.
1401 351 1701 412 llUGONlS
1737 348 1951 405 EPlSC.
1993 341 2312 402 LINCOLN‘.
2359 339 2522 398 οιω.
2561 339 2822 398 ΟΑΙΠῊ.

3600 347 3693 420 993.

445 474 836 536 archidiacone
865 475 1111 532 solemne
1139 492 1202 529 ex
1234 487 1382 532 uxore
1412 468 1695 522 donarium
1737 460 2031 535 postulanti
2066 466 2108 528 Α
2138 455 2464 528 pascebatur
2486 495 2502 519 ,
2555 464 2718 524 caput
2779 467 2903 506 cum
2959 452 3080 508 colli
3129 451 3464 523 longitudine
3500 463 3599 512 tota
3645 460 3692 515 in

447 567 526 626 ita
571 570 918 640 respondisse
944 568 1116 624 fertur
1150 577 1199 623 et
1249 566 1586 636 dignoscitur
1623 584 1636 618 :
1675 585 1690 616 ι
1731 555 2070 631 ρυωυωω(

448 659 653 729 inquit,
707 675 806 730 pro
843 658 1004 714 mitra
1059 656 1200 722 dedi,
1255 663 1462 710 tantum
1515 670 1615 710 nec
1663 654 1894 725 amplius
1939 669 2036 724 pro

451 751 714 806 cathedra
745 751 900 806 dabo.
928 769 946 800 ι
965 748 1298 821 Suggerente
1318 763 1446 803 vero
1471 757 1827 818 procuratore
1846 747 2038 822 domus

449 857 605 906 sum,
664 856 823 912 quem
875 839 976 895 sibi
1033 836 1342 912 providerat
1403 853 1542 902 rex,
1609 846 1860 907 oportere
1910 853 2037 894 eum

455 948 523 986 ex
569 911 798 988 dam’ulis
851 931 984 995 suis,
1053 911 1306 986 in'saltu
1355 944 1457 984 suo
1512 927 1757 994 inclusis,
1791 930 2040 1000 aliquan-

455 1033 540 1078 tas
572 1025 688 1094 capi
738 1023 802 1078 ad
827 1022 1069 1078 solemne
1117 1021 1426 1078 convivium
1456 1021 1902 1089 instaurandum;
1939 1036 2040 1078 nec

450 1114 536 1170 fas
602 1129 721 1169 esse
796 1111 988 1183 plures
1060 1128 1223 1184 quam
1297 1112 1552 1183 jussisset
1611 1113 1726 1184 ipse
1793 1129 2041 1184 compre-

449 1206 610 1264 hendi
645 1222 660 1262 :
700 1223 719 1259 ι
764 1205 1068 1272 Trecentae,
1102 1207 1301 1278 inquit,
1327 1207 1615 1278 capiantur
1639 1249 1655 1276 ,
1706 1223 1806 1265 nec
1828 1247 1843 1273 ,
1886 1209 1930 1262 si
1961 1208 2040 1263 vi-

451 1297 650 1352 debitis
696 1296 982 1368 expedire,
1019 1313 1247 1354 numero
1279 1299 1407 1355 huic
1435 1299 1674 1370 adjicere
1700 1298 1980 1356 dubitetis.
2014 1295 2048 1354 ιΔ

450 1391 603 1460 Quod
633 1393 703 1449 ab
729 1408 795 1450 eo
818 1391 976 1463 juxta
1007 1394 1189 1449 cordis
1230 1395 1313 1449 sui
1345 1393 1802 1462 magnificentiam
1835 1394 2041 1462 simpli-

446 1483 589 1539 citer
635 1485 949 1554 prolatum,
1001 1487 1117 1556 regi
1162 1495 1220 1542 et
1262 1486 1589 1553 curialibus,
1631 1488 1826 1556 quibus
1859 1503 2040 1545 sermo

450 1575 709 1644 innotuit,
740 1578 792 1633 in
813 1576 1112 1648 jucundum
1140 1592 1356 1636 versum
1394 1587 1477 1635 est
1507 1580 1871 1649 proverbium.

522 1666 935 1722 Celebrantibns
983 1668 1146 1738 igitur
1194 1670 1404 1742 cunctis
1435 1670 1575 1738 apud
1599 1668 1937 1726 Lincolniam
1985 1671 2039 1728 in

446 1773 666 1813 summa
723 1759 904 1816 cordis
969 1760 1153 1817 lzetitiu
1200 1762 1342 1814 diem
1403 1761 1602 1817 festum
1660 1776 1759 1830 pro
1802 1761 2038 1817 adventu

451 1846 669 1903 cmlitus
717 1850 818 1905 sibi
866 1849 1118 1906 destinati
1179 1851 1426 1916 rectoris,
1478 1852 1681 1907 Christi
1735 1852 2041 1925 benignitas

447 1951 560 1989 non
593 1935 748 2006 longe
777 1953 806 1992 a
842 1938 1068 1994 civitate
1117 1939 1234 2009 ipsa
1285 1941 1442 2011 signo
1490 1942 1728 1998 evidenti
1775 1943 2042 2015 valdeque

450 2025 791 2080 memorabili
827 2027 942 2082 visa
981 2038 1069 2083 est
1097 2031 1353 2100 primitus
1399 2031 1669 2088 allusisse.
1701 2033 1778 2088 Eo
1809 2050 2042 2105 namque

450 2117 562 2181 die,
613 2116 696 2171 vel
754 2119 976 2175 circiter
1031 2121 1205 2192 ipsum
1251 2124 1520 2193 proximo,
1573 2141 1682 2196 quo
1723 2127 1864 2196 apud
1916 2126 2044 2184 Lin-

441 2205 682 2261 colniam
734 2211 912 2278 primo
962 2222 1248 2282 susceptus
1306 2214 1408 2269 fuit
1457 2214 1608 2286 llugo
1657 2220 1943 2289 cpiscopus
1988 2229 2043 2276 et

445 2293 893 2366 iucatltedratus,
947 2301 1090 2370 apud
1147 2300 1445 2359 Mauerium
1495 2301 1608 2375 (97)
1670 2307 1839 2376 ipsius
1889 2310 2040 2378 quasi

451 2399 550 2454 per
581 2397 704 2441 octo
731 2388 981 2445 milliaria
1013 2393 1080 2446 ab
1109 2393 1241 2449 urbe
1265 2394 1626 2451 Lincoluiensi
1650 2394 2042 2467 distans,ju’xta

449 2476 698 2533 StOWam
737 2479 886 2553 (98),
921 2481 1073 2538 silvis
1111 2493 1166 2539 et
1215 2485 1422 2557 stagnis
1465 2487 1859 2544 delectabiliter
1904 2490 2046 2546 obsi-

455 2577 590 2633 tum,
621 2571 741 2624 olor
793 2587 965 2628 novus
995 2582 1050 2629 et
1095 2591 1377 2646 nunquam
1426 2576 1499 2632 ibi
1530 2589 1656 2634 ante
1684 2580 1833 2636 visus
1879 2581 2044 2638 advo-

449 2651 606 2724 lavit,
639 2661 729 2730 qui
777 2662 917 2718 infra
971 2680 1174 2736 paucos
1201 2667 1349 2734 dies,
1391 2684 1626 2742 cycnos,
1659 2687 1795 2742 quos
1845 2673 2042 2731 ibidem

453 2752 652 2820 reperit
701 2753 904 2824 plures,
937 2756 1078 2812 mole
1111 2774 1222 2814 sua:
1270 2763 1666 2834 magnitudinis
1710 2782 1900 2822 omnes
1953 2786 2044 2840 op-

453 2845 682 2913 pressit,
724 2863 832 2902 uno
891 2856 1103 2906 tantum
1163 2851 1382 2910 feminei
1434 2872 1596 2912 sexus
1643 2861 1708 2912 ad
1765 2861 2044 2919 societatis

453 2933 726 3004 solatium,
757 2953 863 2993 non
897 2942 964 2995 ad
987 2939 1337 3000 fecunditatis
1361 2959 1710 3014 augmentum
1742 2962 2039 3008 reservato.

453 3024 583 3079 Erat
612 3028 757 3083 enim
782 3037 934 3085 tanto
961 3030 1077 3087 fere
1100 3049 1271 3103 cycno
1302 3034 1594 3104 robustior,
1619 3049 1820 3108 quanto
1842 3055 2043 3112 cycnus

2140 547 2411 603 manicam
2445 546 2613 618 ipsius
2639 547 2842 625 largam
2872 555 2924 602 et
2951 545 3307 617 peramplam,
3349 545 3512 617 inque
3541 549 3694 606 sinum

2139 640 2453 696 interiorem
2485 639 2604 694 avis
2645 634 2962 702 extendere,
3001 640 3185 710 ibique
3233 629 3545 710 aliquandiu
3589 641 3694 699 cum

2139 731 2500 788 sollicitudine
2529 731 2929 800 quodammodo
2956 731 3176 786 domino
3213 745 3315 786 suo
3343 733 3698 802 congratulatus

2139 834 2304 895 atque
2359 824 2710 897 prmludeus,
2770 824 2974 896 aliquid
3021 825 3363 896 quaeritando
3419 830 3697 887 mussitare.

2137 915 2294 981 Item,
2319 917 2460 972 sicut
2488 918 2809 972 asserebant
2837 917 3070 972 ministri
3100 928 3153 972 et
3187 917 3446 974 custodes
3479 925 3700 989 manerii,

2139 1018 2328 1070 eontra
2354 1007 2603 1080 praesulis
2635 1011 2928 1082 adventum
2975 1010 3044 1064 ad
3081 1009 3261 1065 locum
3296 1010 3469 1076 illum,
3494 1029 3606 1068 cum
3648 1018 3704 1071 de

2140 1117 2294 1158 more
2345 1102 2658 1172 aliquandiu
2699 1103 2996 1170 abfuisset,
3045 1104 3219 1159 tribus
3250 1103 3441 1160 diebus
3472 1105 3549 1160 vel
3591 1123 3706 1177 qua-

2142 1201 2267 1248 tuor
2314 1193 2525 1249 solebat
2568 1209 2626 1250 se
2682 1195 2846 1251 solito
2893 1196 3129 1254 alacrius
3178 1198 3294 1253 avis
3343 1199 3565 1266 agitare,
3596 1199 3708 1254 voli-

2143 1285 2307 1341 tando
2333 1284 2590 1342 videlicet
2641 1286 2694 1341 in
2736 1287 2916 1344 amnis
2969 1289 3281 1360 superficie,
3329 1298 3386 1343 et
3428 1305 3587 1360 aquas
3623 1290 3708 1343 alis

2139 1377 2494 1444 verberando,
2517 1379 2734 1450 altaque
2765 1395 2898 1435 voce
2922 1379 3231 1435 clamando.
3265 1380 3536 1434 Interdum
3564 1381 3707 1435 etiam

2141 1482 2172 1522 a
2199 1476 2392 1540 stagno
2417 1471 2688 1538 exeundo,
2716 1488 2860 1526 tutue
2899 1473 2965 1526 ad
3006 1471 3220 1534 aulam,
3254 1488 3400 1525 nunc
3431 1473 3495 1525 ad
3525 1483 3708 1544 portam

2142 1559 2480 1628 ulteriorem,
2513 1571 2769 1633 tanquam
2818 1563 3056 1619 venienti
3089 1564 3312 1618 domino
3359 1563 3565 1617 obviam
3608 1581 3713 1634 per-

2143 1667 2296 1725 gens,
2333 1653 2542 1725 magnis
2569 1655 2816 1726 passibus
2836 1654 3167 1712 ambulabat.
3203 1655 3398 1709 Mirum
3427 1654 3525 1709 hoc
3550 1655 3712 1723 etiam,

2143 1745 2288 1816 quod
2324 1747 2526 1802 nemini
2562 1759 2926 1820 praeterquam
2971 1749 3070 1805 soli
3107 1750 3386 1820 episcopo,
3415 1764 3477 1803 se
3511 1749 3716 1803 familia-

2144 1853 2259 1893 rem
2303 1839 2384 1893 vel
2431 1855 2498 1894 ex
2550 1850 2661 1897 toto
2718 1841 3004 1900 tractabile
3051 1841 3367 1910 exhibebat,
3400 1843 3526 1912 quin
3559 1845 3715 1912 potius

2144 1939 2328 1986 astans
2354 1932 2574 1986 domino
2597 1973 2613 1999 ,
2664 1935 2733 1988 ab
2763 1931 2994 1989 aliorum
3025 1949 3249 1989 accessu
3281 1934 3563 1999 eumdem,
3594 1935 3718 1989 sicut

2144 2017 2432 2087 aliquoties
2455 2036 2575 2075 cum
2599 2022 2962 2077 admiratione
2992 2021 3274 2092 conspexi,
3306 2021 3602 2085 clamando,
3633 2023 3721 2079 alis

2144 2120 2200 2167 et
2246 2121 2420 2167 rostro
2451 2113 2741 2181 minando,
2774 2129 3016 2186 voceque
3055 2113 3286 2168 altisona
3333 2113 3484 2185 juxta
3533 2127 3720 2172 natura:

2145 2218 2256 2258 sua:
2309 2203 2556 2259 modulos
2597 2205 2946 2267 crocitando.
2988 2203 3282 2261 defendere
3328 2203 3566 2272 solebat,
3617 2217 3723 2259 tan-

2144 2310 2308 2366 quam
2339 2311 2398 2352 se
2424 2297 2701 2368 propriam
2733 2298 2852 2366 ejus
2870 2313 2994 2354 esse
3019 2297 3427 2365 detnonstrans,
3452 2299 3601 2368 eique
3632 2299 3724 2352 soli

2145 2387 2201 2443 in
2255 2386 2469 2458 signum
2525 2387 2694 2444 fuisse
2747 2389 3167 2458 transmissam,
3222 2389 3512 2445 manifeste
3557 2388 3728 2445 decla—

2145 2494 2274 2536 rans
2306 2479 2443 2552 (99).

2214 2592 2350 2650 Cum
2394 2609 2527 2652 vero
2571 2593 2642 2650 ad
2686 2593 2865 2651 locum
2911 2593 3088 2665 ipsum
3132 2594 3280 2654 circa
3313 2594 3523 2652 Pascha
3557 2597 3736 2667 proxi-

2145 2699 2292 2740 mum
2349 2685 2498 2758 (100)
2547 2697 2674 2744 ante
2726 2701 2886 2744 suum
2938 2701 3009 2743 ex
3059 2687 3164 2743 hac
3215 2686 3342 2744 luce
3405 2689 3736 2754 transitura,

2145 2779 2379 2834 adventu
2426 2780 2635 2836 scilicet
2677 2790 2986 2851 postremo,
3035 2780 3327 2852 episcopus
3379 2781 3734 2845 accessisset,

2144 2887 2252 2926 nou
2298 2872 2472 2928 solum
2513 2873 2563 2928 ei
2592 2873 2815 2928 solitum
2864 2887 2972 2928 non
3017 2872 3270 2928 exhibuit
3296 2888 3616 2938 occursum,
3647 2877 3742 2930 sed

2144 2981 2323 3038 neque
2353 2966 2423 3022 ad
2469 2965 2618 3022 illum
2647 2965 2844 3022 minari
2873 2974 2970 3020 aut
2988 2982 3020 3022 e
3039 2965 3272 3031 vivario,
3305 2966 3396 3021 cui
3439 2965 3741 3032 innatabat,

2143 3057 2300 3112 educi
2318 3057 2612 3126 acquievit.
2629 3057 2683 3112 In
2703 3057 2833 3128 ipsis
2853 3065 3035 3112 autent
3063 3056 3223 3126 aquis
3244 3055 3455 3111 vultum
3488 3065 3744 3112 Intestina

453 3125 539 3172 est
569 3133 766 3175 ansere
811 3120 1019 3190 major;
1053 3140 1226 3196 cycno
1260 3135 1436 3181 tamen
1467 3127 1793 3200 iu_omnibus
1819 3141 1872 3186 et
1904 3148 2040 3202 pra:-

458 3209 606 3232 Αἵη---
650 3211 698 3232 2..
747 3212 915 3232 --1,η,
960 3223 999 3232 -.
1153 3217 1165 3232 ι
1358 3217 1428 3232 an
1491 3219 1503 3230 ε
1767 3231 1771 3232 ,

2147 3161 2338 3219 gerens
2367 3120 2458 3202 aut
2485 3120 2788 3203 morbidum
2822 3120 3127 3216 aspectum,
3158 3145 3294 3200 nihil
3324 3144 3563 3216 quolbet
3584 3157 3743 3216 gestu

453 3209 611 3280 cipue
649 3211 702 3266 in
741 3212 922 3269 colore
949 3223 1004 3270 et
1033 3217 1266 3272 candore
1293 3217 1574 3283 sublimior
1605 3239 1616 3273 :
1647 3231 1840 3293 praeter
1876 3240 2044 3294 quan-

455 3302 664 3364 titatem
718 3305 880 3360 etiam
922 3306 972 3360 in
1029 3307 1132 3364 hoc
1162 3309 1440 3379 distabat,
1490 3312 1632 3383 quod
1691 3324 1954 3370 tumorem
1989 3317 2042 3373 in

462 3403 642 3447 rostro
677 3405 840 3465 atque
872 3399 1206 3467 nigredinem
1245 3419 1396 3458 more
1427 3420 1717 3476 cycnorum
1770 3424 1874 3462 non
1909 3425 2046 3480 pne-

456 3484 699 3551 ferebat;
728 3489 857 3558 quin
909 3489 1019 3543 imo
1065 3507 1242 3546 iocum
1271 3496 1522 3550 eumdem
1572 3491 1735 3552 rostri
1783 3499 2042 3570 planum,

455 3591 761 3648 croceoque
807 3580 1070 3638 decenter
1096 3583 1280 3640 colore
1307 3602 1414 3644 una
1439 3602 1562 3641 eum
1613 3590 1792 3659 capite
1827 3600 1884 3646 et
1920 3589 2043 3648 colli

459 3677 614 3737 parte
664 3671 946 3741 superiore
999 3673 1316 3730 distinctum
1367 3677 1622 3734 habebat.
1681 3680 1812 3750 Avis
1862 3693 2044 3738 autem

453 3760 573 3815 haec
601 3761 767 3834 regia,
803 3773 860 3820 et
906 3774 1016 3821 tam
1069 3767 1335 3836 qualitate
1363 3785 1526 3841 quam
1575 3773 1878 3843 quantitate
1922 3792 2046 3848 per-

454 3853 665 3923 spicua,
701 3857 754 3910 in
785 3859 963 3926 primo
994 3860 1076 3914 ad
1096 3861 1276 3918 locum
1306 3864 1458 3920 illum
1488 3867 1739 3937 prarsulis
1785 3870 2042 3939 adventu,

454 3946 608 4016 quasi
637 3958 832 4017 sponte
859 3960 913 4006 et
939 3953 1148 4024 absque
1177 3953 1516 4026 difﬁcultate,
1548 3960 1844 4026 domestica
1877 3962 2042 4031 facta,

453 4040 524 4100 ad
555 4040 731 4110 ipsum
779 4042 834 4097 in
867 4060 1085 4101 camera
1119 4061 1240 4104 sua.
1263 4059 1489 4121 propter
1517 4053 1930 4122 admirationem
1955 4045 2045 4111 'cst

455 4130 710 4188 adducta.
760 4133 892 4201 Qua:
938 4138 1120 4193 statim
1151 4154 1183 4194 a
1211 4155 1375 4196 manu
1425 4143 1542 4213 ejus
1583 4159 1777 4214 panem
1823 4162 2045 4204 sumens

447 4233 507 4279 et
533 4227 845 4296 comedens,
889 4229 1055 4299 eique
1099 4231 1444 4289 familiariter
1485 4237 1770 4293 adhaerens
1803 4239 2042 4310 omnem,

451 4325 514 4370 ut
544 4317 849 4387 videbatur,
903 4321 1211 4379 silvestrem
1267 4324 1483 4380 interim
1536 4338 1698 4383 exuta
1751 4341 2039 4402 naturam,

449 4425 552 4465 nec
583 4409 702 4477 ejus
734 4423 990 4484 attactus,
1036 4430 1138 4472 nec
1173 4418 1469 4473 astantium
1501 4421 1739 4492 undique
1764 4425 2041 4482 turbarum

2135 3238 2447 3296 alacritatis
2489 3238 2833 3309 praeferebat.
2865 3237 3188 3292 Mirantibus
3237 3237 3304 3290 ad
3355 3237 3460 3292 hoc
3492 3238 3748 3292 omnibus

2143 3331 2237 3400 qui
2280 3331 2530 3395 aderant,
2563 3330 2783 3386 tandem
2817 3327 3171 3400 praecipiente
3217 3328 3499 3397 episcopo,
3551 3334 3614 3381 et
3666 3327 3748 3381 in-

2147 3422 2524 3477 troduceretur
2551 3421 2635 3476 vel
2684 3421 2876 3487 invita,
2924 3419 3107 3475 triduo
3157 3433 3188 3471 a
3234 3419 3488 3486 plurimis
3537 3417 3746 3472 frustra

2146 3512 2451 3567 insudatur.
2484 3512 2718 3583 Capitur
2748 3525 2878 3568 vero
2924 3511 2992 3566 ad
3039 3519 3378 3580 postremum
3416 3510 3469 3564 in
3524 3521 3749 3566 carecta

2146 3602 2447 3666 remotiori,
2500 3603 2590 3656 ubi
2631 3601 2844 3672 fugiens
2891 3601 3246 3669 insequentes
3290 3599 3557 3654 Iatitabat.
3614 3597 3752 3652 Pro-

2145 3694 2308 3750 ducta
2338 3709 2468 3750 vero
2493 3693 2561 3749 ad
2603 3694 2940 3764 episcopum,
2987 3693 3168 3763 capite
3215 3690 3454 3762 pendulo
3497 3705 3564 3746 ac
3589 3689 3748 3744 vultu

2144 3803 2310 3857 ωδε-ο,
2337 3789 2604 3860 aegrisque
2641 3803 2740 3858 per
2782 3786 2968 3842 omnia
2998 3785 3262 3858 gestibus,
3297 3791 3551 3840 mmstam
3602 3797 3749 3853 prae-

2148 3881 2399 3936 tendebat
2429 3881 2742 3952 imaginem.
2771 3877 2936 3949 Cujus
2967 3877 3045 3934 rei
3089 3875 3307 3932 novitas
3348 3883 3480 3931 tunc
3516 3876 3746 3945 quidem

2131 3971 2350 4041 ‘stupori
2381 3971 2485 4026 fuit
2517 3970 2876 4026 intuentibus.
2910 3968 3112 4026 Verum
3142 3985 3173 4024 a
3202 3968 3324 4024 loco
3351 3968 3470 4038 ipso
3497 3967 3751 4024 celerius
3791 3997 3794 4003 -

2146 4063 2474 4120 abscedente
2522 4064 2816 4134 episcopo,
2857 4070 2912 4118 et
2963 4070 3088 4133 post
3139 4059 3279 4116 sexti
3335 4059 3542 4115 mensis
3588 4059 3751 4129 (tos)

2146 4171 2175 4210 a
2203 4163 2447 4228 tempore
2491 4154 2586 4211 illo
2615 4167 2906 4210 excursum
2937 4154 3081 4207 viam
3114 4152 3387 4206 universe
3419 4149 3612 4206 carnis
3665 4151 3752 4204 iu-

2145 4263 2362 4321 gresso,
2403 4263 2506 4304 nec
2552 4247 2621 4304 ab
2661 4248 2842 4303 amica
2889 4246 2993 4302 sibi
3031 4245 3256 4300 volucre
3311 4243 3545 4298 ulterius
3581 4243 3753 4307 vim,

2145 4339 2279 4394 satis
2322 4338 2400 4395 rei
2445 4349 2699 4395 eventum
2730 4337 3204 4394 considerantibus
3243 4335 3421 4406 patuit
3455 4335 3582 4404 quid
3651 4349 3752 4403 ge-

2145 4442 2263 4490 stus
2315 4433 2407 4490 hic
2456 4433 2702 4504 lugubris
2758 4429 3139 4504 protenderit,
3194 4443 3303 4499 quo
3351 4427 3492 4482 adeo
3546 4434 3750 4481 mmsta

448 4511 507 4556 et
556 4502 888 4561 intuentium
923 4519 1184 4565 accessus
1221 4508 1335 4564 sive
1388 4511 1650 4568 tumultus
1692 4515 2038 4573 abhorrebat.
2075 4520 2120 4578 D
2147 4527 2278 4586 illud
2323 4526 2445 4582 vale
2489 4502 3020 4582 ultimum—domino
3073 4538 3172 4578 suo
3225 4520 3377 4576 fecit.
3433 4518 3751 4574 Permansit

443 4595 822 4655 Cousueverat
872 4600 1040 4657 etiam
1106 4602 1425 4670 interdum,
1475 4622 1598 4662 eum
1653 4609 1722 4664 ab
1789 4612 2043 4682 episcopo

518 4889 631 4956 (97)
673 4889 828 4960 Apud
867 4888 1164 4960 Manerium
1203 4904 1396 4954 suum,
1433 4891 1485 4946 id
1522 4901 1609 4948 est
1637 4891 1822 4946 villam
1859 4908 2039 4948 suam.

441 4958 740 5032 Ordericus
768 4960 966 5032 Yitalis
992 4959 1167 5032 Iib._tv
1200 4961 1341 5029 apud
1361 4961 1650 5032 _Cangium
1686 4963 1739 5016 iu
1791 4962 2036 5020 Glossar.

440 5031 590 5103 med.
616 5040 673 5103 et
693 5030 895 5084 infima:
930 5029 1209 5103 Latinitat.
1247 5048 1260 5082 :
1300 5049 1320 5082 ι
1359 5029 1635 5103 Ducentos,
1661 5043 1719 5087 et
1762 5036 2038 5103 Octoginta

446 5100 605 5226 villas
645 5101 806 5182 (quas
852 5115 886 5155 a
921 5101 1190 5157 manendo
1227 5101 1504 5157 manerios
1552 5102 1713 5173 vulgo
1756 5100 2038 5177 vocamus)

446 5188 482 5226 0
525 5180 704 5224 tlnltll.
745 5191 766 5224 ι

443 5171 704 5226 obtinuit.
745 5191 766 5224 ι

518 5242 632 5311 (98)
670 5241 830 5298 Juxta
871 5240 1130 5305 Stowam.
1172 5242 1304 5298 olim
1347 5243 1680 5314 ctrnobium,
1723 5258 1754 5297 a
1796 5244 2040 5314 lletnigio

438 5311 843 5386 instauratum,
880 5323 938 5386 et
980 5330 1012 5369 a
1053 5314 1298 5386 Roberto
1333 5312 1452 5386 ejus
1481 5329 1799 5386 successore
1842 5331 1894 5369 tn
1929 5311 2034 5386 Ey-

445 5385 691 5439 nesltaim
727 5383 1068 5440 translatum.
1102 5384 1256 5440 Unde
1287 5383 1482 5453 legitur
1508 5385 1562 5439 in
1591 5385 1894 5440 monastico
1923 5383 2038 5440 Atl-

441 5455 608 5526 glic.,
646 5466 686 5511 t.
716 5455 769 5518 l,
796 5471 920 5524 pag.
957 5454 1070 5526 262
1097 5472 1112 5508 :
1141 5473 1176 5526 ξ
1207 5453 1358 5526 Stovv
1405 5454 1462 5509 in
1493 5469 1626 5525 agro
1667 5455 2036 5513 Lincokaiensi

439 5523 578 5580 cella
603 5527 668 5580 de
697 5523 1097 5597 Eyneshaim._3
1140 5523 1206 5597 Et
1244 5525 1442 5597 iterum
1473 5539 1489 5578 :
1523 5523 1894 5597 c'titnnobium
1920 5543 2037 5583 mo-

443 5593 757 5651 nachnrum'
787 5596 929 5664 apud
961 5595 1022 5650 S.
1049 5593 1273 5648 Mariam
1301 5595 1368 5648 de
1399 5595 1568 5649 Stow.
1603 5594 1880 5664 Rellligills
1908 5597 2036 5652 Liu~

439 5666 742 5721 colniensis
768 5667 1055 5734 cpiscopus
1081 5665 1147 5718 de
1174 5679 1314 5720 novo
1345 5665 1494 5720 fecit.
1530 5685 1550 5718 ι
1592 5665 1658 5718 Ει
1679 5666 1820 5732 apud
1853 5665 2033 5721 Giral-

443 5738 571 5789 dum
599 5733 985 5791 Catnbrensetn
1013 5734 1216 5804 Anglia:
1257 5735 1314 5789 S.
1348 5745 1487 5804 part.
1515 5751 1583 5798 ll,
1630 5751 1682 5803 p.
1712 5735 1836 5788 M7.
1870 5755 1887 5787 ι
1922 5736 2035 5789 Mn-

445 5809 650 5861 nacbcs
689 5819 901 5870 quoque
930 5805 994 5859 de
1022 5804 1202 5859 Stowa
1238 5821 1408 5876 usque
1437 5806 1501 5858 ad
1534 5805 1858 5875 Eynesltaim
1911 5806 2030 5859 lau-

2146 4628 2328 4676 antem
2357 4619 2558 4675 ibidem
2585 4625 2772 4690 postea
2802 4616 2990 4672 multis
3021 4613 3376 4685 temporibus.

2143 4894 2308 4949 dabiIi
2337 4893 2799 4958 commutatione,
2848 4899 2905 4946 et
2947 4886 3596 4944 Ecclesite'Lincolniensi
3629 4897 3743 4942 tam

2141 4975 2369 5036 propter
2411 4964 2637 5019 manerii
2662 5035 2668 5036 ί
2693 4961 3154 5036 propinquitatem
3204 4969 3259 5014 et
3299 4959 3744 5036 _:t_llt(BllilalClll,

2143 5030 2304 5106 quam
2336 5043 2387 5088 et
2421 5030 2828 5106 pncbeudarnm
2861 5031 3195 5086 vicinitate
3226 5030 3385 5106 valde
3426 5044 3744 5085 accommo-

2143 5053 2304 5090 (nam
2336 5053 2387 5088 CI
2421 5053 2828 5102 praebentium!"
2861 5053 2928 5086 VII

2142 5053 2230 5170 da,
2269 5105 2490 5170 provide
2520 5103 2874 5170 tranSposttit.
2909 5120 2928 5153 ι

2214 5168 2324 5244 (99)
2362 5175 2494 5242 Qua:
2544 5168 2821 5244 litterisque
2860 5175 2928 5228 de
2953 5168 3125 5244 (Olore
3163 5170 3305 5226 dicta
3352 5179 3517 5244 sunt,
3563 5169 3739 5244 etiam

2140 5240 2401 5317 leguntur
2435 5245 2575 5317 apud
2611 5243 2894 5317 Giraldum
2941 5243 3332 5317 (Jambrcnsem
3374 5240 3496 5295 loco
3538 5240 3735 5317 citato.

2141 5311 2441 5391 incertum,
2465 5311 2602 5391 quis
2621 5315 2690 5391 ab
2715 5314 2891 5391 altero
2912 5312 3206 5391 acceperit.
3235 5312 3363 5367 dum
3389 5320 3620 5391 uterque
3636 5311 3739 5363 sub

2140 5387 2368 5456 Hugoue
2415 5383 2714 5441 Lincoluia:
2767 5383 3002 5456 vixerit,
3049 5391 3107 5436 et
3146 5391 3364 5456 narrata
3413 5383 3738 5449 conspicere

2137 5453 2392 5528 potuerit.
2421 5456 2716 5528 Sequentia
2754 5455 2905 5510 addit
2921 5462 3119 5528 auctor
3152 5453 3302 5528 Yitag.

2209 5526 2357 5598 (t00)
2396 5519 2538 5598 Auni
2587 5526 2879 5598 ﬂuitque
2913 5523 3130 5598 Pascha
3173 5523 3361 5598 incidit
3413 5521 3468 5576 in
3513 5519 3734 5576 Nouem

2136 5593 2374 5669 Aprilis,
2401 5607 2455 5669 ct
2484 5593 2878 5669 llngoobiitin
2908 5593 3222 5669 Novetttbri.

2147 5703 2154 5709 -
2191 5660 2355 5734 ’(101)
2397 5660 2839 5735 Snbintelligendi
2867 5665 2956 5720 hie
2988 5662 3213 5735 veniunt
3237 5677 3454 5719 menses
3486 5660 3731 5732 integri,

2138 5739 2443 5794 iutermcdii
2469 5733 2874 5806 inter’Apt-ilem
2903 5744 2957 5792 et
2984 5733 3364 5792 Novembrem.
