3920 6298
475 292 584 350 διδ

479 421 600 462 mus
639 399 850 472 llugout
878 406 1203 466 congressus
1225 385 1478 452 fuit,ha3c
1505 381 1580 438 illi
1609 377 1783 450 prima

479 510 669 558 caus-.1,
693 460 756 550 et
771 488 1000 545 materia
1029 477 1306 551 triumphi.
1337 473 1462 530 Haec
1483 487 1606 528 eum
1633 465 1922 538 ancipitem
1952 460 2062 534 gla-
2091 463 2096 470 '

479 588 629 644 dium
652 583 876 656 spiritus
906 591 1130 636 exerere
1155 567 1402 642 primitus
1432 562 1628 632 coegit.

553 642 700 732 ευηῐ
722 673 868 728 enim
924 681 1074 724 more
1119 659 1302 722 solito,
1339 664 1398 712 ut
1445 655 1497 710 in
1551 661 1797 713 caeteros,
1829 645 1904 702 ita
1930 642 2064 700 etin

482 788 616 830 suos
636 768 883 826 homines
933 769 1123 820 contra
1173 751 1430 811 Ecclesia:
1479 761 1592 806 suae
1619 745 1928 800 libertatem
1977 737 2062 793 fo-

485 862 701 920 restarii
738 853 1060 914 debacchari
1087 848 1402 918 cmpissent,
1432 856 1498 896 eo
1521 852 1693 910 usque
1731 851 1820 891 res
1849 831 2064 888 tandem

483 953 769 1026 processit,
806 959 864 1003 ut
915 955 1184 1000 summum
1236 935 1378 1006 regis
1435 929 1808 993 forestarium,
1848 923 2069 981 nomine

481 1017 782 1102 halfridum
798 1035 942 1111 (i05)
960 1025 1539 1089 excommunicationis
1557 1020 1771 1077 vinculo
1797 1017 2066 1074 inodaret.

485 1137 600 1203 Quo
647 1147 742 1187 rex
789 1108 1067 1196 comperto
1112 1119 1490 1175 vehementem
1544 1112 1748 1169 exarsit
1799 1110 1854 1164 in
1905 1108 2066 1162 iram.

482 1197 721 1295 δοιιιίςῑι
775 1223 982 1276 interea
1030 1229 1192 1272 unam
1221 1225 1288 1266 ex
1323 1207 1628 1280 praebendis
1659 1200 1914 1260 Ecclesiae
1937 1197 2069 1254 Lino

483 1293 780 1374 colnie'usis'
828 1311 1070 1368 discessu
1120 1303 1392 1367 canonici,
1446 1301 1684 1372 quieam
1727 1293 2067 1368 possederat,

481 1411 790 1466 vacantem,
841 1412 1040 1456 novmn
1084 1405 1405 1464 exSpectare
1450 1390 1904 1458 dispensatorem.
1955 1379 2074 1435 Hoc

483 1493 645 1551 aulici
668 1491 856 1548 audito
913 1501 1098 1559 regem
1135 1485 1351 1541 concito
1403 1487 1654 1539 exorant,
1681 1484 1952 1547 quatenus
1975 1467 2070 1524 ιιιιί

487 1599 676 1642 eorum
699 1585 874 1654 ipsam
893 1576 1131 1636 conferri
1179 1575 1249 1630 ab
1279 1569 1695 1654 eo_litteratorie
1726 1569 2068 1637 deprecetur.

489 1645 914 1732 Arbitrabantur
944 1685 1004 1726 se
1047 1645 1367 1736 obsequium
1397 1662 1560 1718 etiam
1587 1661 1642 1715 in
1675 1659 1780 1714 hoc
1809 1665 2070 1727 praestare

1339 253 1398 330 s“.
1439 237 1994 328 uucoms‘msd?
2027 249 2354 311 uncum.
2395 246 2556 304 ouo.
2587 227 2842 302 esurit;

1813 381 1869 428 et
1893 369 2060 442 praelii
2093 371 2138 426 A
2159 364 2273 436 jam
2301 361 2578 420 cernimus
2599 368 2724 432 post
2743 367 2844 426 tot,
2867 355 3160 423 adhucque
3200 347 3450 442 recentia
3470 343 3745 410 beneﬁcia,

2154 455 2222 512 in
2245 453 2452 510 tantilla
2485 467 2546 506 re
2569 459 2806 507 vestram
2827 443 3208 504 excellentiam
3233 437 3736 496 adeoirrererenter

2165 542 2606 616 contempsisse?
2631 555 2794 613 quem
2820 547 2878 594 et
2927 549 3120 608 preces
3167 531 3500 600 intimosque
3541 527 3745 616 bellive:

2169 637 2318 712 (109)
2347 615 2560 692 veStros
2587 641 2697 688 tam
2721 637 2975 702 proterva
2997 623 3250 682 dolemus
3275 617 3552 678 sententia
3573 615 3746 674 confl-

2156 729 2352 788 disse?
2398 747 2415 778 ι

2255 822 2332 876 Ad
2367 821 2484 876 lucc
2510 815 2766 888 princeps
2802 811 2914 878 ille,
2959 809 3210 880 quamvis
3249 803 3542 878 plurimum
3585 801 3752 858 turbs-

2171 923 2344 978 retur,
2361 911 2644 968 modestiae
2669 917 2854 964 tamen
2867 901 3146 962 cancellos
3163 915 3276 955 non
3305 897 3596 958 excedens,
3615 895 3754 952 misit

2171 1007 2442 1078 protinus,
2456 1012 2508 1060 et
2531 1002 2852 1074 episcopum
2861 997 2932 1054 ad
2945 1011 3008 1051 se
3019 991 3362 1050 caecet-sivit.
3376 989 3544 1056 Quem
3559 983 3752 1044 foribus

2165 1099 2284 1170 jam
2311 1096 2600 1160 imminere
2630 1103 3002 1164 praenoscens,
3032 1101 3156 1142 cum
3187 1083 3445 1140 universa
3481 1080 3753 1146 nobilium,

2167 1191 2264 1261 qui
2301 1200 2432 1244 tunc
2455 1185 2690 1241 aderam
2710 1223 2728 1250 ,
2767 1177 3102 1252 frequentia,
3131 1176 3185 1230 in
3215 1175 3419 1230 saltum
3456 1171 3754 1242 contigua

2171 1277 2420 1336 ascensis
2439 1275 2598 1346 equis
2626 1271 2854 1330 secedit.
2885 1268 2989 1326 Ubi
3023 1268 3077 1322 in
3112 1265 3235 1320 loco
3257 1261 3506 1318 residens
3532 1276 3754 1326 amoeno,

2171 1365 2492 1426 consulibus
2538 1363 2866 1436 caeterisque
2911 1357 3260 1430 magnatibus
3311 1354 3366 1408 in
3419 1352 3634 1408 modum
3679 1368 3760 1408 co.

2173 1477 2322 1519 roua:
2365 1456 2792 1516 consedentibus
2844 1451 3104 1524 praecepit
3154 1455 3218 1504 ut
3265 1445 3448 1502 nullus
3499 1445 3762 1502 accedenti

2171 1553 2428 1624 episcopo
2474 1555 2808 1620 assurgeret,
2838 1543 3021 1600 nullus
3067 1533 3453 1624 advenientem
3489 1535 3760 1592 salutaret.

2173 1611 2286 1696 Βίου
2317 1611 2492 1704 labra,
2525 1611 2684 1692 adest
2715 1611 2825 1702 ille,
2858 1631 3093 1696 assistit,
3125 1611 3330 1686 salu't'at
3353 1641 3538 1698 regem
3557 1635 3610 1681 et
3641 1641 3766 1680 cou-

493 1767 631 1832 viro,
664 1765 751 1820 cui
775 1761 1054 1820 dedissent
1075 1755 1447 1815 occasionem,
1481 1759 1684 1804 motam
1723 1747 1983 1801 adversus
2013 1758 2074 1798 se

2189 1733 2452 1795 tedentes,
2484 1729 2581 1786 sed
2615 1743 2740 1784 eum
2776 1725 2956 1782 nullus
3001 1721 3284 1780 resalutat.
3322 1719 3492 1788 Quos,
3525 1729 3583 1774 ut
3615 1718 3770 1784 vidit,

2189 1826 2191 1832 .
2339 1824 2350 1832 .
2539 1819 2551 1832 ο
2610 1829 2620 1832 -
2698 1819 2733 1832 ι-
2894 1831 2903 1832 κ
2975 1831 2981 1832 ,
3003 1830 3017 1832 _
3040 1813 3154 1832 sed-
3242 1809 3452 1832 --~.--.l:s
3522 1807 3764 1832 __.._:.---

491 1856 914 1928 indignationem
987 1851 1191 1921 regiam
1270 1855 1550 1914 utcunque
1609 1839 1915 1910 mitigandi.
1965 1835 2075 1891 Nec

489 1927 781 2002 cunctatur
810 1958 907 1998 rex
949 1937 1198 2011 petitioni
1229 1949 1416 1991 eorum
1450 1931 1662 1997 favere;
1698 1929 1896 1999 quippe
1933 1935 1988 1982 et
2019 1927 2072 1980 in

489 2049 592 2094 hac
621 2043 774 2106 parte
799 2028 1073 2104 pontilicis
1127 2027 1369 2082 animum
1407 2021 1639 2078 libenter
1667 2019 1921 2090 cupiebat
1953 2033 2078 2088 pro-

489 2127 836 2200 positumque
889 2121 1194 2192 explorare.
1221 2115 1566 2174 Cousistebat
1615 2127 1681 2168 eo
1713 2121 1956 2182 tempore
1981 2125 2076 2164 rex

492 2223 710 2294 quidem
781 2218 924 2290 apud
989 2209 1364 2276 Wodestltam,
1412 2208 1696 2280 episcopus
1747 2219 1878 2260 vero
1935 2203 2075 2274 apud

493 2314 909 2371 Dorltecestram
936 2307 1086 2380 (106)
1117 2321 1237 2377 quae
1262 2303 1330 2359 ab
1353 2302 1588 2358 invicem
1621 2298 1936 2354 mansiones
1968 2305 2075 2351 tre-

491 2407 672 2464 decim
703 2403 854 2476 (107)
877 2403 1178 2458 creduntur
1206 2396 1446 2451 millibus
1471 2395 1696 2448 distare.
1735 2389 1918 2446 Lectis
1950 2405 2078 2445 vero

492 2499 780 2570 cpiscopus
824 2491 1092 2566 petitoriis
1136 2487 1238 2545 sibi
1270 2485 1560 2543 destinatis
1599 2501 1612 2537 :
1651 2502 1669 2534 ι
1711 2479 1847 2548 Νυιι,
1877 2479 2076 2550 inquit,

495 2589 705 2655 aulicis,
736 2587 828 2642 sed
857 2583 1035 2656 potius
1057 2577 1445 2638 ecclesiasticis
1468 2575 1837 2632 ecclesiastica
1867 2581 2082 2642 oportet

497 2679 756 2736 bcnellcia
807 2673 1043 2733 conferri
1105 2671 1374 2744 personis,
1428 2685 1658 2739 quorum
1710 2679 2078 2736 possessores,

495 2789 602 2828 non
633 2771 852 2842 palatio,
895 2777 990 2824 aut
1037 2766 1188 2832 ﬁsco,
1235 2765 1349 2820 sive
1379 2761 1646 2820 staceario
1674 2761 1848 2832 (l08),
1878 2757 1996 2825 sed,
2024 2765 2082 2811 ut

495 2861 652 2916 docet
675 2859 981 2930 Scriptura,
1009 2855 1170 2911 altari
1197 2855 1394 2910 debent
1433 2851 1734 2908 deservire.
1785 2849 1960 2906 liabet
1988 2849 2084 2903 do-

497 2955 675 3010 minus
725 2968 818 3007 rex
894 2949 1038 3005 unde
1088 2947 1360 3003 exhilaret
1429 2947 1794 3016 obsequentes
1845 2941 2084 3012 negotiis

496 3045 633 3112 suis,
657 3045 822 3098 habet
890 3041 1034 3096 unde
1069 3045 1382 3109 compenset
1433 3035 1486 3092 in
1519 3033 1909 3105 temporalibus
1938 3031 2083 3085 utili-

497 3137 733 3192 tantium
761 3133 864 3190 sibi
915 3147 1013 3204 pro
1037 3129 1427 3201 temporalibus
1472 3125 1732 3183 laborem.
1765 3123 1971 3180 Bonum
2001 3133 2086 3180 est

495 3229 573 3295 ei,
600 3237 897 3284 utsummo
925 3223 1041 3295 regi
1076 3221 1426 3286 militaturos,
1477 3217 1751 3290 deputatis
1772 3231 1962 3272 eorum
1991 3229 2087 3272 ne-

499 3321 877 3388 cessitatibus,
921 3317 1204 3390 permittat
1252 3315 1491 3386 gaudere
1534 3311 1912 3383 proventibus,
1983 3324 2087 3366 nec

501 3413 701 3470 debitis
744 3427 838 3467 eos
868 3411 1082 3482 privare
1108 3406 1396 3476 stipendiis
1427 3405 1761 3475 acquiescat.
1794 3421 1813 3456 ι
1851 3403 1976 3458 Ηιιιο
2005 3402 2090 3456 di-

504 3519 637 3558 cens
660 3503 837 3572 regios
863 3517 893 3554 a
943 3515 1002 3556 se
1033 3497 1282 3564 nuntios,
1323 3495 1514 3552 inanes
1541 3506 1594 3551 et
1630 3510 1854 3562 vacuos,
1911 3493 2089 3550 redire

505 3611 614 3650 non
637 3603 876 3664 expavit.

1119 3677 1346 3737 CAPUT
1384 3677 1476 3735 IX.

505 3775 747 3843 Qualiter
771 3773 1034 3844 pra'dictis
1057 3761 1270 3842 oﬁemis
1298 3789 1330 3826 a
1357 3787 1474 3844 rege
1495 3779 1708 3844 vocatus
1727 3768 1802 3844 ita
1831 3784 1886 3844 se
1905 3767 2091 3844 habuit

575 3839 954 3972 νῗῳοιιξῗιιιιο,
996 3839 1136 3916 quod
1203 3859 1325 3898 cunt
1371 3839 1486 3912 ejus
1555 3839 1908 3894 benevolentia
1947 3839 2094 3901 liber

573 3936 605 3972 α
643 3934 796 3972 ιεεειι
823 3955 838 3970 .

578 4008 802 4064 Talibus
837 4021 968 4062 vero
1035 4020 1071 4060 ιι
1127 4003 1280 4060 curia
1307 3999 1604 4058 declaratis
1633 4001 1700 4056 de
1724 3995 2093 4054 Lincolniensi

507 4099 689 4154 adhuc
717 4111 857 4152 novo
888 4111 952 4151 ac
989 4095 1147 4165 quasi
1199 4093 1401 4150 recenti
1449 4093 1729 4163 episcopo.
1765 4106 1872 4146 non
1903 4088 2094 4144 defue-

509 4198 641 4246 runt
661 4188 756 4258 qui
785 4203 990 4260 regem,
1019 4195 1078 4241 ut
1102 4185 1402 4248 videbatur,
1449 4183 1566 4256 jam
1593 4184 1730 4240 satis
1760 4192 2094 4240 commotum

509 4281 772 4336 adversus
793 4294 940 4347 eum,
966 4279 1020 4334 in
1042 4277 1498 4334 vehementiorem
1530 4275 1831 4330 niterentur
1858 4275 2094 4330 furorem

509 4367 856 4428 sermonibus
924 4368 1158 4424 incitare
1227 4365 1528 4424 venenatis.
1565 4382 1584 4416 t
1625 4361 1770 4432 Jam,
1821 4363 2090 4434 inquiunt,

509 4461 764 4528 domine,
802 4460 859 4516 in
907 4459 1198 4516 manifesto
1225 4466 1328 4526 est,
1367 4473 1532 4528 quam
1563 4456 1808 4526 ingratus
1829 4455 1902 4510 sit
1927 4455 2094 4510 tantis

509 4556 674 4612 homo
707 4553 814 4608 iste
852 4550 1136 4608 beneﬂciis
1181 4551 1380 4606 vestris
1425 4546 1584 4617 :jam
1633 4557 1781 4617 patet
1829 4562 1938 4617 quo
1987 4545 2090 4602 loci

507 4660 736 4718 operam
763 4643 1073 4700 locaveritis
1099 4651 1154 4698 et
1175 4641 1497 4712 impensam,
1520 4641 1645 4696 dum
1669 4636 1788 4708 ejus
1812 4646 2096 4709 tantOpere

509 4735 844 4809 promotioni
871 4733 1216 4808 iuvigilastis.
1245 4732 1314 4788 Et
1341 4731 1546 4788 utinam
1575 4730 1953 4787 tantummodo
1975 4745 2097 4802 gra-

475 4889 478 4892 _
513 4828 646 4896 tiam
675 4841 788 4882 non
836 4826 1044 4882 referre
1088 4833 1378 4882 contentus
1422 4823 1496 4878 sit
1541 4824 1706 4882 homo
1739 4821 1908 4876 animi
1939 4821 2096 4876 inhu-

479 4995 484 5002 ι
515 4923 684 4989 mani,
717 4939 826 4977 non
852 4929 1036 4977 autem
1067 4927 1122 4974 et
1151 4917 1402 4989 iniuriam
1434 4917 1730 4988 rependere
1755 4915 1968 4972 insistat
2000 4929 2096 4986 pro

516 5019 670 5068 tanto
699 5011 934 5068 honore!
967 5017 1232 5066 caeterum
1283 5007 1414 5078 quid
1441 5021 1539 5077 pro
1569 5007 1724 5061 vobis
1748 5020 1874 5061 eum
1916 5019 2098 5076 spere-

516 5119 640 5160 mus
668 5103 1016 5175 subsequenti
1043 5112 1288 5172 tempore
1311 5115 1430 5157 esse
1457 5099 1748 5164 facturum,
1781 5107 1877 5152 aut
1901 5097 2098 5154 vestris

515 5195 724 5270 (jussis)
776 5196 1100 5268 inquantum
1163 5195 1462 5251 delaturum
1533 5191 1885 5256 conﬁdimus,
1935 5205 2096 5262 quem

513 5403 531 5416 ν
593 5331 742 5416 (l05)
766 5331 904 5416 Qui,
927 5339 988 5386 ut
1009 5347 1132 5416 cap.
1159 5329 1405 5416 proximo
1437 5327 1948 5416 diciturLs-e’virgis
1969 5327 2098 5384 sub-

509 5399 680 5528 irecitt:
722 5399 783 5460 'et
807 5399 1028 5476 'Iiu'goni
1073 5399 1127 5457 in
1163 5399 1514 5459 expediendis
1567 5399 1802 5456 tieuotiis
1832 5399 2101 5470 deinceps

543 5490 624 5528 av:

589 5543 738 5614 (ltiti)
777 5543 879 5602 Ubi
921 5543 1048 5599 olim
1074 5541 1259 5614 sedes
1299 5539 1650 5614 episcopalis,
1689 5538 1956 5596 translata
1999 5541 2100 5598 sub

519 5609 768 5685 Remigio
789 5615 1045 5685 episcopo
1073 5609 1431 5685 Lincoluiam.

593 5677 742 5753 (107)
782 5677 856 5738 Ei:
889 5677 1144 5741 distantia
1187 5679 1470 5748 utr-iusque
1499 5678 1602 5736 loci
1633 5677 1702 5736 ab
1729 5679 1960 5738 invicem
1991 5681 2096 5740 col-

1727 5821 1892 5846 ...ι-λα..

2179 1824 2420 1880 incnrios
2468 1819 2554 1877 sui
2607 1819 2915 1887 tacitosque
2965 1813 3198 1876 sedere,
3241 1809 3456 1866 acoedit
3521 1807 3768 1879 propius;

2178 1928 2454 1984 manuque
2493 1911 2692 1968 leniter
2738 1909 2993 1980 imposita
3027 1903 3265 1976 scapulis
3310 1900 3496 1972 magni
3537 1901 3772 1972 ejusdan

2178 2005 2440 2068 consulis,
2465 2003 2558 2073 qui
2590 2003 2869 2072 proximus
2901 1997 3182 2054 assederat
3209 1994 3368 2048 lateri
3399 1993 3568 2064 regio,
3599 1991 3772 2046 locum

2179 2096 2280 2152 sibi
2307 2093 2465 2164 juxta
2499 2106 2682 2164 regem
2712 2091 2830 2162 ipse
2877 2089 3028 2144 fecit.
3061 2085 3350 2142 Obstinato
3377 2098 3592 2153 quoque
3617 2081 3776 2136 silen-

2181 2190 2278 2254 tio,
2304 2186 2520 2242 cunctis
2545 2185 2752 2240 diutius
2776 2181 3176 2246 insistentibus,
3211 2195 3310 2235 rex
3335 2176 3552 2234 tandem
3573 2175 3776 2231 vultum

2178 2281 2394 2352 erigens
2419 2277 2740 2341 demissum,
2769 2291 2802 2329 a
2834 2275 3072 2344 quodam
3115 2271 3490 2326 assistentium
3519 2268 3640 2323 dari
3675 2267 3776 2334 sibi

2179 2386 2337 2426 acum
2389 2369 2651 2440 praicepit
2681 2381 2806 2421 cum
2853 2365 2964 2419 lilo.
3013 2363 3135 2432 Quo
3183 2361 3353 2426 facto,
3405 2375 3566 2414 suere
3617 2359 3778 2428 ccepit

2181 2473 2344 2514 tuanu
2377 2456 2596 2528 propria
2649 2453 2838 2510 laesum
2873 2451 3272 2522 panniculoque
3305 2448 3606 2504 involutum
3639 2447 3782 2501 lava

2181 2563 2294 2606 sum
2342 2547 2592 2618 digitum.
2625 2543 2830 2614 Agebat
2865 2544 2986 2606 hoc,
3015 2555 3083 2596 ne
3127 2539 3202 2594 nil
3241 2547 3504 2609 ageretur
3539 2537 3784 2606 aliquau-

2181 2639 2273 2696 diu
2296 2679 2312 2704 ,
2344 2636 2478 2692 nihil
2509 2635 2730 2690 interim
2766 2632 3020 2702 loquens.
3053 2629 3130 2684 Ita
3163 2643 3299 2686 vero
3345 2641 3406 2683 se
3446 2626 3702 2698 gerebat,
3727 2633 3784 2679 ut

2183 2729 2360 2786 solent
2412 2727 2638 2782 nimium
2675 2723 2818 2790 irati,
2848 2737 2972 2778 cum
3000 2721 3054 2776 in
3089 2719 3170 2776 eis
3199 2719 3370 2774 animi
3407 2733 3610 2772 rancor
3637 2717 3784 2772 vocis

2186 2821 2446 2876 absorbet
2477 2815 2715 2871 olliciutn
2736 2855 2751 2876 ,
2783 2821 2966 2869 meatu
3020 2810 3275 2882 spiritum
3301 2807 3622 2863 intercluso.

2258 2911 2372 2966 lloc
2399 2911 2689 2980 episcopus
2728 2905 2972 2968 intuens,
3003 2917 3066 2958 ac
3095 2904 3177 2958 sui
3230 2916 3395 2956 causa
3435 2915 3660 2953 onmem
3693 2900 3788 2952 huc

2179 3003 2270 3076 jus
2295 3001 2559 3058 simulatis
2587 3011 2838 3070 pompam
2878 2994 3127 3051 exhiberi
3159 2990 3686 3064 cognoscens,apud
3711 3005 3788 3052 se,

2188 3096 2334 3150 velut
2369 3107 2399 3146 ιι
2431 3089 2740 3147 sublimiori
2769 3087 3006 3156 quadam
3033 3085 3240 3139 intimae
3268 3081 3500 3137 rationis
3545 3079 3786 3150 specula,

2189 3183 2579 3255 cogitationum
2603 3177 2900 3232 carnalium
2927 3175 3207 3230 molimina
3237 3173 3398 3244 longe
3421 3171 3706 3240 despexit;
3729 3184 3790 3224 ac

2191 3273 2410 3330 demum
2448 3281 2748 3325 conversus
2776 3265 2844 3320 ad
2875 3265 3080 3335 Regem
3115 3263 3201 3318 his
3231 3261 3418 3317 verbis
3447 3259 3791 3328 paucissimis

2193 3373 2360 3420 totam
2386 3361 2565 3418 cordis
2589 3359 2706 3427 ejus
2731 3356 3066 3413 erectionem
3101 3353 3364 3409 tumidam
3399 3353 3568 3417 elisit,
3589 3352 3794 3420 ipsu-

2191 3471 2298 3528 que
2327 3455 2460 3523 ,vim
2513 3452 2806 3507 verborum
2862 3463 2969 3504 non
3029 3447 3298 3502 ferentem
3347 3459 3584 3515 corpore
3633 3446 3792 3499 etiam

2194 3546 2447 3616 resupino
2482 3543 2759 3600 solotenus
2781 3537 2996 3609 reiecit.
3033 3537 3212 3592 Verba
3243 3537 3360 3607 ipsa
3399 3535 3794 3605 exprimeinus,

2193 3639 2270 3696 nil
2295 3639 2377 3694 eis
2411 3635 2676 3692 demendo
2713 3633 2798 3689 vel
2842 3629 3179 3701 adiiciendo.
3231 3629 3323 3685 Ait
3359 3645 3534 3700 ergo:
3565 3647 3588 3680 ι
3625 3627 3797 3695 Quam

2193 3729 2388 3788 similis
2413 3745 2474 3785 es
2497 3728 2659 3783 modo
2687 3727 2936 3798 cognatis
2969 3726 3076 3781 tuis
3107 3725 3174 3780 de
3204 3723 3416 3779 Falesia
3442 3723 3456 3775 !
3497 3721 3618 3776 Hoc
3647 3719 3798 3791 quasi

2197 3825 2324 3893 telo,
2353 3824 2548 3880 blando
2579 3823 2798 3894 quidem
2831 3831 2886 3877 et
2935 3821 3065 3888 levi,
3106 3819 3204 3876 sed
3254 3819 3452 3874 mirum
3487 3819 3543 3874 in
3577 3821 3800 3872 modum

2195 3915 2515 3987 penetrabili
2548 3923 2602 3971 et
2629 3923 2904 3986 praeacuto
2934 3927 3032 3968 rex
3059 3909 3493 3983 praecordialiter
3535 3907 3802 3976 trajectus

2195 4007 2434 4064 conserit
2453 4007 2671 4078 digitos,
2693 4005 2922 4061 solvitur
2943 4003 3000 4059 in
3023 4004 3489 4068 cachinnum,ore
3515 4000 3724 4070 supino
3749 4001 3804 4052 in

2169 4095 2172 4098 ί
2197 4107 2400 4154 terram
2431 4098 2704 4168 deponens
2733 4097 3024 4160 cervicem,
3063 4104 3116 4149 et
3150 4095 3252 4147 sub
3281 4093 3373 4146 tali
3401 4091 3616 4146 diutius
3649 4091 3804 4146 sche-

2199 4198 2346 4246 mate
2397 4191 2597 4244 risibus
2655 4189 2808 4243 frena
2859 4189 3100 4242 laxabat.
3141 4205 3160 4240 ι
3213 4186 3294 4240 Ex
3325 4185 3804 4250 consedentibus,

2199 4282 2290 4354 qui
2324 4281 2548 4336 verbum
2581 4279 2984 4344 intellexerant,
3015 4279 3154 4332 miro
3185 4275 3518 4331 tenebantur
3547 4283 3804 4344 stupore.

2201 4373 2536 4428 blirabantur
2557 4372 2703 4426 enim
2735 4385 2898 4441 supra
2923 4369 3146 4425 modum
3167 4367 3273 4424 sub
3303 4367 3396 4422 tali
3425 4367 3676 4422 articulo
3703 4365 3808 4422 tale

2203 4463 2592 4534 itnproperium
2643 4461 2874 4532 principi
2927 4469 3082 4516 tanto
3119 4460 3188 4514 ab
3233 4457 3456 4514 homine
3499 4457 3598 4512 tali
3642 4457 3808 4514 fuisse

2198 4555 2480 4610 intortum.
2517 4553 2816 4608 Subridere
2857 4560 3039 4607 tamen
3069 4559 3123 4608 et
3167 4549 3275 4620 ipsi
3301 4563 3362 4606 se
3389 4549 3663 4605 cohibere
3701 4565 3805 4604 non

2198 4645 2442 4702 valentes
2467 4686 2484 4712 ,
2520 4653 2809 4715 coeperunt
2859 4645 3058 4700 animis
3107 4649 3492 4714 exSpectantes
3543 4639 3618 4714 [f.
3649 4685 3668 4710 ,
3711 4657 3810 4696 ex-

2199 4737 2482 4810 spectare]
2528 4737 2795 4803 attonitis,
2827 4737 3082 4807 quidnam
3112 4734 3182 4790 ad
3223 4735 3408 4790 audita
3449 4747 3545 4790 rex
3581 4733 3806 4788 tandem

2200 4839 2343 4888 esset
2365 4843 2745 4901 responsurus.
2773 4829 2964 4885 Plures
3002 4843 3225 4884 sensum
3264 4826 3574 4883 nescientes
3605 4825 3806 4897 prolati

2200 4922 2470 4979 sermonis
2517 4921 2748 4992 amplius
2782 4921 3073 4990 stupebant
3119 4919 3192 4975 ob
3239 4919 3584 4988 repentinam
3619 4925 3806 4989 gestas

2203 5015 2338 5088 regii
2362 5013 2883 5086 percunctationem.
2907 5012 3148 5081 Quorum
3175 5014 3393 5070 demum
3427 5012 3802 5082 ignorantiam

2203 5121 2300 5161 rex
2329 5105 2448 5179 ipse.
2471 5105 2806 5177 intelligens,
2835 5107 3086 5175 proprim,
3131 5113 3193 5159 ut
3221 5113 3316 5160 eos
3343 5103 3606 5167 instruat,
3641 5101 3802 5157 cilici-

2204 5206 2294 5254 tur
2327 5197 2595 5268 interpres
2626 5194 2854 5265 injuriae.
2887 5195 3200 5252 Prmventus
3242 5195 3392 5250 enim
3423 5202 3534 5248 tam
3575 5193 3800 5249 urbana

2203 5331 2297 5402 ligi
2335 5339 2540 5403 posset,
2563 5329 2918 5403 Wudestltam
2957 5345 3024 5384 an
3057 5329 3214 5403 idem
3271 5338 3346 5386 snt
3393 5345 3522 5403 cum
3579 5329 3798 5384 Ἥρωε-

2205 5399 2450 5459 ειῐιιίέιιι
2475 5401 2797 5464 Wdcstoch,
2827 5401 2893 5454 de
2919 5415 3028 5469 quo
3057 5399 3150 5455 lib.
3185 5415 3269 5464 tn,
3301 5415 3352 5456 c.
3383 5401 3434 5454 ί.

2207 5559 2258 5602 ο.
2275 5473 2423 5598 (ἷξε)
2447 5470 2515 5526 F.
2537 5471 2816 5538 Scocario,
2839 5473 2904 5525 de
2927 5487 3032 5542 qua
3061 5485 3182 5526 voce
3203 5472 3319 5525 vide
3345 5479 3453 5524 not.
3483 5474 3614 5525 ead.
3633 5471 3728 5526 lib.
3749 5485 3778 5522 τ

2203 5611 2424 5741 ψέξει»)
2463 5611 2610 5670 Alias
2635 5612 2762 5670 dicti
2791 5611 3002 5682 Ballivi,
3026 5610 3313 5670 Germanis
3343 5611 3618 5684 Lantvogt
3649 5611 3796 5670 υιιιι-
