3962 6416
161 348 268 412 997

1521 333 1697 390 γιτΔ.
1727 363 1796 376 --
1822 331 1950 392 LIB.
1981 329 2068 388 Ill.

163 454 493 514 invectiouis
533 451 774 508 novitate
799 447 1110 505 medullitus
1150 442 1615 509 commovebatur,
1646 442 1746 497 lio-
1771 446 1825 508 Α
1847 455 1964 507 eas,
2000 441 2102 496 hac
2149 452 2259 495 una
2289 436 2508 494 interim
2558 434 2772 509 repulsa
2816 436 3051 496 curiales
3088 437 3444 508 vehementer

162 547 440 618 minisque
471 542 856 600 conﬁdentiam
883 549 940 596 et
985 539 1098 610 ipse
1135 536 1433 602 admirans,
1466 535 1545 589 sic
1591 548 1750 590 orsus
1854 531 2156 602 repressit,
2215 540 2272 588 et
2319 545 2512 587 eorum
2558 545 2590 584 a
2627 543 2688 586 se
2737 530 3201 600 importunitatem
3251 533 3443 608 procul

161 647 252 697 est
299 636 468 709 loqui.
525 651 545 686 ι
596 633 779 698 Num,
831 631 1036 702 inquit,
1092 626 1390 698 intelligitis
1450 624 1750 694 cujusmodi
1853 621 2072 680 avertit.

164 730 327 787 nobis
363 725 744 804 contumeliam
775 724 1042 780 barbarus
1068 721 1172 776 iste
1201 717 1419 790 intulit]
1461 716 1573 788 Ego
1598 713 1752 770 vobis

1928 711 2057 783 Ejus
2110 721 2291 769 tamen
2319 711 2656 768 venerationi
2708 719 2765 768 et
2819 711 2922 784 ipsi
2971 711 3220 774 certatim
3273 713 3447 776 inser-

168 820 373 876 dictum
414 799 941 888 ipsius'explanabo.
979 810 1206 868 Constat
1253 809 1568 882 genitricem
1604 805 1753 878 (110)
1856 801 2101 867 viebant,
2146 800 2281 856 adeo
2326 808 2387 854 ut
2441 799 2744 856 devotionis
2797 816 2988 856 eorum
3052 810 3108 856 et
3163 800 3447 864 industria:

165 915 356 985 proavi
403 911 573 966 nostri
622 909 915 976 Wilbelmi,
944 905 1354 978 triumphatoris
1388 902 1547 974 hujus
1577 913 1753 967 teme,

1858 889 2251 961 experientiam
2285 888 2580 960 plurimum
2612 890 2727 960 ipse
2775 891 2974 962 sapius
3018 892 3445 958 commendaret,

170 981 238 1060 de
266 1007 434 1074 stirpe
466 1003 723 1058 mediocri
769 1001 1025 1058 traxisse'
1047 1001 1336 1068 originem,
1377 1013 1441 1053 ac
1469 997 1536 1052 de
1562 995 1758 1067 nppido

1901 981 2221 1038 nniliaribus
2270 988 2525 1038 asserens
2572 983 2727 1049 suis,
2771 983 3095 1054 quibusdam
3149 999 3341 1042 eorum
3389 997 3450 1040 se

171 1094 286 1150 fam
326 1111 388 1151 so
413 1094 934 1162 Nurtlrmannorum,
965 1092 1105 1163 quod
1131 1091 1341 1147 Faiesia
1374 1089 1525 1162 (111)
1554 1104 1760 1144 truncu-

142 1249 146 1252 ,
169 1198 354 1257 patur,
383 1185 550 1242 fuisse
600 1185 907 1242 oriundam.
958 1183 1307 1254 Municipium
1350 1183 1452 1237 hoc
1496 1191 1614 1235 arte
1646 1178 1762 1249 pcl-

172 1276 369 1347 liparia
417 1275 684 1332 celebrius
739 1275 1039 1331 extollitur.
1097 1273 1237 1343 Quia
1287 1289 1416 1328 vero
1471 1287 1556 1326 me
1603 1284 1764 1326 suere

175 1369 401 1439 digitum
433 1381 610 1423 meum
643 1368 850 1424 derisor
880 1369 983 1424 iste
1018 1366 1318 1438 conspexit,
1366 1363 1568 1419 idcirco
1605 1361 1759 1416 simi-

174 1459 286 1516 lem
325 1459 714 1517 Faiisiensibus
738 1468 794 1515 et
827 1475 1016 1516 eorum
1034 1468 1325 1528 cognatum
1354 1471 1440 1512 me
1460 1469 1582 1511 esse
1606 1453 1743 1509 dixit

173 1561 236 1606 et
278 1551 688 1622 improperavit.
732 1570 754 1604 s

259 1659 280 1694 ι
334 1643 588 1699 Attamen
623 1658 744 1713 age,
773 1642 950 1713 inquit
992 1641 1062 1698 ad
1105 1640 1449 1712 episcopum,
1489 1639 1573 1694 vir
1603 1638 1764 1707 b0ne,

174 1733 437 1808 quidnam
489 1734 587 1790 tibi
619 1735 792 1792 visum
839 1735 962 1801 fuit,
990 1744 1050 1790 ut
1074 1734 1233 1790 nobis
1273 1731 1597 1789 inconsultis
1623 1733 1766 1804 prin-

1836 1073 2116 1129 libentius
2136 1072 2399 1128 beneﬁcia
2422 1071 2743 1145 largiturum
2772 1073 3115 1144 ampliora,si
3145 1088 3254 1136 non
3282 1089 3452 1136 curta:

1864 1173 2183 1222 tenerentur
2207 1165 2448 1237 nexibus
2487 1166 2707 1222 irretiti.

2490 1258 2720 1315 CAPUT
2763 1257 2834 1316 Χ.

1867 1369 2022 1438 Quod
2055 1372 2111 1426 in
2141 1369 2373 1426 ecclesiis
2411 1372 2771 1442 prwbeudalos
2807 1372 2972 1426 teneri
3009 1372 3078 1426 ad
3117 1371 3456 1442 residentiam

1938 1442 2250 1511 reputabat;
2316 1452 2365 1496 et
2403 1441 2690 1497 secundum
2733 1443 3121 1512 liocrpnagistro
3167 1441 3458 1512 Parisicusi

1939 1510 2230 1580 respondit,
2259 1513 2351 1583 qui
2382 1512 2714 1583 prwbendart'
2741 1513 2794 1566 in
2833 1510 3071 1568 Ecclesia
3101 1510 3459 1572 choluiensi

1946 1583 2236 1656 sﬂ'ectarit;
2274 1581 2326 1637 et
2351 1581 2492 1656 quod
2519 1582 2658 1656 inter
2679 1581 2874 1652 fratres
2906 1598 2998 1637 seu
3032 1583 3268 1642 homines
3299 1597 3462 1656 quos-

1952 1670 2040 1723 rue
2062 1653 2248 1707 dilexit
2276 1654 2538 1723 priet-ipse
2565 1653 2838 1706 unitatem.

1947 1743 2042 1800 me
2069 1752 2248 1800 tamen
2274 1743 2528 1822 curiales,
2561 1743 2674 1798 imo
2706 1741 3073 1814 quarumlibet
3103 1753 3202 1802 ecc
3222 1754 3464 1804 altarum

175 1829 409 1902 cipalem
437 1829 782 1888 forestarium
819 1830 970 1902 (112)
993 1839 1242 1887 nostrum
1275 1827 1611 1885 anathemati
1639 1828 1771 1885 sub-
1801 1821 1850 1882 Β
1873 1834 2266 1891 calliedl‘alium
2286 1821 2536 1900 clericos,
2559 1848 2672 1889 sua:
2693 1832 2939 1889 ecclesiae
2965 1832 3261 1894 canonicos
3284 1831 3467 1893 rarius

170 1921 418 1994 jlceres?
473 1932 714 1978 nostram
763 1923 986 1995 insuper
1033 1921 1452 1993 petitiuncuiam
1503 1919 1670 1992 (115)
1697 1920 1771 1978 ita

179 2011 638 2084 ﬂoccipenderes,
670 2022 730 2068 ut
761 2029 936 2085 neque
969 2028 1067 2084 per
1108 2013 1338 2096 teipsum
1396 2013 1466 2068 ad
1495 2027 1595 2068 nos
1621 2012 1772 2068 veni-

173 2122 274 2162 res
321 2105 480 2176 hujus
525 2106 752 2176 repulsa:
809 2108 1160 2178 expositurus
1231 2107 1534 2176 rationem,
1599 2121 1774 2176 neque

131 2255 136 2259 ,
177 2198 410 2253 verbum
489 2212 586 2267 per
630 2209 844 2255 nostros
903 2199 1120 2255 nuntios
1174 2197 1330 2260 nobis
1376 2197 1637 2268 placabile
1689 2213 1777 2253 re-

179 2291 516 2349 rnandares?
542 2311 562 2344 ι
596 2291 744 2346 Talia
776 2291 1138 2362 expostulanti
1189 2307 1315 2348 mox
1367 2291 1440 2346 ita
1485 2291 1776 2361 respondet

177 2387 476 2457 episcopus
507 2403 520 2440 :
551 2403 571 2436 ι
613 2381 769 2448 Novi,
802 2381 996 2451 inquit,
1023 2395 1138 2446 vos,
1177 2389 1238 2435 ut
1286 2381 1571 2453 episcOpus
1600 2379 1776 2436 eliice-

179 2493 303 2543 rer,
371 2476 662 2532 studiosius
706 2475 1020 2529 desudasse.
1077 2471 1144 2528 Ut
1200 2472 1364 2544 igitur
1436 2482 1674 2527 vestram
1744 2489 1776 2528 a

181 2568 505 2625 discrimine
529 2568 768 2622 animam
798 2565 1137 2634 expedirem,
1166 2579 1275 2636 quo
1308 2564 1452 2619 illam
1481 2564 1777 2634 periclitari

183 2660 550 2730 contingeret,
581 2658 651 2724 si,
689 2655 832 2728 quod
861 2656 966 2711 mei
986 2655 1233 2712 noscitur
1271 2670 1392 2710 esse
1414 2653 1602 2723 oliicii,
1631 2657 1776 2711 circa

185 2752 450 2808 Ecclesiae
501 2749 633 2806 milii
690 2748 995 2806 commissae
1047 2747 1336 2804 utilitatem
1389 2748 1614 2817 exsequi
1671 2761 1778 2802 non

1871 1927 2138 1986 eiliciebat
2163 1940 2182 1980 :
2212 1926 2562 1983 residentiam
2589 1924 2858 1996 praecipue
2893 1926 2951 1980 iu
2979 1924 3222 1984 Ecclesia
3252 1921 3467 1981 Lincol-

1873 2019 2050 2078 niensi
2077 2021 2146 2077 ab
2175 2018 2281 2075 illis
2300 2027 2581 2089 expetens,
2609 2017 2810 2086 quibus
2846 2015 2992 2072 illius
3019 2014 3276 2074 Ecclesia
3301 2026 3468 2072 cano-

1876 2113 1999 2169 nica
2024 2111 2294 2183 stipendia
2315 2109 2668 2182 jeonl'erebat.
2708 2109 2998 2175 Nimirum,
3025 2107 3169 2166 sicut
3194 2107 3285 2181 qui
3325 2105 3466 2160 alta-

1878 2202 1960 2258 rio
1987 2201 2324 2268 deserviunt,
2360 2199 2558 2256 altario
2593 2199 2719 2271 jure
2749 2199 3102 2270 participant,
3129 2199 3204 2256 ita
3246 2197 3471 2256 minime

1875 2293 2312 2350 deservientibus
2349 2293 2540 2349 altaris
2585 2292 2876 2349 commoda
2912 2292 3130 2348 dicebat
3173 2291 3470 2362 incongrua

1878 2385 2092 2440 ratione
2119 2383 2408 2456 provenire
2434 2401 2449 2438 :
2477 2391 2676 2439 etcum
2703 2381 2966 2438 ecclesias
2996 2380 3194 2438 debitis
3223 2377 3392 2454 [cod.,
3416 2384 3474 2431 et

1879 2474 2140 2531 ecclesias
2177 2489 2303 2530 cum
2342 2470 2562 2545 debitis]
2606 2472 2958 2528 servientium
3001 2469 3248 2528 excubiis
3292 2482 3359 2527 es
3405 2479 3474 2521 eo

1878 2564 2122 2621 fraudari
2168 2561 2816 2637 contingeret,_speciern
2864 2561 3394 2634 [cod.,contlngeret
3417 2568 3475 2614 et

1880 2655 2140 2729 speciem]
2180 2656 2454 2712 rideretur
2494 2655 2696 2710 habere
2726 2653 2955 2720 rapiam,
2996 2666 3120 2708 cum
3160 2651 3476 2712 militaturis

1882 2753 2137 2821 deputata
2174 2749 2380 2806 militiae
2410 2748 2708 2820 spiritualis
2751 2746 3024 2818 stipendia
3053 2760 3158 2802 non
3186 2741 3475 2804 militaturi

186 2854 470 2907 curarem,
488 2851 712 2896 necesse
737 2837 837 2894 fuit
867 2847 924 2892 ut
944 2851 1320 2909 Oppresserem
1343 2837 1512 2908 ipsius
1531 2836 1784 2892 Ecclesia:
1881 2851 2274 2914 meumerent
2305 2855 2594 2911 occupare.
2620 2839 2768 2910 ,Nam
2797 2848 2853 2894 et
2883 2838 3030 2893 illam
3067 2836 3309 2906 Apostoil
3341 2849 3478 2908 quo-

189 2951 296 3006 per
317 2947 602 2990 censuram
629 2930 1058 2988 ecclesiasticam
1085 2944 1422 2996 coercerem,
1449 2937 1507 2986 et
1543 2929 1784 2986 indebite

1901 2949 1992 3004 lue
2016 2932 2346 2988 sententiam
2375 2933 2430 2986 in
2465 2932 2569 2986 hac
2595 2930 2937 3001 potissimum
2972 2943 3137 2984 causa
3165 2928 3395 2998 intelligi
3429 2947 3482 2983 ,τη

139 3073 146 3078 .
183 3023 542 3098 praebendam
580 3022 684 3079 sibi
713 3023 768 3079 in
797 3021 988 3078 eadem
1043 3021 1288 3078 Ecclesia
1338 3022 1647 3092 cupientem
1695 3037 1786 3078 ex-
1889 3025 2061 3080 teneri
2098 3023 2300 3080 debere
2342 3023 2640 3090 sanciebat,
2675 3032 2758 3088 ut,
2800 3021 2892 3092 qui
2939 3021 2993 3075 in
3031 3020 3350 3078 sanctuarlo
3379 3036 3475 3073 ue-

130 3175 136 3179 _
187 3125 454 3184 torquere
481 3113 788 3170 nullatenus
827 3113 1164 3169 exaudirem.
1211 3111 1560 3169 Excellentiae
1604 3121 1783 3168 autem
1813 3160 1858 3188 η
1888 3131 2161 3188 quaquam
2191 3115 2463 3183 laborant,
2489 3115 2541 3169 in
2565 3129 2634 3170 eo
2656 3114 2823 3170 etiam
2847 3128 2954 3168 non
2985 3113 3334 3181 manducent,
3357 3125 3479 3184 quae

141 3215 397 3263 uestrae
419 3205 761 3278 praesentiam
791 3220 890 3276 pro
928 3203 1189 3261 utrolibet
1212 3203 1366 3260 adire
1407 3205 1646 3277 negotio,
1677 3219 1785 3260 non
1814 3203 1860 3222 “
1891 3206 2201 3264 sanctuario
2242 3216 2650 3263 consecrantur.
2695 3205 2753 3262 Si
2791 3205 2939 3260 enim
2985 3203 3252 3276 gloriatur
3283 3204 3483 3266 Ductor

186 3305 363 3365 modo
397 3303 729 3376 superﬂuum
779 3318 924 3369 esse,
954 3302 1065 3358 imo
1104 3309 1161 3358 et
1187 3301 1430 3372 ineptum
1459 3301 1786 3369 sentiebam,

187 3412 326 3454 cum
352 3405 548 3452 vestras
597 3393 916 3452 discretioni
970 3407 1204 3464 pronum
1261 3393 1335 3448 sit
1383 3392 1460 3460 id,
1490 3397 1636 3465 quod
1684 3395 1790 3450 rite

187 3487 428 3560 geritur,
452 3485 748 3558 prudenter
781 3484 1086 3550 advertere,
1117 3492 1189 3543 .et
1217 3482 1481 3562 voluntati
1514 3483 1792 3540 nihilomi-

125 3631 136 3637 -
189 3593 309 3636 nus
355 3586 549 3634 vestrae
585 3576 794 3643 sedeat,
840 3576 986 3647 quod
1034 3583 1241 3631 rectum
1277 3587 1397 3631 esse
1443 3575 1788 3645 cognoscitis,

189 3668 576 3725 favorabiliter
602 3667 926 3739 approbare.
959 3685 980 3721 s

276 3757 596 3830 Hujusmodi
617 3757 918 3813 rationibus
939 3770 1060 3822 rex,
1081 3755 1223 3827 quod
1255 3755 1556 3818 contradici
1588 3765 1790 3826 posset,

191 3867 313 3909 non
344 3849 641 3914 inveniens,
660 3847 958 3919 postposito
977 3856 1187 3903 temere
1209 3855 1476 3918 concepto
1499 3847 1794 3904 simultatis

191 3941 433 4010 nubilo,
493 3939 839 4010 amplectitur
887 3937 1003 4008 jam
1059 3952 1158 3994 ore
1208 3953 1403 3994 sereno
1444 3939 1792 4008 pontiﬁcem,

194 4033 432 4105 ejusque
459 4031 800 4088 orationibus
830 4045 889 4086 se
917 4029 1310 4086 commendans
1337 4029 1616 4098 obnixius,
1650 4030 1796 4086 illius

195 4140 305 4197 per
337 4122 518 4178 omnia
548 4120 767 4190 reliquit
792 4119 1210 4190 dispensationi,
1236 4117 1471 4189 qualiter
1521 4119 1795 4175 hominem

195 4215 494 4273 sententia:
543 4213 885 4277 innodatum,
938 4210 1294 4268 absolutionis
1329 4210 1598 4268 beneﬂcio
1640 4213 1800 4268 redo-

198 4315 385 4363 naret.
414 4305 585 4373 Quem
615 4304 781 4360 etiam
806 4302 962 4360 valde
989 4303 1286 4360 contritum
1329 4303 1512 4360 animo
1541 4313 1597 4361 et
1621 4304 1800 4360 humi-

200 4401 427 4462 liatum,
449 4396 696 4467 praestito
719 4394 877 4465 juxta
897 4393 1134 4450 formam
1159 4392 1424 4450 Ecclesia
1457 4405 1801 4451 sacramento

1888 3299 2130 3370 gentium
2157 3300 2302 3370 quod
2323 3299 2441 3355 sine
2463 3309 2682 3371 sumptu
2712 3300 2894 3370 posuit
2916 3298 3288 3370 Evangelium,
3313 3312 3481 3374 quam

1891 3391 2255 3463 igrominiosi,
2289 3391 2488 3456 aiebat,
2520 3391 2804 3462 reputandi
2842 3400 2992 3458 sunt,
3021 3391 3113 3461 qui
3158 3390 3278 3450 sine
3317 3405 3486 3448 evan-

1891 3482 2158 3556 geliaandi
2180 3483 2380 3549 studio,
2410 3483 2528 3540 sine
2552 3483 2895 3540 ministrandi
2920 3485 3210 3554 obsequio,
3235 3489 3484 3554 sumptus

1893 3574 2396 3646 evangelizantibus
2414 3583 2508 3629 aut
2531 3574 2964 3631 ministrantibus
2989 3575 3300 3645 assignatus
3327 3587 3487 3632 usur-

1892 3681 2025 3740 pare
2051 3676 2386 3739 praesumunt
2403 3668 2420 3721 l
2439 3666 2780 3722 Meminimus
2803 3667 2954 3738 (114)
2984 3678 3165 3722 autem
3191 3665 3486 3738 quemdam

1893 3775 1960 3816 eo
1984 3770 2225 3831 tempOre
2247 3760 2442 3818 summi
2475 3757 2590 3815 fere
2616 3759 2760 3814 inter
2783 3759 3063 3830 theologos
3085 3758 3491 3828 canonicosque

1893 3851 2234 3908 Parisienses
2270 3850 2508 3907 nominis
2540 3850 2747 3906 dixisse
2786 3851 3024 3921 quadam
3066 3849 3184 3905 vice
3225 3847 3436 3922 ﬂugoul
3468 3866 3485 3904 :

1901 3963 1922 3998 ο
1959 3945 2291 4009 Gloriosam,
2329 3944 2548 4000 domine
2591 3945 2866 4015 episcope,
2914 3957 3026 4014 prie
3074 3942 3286 3998 cunctis
3324 3941 3494 3998 totius

1896 4036 2049 4092 orbis
2086 4035 2344 4090 Ecciesiis
2384 4045 2624 4090 vestram
2670 4033 2996 4089 exbibuistis
3037 4031 3359 4099 Ecclesium,
3402 4033 3488 4090 in-

1897 4126 2106 4196 signem
2145 4123 2489 4180 multitudine
2515 4122 2838 4180 clericorum
2867 4140 2886 4178 :
2911 4131 3166 4193 essetque
3203 4122 3336 4180 mihi
3363 4121 3492 4196 (nec

1899 4219 2044 4275 enim
2081 4217 2136 4274 id
2165 4216 2452 4274 celandum
2483 4215 2637 4273 vobis
2663 4215 2818 4288 duxi)
2857 4215 2994 4272 satis
3029 4214 3270 4286 optabile
3298 4229 3490 4275 eorum

1901 4324 2130 4366 numero
2167 4308 2411 4381 quolibet
2451 4307 2538 4365 vel
2568 4307 2794 4380 perexiﬁ
2836 4307 2998 4364 titulo
3038 4307 3262 4364 sociari.
3316 4323 3336 4362 ο
3391 4305 3494 4364 Cui

1903 4402 2086 4458 statim
2115 4402 2403 4473 episcopus
2430 4416 2446 4454 :
2477 4414 2498 4453 ι
2532 4399 2601 4454 Et
2628 4390 2746 4464 nos,
2777 4400 2874 4466 ait,
2907 4413 3098 4456 eorum
3132 4415 3226 4457 vos
3263 4411 3495 4462 numero

197 4487 452 4562 publico,
481 4501 606 4542 cum
653 4485 769 4542 suis
811 4484 1167 4555 complicibus
1192 4483 1364 4556 virgis
1391 4491 1593 4540 casum
1624 4485 1802 4540 absol-
1833 4506 1879 4561 ι)
1903 4494 2092 4548 manu
2129 4494 2315 4548 animo
2339 4493 2716 4564 jungeremus,
2763 4493 2808 4548 si
2843 4493 3009 4548 etiam
3045 4494 3188 4548 ίηιει-
3221 4506 3316 4548 eos
3358 4493 3495 4550 ηδε-

203 4581 312 4644 vit,
349 4577 586 4646 dataque
631 4573 1028 4640 benedictione,
1054 4587 1152 4644 per
1178 4587 1343 4630 omne
1385 4573 1653 4643 reliquum
1680 4575 1804 4629 vita:

201 4687 327 4728 sua:
360 4680 574 4742 tempus
622 4665 846 4739 speciali
887 4665 1121 4738 quadam
1149 4664 1543 4722 benevolentia
1567 4665 1806 4722 familia-

203 4767 332 4822 rius
359 4777 482 4820 eum
518 4761 623 4819 sibi
661 4761 919 4818 devotum
961 4758 1134 4817 sensit
1165 4766 1222 4818 et
1251 4760 1366 4817 suis
1393 4760 1627 4832 negotiis
1673 4774 1805 4832 pro-

204 4867 474 4910 vrsorem.

287 4947 336 5002 Δ
360 4943 776 5016 praebendarum
803 4956 1021 5014 quoque
1045 4941 1298 5000 violentis
1319 4941 1814 5015 postulationibus,-

209 5037 418 5110 quibus
447 5036 596 5093 velut
643 5035 972 5109 importunis
1020 5034 1311 5092 milvorum
1371 5033 1643 5107 unguibus
1691 5035 1810 5091 uni-

209 5143 409 5188 versas
441 5127 646 5200 passim
689 5127 1024 5185 infestabant
1069 5125 1353 5194 ecclesias,
1393 5135 1451 5183 et
1484 5125 1812 5199 diripiebant

292 5267 444 5338 (110)
482 5264 744 5338 Erat_illa
789 5261 1017 5338 Hervela
1039 5261 1441 5338 _aut_ﬂarlotta
1464 5303 1480 5330 ,
1536 5261 1811 5338 Peiliparii

217 5333 358 5402 lilia,
387 5333 452 5393 ex
479 5352 586 5408 qua
613 5335 881 5391 Robertus
907 5335 1011 5408 dux
1037 5333 1442 5408 Nortlunannize
1467 5333 1653 5405 genuit

217 5408 464 5466 heluium
486 5403 933 5478 Conquestorem,
965 5404 1187 5478 Henrici
1208 5403 1248 5458 ll
1280 5404 1426 5476 regis
1452 5403 1737 5476 proavum.
1779 5463 1784 5466 _

297 5479 445 5552 (111)
465 5474 730 5552 Oppidum
755 5477 1020 5552 [sumsum
1039 5474 1535 5552 ljortlrmannorum
1559 5490 1664 5552 ulla
1684 5490 1813 5552 cum

219 5544 355 5621 arce
377 5544 748 5621 alias-Fuluiae
772 5547 1016 5621 dictum;
1042 5545 1246 5621 ρδθυο
1265 5545 1484 5621 quidam
1507 5561 1526 5601 :
1552 5563 1571 5598 ι
1602 5544 1816 5621 Falaise

219 5613 353 5676 cura
400 5633 550 5683 arce,
592 5617 766 5688 patria
803 5615 1074 5688 Guillelrni
1115 5613 1526 5688 conquestoris,
1573 5616 1812 5688 ambitur

141 5694 146 5698 ’
219 5689 393 5747 fossis
418 5685 874 5759 profundissimis,
897 5686 1214 5759 duobusque
1243 5685 1478 5755 cingitur
1515 5687 1744 5756 stagnis.
1785 5706 1805 5741 ι

299 5757 449 5816 lilii
487 5758 786 5816 Gallridum
817 5758 1064 5814 videlicet
1127 5758 1194 5811 de
1231 5770 1340 5826 quo
1381 5765 1561 5811 actum
1605 5773 1809 5814 ara-ce-
1860 5757 1865 5762 ’

1747 5333 1813 5388 ii-
1859 5393 1886 5400 .,

1903 4583 2034 4638 dere
2059 4580 2260 4647 velitis,
2295 4591 2351 4637 et
2385 4581 2432 4636 si
2458 4596 2674 4652 quoque
2702 4582 2771 4636 ad
2807 4581 3091 4637 scientiam
3133 4595 3313 4636 mores
3341 4582 3497 4640 vobis

1904 4668 2157 4745 passibus
2185 4673 2358 4742 aequis
2384 4671 2796 4744 responderent.
2832 4691 2852 4726 ι
2882 4671 3122 4727 Praeerat
3155 4672 3302 4727 enim
3333 4673 3498 4732 scito-

1906 4763 1976 4818 iis
1998 4762 2398 4820 Parisiensibus
2428 4775 2624 4836 regens
2643 4771 2700 4820 et
2743 4763 2859 4835 ipse
2901 4761 3118 4819 scholas
3142 4762 3317 4834 (115),
3358 4763 3500 4822 celer

1906 4855 2061 4912 brior
2100 4862 2280 4913 tamen
2323 4869 2391 4912 eo
2439 4863 2684 4926 tempore
2730 4853 2960 4910 scientia
2989 4868 3154 4925 quam
3185 4853 3494 4924 disciplina.

1909 4947 2012 5016 Qui
2057 4963 2318 5019 responso
2359 4947 2454 5003 tali
2497 4956 2724 5019 accepto
2761 4946 3002 5012 erubuit,
3049 4961 3109 5004 se
3136 4947 3298 5004 nimis
3325 4947 3503 5004 libere

1910 5036 2224 5110 protulisse,
2244 5037 2388 5109 quod
2415 5037 2594 5093 minus
2611 5037 2826 5094 sincere
2849 5036 3158 5093 involvebat
3179 5038 3230 5092 in
3254 5048 3501 5110 pectore,

1911 5137 2172 5204 expertus
2214 5132 2268 5187 in
2309 5146 2371 5189 se
2415 5131 2761 5188 verissimum
2801 5147 2946 5201 esse,
2975 5132 3121 5204 quod
3146 5131 3215 5190 de
3244 5133 3504 5188 sinceris-

1913 5264 2062 5323 denti
2089 5263 2286 5334 capite.

1986 5335 2134 5408 (H3)
2158 5333 2250 5408 De
2271 5333 2563 5408 prehende
2585 5334 2746 5392 alicui
2773 5337 2828 5394 in
2856 5335 3224 5395 Lincolniensi
3256 5336 3504 5393 Ecclesia

1916 5403 2290 5531 clongedenda,
2329 5415 2380 5461 et
2408 5406 2488 5463 'ab
2521 5403 2746 5480 Hugone
2785 5409 2962 5466 eidem
2997 5424 3122 5478 cap.
3165 5411 3508 5480 praecedente

1917 5494 2018 5531 aen
2057 5493 2119 5531 aa
2149 5493 2200 5531 a.

1917 5493 2200 5548 uencgata.

1990 5545 2136 5620 (iis)
2177 5547 2334 5620 anno
2363 5545 2500 5620 ~l_200
2522 5563 2632 5620 quo
2653 5547 2808 5620 Ηυεο
2835 5564 2945 5604 una
2968 5564 3106 5620 cum_
3125 5557 3349 5604 auctore
3371 5545 3509 5603 Vita.-

1921 5616 2140 5672 ”arisiis
2171 5616 2292 5682 fuit,
2321 5617 2398 5672 uti
2427 5616 2640 5675 constat
2665 5616 2855 5676 ex'lib.
2885 5635 2937 5685 v,
2963 5635 3015 5674 c.
3048 5617 3138 5674 19.

1942 5728 1952 5736 .
1991 5688 2139 5759 (115)
2179 5689 2312 5756 Quis
2342 5704 2409 5760 eo
2437 5703 2582 5747 anno
2621 5689 2901 5760 prtel'uerit
2936 5687 3140 5748 scholis
3179 5687 3510 5749 Parisrcnsi-

1896 5763 2025 5833 bus
2075 5761 2320 5816 noverint
2349 5759 2702 5818 Parisienses.
