3962 6404
153 377 272 436 Ιωὶ

1487 375 1663 432 \‘l'I‘A.
1697 407 1767 417 —
1796 374 1922 432 LIB.
1964 375 2049 432 III.

3259 395 3401 454 1002

146 492 478 552 Cantuariam
538 491 666 558 fuit,
736 492 945 557 diruta,
999 490 1170 547 fretus
1235 490 1384 562 regia
1444 498 1713 560 potestate
1742 494 1790 551 Α
1818 489 2259 558 memoravimus,
2299 491 2400 548 hoc
2431 493 2688 552 uniform’i
2728 495 2934 570 iugiter
2961 500 3302 566 institutione
3337 521 3398 567 et

147 587 310 643 erexit
348 601 362 638 :
407 583 637 639 clericos
682 583 738 638 in
777 597 841 638 ea
889 582 1312 652 praebendarios,
1363 581 1710 638 saecularium

148 693 287 732 more
319 675 724 740 canonicorum,
753 683 846 729 aut
881 688 978 745 per
1015 689 1075 730 se
1105 674 1252 744 ipsos
1288 681 1382 727 aut
1418 687 1515 744 per
1544 673 1714 729 inter»

145 769 336 839 positas
384 780 646 836 personas
691 765 1094 821 ministraturos
1144 765 1397 832 instituit,
1444 781 1475 820 a
1513 765 1711 836 quibus

145 859 248 927 jam
274 858 414 912 circa
447 857 623 912 locum
663 857 910 928 pluribus
941 859 1245 914 contractis
1285 859 1550 924 adiﬁciis,
1586 874 1710 929 per-

146 959 307 1003 tracta
340 948 394 1002 in
417 943 638 1020 longum
669 951 816 1005 inter
835 948 1052 1004 Patrem
1080 960 1136 1004 et
1164 948 1325 1018 filios,
1350 949 1712 1020 arcbiprwsu-

138 1040 234 1094 lem
258 1048 312 1094 et
334 1041 650 1108 monachos,
684 1039 778 1097 lite
797 1056 1005 1107 amara,
1021 1041 1204 1097 multis
1230 1055 1444 1112 quoque
1463 1042 1710 1112 personis

137 1131 612 1196 elcctissimis,tam
634 1147 668 1187 e
693 1133 978 1189 monachis
999 1148 1161 1203 quam
1191 1149 1221 1189 e
1243 1125 1481 1199 clericis,
1507 1133 1708 1189 Roma-

137 1223 216 1276 nis
243 1222 486 1279 febribus
513 1223 566 1279 in
595 1224 728 1279 urbe
752 1224 854 1281 sub
879 1232 1007 1280 tunc
1028 1223 1288 1280 intestino
1320 1224 1480 1289 bello,
1502 1224 1710 1280 exstin-

134 1314 252 1378 ctis,
317 1314 429 1369 viri
470 1315 685 1369 tandem
731 1315 1067 1383 magnanimi
1112 1315 1416 1372 inconsulta
1474 1314 1704 1380 molitio,

130 1404 315 1460 eodem
355 1405 475 1474 ipso
517 1403 861 1471 demoliente,
909 1405 962 1460 in
1006 1405 1289 1476 pulverem
1336 1406 1551 1462 redacta
1602 1416 1704 1462 est.

131 1497 276 1554 Fecit
301 1499 427 1565 hoc,
455 1512 619 1568 quam
640 1498 842 1553 invitus
873 1507 983 1553 tam
1010 1508 1067 1552 et
1094 1499 1378 1566 confusus,
1405 1499 1706 1568 apostolica

129 1589 380 1645 nimirum
406 1582 700 1646 severitate
726 1589 1062 1659 compulsus.

193 1681 273 1737 Ad
317 1689 650 1753 postremum
679 1697 828 1750 vero,
868 1681 980 1754 iam
1026 1681 1147 1736 viro
1192 1681 1287 1737 Dei
1339 1681 1568 1752 Hngone
1613 1697 1712 1753 per

125 1771 367 1828 ultimam
417 1773 540 1828 vita:
596 1772 842 1830 mortalis
893 1773 1270 1844 aegritudinem
1330 1773 1401 1827 ad
1445 1782 1708 1828 aeternam

1813 584 1930 653 ipse
1959 583 2234 651 servabat,
2262 593 2318 640 et
2341 587 2643 659 quibusque
2674 590 2997 649 rationabile
3026 595 3138 653 Deo
3173 602 3397 671 cupien-

1812 671 1956 727 tibus
1980 672 2301 742 obsequium
2325 685 2608 746 praastare,
2636 680 3033 738 observandum
3061 683 3393 758 inculcabat,

1810 772 1869 818 ut
1895 763 2041 818 omni
2067 764 2277 822 scilicet
2308 775 2552 838 tempore
2585 780 2642 826 et
2675 771 2818 840 loco,
2860 775 3006 844 quod
3041 774 3225 833 rerum
3271 781 3396 836 cxi-

1809 862 1962 922 geret
2000 857 2348 924 prmsentium
2374 859 2646 930 instantia
2669 900 2685 927 ,
2711 863 3101 921 convenienter
3135 867 3399 938 adimple-

1810 952 1949 999 rent.
1995 945 2078 1000 Ad
2125 947 2271 1016 quod
2344 950 2509 1005 etiam
2573 951 2791 1023 dignius
2837 956 3264 1027 exsequendum,
3305 974 3395 1015 se-

1808 1035 1985 1106 ipsum
2015 1035 2274 1107 habilem,
2303 1051 2380 1107 et,
2401 1051 2662 1112 quantum
2688 1044 2885 1116 potuit,
2903 1045 3158 1105 idoneum
3181 1051 3399 1108 studuit

1807 1128 2083 1184 exhibere.

1879 1217 2133 1276 Sentiens
2167 1231 2349 1278 autem
2398 1227 2576 1297 magni
2618 1241 2740 1283 esse
2775 1227 2976 1286 laboris
3013 1245 3150 1302 opus
3183 1233 3396 1303 episco-

1807 1308 1946 1380 palis
1977 1309 2164 1378 oﬂicii,
2191 1327 2294 1369 nec
2318 1314 2439 1396 sine
2478 1317 2686 1373 viribus
2700 1320 2871 1375 etiam
2891 1323 3138 1393 corporis
3158 1324 3210 1380 id
3234 1339 3398 1395 posse

1808 1399 2066 1458 decenter
2112 1402 2364 1474 impleri,
2413 1406 2492 1462 ita
2539 1407 2790 1477 iumeto
2837 1415 3083 1484 corporis
3135 1415 3398 1474 alimenta

1808 1494 2084 1563 praebebat
2105 1505 2165 1551 ut
2189 1499 2519 1556 necessariis
2550 1501 2738 1558 usibus
2759 1518 2999 1575 congrue
3024 1508 3387 1566 subserviret.

1810 1582 1966 1649 Quod
1995 1597 2060 1640 eo
2094 1586 2345 1644 securius
2372 1602 2548 1660 eoque
2587 1589 2947 1650 sufﬁcientius
2982 1594 3242 1664 faciebat,
3289 1614 3400 1669 quo

1811 1678 2012 1744 minus,
2035 1694 2104 1735 ne
2123 1691 2314 1738 contra
2336 1697 2493 1738 suum
2518 1685 3202 1760 recalcitraretsessorem,
3230 1694 3400 1749 casti-

1814 1771 2030 1840 gatione
2058 1772 2364 1830 diutissima
2397 1774 2512 1844 iam
2540 1778 2677 1832 satis
2699 1777 3022 1848 edomitum,
3048 1785 3401 1840 metuendum

124 1871 448 1933 properante
478 1861 738 1919 felicioris
766 1862 894 1918 vitae
920 1861 1372 1929 incolumitatem,
1409 1861 1526 1932 ipso
1549 1861 1712 1917 simul
1747 1855 1788 1911 Β
1813 1872 1956 1916 erat.
1986 1861 2122 1919 Nam
2148 1875 2201 1921 et
2233 1881 2333 1936 per
2366 1868 2682 1922 continuum
2721 1870 3017 1940 frigidioris
3041 1872 3215 1929 dieue
3243 1889 3402 1931 usum

123 1952 329 2008 arbitro
365 1963 421 2009 et
456 1951 832 2025 coniudicibus
862 1953 976 2008 suis
999 1967 1028 2006 a
1054 1967 1269 2008 summo
1295 1951 1552 2021 delegatis
1577 1967 1716 2023 pon-

121 2045 285 2112 tiﬁce,
302 2061 411 2116 pax
428 2046 570 2101 inter
591 2044 878 2114 praedictos
905 2043 1200 2099 reformata
1216 2053 1301 2098 est
1325 2044 1376 2114 (1
1389 2043 1496 2114 l9),
1516 2043 1713 2098 mirum

122 2136 171 2189 in
212 2136 440 2191 modum
478 2134 788 2190 exsultante
831 2141 888 2190 et
931 2133 985 2188 in
1034 2133 1138 2189 hoc
1167 2132 1365 2187 divina:
1412 2131 1715 2189 cleinentiae

117 2227 322 2296 gratias
354 2226 624 2282 referente
648 2225 839 2281 eodem
862 2223 1218 2279 veracissimo
1245 2222 1360 2278 lilio
1385 2223 1558 2293 pacis.
1576 2222 1715 2280 Gra-

117 2316 398 2372 tulabatnr
422 2329 660 2386 namque
701 2313 1020 2385 impensius,
1045 2313 1174 2384 quia
1207 2313 1378 2368 instar
1407 2312 1712 2369 beatissimi

117 2407 336 2462 Martini
360 2406 538 2478 (cujus
554 2420 777 2476 semper
803 2413 858 2460 et
881 2414 1094 2460 amator
1117 2403 1348 2460 devotus
1369 2412 1430 2459 et
1457 2412 1714 2460 strenuus

115 2497 363 2551 imitator
423 2510 546 2551 esse
599 2494 899 2566 meruerat)
965 2495 1106 2550 hanc
1163 2494 1420 2548 virtutum
1486 2508 1711 2549 suarum

116 2591 312 2643 bonam
338 2587 556 2644 fecisset
569 2585 1115 2652 consummationem,
1131 2599 1236 2654 qua
1258 2583 1713 2654 paccatEcclesiaa

242 2678 512 2736 redditam
542 2678 877 2749 reliquisset.

723 2766 952 2824 CAPUT
990 2767 1098 2822 XII.

123 2860 400 2927 Quomodo
424 2863 478 2915 in
505 2875 684 2914 meum
701 2868 752 2913 et
775 2860 830 2912 in
852 2859 1162 2914 victuaiibus
1189 2875 1245 2914 se
1273 2858 1324 2914 11
1331 2876 1430 2930 ugo
1455 2858 1710 2926 habebat;

185 2943 235 2985 et
257 2949 418 3001 quam
443 2941 680 3000 potenter
691 2930 748 2983 iu
765 2933 1093 3001 exsecutione
1112 2946 1315 3001 eorum,
1328 2946 1446 3000 qua:
1459 2930 1542 2984 sui
1563 2939 1712 2984 erant

185 3000 375 3070 ofﬁcii,
393 3018 451 3055 se
475 3001 718 3070 gerebat;
745 3010 791 3053 et
815 3015 971 3070 quam
995 3000 1261 3070 [tuitiiliter
1286 3017 1347 3054 ac
1369 3003 1546 3054 devote
1569 3001 1710 3052 circa

184 3069 374 3141 pueros
424 3069 832 3139 conﬁrmandos
861 3078 908 3123 et
959 3069 1091 3123 alios
1131 3069 1436 3139 inﬁrmitate
1475 3072 1709 3123 detento:

186 3143 416 3196 astabat.
1027 3158 1032 3162 '

183 3232 316 3286 Erat
343 3232 636 3304 quoquein
665 3245 850 3286 mensa
875 3230 1066 3285 hilaris
1090 3237 1144 3286 et
1171 3230 1463 3298 iucundus,
1479 3231 1587 3299 sed,
1602 3245 1709 3288 non

117 3325 230 3380 sine
259 3325 540 3395 gravitate
569 3333 624 3379 et
650 3323 940 3390 modestia,
974 3323 1106 3377 illud
1149 3327 1367 3393 semper
1393 3324 1706 3389 attendens,

115 3425 167 3468 et
191 3417 526 3488 quandoque
552 3416 894 3471 hortantibus
913 3430 977 3472 se
1004 3416 1072 3471 ad
1109 3415 1396 3470 laetandum
1420 3429 1516 3471 ore
1549 3416 1712 3472 etiam

114 3504 394 3573 proferens
473 3505 618 3574 quod
655 3505 710 3559 in
746 3504 888 3560 libro
919 3503 1115 3560 Esther
1165 3501 1396 3576 [Iudith]
1442 3504 1646 3575 legitur
1690 3523 1708 3559 :

113 3593 238 3650 ιιι-(ἱ
263 3596 435 3650 simus
473 3595 759 3651 secundum
796 3595 985 3662 faciem
1006 3605 1306 3650 sanctorum
1326 3594 1558 3666 (Judith.
1576 3595 1711 3666 xw).

114 3685 171 3742 Si
220 3689 454 3760 quando
500 3687 797 3744 histriones
846 3697 939 3741 aut
980 3687 1175 3742 musici
1221 3688 1336 3742 suis
1383 3688 1713 3746 interessent

107 3781 390 3835 occasione
450 3780 686 3850 quadam
737 3777 1070 3835 solemnibus
1105 3779 1386 3845 conviviis,
1426 3779 1516 3834 ubi
1569 3779 1706 3851 ipse,

107 3870 216 3926 sive
229 3871 298 3927 ad
327 3869 773 3942 propriam,sive
788 3870 856 3924 ad
884 3868 1120 3923 alienam
1143 3883 1387 3923 mensam
1418 3871 1709 3937 resideret,

109 3971 231 4015 tunc
261 3975 428 4031 quam
477 3959 714 4014 maxime
737 3957 994 4029 gravitati
1029 3955 1306 4023 studebat,
1329 3957 1423 4013 vix
1470 3973 1708 4029 unquam

104 4051 286 4108 oculos
310 4066 345 4107 a
372 4064 581 4107 mensa
605 4051 847 4122 erigens,
888 4059 943 4105 et
976 4050 1050 4104 ita
1091 4064 1150 4106 se
1192 4049 1247 4104 in
1284 4051 1433 4106 omni
1471 4059 1627 4122 gestu
1655 4060 1713 4109 et

101 4158 358 4200 sermone
377 4143 690 4210 exhibens,
720 4152 780 4198 ut
808 4142 1158 4199 manifestum
1191 4153 1339 4200 esset
1378 4145 1711 4203 intuentibus

110 4236 238 4305 quia
265 4246 398 4292 tunc
429 4249 498 4292 se
521 4236 590 4289 ad
620 4233 882 4291 interiora
911 4234 1116 4290 arctius
1133 4235 1556 4306 constringeret,
1583 4251 1709 4294 cum

111 4342 314 4385 sensus
380 4326 698 4384 exteriores
753 4326 1069 4398 huiusmodi
1133 4326 1400 4383 lenocinia
1460 4326 1710 4386 blandius

109 4420 438 4476 mulcerent.

1814 1966 1880 2005 eo
1908 1967 2079 2022 usque
2113 1955 2358 2012 internas
2378 1955 2493 2024 iam
2525 1953 2772 2027 corporis
2800 1961 2948 2018 vires
2990 1963 3297 2032 attriverat,
3341 1977 3404 2022 ut

1815 2041 2101 2098 fatiscente
2131 2046 2366 2101 naturali
2399 2046 2839 2114 calore,crcbras
2875 2051 3171 2123 infrigidati
3196 2064 3404 2110 stoma-

1815 2131 1902 2186 chi
1943 2131 2213 2202 perferret
2250 2136 2547 2206 molestias,
2581 2140 2755 2197 iliacis
2795 2141 3015 2216 insuper
3054 2147 3402 2218 passionibns

1815 2224 2010 2292 saepius
2044 2226 2385 2284 amarissime
2422 2225 2787 2300 torqueretur.
2817 2233 3181 2299 Nihilominus
3218 2251 3403 2300 tamen

1816 2310 1958 2368 inter
1973 2313 2087 2369 haec
2113 2315 2284 2370 adfuit
2304 2317 2447 2383 ei,et
2474 2318 2681 2376 adluxit
2705 2322 2996 2395 singularis
3016 2331 3214 2401 gratia,
3233 2334 3406 2390 robur

1814 2401 1890 2457 illi
1923 2405 2293 2474 accumulans,
2331 2407 2645 2468 fortissimis
2669 2413 2974 2487 quibusque
2993 2419 3402 2483 admirandum.

1817 2492 2012 2551 Videre
2060 2499 2215 2566 quasi
2273 2500 2593 2556 miraculum
2652 2514 2775 2560 erat
2825 2508 3286 2577 quemadmodum
3345 2516 3402 2572 in

1813 2583 2170 2640 ecclesiarum
2203 2587 2658 2657 dedicationibus,
2678 2592 2731 2648 in
2764 2594 3227 2659 celebrationibus
3252 2606 3406 2662 ordi-

1814 2689 1972 2741 num,
2031 2685 2465 2751 caeterorumque
2521 2682 3020 2743 ecclesiasticarum
3075 2691 3398 2764 ciliciorum,

1812 2779 1909 2821 seu
1940 2769 2273 2838 quibuslibet
2313 2773 2644 2842 pontificalis
2685 2776 2972 2833 ministerii
3002 2783 3291 2841 exercitiis
3318 2787 3401 2853 (in

1813 2859 2013 2929 quibus
2041 2858 2336 2931 plurimum
2363 2862 2579 2919 videtur
2604 2879 2726 2922 esse
2753 2867 2980 2941 laboris)
3009 2873 3253 2930 omnium
3293 2877 3402 2934 sibi

1813 2947 2206 3005 adhaerentium
2233 2951 2378 3009 vires
2401 2953 2549 3010 solus
2583 2955 2698 3024 ipse
2717 2958 3028 3026 excederet,
3050 2965 3401 3031 quemadmo-

1813 3038 1941 3094 dum
1971 3055 2078 3096 non
2090 3039 2264 3097 solum
2285 3043 2464 3111 fessis,
2487 3046 2582 3101 sed
2605 3060 2746 3117 pene
2757 3047 3138 3108 deﬁcientibus
3159 3057 3395 3124 cunctis,

1815 3130 1936 3187 aliis
1973 3133 2040 3188 ad
2088 3136 2438 3193 resumendus
2478 3137 2620 3194 vires
2660 3138 2938 3209 paululum
2985 3145 3400 3214 accedentibus,

1813 3222 1935 3279 aliis
1975 3225 2042 3280 ad
2065 3225 2478 3298 obsequendum
2521 3230 2570 3284 ei
2600 3232 3037 3302 succedentibus,
3087 3237 3204 3310 ipse
3252 3240 3400 3298 inde-

1813 3315 1992 3373 fessus
2021 3317 2283 3373 etalaCer
2329 3321 2398 3376 de
2432 3335 2598 3393 opere
2628 3323 2698 3378 ad
2740 3339 2898 3395 opus,
2938 3327 3006 3384 de
3044 3328 3236 3388 labore”
3276 3347 3402 3403 per-

1814 3419 2060 3464 curreret
2083 3409 2151 3465 ad
2171 3409 2438 3468 laborem.

1883 3497 1966 3555 Ad
1998 3498 2126 3566 ista,
2181 3515 2571 3572 nonnunquam
2624 3508 2883 3577 surgebat
2920 3518 3050 3567 ante
3100 3512 3301 3582 lucem,
3342 3527 3402 3574 et

1814 3603 1988 3660 usque
2013 3591 2082 3646 ad
2112 3590 2415 3663 profundas
2442 3597 2725 3667 sequentis
2751 3600 2930 3657 noctis
2959 3603 3216 3661 tenebras
3251 3604 3402 3677 ieiu-

1815 3696 1973 3747 nans,
1987 3697 2088 3738 nec
2102 3697 2131 3737 a
2149 3681 2336 3740 labore
2356 3699 2599 3754 cessans,
2615 3687 2756 3743 diem
2779 3690 3020 3747 medium
3042 3694 3398 3767 transigebat.

1813 3773 2158 3844 Plerumque,
2185 3775 2312 3830 dum
2347 3775 2668 3834 immodicus
2689 3782 2899 3838 aestatis
2931 3781 3116 3840 fervor
3147 3786 3402 3845 immine.

1816 3873 1918 3931 ret,
1951 3866 2216 3935 quosdam
2240 3867 2431 3924 altaris
2465 3869 2840 3927 ministrorum
2867 3875 3099 3945 cogebat
3146 3880 3305 3949 panis
3344 3892 3403 3938 et

1812 3956 1925 4012 vini
1949 3958 2225 4015 modicum
2252 3960 2542 4031 praelibare
2569 3962 2742 4034 (I22),
2772 3978 2841 4020 ne
2874 3949 3202 4039 prmgravati
3237 3981 3398 4042 testu,

1805 4046 2013 4119 jejunio
2036 4057 2089 4104 et
2116 4048 2316 4111 labore.
2334 4052 2470 4106 citra
2497 4052 2798 4124 periculum
2813 4063 2937 4125 post
2963 4057 3122 4114 toties
3140 4061 3402 4132 repetitos

1811 4143 2107 4212 circuitus,
2163 4142 2220 4198 in
2285 4142 2645 4200 ecclesiarum
2703 4145 3140 4206 dedicationibus
3190 4162 3398 4222 astare,

1812 4233 2030 4292 demum
2056 4243 2114 4292 et
2141 4235 2456 4291 ministrare
2479 4235 2772 4292 missarum
2799 4238 3065 4296 solemnia
3095 4242 3416 4304 celebranti

1812 4326 2210 4398 nequivissent.
2241 4325 2379 4382 Cum
2412 4329 2764 4398 praegustatis
2804 4328 2965 4398 jussu
3002 4347 3102 4388 suo
3142 4337 3397 4406 panibus,

1811 4417 2028 4474 horrori
2084 4417 2408 4488 quibusdam
2475 4427 2532 4474 et
2599 4418 2878 4478 formidini
2935 4438 3060 4480 esse
3112 4427 3397 4495 sensisset,

177 4511 386 4570 Sacras
423 4514 573 4568 inter
608 4511 934 4568 vescendum
981 4510 1242 4567 lectiones
1268 4520 1417 4566 tanta
1449 4513 1707 4569 audiebat
1742 4535 1788 4590 Β
1813 4522 2030 4563 sacrum
2079 4508 2223 4563 inter
2266 4507 2476 4578 agenda
2522 4507 2606 4563 vel
2646 4509 2876 4566 calicem
2925 4511 3010 4567 vel
3054 4513 3398 4572 Dominicam

112 4601 419 4674 diligentia,
447 4611 512 4657 ut
546 4609 746 4672 praeter
781 4598 1163 4656 nonnullorum
1194 4602 1477 4670 passiones
1506 4611 1712 4672 marty-

107 4709 248 4763 rum,
287 4703 499 4766 praater
533 4704 685 4765 gesta
704 4693 1068 4764 quorumdam
1108 4701 1444 4760 sanctorum,
1475 4701 1533 4748 et
1565 4691 1712 4748 cele-

107 4786 319 4844 briores
347 4789 433 4844 'de
463 4786 759 4858 praecipuis
786 4785 1222 4840 solemnitatibus
1263 4786 1548 4841 doctorum
1594 4799 1711 4841 ser-

108 4893 321 4946 mones,
348 4887 536 4934 totum
568 4875 682 4931 fere
710 4875 796 4931 vel
825 4891 894 4930 ex
930 4875 1146 4946 integro
1179 4874 1345 4931 Vetus
1388 4875 1712 4945 Novumque

109 4969 530 5027 Testamentum
547 4969 598 5040 (l
607 4967 724 5039 20),
739 4967 979 5038 exceptis
995 4976 1228 5037 quatuor
1251 4967 1708 5038 evangelistarum

107 5063 258 5120 libris
281 5049 438 5136 (121)
460 5064 623 5134 (quos
647 5063 788 5128 aliis,
805 5062 944 5116 sicut
965 5061 1106 5115 infra
1129 5061 1362 5128 dicetur,
1377 5061 1712 5132 temporibus

109 5153 208 5225 legi
237 5156 537 5224 instituit),
566 5169 688 5208 cum
715 5154 783 5207 ad
807 5163 1132 5208 nocturnum
1156 5151 1393 5208 oliicium
1419 5166 1603 5208 coram
1627 5167 1707 5220 se,

107 5252 220 5301 tum
257 5247 329 5302 ad
365 5244 666 5318 prandium
697 5244 905 5301 faceret
940 5245 1182 5300 recitari.
1217 5243 1286 5300 Ut
1329 5253 1510 5302 autem
1549 5259 1712 5316 supra

176 5448 329 5521 (H9)
387 5449 472 5504 De
523 5448 630 5521 hac
667 5461 830 5518 pace,
875 5445 1088 5521 plenius
1132 5443 1436 5521 alt_ero_ab_
1469 5445 1712 5521 Iingonis

105 5515 258 5573 obitu
300 5515 454 5575 anno
498 5515 839 5583 conﬁrmata,
871 5515 994 5572 vide
1034 5516 1274 5571 Annales
1312 5515 1460 5572 Eccl.
1494 5515 1710 5573 Winto-

105 5589 286 5645 biens.
317 5589 468 5660 apud
501 5587 884 5660 Warthonum,
913 5602 1041 5660 pag.
1063 5586 1212 5660 505._
1304 5625 1339 5660 _-

180 5656 464 5726 (IQOJ'EX
507 5658 895 5713 consuetudine
930 5656 1135 5711 ordinis
1174 5656 1611 5726 Carthusiensis,
1654 5657 1710 5713 in

108 5723 217 5796 quo
244 5723 445 5784 eadem
479 5730 637 5783 annis
667 5729 911 5798 singulis,
938 5739 1028 5782 aut
1059 5729 1110 5781 in
1138 5729 1388 5792 ecclesia,
1415 5738 1509 5783 aut
1537 5723 1605 5782 in
1627 5743 1712 5782 re-

109 5801 369 5868 l'ectorio,
400 5800 657 5867 leguntur
683 5797 993 5866 hodiedum,
1031 5808 1085 5855 ct
1122 5797 1226 5868 legi
1263 5807 1466 5856 statuta
1503 5799 1706 5856 volunt.

355 5891 644 5955 Parnm“
691 5888 903 5954 CLIII.

1815 4601 2130 4668 contingere
2149 4599 2455 4666 sindonem,
2472 4602 2736 4671 arguebat
2750 4617 2845 4659 eos
2855 4604 3013 4674 quasi
3039 4605 3249 4674 pusillae
3271 4609 3398 4666 lidci

1811 4698 1872 4746 et
1919 4689 2266 4746 discretionis
2321 4689 2570 4756 infirmae,
2620 4692 2712 4762 qui
2760 4705 2862 4749 nec
2907 4695 3135 4753 obedire
3194 4699 3399 4757 vellent

1808 4781 2018 4850 iubenti
2046 4782 2164 4836 sine
2189 4781 2528 4840 hzesitatione
2551 4784 2969 4856 circumspecta:
2987 4785 3277 4857 iussionis.

1884 4871 2326 4942 Quotiescunque
2345 4873 2449 4929 iter
2473 4874 2654 4945 agenti
2677 4876 3067 4945 occurrissent,
3089 4888 3149 4934 ut
3172 4883 3396 4950 assolet,

1812 4966 1908 5038 qui
1937 4980 2034 5038 per
2062 4981 2258 5022 manus
2285 4982 2397 5023 suae
2434 4967 2837 5038 impositioucm
2874 4971 3190 5028 conﬁrmari
3219 4989 3399 5046 expe-

1815 5066 2014 5124 terent,
2045 5066 2137 5113 aut
2170 5058 2262 5130 qui
2311 5059 2566 5128 parvulos
2609 5060 2659 5115 ei
2686 5061 2777 5125 .ad
2813 5059 2943 5116 illud
2988 5062 3398 5135 percipiendum

1813 5159 2216 5206 sacramentum
2236 5148 2516 5217 oﬂ‘errent,
2531 5165 2656 5206 mox
2677 5161 2982 5222 opportuno
3008 5153 3129 5211 loco
3156 5155 3208 5211 in
3232 5162 3399 5230 pedes

1813 5239 1882 5296 ab
1907 5255 2048 5312 equo
2079 5239 2434 5309 deacendens,
2457 5240 2602 5312 quod
2628 5240 2772 5300 illius
2797 5251 2918 5300 erat
2950 5241 3134 5316 oﬂicii,
3165 5249 3398 5307 sollicita

1885 5438 2058 5513 (I2l)_
2077 5438 2203 5513 Haec
2229 5451 2409 5492 annue
2435 5437 2491 5492 in
2528 5436 2765 5513 capitulo
2786 5446 2911 5513 post
2943 5447 3140 5513 nonam
3169 5442 3391 5513 ganoni~

1811 5509 1934 5568 cam
1963 5527 1992 5565 a
2023 5509 2289 5564 Paschate
2323 5522 2496 5578 usque
2533 5509 2601 5562 ad
2641 5509 2843 5564 festum
2876 5509 3129 5566 Omnium
3162 5511 3394 5569 Sancto-

1813 5599 1934 5640 rum
1963 5581 2103 5648 apud
2129 5579 2517 5634 Cartltusianos
2547 5580 2813 5648 leguntur.

1820 5704 1824 5705 ν
1885 5648 2035 5723 (122)
2074 5650 2421 5723 Contrarium
2447 5648 2851 5723 innuitmb'urius
2877 5648 2963 5723 his
2988 5648 3206 5706 verbis:
3241 5671 3259 5703 ι
3291 5651 3398 5708 Nc-

1813 5719 2024 5778 minem
2050 5721 2264 5778 sinebat
2287 5719 2356 5774 ad
2391 5735 2547 5795 sacra
2577 5719 3119 5795 olli‘cia‘ministrare,
3145 5723 3234 5793 qui
3255 5724 3401 5795 jeju-

1813 5795 1963 5851 nium
1993 5807 2317 5865 quacunque
2338 5792 2622 5848 occasione
2645 5788 2914 5860 fregisset.
2946 5810 2965 5842 ι

3015 5885 3097 5947 32
