3962 6416
563 377 708 438 1003

1477 368 1536 424 S.
1583 364 1884 424 IIUGONIS
1913 362 2126 422 EPISC.
2167 363 2483 424 LINCOLN.
2523 365 2684 424 Olli).
2719 365 2969 423 CAR'I'II.

3705 371 3822 426 IGJI

563 494 848 554 devotione
900 487 1248 562 adimplebat,
1301 491 1355 543 in
1403 501 1728 558 quacunque
1771 485 1992 542 dioecesi
2039 485 2142 541 hoc
2175 503 2219 560 Α
2246 484 2422 557 exigui
2459 484 2675 550 labella,
2709 493 2767 540 ιιι
2791 495 3075 556 putaretur
3121 487 3436 542 incredibile
3486 489 3570 542 sic
3599 505 3748 557 [osse
3777 515 3818 546 ιιι

561 588 871 647 accidisset.
899 583 1053 641 Nulla
1083 596 1318 653 unquam
1343 579 1662 650 fatigatione
1687 585 1781 634 aut
1802 578 2140 644 infirmitate,

563 677 707 734 nulla
731 673 834 731 viae
861 673 1156 746 asperitate
1185 679 1279 725 aut
1303 668 1448 725 aeris
1477 668 1820 738 intemperie,
1846 677 1909 722 ut
1939 681 2142 738 equum

561 772 758 828 sedens
787 776 997 826 tantum
1043 765 1330 821 exhiberet
1369 769 1804 828 sacramentum,
1831 762 2008 832 potuit
2063 761 2142 814 in-

563 863 706 920 duci.
733 863 869 918 Data
899 859 1118 930 quidem
1147 855 1527 912 benedictione
1555 861 1744 927 optata
1777 853 2140 910 circumstan-

563 953 724 1015 tibus.
757 947 988 1005 infirm-is
1013 959 1248 1016 quoque,
1275 945 1368 1016 qui
1403 944 1730 1011 adfuissent,
1774 941 2021 1001 oratione
2073 944 2142 996 ad

567 1041 729 1100 Deum
761 1055 862 1113 pro
887 1041 968 1095 eis
997 1037 1138 1104 fusa,
1171 1038 1226 1092 iu
1259 1051 1410 1107 spem
1457 1035 1822 1107 adipiscenda)
1861 1035 2144 1105 sospitatis

561 1149 681 1188 cum
731 1130 1095 1188 exsultatione
1157 1129 1575 1199 respirantibus,
1635 1127 1875 1198 repletus
1919 1135 1975 1181 et
2027 1127 2146 1196 ipse

557 1221 1026 1278 benedictionibus
1051 1228 1394 1288 cunctorum,
1413 1231 1648 1291 emptam
1681 1218 1958 1288 repetebat
1975 1217 2137 1270 viam.

555 1315 994 1388 Quamplurimos
1033 1325 1212 1370 autem
1245 1329 1344 1386 per
1391 1313 1700 1385 huiusmodi
1741 1311 1910 1381 ipsius
1937 1311 2142 1365 oratio-

553 1421 680 1462 nem
707 1421 822 1462 seua
847 1406 1282 1462 benedictionem
1315 1413 1588 1474 speratam
1629 1410 1950 1458 consecutos
1975 1399 2142 1456 fuisse

560 1497 990 1554 incolumitatem
1017 1495 1390 1554 indubitanter
1409 1507 1554 1564 saepe
1577 1493 1924 1564 agnovimus.

1149 1584 1379 1643 CAPUT
1417 1585 1554 1642 XIII.

553 1683 794 1749 Qualiter
805 1699 870 1738 ea:
883 1682 1161 1737 dulcedine
1175 1677 1760 1752 aﬂ'ectionisinfantulis
1771 1678 2138 1752 adjocabatur,

571 1748 584 1816 ξ
673 1753 764 1822 qui
785 1755 892 1808 vice
913 1769 1064 1808 versa
1085 1748 1254 1808 eidem
1274 1749 1583 1804 mirabiliter
1603 1748 2009 1820 applaudebant.

2248 576 2340 632 tali
2375 576 2592 633 nitatula
2623 576 2756 634 solis
2785 578 2962 634 adhuc
3005 578 3280 648 vagitibus
3315 587 3600 633 assuetum
3645 580 3816 636 ridere.

2247 665 2450 722 Deinde
2483 666 2782 722 brachinlis
2809 667 2966 738 quasi
2994 667 3062 722 ad
3093 667 3516 732 subvolaudnm,
3547 683 3692 724 tione
3729 673 3818 726 dis-

2245 756 2422 824 tortis,
2474 773 2618 812 nunc
2667 756 2930 826 disicetis,
2977 758 3250 814 cervicem
3307 759 3416 816 huc
3481 758 3720 830 illucque
3755 763 3820 830 ja-

2243 850 2469 916 ctando,
2511 851 2668 920 quasi
2723 849 3131 921 importabilem
3179 852 3284 906 sibi
3333 866 3458 907 esse
3509 854 3822 910 monstrabat

2243 941 2462 1008 laetitiae,
2485 955 2589 1012 qua
2611 940 2970 1011 adiciebatur,
2990 943 3436 1014 magnitudinum.
3453 942 3616 998 Tunc
3633 959 3820 1000 manant

2241 1033 2359 1103 ejus
2387 1032 2636 1102 utrisque
2657 1042 2963 1090 attractans
2993 1033 3268 1105 palmulis,
3295 1043 3354 1090 et
3379 1034 3716 1104 distringens
3739 1051 3822 1106 pro

2242 1127 2464 1184 modqu
2493 1143 2594 1184 suo
2619 1129 2698 1184 ori
2732 1130 2990 1200 applicat,
3033 1130 3346 1201 appiicitam
3379 1144 3518 1184 vero
3555 1129 3824 1183 allamhere

2245 1221 2428 1290 potius
2443 1236 2604 1291 quam
2619 1222 2858 1278 osculari
2875 1222 3446 1280 festinabat.Facicnte
3461 1222 3588 1278 haec
3599 1221 3822 1290 pontiﬁce

2241 1309 2548 1367 diutissime
2590 1312 2824 1379 infanti,
2867 1321 2924 1368 et
2958 1313 3166 1370 infante
3209 1313 3496 1384 pontiﬁci,
3545 1313 3822 1368 inauditum

2242 1399 2474 1456 invicem
2495 1403 2564 1456 de
2583 1417 2646 1459 se
2669 1405 3042 1475 spectaculum
3065 1405 3466 1462 delectabiliter
3487 1404 3818 1460 exhibebant.

2239 1491 2435 1550 Oblata
2464 1502 2592 1549 sunt
2619 1495 2840 1564 quidem
2887 1509 3058 1565 puero
3087 1497 3158 1553 ab
3201 1496 3318 1566 ipso
3355 1495 3630 1566 episcopo
3669 1510 3820 1564 pom.

2239 1582 2322 1638 vel
2351 1599 2474 1660 quae
2501 1585 2702 1640 talibus
2743 1585 2921 1642 solent
2959 1599 3080 1642 esse
3119 1596 3271 1658 grata
3311 1587 3528 1656 pueris,
3569 1585 3820 1656 pIeraqne,

2241 1675 2457 1745 aliaque
2495 1676 2728 1748 singula,
2761 1692 2827 1732 ac
2851 1678 2898 1732 si
2929 1677 3088 1734 tazdio
3128 1678 3230 1734 sibi
3273 1676 3480 1742 forent,
3525 1677 3818 1748 repellebat.

2241 1763 2374 1832 Quze
2403 1765 2714 1835 repellendo
2745 1776 2892 1833 tunc,
2917 1768 3072 1838 quasi
3103 1769 3340 1832 vicisset,
3367 1777 3524 1824 totus
3555 1768 3616 1822 in
3639 1769 3818 1838 cpisco-

569 1901 574 1907 ,
622 1843 704 1898 Ex
745 1843 914 1898 multa
943 1841 1158 1912 quidem
1197 1841 1482 1911 parvitatis
1511 1849 1570 1896 et
1608 1839 1934 1906 innocentiae
1967 1838 2137 1893 abuu-
2168 1865 2215 1926 Β
2242 1871 2371 1926 pum
2419 1854 2686 1914 ξηιιίδωι,
2741 1857 2916 1930 Ipsius
2965 1872 3184 1928 quoque
3229 1857 3504 1922 nutricis.
3555 1873 3681 1928 qu
3719 1873 3818 1912 ηπ,

546 1935 754 2002 (lautia,
786 1946 847 1991 ut
882 1943 1003 1990 erat
1031 1934 1395 2005 simplicitatis
1439 1942 1496 1990 et
1523 1933 1802 1990 munditiae
1831 1932 2136 2004 praecipuus

547 2033 758 2080 amator
789 2033 844 2086 et
879 2032 1088 2091 custos,
1118 2022 1414 2080 infantulos
1443 2022 1531 2078 vir
1557 2030 1780 2079 sanctus
1813 2021 1952 2078 miro
1982 2036 2138 2078 exco-

545 2117 692 2174 lebat
711 2115 930 2183 affectu,
957 2132 1065 2175 non
1088 2116 1249 2172 modo
1275 2117 1666 2181 sinceritatem,
1693 2115 1789 2172 sed
1818 2115 1982 2184 etiam
2009 2121 2139 2169 aeta-

546 2222 656 2268 tem
702 2211 1024 2283 respiciens.
1073 2209 1322 2266 Parvulis
1349 2211 1518 2274 enim,
1555 2209 1646 2266 ubi
1691 2223 1787 2266 eos
1827 2207 2138 2278 reperisset,

544 2302 812 2372 spirituali
854 2302 1090 2372 quadam
1135 2303 1404 2358 suavitate
1433 2301 1644 2358 dulcius
1670 2300 2043 2370 adimebatur,
2085 2307 2140 2358 et

543 2408 576 2446 a
629 2391 825 2450 talibus
869 2393 958 2448 vix
1001 2391 1180 2448 adhuc
1221 2391 1642 2448 halbutientibus
1685 2392 1808 2446 miri
1859 2391 2138 2462 cujusdam

545 2485 748 2556 leporis
801 2484 1128 2542 semiverbia
1177 2485 1450 2540 eliciebat.
1505 2483 1855 2555 Imprimebat
1908 2482 2142 2540 subinde

543 2575 816 2638 frontibus
859 2575 946 2632 vel
991 2573 1295 2646 quibusque
1335 2575 1588 2632 sensibus
1632 2590 1822 2630 eorum
1863 2574 2140 2634 vivificum

544 2675 750 2734 sanctae
783 2665 964 2724 erucis
993 2665 1228 2737 signum,
1259 2665 1434 2722 fausta
1458 2666 1540 2723 eis
1577 2666 1914 2736 imprecans,
1936 2679 2140 2736 eosque

544 2759 741 2814 iterata
765 2757 962 2828 saepius
989 2755 1371 2814 benedictione
1397 2759 1796 2814 communiens.
1825 2757 1901 2814 Illi
1921 2771 2139 2828 quoque

549 2849 688 2908 mira
715 2849 766 2906 ei
798 2849 1042 2906 vicissim
1065 2847 1346 2904 celeritate
1376 2847 1716 2904 familiariter
1737 2847 1978 2906 alludere
2003 2863 2138 2918 gau-

541 2943 766 3008 debant,
797 2941 1000 3013 quique
1023 2939 1270 2996 omnium
1299 2953 1438 3010 pene
1475 2939 1718 2996 virorum
1759 2949 2014 3011 aspectus
2041 2954 2137 2996 ve-

543 3035 654 3092 reri
677 3034 1008 3102 solebant,ei
1027 3033 1208 3106 potius
1227 3047 1391 3106 quam
1409 3047 1510 3090 suo
1529 3033 1744 3105 parenti
1763 3033 2138 3091 desideranter

541 3127 912 3183 adhaerebant.

2244 1949 2512 2019 gestabat,
2539 1964 2666 2005 cum
2697 1949 2934 2020 quodam
2975 1949 3196 2006 fastidio
3221 1965 3418 2006 manus
3445 1951 3562 2008 sibi
3603 1951 3822 2005 aduncus

2241 2039 2564 2108 respiciens,
2590 2039 2764 2096 oculis
2787 2040 2842 2096 in
2863 2040 3178 2112 episcopum
3219 2041 3564 2108 intendebat,
3583 2051 3642 2095 et
3675 2043 3820 2096 mani-

2241 2131 2342 2186 bus
2373 2130 2450 2185 illi
2483 2133 2866 2202 applaudebat,
2899 2147 2966 2188 ac
2991 2147 3092 2188 ore
3129 2133 3508 2189 indesinenter
3543 2134 3818 2188 arridebat.

2309 2221 2604 2292 Asportato
2633 2223 2850 2279 demum
2879 2237 2967 2289 eo,
2999 2239 3126 2280 cum
3167 2224 3508 2292 mirarentur
3539 2235 3822 2294 pheseiﬂﬁ

2241 2327 2404 2384 super
2427 2314 2520 2369 tali
2543 2315 2811 2386 prodigio,
2829 2325 3138 2372 asserentes
3161 2331 3440 2386 nunquam
3465 2317 3644 2370 visum
3671 2315 3822 2370 fuisse

2242 2405 2536 2476 tripudium
2583 2414 2690 2462 tam
2729 2406 3054 2462 immensum
3105 2407 3158 2462 in
3205 2417 3317 2462 tam
3363 2417 3598 2476 angusto
3641 2421 3822 2476 corpo-

2241 2497 2417 2560 sculo,
2447 2498 2734 2568 episcopus
2755 2499 2928 2554 semel
2947 2499 3081 2554 alias
3109 2499 3218 2554 tale
3235 2501 3370 2570 quid
3399 2513 3456 2555 se
3481 2499 3672 2554 vidisse
3695 2515 3820 2552 nar-

2241 2592 2402 2647 ravit.
2432 2609 2451 2643 ι
2483 2591 2618 2646 Nam
2645 2593 2872 2658 dudum,
2895 2593 3090 2664 inquit,
3115 2607 3238 2647 cum
3259 2593 3554 2662 prioratutn
3579 2605 3818 2661 gererent

2241 2680 2554 2738 Withamize
2581 2682 2755 2754 (121),
2785 2683 3012 2753 contigit
3046 2697 3132 2737 me
3161 2691 3408 2752 tempore
3433 2682 3702 2753 generalis
3729 2697 3818 2736 ca-

2238 2771 2392 2842 pituli
2440 2772 2590 2828 adire
2631 2773 3002 2828 Cartliusiam.
3051 2773 3352 2829 Occasione
3395 2780 3582 2826 autem
3627 2771 3824 2826 itinerEs

2236 2863 2558 2932 prmteriens
2581 2872 2824 2920 castrum
2855 2864 2924 2919 de
2966 2863 3200 2929 Avalim,
3241 2861 3400 2931 cujus
3441 2861 3618 2916 frater
3659 2874 3824 2916 nosu-r

2236 2951 2543 3010 Willelmus
2576 2969 2757 3011 arcem
2787 2953 3033 3011 noscitur
3059 2953 3326 3018 obtinere,
3355 2953 3634 3008 declinavi
3663 2956 3714 3008 in
3735 2957 3820 3005 du-

2237 3062 2388 3102 mum
2407 3045 2544 3118 ejus.
2567 3047 2642 3102 Ibi
2665 3047 2822 3104 nobis
2843 3049 3274 3119 praesentabatur
3297 3047 3586 3116 puerulus,
3613 3047 3822 3102 necdum

2240 3137 2386 3194 fandi
2437 3139 2666 3210 peritus,
2714 3139 2860 3195 filius
2909 3139 3162 3194 videlicet
3207 3135 3452 3207 ejusdem
3509 3137 3700 3193 fratris
3741 3153 3820 3194 n0-

553 3233 560 3264 '-
621 3219 864 3276 Vidimus
888 3217 1171 3288 parvulum
1194 3219 1484 3288 quemdam
1513 3218 1664 3290 (ηδ)
1695 3232 1912 3275 menses
1939 3231 2034 3274 se!
2063 3218 2135 3274 ab
2161 3235 2204 3297 c
2236 3231 2532 3304 stri(125).
2561 3233 2662 3288 Hic
2701 3231 2972 3290 similibus
2997 3247 3096 3302 per
3127 3234 3310 3290 omnia
3343 3233 3510 3288 nobis
3549 3231 3824 3303 appianae

541 3319 667 3366 ortu
704 3311 1034 3381 habentemj,
1081 3325 1207 3378 cum
1253 3311 1306 3366 ei
1355 3309 1588 3366 frontem
1631 3311 1930 3366 chrismate
1975 3323 2132 3367 sacro

545 3402 892 3473 consignaret
937 3403 1244 3474 episcopus,
1296 3403 1460 3459 tantis
1507 3403 1584 3458 illi
1630 3404 1871 3459 omnium
1913 3411 2130 3460 artuum

547 3495 785 3552 nmtibus
825 3495 1182 3566 applausissc,
1211 3504 1272 3551 ut
1312 3494 1590 3566 singulare
1612 3494 1742 3550 illud
1773 3494 2134 3554 Praecursoris

547 3586 782 3655 Domini,
815 3588 872 3643 in
900 3595 1058 3644 utero
1077 3586 1428 3652 exsultantis,
1456 3586 1712 3658 gaudium
1737 3588 1981 3645 aemulari
2009 3603 2131 3645 cre-

547 3683 784 3738 deretur.
823 3681 1069 3740 Laxabat
1089 3695 1222 3738 vero
1251 3681 1326 3737 ita
1351 3680 1552 3737 risibus
1581 3679 1998 3750 inexplebilibus
2021 3683 2134 3740 oris

2241 3325 2338 3380 bat
2381 3326 2642 3391 motibus,
2694 3326 2768 3381 ita
2799 3333 2860 3381 ut
2893 3325 3151 3382 dimissus
3202 3339 3234 3379 a
3283 3329 3528 3390 nutrice,
3583 3335 3642 3382 et
3683 3339 3824 3394 super

2237 3417 2436 3473 lectum
2473 3427 2718 3474 nostrum
2745 3417 3050 3489 expositus,
3095 3416 3236 3472 inter
3270 3416 3496 3486 gaudia,
3527 3433 3652 3486 qua!
3683 3417 3824 3470 duce.

2241 3509 2354 3575 bat,
2385 3511 2552 3566 etiam
2597 3509 2916 3568 cachinnari
2944 3510 3346 3584 quodammodo
3369 3525 3544 3582 supra
3577 3509 3720 3564 vires
3747 3523 3824 3560 na-

2241 3610 2378 3660 tura:
2405 3613 2746 3661 cerneretur.

1868 3817 2098 3894 Explicit
2127 3820 2261 3877 liber
2291 3825 2493 3880 tertius.

1670 3973 2092 4038 PROLOGUS
2147 3975 2360 4039 LIBRI
2409 3977 2735 4051 QUARTI.

621 4143 688 4197 Ut
713 4151 892 4196 autem
920 4140 1178 4212 temporis
1203 4143 1346 4199 serie
1374 4141 1649 4215 paululum
1686 4142 1994 4202 intermissa
2027 4157 2132 4214 pro

541 4243 764 4290 actutum
793 4227 986 4290 ordine
1013 4233 1192 4290 adhuc
1217 4235 1362 4291 sicut
1393 4229 1690 4306 coepimus,
1727 4250 1898 4306 pauca
1929 4235 2132 4292 refera-

541 4339 687 4392 mus,
730 4333 853 4394 post
895 4333 1144 4380 exactam
1187 4323 1472 4390 infantilis,
1517 4339 1622 4382 nec
1647 4341 1756 4382 non
1783 4326 1884 4381 aevi
1910 4326 2134 4396 puerilis

543 4415 844 4479 historiam,
879 4414 1310 4471 adulescentium
1341 4423 1426 4472 est
1451 4417 1686 4473 intentio
1729 4416 1972 4473 breviter
2000 4417 2130 4472 sub-

2243 4141 2302 4198 in
2347 4142 2589 4213 quolibet
2639 4143 2819 4200 artatis
2867 4143 3035 4216 gradu
3083 4142 3447 4200 existentibus
3507 4147 3670 4200 etiam

2235 4235 2501 4305 prodesse
2541 4233 2822 4290 valuisset.
2866 4235 3064 4290 Factus
3093 4251 3222 4290 vero
3248 4234 3364 4304 jam
3393 4238 3580 4292 :etatis
3619 4237 3824 4308 imque

2237 4334 2298 4382 et
2347 4324 2644 4394 pontificali
2697 4324 2876 4382 cilicio
2927 4327 3252 4396 insignitus,
3313 4329 3648 4396 sepeliendis
3691 4345 3824 4384 mor-

2241 4419 2348 4474 tuis
2399 4426 2604 4474 tantam
2663 4419 2814 4475 visus
2868 4427 2953 4474 est
3000 4418 3422 4475 sollicitudinem
3481 4421 3822 4491 impendisse.

538 4507 826 4575 nectenda,
869 4507 1056 4578 sicque
1095 4521 1194 4577 per
1231 4507 1637 4566 succedentium
1682 4509 1882 4580 gradus
1909 4515 2130 4563 aetatum
2160 4561 2209 4580 ﬁ
2237 4517 2300 4564 ut
2339 4508 2728 4564 misericordiae
2780 4506 2939 4577 hujus
2994 4507 3218 4580 praemio
3269 4507 3324 4562 in
3379 4507 3630 4564 futurum
3681 4525 3820 4578 repe-

2160 4561 2212 4622 D

537 4613 711 4670 usque
740 4601 810 4656 ad
831 4595 1170 4656 mortuarum
1195 4600 1484 4672 exsequias
1505 4603 1746 4658 narratio
1767 4601 2129 4666 extendenda,
2161 4595 2211 4622 υ
2235 4600 2365 4665 sito,
2412 4601 2514 4656 sub
2559 4599 2812 4670 praesenti
2863 4613 3077 4669 quoque
3129 4609 3374 4668 tempore
3424 4600 3690 4670 singulari
3737 4605 3822 4654 tto-

537 4693 592 4744 in
619 4690 1306 4760 quorumudiligentissima
1333 4692 1702 4759 exsecutione,
1747 4702 1872 4763 post
1905 4691 2130 4747 Tobiam

535 4795 698 4836 nemo
741 4783 1011 4852 reperitur
1051 4783 1366 4853 adaequasse
1409 4783 1684 4855 Ilugouem
1711 4823 1726 4850 ,
1777 4784 1892 4855 qui,
1937 4793 1998 4840 ut
2041 4799 2130 4840 su-

537 4871 722 4938 perius
751 4872 1007 4939 innotuit,
1051 4873 1262 4946 singula
1307 4875 1430 4929 vitm
1474 4891 1586 4930 sum
1629 4885 1902 4930 momenta
1931 4875 2129 4930 divinis

537 4962 898 5032 mancipando
919 4967 1204 5037 praeceptis
1231 4966 1284 5022 id
1307 4965 1430 5036 jure
1455 4967 1776 5038 promeruit,
1800 4975 1862 5022 ut
1885 4966 2127 5037 pluribus

2229 4699 2461 4746 naretur
2495 4692 2703 4748 honore
2741 4689 3034 4762 sepulturae
3059 4689 3233 4761 (I26).
3275 4690 3430 4756 Quod
3467 4701 3600 4748 tunc
3627 4692 3820 4761 plenius

2233 4783 2464 4839 Domino
2506 4783 2726 4840 favente
2767 4791 3092 4854 exponetur,
3127 4798 3252 4838 cum
3279 4793 3480 4852 quarto
3521 4785 3648 4840 huic
3671 4795 3820 4852 atque

2234 4873 2533 4942 penultimo
2582 4883 2858 4945 gestorum
2905 4871 3048 4928 illius
3091 4872 3229 4928 libro
3271 4873 3590 4943 imponetur
3643 4883 3772 4930 meta
3803 4911 3818 4934 ι

2231 4961 2388 5033 cujus
2421 4964 2648 5020 exordio
2681 4962 2781 5018 ista
2812 4960 3064 5018 duximus
3087 4961 3443 5030 prmlibanda.

1905 5101 2138 5198 Explicil
2163 5126 2430 5198 prologue.

613 5287 761 5359 (I25)
800 5286 956 5342 Circa
1007 5289 1288 5359 parvulum
1337 5291 1444 5345 hic”
1473 5296 1688 5344 narrata
1737 5285 1985 5341 evenisse
2016 5283 2127 5359 po?

539 5355 762 5416 stremis
795 5359 920 5414 vita:
945 5355 1019 5414 Si
1037 5358 1278 5428 llugouis
1301 5362 1458 5416 annis
1485 5361 1726 5416 insinuat
1754 5367 1967 5424 auctor,
1997 5355 2126 5410 dum

537 5445 600 5486 se
629 5445 689 5486 ea
723 5429 922 5484 vidisse
949 5431 1166 5484 astruit.

613 5501 763 5572 (121)
815 5499 1212 5572 Verositniliter
1251 5515 1368 5572 uno
1415 5516 1484 5572 ex
1540 5501 1700 5572 annis
1755 5499 2126 5572 bissextilibus

539 5573 703 5636 H80,
737 5571 830 5626 aut
858 5571 1016 5635 “85,
1034 5585 1158 5642 quo
1183 5571 1392 5640 priores
1416 5571 1572 5642 Anin
1599 5572 1667 5628 ad
1695 5571 1944 5642 generale
1975 5571 2121 5641 capi,-

537 5643 708 5696 tulum
740 5643 924 5698 venire
953 5641 1353 5712 obligahantur.

609 5713 764 5784 (H5)
807 5709 1228 5784 Distinguendus
1251 5711 1318 5766 ab
1336 5710 1522 5784 altera
1545 5709 1811 5784 ejusdem,
1822 5710 2008 5784 fratris
2039 5714 2121 5769 sui

539 5782 674 5850 lilio,
712 5782 872 5854 quem
911 5782 1010 5856 (uti
1041 5783 1138 5840 Iib.
1170 5797 1222 5852 ν,
1250 5798 1298 5839 c.
1327 5783 1420 5854 20,
1449 5783 1758 5854 legitur).S.
1795 5782 1946 5854 [Iugo
1981 5799 2122 5844 anno

2221 5281 2374 5337 1200
2434 5281 2727 5356 baptizavit
2769 5295 2998 5356 puerum
3043 5290 3384 5356 septenncm,
3441 5281 3576 5336 dum
3621 5281 3724 5356 iilc,
3755 5278 3808 5356 de

2230 5367 2340 5421 quo
2365 5354 2544 5478 ωἵὲῧξ)
2545 5353 2748 5424 agitur,
2769 5353 2835 5407 ad
2861 5353 3039 5406 minus
3065 5353 3334 5407 sexdecim
3361 5367 3640 5408 annorum
3669 5353 3804 5406 fuerit

2230 5437 2372 5478 anno
2549 5461 2563 5476 .

2229 5437 2372 5478 anno
2405 5429 2563 5478 1200.

2301 5491 2449 5575 (liti)
2479 5494 2550 5547 De
2579 5493 3072 5575 SCleIlllhansrflnclo
3113 5491 3355 5575 exhibita
3373 5493 3626 5575 __prolix_e
3655 5491 3802 5575 agitur

2229 5563 2367 5619 infra
2390 5563 2483 5618 lib.
2518 5580 2571 5628 v,
2607 5580 2656 5618 e.
2685 5563 2754 5616 27
2779 5563 2950 5635 ct28,
2982 5579 3076 5635 per
3103 5571 3332 5635 totum,
3371 5563 3448 5618 De
3480 5563 3802 5635 eademin-

2229 5635 2462 5704 dulphus
2488 5633 2821 5704 Coggeshale
2851 5633 2903 5688 in
2928 5631 3185 5704 clironico
3213 5631 3506 5703 anglicano
3533 5650 3562 5688 a
3597 5633 3802 5704 Maricae

2229 5713 2282 5759 ct
2313 5701 2836 5776 [iurando—evulgato
2867 5715 2904 5759 ι.
2931 5703 2993 5774 γ,
3018 5713 3168 5760 uene
3194 5701 3416 5772 «περι,
3449 5701 3786 5762 ροιωιιιι.3ιυιὶ
