3920 6298
537 297 671 354 1007

1383 301 1442 358 S.
1479 300 1778 360 llUGONlS
1811 295 2026 356 EPISC.
2059 296 2376 366 LINCOLN.
2417 299 2580 356 0RD.
2621 301 2875 358 CARTII.

3649 315 3746 372 1003

533 421 720 476 tricem
759 417 910 491 (128)
937 420 1004 476 de
1027 421 1200 478 Becco
1222 420 1468 477 veniendi
1491 429 1546 476 et
1571 421 1624 475 in
1655 435 1718 476 ea
1759 419 1964 474 diutius
1990 431 2112 487 pcr-
2146 419 2190 473 A
2221 429 2434 482 eorum,
2473 417 2869 488 configuratum
2899 419 3114 489 corpori
3167 415 3437 477 clﬂiﬂ'ﬁs
3483 436 3589 478 sine
3631 425 3748 496 (Phil.
3783 403 3786 406 i

528 512 755 570 sistendi
789 513 944 583 copia
969 515 1191 570 daretur
1210 514 1334 578 sibi,
1375 526 1484 582 quo
1507 512 1650 568 sacri
1679 511 1888 567 ordinis
1943 510 2117 580 perfe-

528 607 671 661 ctius
701 603 1095 661 iuformaretur
1113 603 1468 669 caeremoniis,
1497 615 1552 658 et
1589 603 2116 673 probatissimorum,

527 711 665 767 quos
695 695 768 750 ibi
795 709 918 752 esse
952 704 1197 760 noverat,
1252 693 1461 764 plenius
1514 695 1877 749 instrueretur
1928 709 2118 749 mona-

537 790 764 842 chorum
794 786 1078 856 exemplis.
1103 785 1442 841 Consecutus
1470 794 1556 841 est
1576 795 1755 842 autem
1777 794 1901 857 post
1944 786 2116 842 modi-

524 895 648 933 cum
674 887 886 948 tempus
905 877 1212 932 interventu
1237 875 1486 945 praesulis
1515 876 1620 947 piae
1645 875 1806 946 hujus
1836 876 2115 948 petitionis

522 969 793 1024 eli‘ectum.
825 968 901 1022 De
933 966 1088 1036 cujus
1115 966 1262 1037 (129)
1293 982 1468 1038 nuper
1504 968 1924 1024 conversatione
1947 977 2004 1024 et
2032 969 2116 1023 in-

521 1061 744 1124 dustria,
775 1065 882 1112 tam
903 1057 972 1111 ab
999 1057 1168 1128 ipsius
1189 1058 1384 1116 abbate
1413 1075 1576 1130 qttam
1598 1061 1669 1117 ab
1690 1060 1831 1127 aliis,
1857 1061 2114 1133 pleraque

518 1149 804 1205 didicimus
831 1150 964 1204 satis
989 1150 1468 1208 commendabilia.

1135 1263 1364 1322 CAPUT
1401 1264 1468 1321 ll.

514 1375 592 1430 De
619 1375 794 1460 osculo
821 1375 1146 1460 [apros-orum
1171 1377 1326 1460 (150).
1343 1389 1392 1434 et
1408 1379 2101 1460 _m_ultiplici_consolat_ione,

585 1446 750 1531 verbis
782 1446 1241 1531 nostrilﬂugonis,
1291 1446 1663 1531 dedulced'ine
1694 1450 2007 1531 Salgatoris,
2058 1461 2108 1531 et

578 1516 918 1587 elemosynae
941 1516 1244 1587 largissima
1275 1519 1656 1574 distributione.
1681 1551 1748 1562 —
1777 1520 1844 1574 Et
1885 1516 1998 1575 hoc
2031 1529 2112 1576 est

583 1586 872 1655 capitulum
891 1587 948 1640 in
968 1586 1106 1642 serie
1127 1604 1332 1659 magna:
1365 1588 1498 1644 Vita:
1522 1590 1656 1644 libro
1681 1600 1894 1661 quarto.

584 1696 734 1752 inter
758 1697 864 1754 alia
885 1712 1016 1754 vero
1043 1699 1262 1770 pietatis
1291 1700 1524 1771 insignia
1548 1709 1808 1770 quantam
1829 1709 2103 1772 aegrotan-

513 1787 660 1843 tibus
687 1803 901 1855 curam,
927 1797 1186 1858 quantam
1211 1791 1374 1845 etiam
1401 1790 1564 1860 lepra:
1587 1791 1710 1846 tabe
1725 1791 2102 1850 laborantibus

513 1878 900 1946 benignitatem
923 1879 1268 1950 impenderit,
1295 1881 1418 1950 quis
1439 1881 1598 1952 digne
1619 1884 2108 1940 commemoraret?

511 1965 610 2022 llis
647 1967 902 2023 nimirum
943 1970 1110 2040 pedes
1131 1971 1368 2041 propriis
1395 1987 1540 2043 sepe
1567 1973 1818 2030 manibus
1871 1975 2104 2042 diluens,

508 2067 562 2110 et
579 2065 869 2129 extergens
891 2059 1204 2132 osculisque
1227 2061 1563 2130 demulceus,
1591 2080 1843 2122 nummos
1886 2067 2107 2138 insuper

507 2150 728 2206 refectis
749 2151 871 2208 cibo
892 2160 948 2208 et
973 2163 1104 2223 potu
1125 2153 1314 2226 largiri
1343 2165 1727 2225 consueverat,
1761 2157 2104 2230 faciebatque

507 2241 640 2298 illud
673 2245 943 2300 secretius
965 2261 1148 2302 coram
1171 2247 1366 2316 paucis
1393 2248 1622 2305 arbitris
1645 2249 1700 2304 in
1747 2263 1963 2306 camera
2005 2267 2100 2308 sua

509 2335 766 2391 tredecim
796 2337 991 2408 smpius
1025 2340 1292 2410 personis,
1335 2355 1458 2396 cum
1510 2349 1588 2397 tot
1617 2341 1850 2399 inveniri
1897 2345 2104 2414 potuis-

503 2433 626 2480 sent
649 2426 701 2481 iu
725 2427 858 2483 locis
887 2429 1084 2498 quibus
1111 2431 1226 2500 ipse
1249 2431 1606 2487 interfuisset.

577 2517 752 2572 Erant
767 2526 1034 2588 praterea
1063 2519 1120 2574 in
1142 2519 1466 2589 quibusdam
1497 2521 1680 2578 fundis
1698 2523 1958 2595 episcopii
1988 2539 2100 2580 ma-

503 2609 734 2678 triculze,
764 2610 819 2665 in
847 2609 1045 2680 quibus
1065 2626 1172 2666 non
1199 2611 1358 2682 pauci
1381 2609 1544 2682 hujus
1569 2613 1746 2670 morbi
1801 2615 2100 2672 incommo-

501 2701 572 2753 do
597 2699 825 2766 detenti,
853 2707 966 2754 tam
1009 2701 1114 2756 viri
1151 2716 1314 2772 quam
1359 2701 1592 2770 feminae,
1634 2707 2095 2762 sustentabantur.

500 2785 619 2852 llis,
649 2797 850 2858 praeter
877 2788 1185 2860 assignatos
1211 2805 1242 2845 a
1265 2791 1758 2860 praedecessoribus
1799 2795 1916 2852 suis
1971 2795 2096 2852 red-

499 2880 665 2945 ditus,
697 2879 847 2934 varia
875 2879 930 2934 in
949 2881 1135 2936 multis
1157 2882 1318 2938 rebus
1342 2882 1584 2938 subsidia
1623 2899 1748 2939 cum
1795 2885 1942 2941 omni
1975 2885 2097 2941 dili-

498 2971 680 3038 gentia
707 2969 1046 3039 conferebat,
1077 2973 1396 3043 frequenter
1417 2975 1486 3030 ad
1515 2989 1611 3050 eos
1641 2976 1696 3032 in
1717 2979 1937 3049 propria
1961 2994 2093 3050 quo-

2219 519 2306 570 m,
2364 505 2484 572 21),
2551 522 2676 562 cum
2727 522 2794 562 ex
2842 509 3070 564 adverso
3114 508 3453 564 formidolosi
3507 525 3752 582 exspectent

2218 596 2504 652 sublimem
2535 598 2847 654 adfuturum
2881 597 3148 668 Judicem,
3171 601 3266 672 qui
3293 604 3455 658 modo
3481 603 3546 658 de
3569 611 3752 676 corporis

2217 689 2401 758 specie
2421 689 2744 760 gloriantes,
2793 691 2939 748 illius
2967 707 3066 764 per
3095 694 3294 750 mentis
3335 693 3616 751 elationem
3645 699 3751 756 refu-

2217 781 2374 854 giunt
2407 781 2731 840 humilitatis
2751 791 2807 840 et
2835 786 3112 841 munditia
3135 787 3595 843 conformitatem.

2286 872 2468 942 Agens
2488 887 2618 928 vero
2639 888 2886 930 seorsum
2913 890 3036 930 cum
3055 875 3418 933 familiaribus
3439 878 3552 935 suis
3577 881 3634 936 de
3645 891 3748 938 tanta

2217 960 2518 1018 Salvatoris
2539 965 2712 1020 nostri
2737 965 3050 1032 clementia,
3076 968 3170 1038 qui
3197 967 3536 1026 miserrimos
3567 987 3751 1044 quosque

2216 1052 2272 1108 in
2292 1052 2402 1107 vita
2421 1054 2676 1123 praesenti
2703 1055 2864 1112 toties
2890 1071 2988 1112 ore
3007 1057 3191 1120 divino
3221 1058 3502 1114 beatiﬁcat
3541 1061 3592 1114 in
3619 1061 3747 1118 Evan-

2213 1141 2356 1214 gelio
2385 1157 2507 1210 suo,
2537 1159 2682 1201 nunc
2713 1145 2982 1202 Lazarum
3033 1147 3344 1205 inducenda
3393 1149 3671 1207 ulcerosum
3711 1156 3748 1210 in

2213 1234 2394 1292 sinum
2417 1235 2652 1292 Abraham
2677 1237 2746 1292 ah
2773 1239 2980 1310 angelis
3001 1240 3350 1310 perductum,
3377 1255 3521 1296 nunc
3567 1243 3749 1313 seipsum

2215 1326 2268 1382 in
2289 1325 2524 1384 infirmis
2541 1329 2836 1384 asserenda
2859 1344 2982 1386 esse
3009 1331 3312 1398 inﬁrmum,
3347 1331 3486 1386 mira
3523 1347 3634 1387 cum
3668 1333 3752 1389 dul-

2213 1418 2402 1476 cedine
2417 1420 2662 1476 omnium
2685 1422 2976 1478 Auctorem
2991 1423 3339 1478 dulcedinum
3366 1422 3644 1479 attollebat.
3669 1443 3686 1478 t
3703 1428 3752 1492 0,

2213 1508 2412 1582 inquit,
2437 1527 2600 1582 quam
2623 1513 2810 1570 felices
2837 1523 3016 1582 erant,
3061 1516 3154 1586 qui
3179 1516 3392 1572 Medico
3433 1517 3567 1572 adeo
3601 1517 3752 1574 dilectu

2213 1599 2534 1659 familiarius
2595 1603 2998 1660 adhaerebant!
3047 1605 3222 1674 Quam
3271 1607 3408 1662 mihi
3474 1607 3620 1664 dulce
3667 1609 3750 1664 fore

2209 1707 2546 1765 quiscunque
2567 1695 2656 1752 his
2677 1709 2776 1752 seu
2815 1696 3044 1767 pedibus
3093 1697 3384 1764 calcasset,
3423 1713 3520 1754 seu
3563 1699 3748 1768 qualibet

2205 1785 2450 1855 corporis
2471 1786 2553 1842 sui
2573 1795 2730 1857 parte
2751 1788 3090 1858 contigisset,
3123 1788 3210 1844 vel
3237 1789 3492 1844 manibus
3513 1796 3746 1844 attrectas-

2207 1887 2288 1934 set
2313 1877 2516 1934 osculis
2545 1877 2805 1946 lambere,
2831 1879 3009 1935 oculis
3033 1895 3334 1950 opponere,
3387 1881 3588 1936 intimis
3605 1882 3748 1944 etiam.

2205 1971 2250 2026 si
2281 1971 2398 2028 tieri
2427 1981 2634 2041 posset,
2657 1971 2962 2028 visceribus
2993 1973 3272 2030 inserere!
3295 1973 3474 2040 Quam
3523 1989 3639 2029 vero
3674 1977 3752 2030 nti~

2205 2058 2314 2114 seri
2367 2067 2496 2116 sunt
2538 2060 2634 2130 qui
2679 2059 2826 2116 aliud
2875 2059 3168 2130 quidquam
3225 2063 3418 2118 timent
3461 2077 3613 2132 quam
3653 2064 3752 2118 adeo

2204 2151 2422 2208 dulcem
2463 2151 2773 2210 offendere!
2817 2168 2982 2222 quam
3027 2155 3280 2224 gemendi
3338 2163 3488 2220 sunt,
3531 2156 3612 2224 qui
3641 2155 3750 2210 aliud

2203 2244 2478 2313 quidpiam
2507 2243 2668 2300 dulce
2693 2252 2946 2315 reputant
2973 2245 3230 2310 aliudque
3253 2255 3519 2316 expetunt
3531 2263 3672 2317 quam
3689 2248 3752 2303 sic

2203 2333 2348 2392 dulci
2375 2335 2612 2392 dulciter
2664 2337 2944 2394 adhterere
2967 2347 3026 2394 et
3051 2338 3284 2394 dulciter
3330 2340 3553 2409 parere!
3603 2339 3754 2395 Nescio

2205 2422 2336 2492 quid
2355 2421 2470 2492 jam
2511 2425 2680 2494 possit
2721 2439 2968 2480 amarum
3023 2427 3230 2482 sentire
3279 2428 3374 2497 qui
3416 2426 3582 2482 dulcis
3627 2427 3751 2496 hujus

2201 2513 2540 2570 dulcedinem
2558 2513 2676 2584 jugi
2703 2515 2894 2572 didicit
2923 2514 3280 2574 meditatione
3301 2517 3355 2572 in
3383 2518 3590 2574 interno
3607 2519 3752 2574 cordis

2201 2605 2284 2659 sui
2307 2605 2490 2674 palato
2513 2605 2746 2662 dulciter
2770 2607 3066 2664 ruminare.
3107 2627 3125 2661 ι
3379 2625 3382 2628 ·

2274 2693 2398 2750 Haec
2437 2694 2521 2750 vir
2547 2703 2771 2752 sanctus
2793 2697 2862 2752 de
2887 2697 3097 2754 caelesti
3146 2697 3436 2754 vulnerum
3489 2709 3756 2777 nostrorum

2201 2785 2408 2844 Medico
2427 2788 2690 2854 sentiens,
2719 2790 2834 2846 haec
2859 2790 3069 2858 dicens,
3121 2790 3238 2846 haec
3281 2792 3448 2846 etiam
3495 2807 3610 2862 qua
3650 2809 3756 2863 pne-

2199 2879 2471 2948 misimus,
2499 2881 2565 2937 de
2589 2881 2850 2938 membris
2879 2883 3026 2939 illius
3053 2883 3456 2940 inﬁrmantibus
3487 2885 3750 2954 proferens,

2205 2970 2324 3026 inec
2384 2969 2494 3028 illis
2544 2972 2865 3042 impendens
2923 2975 3205 3032 evidenter
3251 2977 3390 3032 satis
3441 2979 3760 3048 exprimi-hat,

387 3107 408 3120 ,
497 3077 604 3129 que
633 3062 902 3119 accedens
921 3078 1174 3134 persona,
1217 3079 1282 3120 ac
1323 3079 1448 3122 cum
1495 3067 1840 3137 paucissimis
1880 3085 1947 3128 ex
1989 3071 2094 3128 sibi
2120 3105 2166 3167 C
2196 3072 2402 3134 quanto
2429 3065 2660 3122 interius
2689 3067 2928 3124 ferveret
2951 3067 3076 3140 igne
3101 3068 3298 3124 divina:
3343 3069 3550 3138 pariter
3581 3079 3632 3124 et
3666 3069 3758 3124 fra-

495 3151 918 3218 adhmrentibus,
946 3155 1078 3211 viris
1097 3155 1366 3214 timoratis
1389 3165 1444 3212 et
1465 3157 1695 3226 devotis,
1721 3161 1930 3217 medius
1947 3163 2090 3218 inter

495 3242 618 3298 illos
647 3244 700 3298 in
727 3244 862 3300 cella
889 3246 1132 3303 residens
1161 3249 1464 3318 secretiori,
1487 3250 1672 3307 verbis
1699 3252 1918 3322 optimis
1951 3253 2092 3310 rele-

495 3335 661 3389 vabat
686 3337 898 3393 animos
923 3351 1138 3404 eorum,
1180 3339 1488 3398 dolentibus
1535 3351 1780 3399 materna
1827 3346 2092 3415 quodam-

497 3426 661 3480 modo
691 3426 917 3484 lenitate
963 3428 1252 3488 blandiens
1299 3439 1356 3488 et
1396 3433 1466 3488 ad
1517 3447 1669 3503 spem
1714 3437 2091 3495 retributionis

493 3525 715 3574 aeterne
737 3518 1010 3576 desolatos
1033 3521 1406 3592 temporaliter
1427 3521 1761 3595 alllietosque
1781 3527 2088 3585 sustollens.

495 3607 704 3666 Horum
735 3623 952 3681 quoque
981 3611 1246 3668 bonorum
1279 3615 1602 3672 documenta
1634 3620 1906 3676 suavitate
1949 3623 2086 3678 mira

493 3701 830 3757 interserens
851 3700 1036 3758 verbis
1055 3703 1454 3771 consolatoriis,
1485 3705 1584 3772 ita,
1615 3707 1662 3762 si
1716 3709 1846 3780 quid
1896 3725 2084 3782 repre-

495 3792 762 3848 hensihile
786 3793 855 3850 de
875 3793 956 3849 eis
975 3795 1329 3866 percepisset,
1355 3811 1425 3852 ne
1451 3795 1649 3854 iterum
1684 3801 2084 3871 admitteretur,

493 3883 756 3938 suadebat
773 3891 834 3939 ut
853 3897 948 3939 eos
973 3893 1030 3938 et
1049 3885 1271 3942 admissi
1293 3887 1668 3946 vehementius
1694 3892 2008 3962 pmniteret,
2029 3905 2085 3951 et

495 3973 724 4030 ulterius
769 3975 1086 4034 admittendi
1119 3977 1376 4037 audentia
1418 3995 1516 4039 seu
1547 3981 1798 4042 voluntas
1828 3985 1976 4042 nulla
2004 3987 2088 4044 eis

495 4075 826 4123 remaneret.

565 4158 708 4215 Ante
733 4159 1132 4220 exhortationis
1156 4177 1288 4220 vero
1313 4163 1568 4235 alioquin,
1593 4167 1818 4224 semotis
1863 4168 2082 4228 interim

493 4249 648 4319 jussu
681 4248 800 4318 ejus
839 4251 1075 4318 feminis,
1107 4267 1288 4310 mares
1329 4253 1646 4325 singillatim
1685 4257 1952 4314 circuiens
1989 4277 2084 4315 cx-

493 4339 863 4409 osculabatur,
895 4341 1124 4413 singulis
1147 4357 1207 4398 se
1253 4342 1541 4411 inclinans,
1571 4355 1628 4400 et
1668 4361 1806 4416 quos
1823 4359 2077 4406 cerneret

490 4432 732 4488 atrocius
761 4433 875 4501 jam
899 4435 1024 4490 tabe
1051 4433 1328 4492 confectos
1356 4436 1559 4494 diutius
1591 4454 1656 4495 ac
1683 4441 1903 4498 suavius
1926 4457 2078 4500 com-

488 4523 733 4595 plexans.
767 4525 930 4580 Tales
973 4526 1308 4596 praedicabat
1357 4543 1479 4586 esse
1526 4530 1730 4601 felices,
1781 4534 1916 4592 tales
1953 4550 2075 4594 esse

487 4616 730 4686 paradisi
753 4614 914 4672 ﬂores
943 4627 998 4671 et
1023 4617 1315 4686 praeclaras
1343 4635 1557 4679 corona
1599 4623 1766 4696 Regis
1787 4629 1977 4682 aeterni
2001 4630 2076 4684 di-

489 4709 649 4762 cebat
685 4719 810 4764 esse
859 4708 1200 4777 margaritas.
1253 4709 1364 4767 Hos
1403 4711 1730 4770 fiducialiter
1781 4723 1840 4772 et
1891 4731 2083 4774 secure

487 4806 810 4868 exspectare
824 4797 1162 4856 Salvatorem
1178 4803 1518 4860 memorabat
1533 4805 1821 4860 Dominum
1837 4816 2080 4864 nostrum

459 4887 674 4990 ‘Jesum
722 4888 1022 4957 Christum,
1065 4893 1158 4962 qui
1215 4893 1476 4952 reformet
1521 4911 1718 4967 corpus
1761 4898 2082 4958 humilitatis

503 5090 516 5098 Α
563 5019 710 5098 (ηβ)
735 5021 812 5076 De
843 5021 1006 5098 hujus
1059 5025 1290 5098 emnobii
1345 5025 1553 5097 origine
1599 5027 1710 5098 agit
1741 5025 2082 5088 Mahillonins

490 5090 702 5166 Atina],
728 5102 857 5166 totn.
893 5093 980 5166 iV,
1011 5111 1064 5166 p.
1096 5097 1220 5152 458.

563 5161 582 5266 ς
595 5161 822 5288 ﬁgatur
841 5164 970 5234 quid
995 5161 1245 5222 noverint
1261 5165 1566 5223 Beccenses
1587 5167 1659 5224 de
1697 5169 1802 5224 hoc
1827 5169 2077 5238 Martino,

473 5245 546 5288 ,ω
565 5251 575 5282 ξ
600 5242 780 5288 lateat.

563 5303 709 5377 £130)
733 5303 1346 5377 lliclunrtnemorahile,
1384 5308 1528 5377 quod
1562 5307 1755 5364 Surius
1799 5311 1962 5364 refert
2014 5315 2078 5366 de

489 5373 788 5427 differentia
816 5375 1124 5445 osculormu
1169 5373 1442 5445 leprosisa
1471 5377 1529 5432 S.
1555 5379 1785 5433 Μωδιίηο
1809 5391 1865 5434 et
1893 5381 1948 5435 S.
1971 5381 2078 5435 llu-

487 5457 628 5520 gone
651 5445 1014 5520 exhibitprum
1043 5443 1170 5498 dum
1217 5443 1562 5520 abbreviator
1607 5459 1769 5520 tacet,
1803 5460 2077 5520 utcunque

475 5513 967 5590 ainsinuat_Su_r_ium
991 5523 1104 5590 pra:
1130 5514 1379 5590 manibus
1404 5517 1656 5590 habuisse
1672 5519 1860 5590 ,Vitatn
1907 5513 2074 5590 proli-

491 5585 700 5662 t'riorem
727 5585 786 5662 ξ.
821 5584 1278 5662 lingat'iisLutiet
1301 5599 1364 5639 ex
1394 5587 1556 5642 variis
1581 5587 1714 5662 locis
1755 5584 1946 5662 colligi
1984 5593 2076 5646 da-

475 5663 610 5732 itur;
640 5653 970 5732 etHPetreius
1000 5653 1224 5732 indicat,
1255 5667 1353 5709 suo
1380 5663 1618 5727 tempore
1645 5657 1788 5714 illam
1833 5653 2071 5718 itt'tiolo-

471 5724 660 5780 ωριωί
685 5723 967 5781 Carlhusia
996 5723 1291 5780 exstitisse.

2201 3165 2368 3214 ternas
2399 3157 2728 3216 dilectionis.
2751 3159 2854 3226 Qui
2881 3161 3050 3216 etiam
3085 3161 3140 3216 in
3167 3177 3464 3218 commune
3483 3164 3763 3233 quibusque

2195 3248 2560 3320 indigentibus
2585 3259 2762 3306 tantas
2783 3251 3114 3323 largiebatur
3131 3251 3512 3327 clecmosynas
3529 3265 3580 3308 ut
3595 3265 3764 3324 pra-ter

2195 3341 2284 3394 illa
2307 3355 2426 3411 quae
2455 3341 2640 3398 multis
2671 3357 2814 3412 szepe
2845 3343 3180 3414 specialibus
3219 3359 3286 3400 ex
3317 3346 3504 3400 causis
3537 3361 3668 3400 nunc
3695 3347 3766 3400 in-

2197 3429 2536 3500 terpellatus,
2564 3447 2709 3486 nunc
2731 3433 2845 3502 ipse
2883 3447 3048 3489 voces
3097 3435 3438 3503 praeveniens
3497 3435 3762 3490 necessita-

2193 3527 2302 3576 tem
2335 3520 2677 3590 patientium,
2709 3522 2981 3578 secretius
3007 3522 3289 3593 erogabat,
3313 3539 3526 3580 annuas
3547 3526 3764 3580 omnitun

2193 3627 2374 3666 rerum
2411 3627 2634 3667 suarum
2663 3612 3021 3668 obventiones
3079 3629 3250 3684 usque
3295 3615 3364 3668 ad
3403 3615 3575 3670 tertia:
3615 3616 3768 3686 partis

2189 3704 2602 3760 aisdmationcm
2631 3703 2732 3760 sub
2760 3713 2908 3760 certa
2949 3705 3338 3760 constitutione
3371 3705 3426 3759 in
3476 3721 3632 3776 opera
3681 3719 3766 3759 ex-

2201 3794 2452 3863 pendisse
2477 3809 2584 3850 non
2625 3795 2900 3852 dubitetur
2939 3793 3344 3852 misericordias.

2765 4001 2768 4004 .
2812 3953 3042 4012 CAPUT
3080 3954 3165 4010 Ill.

2189 4065 2363 4134 Quam
2389 4077 2689 4123 constanter
2720 4068 2996 4124 rebellibus
3041 4086 3098 4124 se
3145 4071 3414 4138 opposuit,
3447 4080 3493 4123 et
3525 4071 3577 4124 in
3615 4069 3766 4122 Deam

2257 4139 2634 4221 contumaciter
2660 4139 3020 4210 delinquentes
3049 4139 3402 4194 ecclesiastica
3430 4157 3645 4194 censura
3685 4157 3769 4210 pu-

2262 4218 2413 4262 nit‘ﬂ.

2255 4338 2384 4396 Post
2409 4340 2692 4411 praemissa
2719 4341 3112 4398 recensendum
3141 4341 3356 4397 videtur
3399 4357 3566 4413 quam
3611 4343 3770 4414 egerit

2194 4429 2409 4488 fortiter
2439 4433 2494 4488 in
2517 4433 2876 4504 superborum
2906 4434 3423 4504 prmsumptionibus
3447 4435 3768 4498 coercendis,

2184 4539 2348 4594 quam
2379 4525 2754 4581 incunctanter
2779 4535 3114 4582 armatorum
3143 4541 3288 4598 saepe
3310 4527 3500 4598 ipsese
3523 4528 3770 4582 inermem

2185 4615 2476 4686 ingesserit
2503 4617 2714 4681 turmis,
2745 4633 2911 4687 quam
2955 4618 3174 4674 steterit
3201 4618 3344 4674 inter
3373 4619 3636 4674 micantes
3673 4617 3769 4688 gla-

2185 4706 2310 4762 dios
2331 4714 2388 4762 et
2423 4716 2642 4764 exertas
2693 4708 2968 4774 dexteras,
3024 4709 3080 4764 in
3128 4707 3500 4764 Lincolniensi
3548 4711 3772 4779 primum

2183 4799 2449 4868 Ecclesia,
2481 4800 2678 4856 deinde
2723 4801 2778 4856 in
2807 4801 3089 4858 llollandia
3145 4802 3294 4872 (131)
3347 4817 3414 4859 ac
3463 4803 3678 4858 demum
3721 4801 3772 4853 in

2184 4889 2537 4948 Norltantona
2562 4891 2734 4964 (159.),
2765 4892 2912 4948 nudo
2935 4893 3114 4964 capite
3159 4901 3422 4948 constans
3473 4905 3528 4948 et
3558 4891 3776 4960 intrepi-

2255 5025 2573 5099 (l3l)_Lege
2601 5045 2619 5078 ι
2643 5027 2698 5080 in
2723 5025 3073 5098 Hoylandia,»
3097 5039 3250 5098 parte
3271 5027 3500 5099 Anglim,
3527 5025 3778 5099 dicemus

2182 5095 2594 5172 Lincolnietrsis,
2625 5095 2820 5172 inqua
2839 5095 3271 5172 crgnqbinip,‘de
3301 5095 3410 5172 qu'o
3441 5099 3503 5172 in
3527 5098 3776 5172 Menas}.

2181 5167 2455 5246 Anglic}.
2487 5166 2530 5246 l_,
2557 5181 2610 5246 ρ.
2791 5185 2804 5222 :
2835 5187 2854 5246 ε
2887 5163 3428 5246 Swineshevedensis
3453 5168 3676 5246 abbatia
3729 5165 3776 5246 in

2187 5235 2317 5308 agro
2341 5235 2701 5317 Lincolnicnsi
2721 5237 2940 5292 fundata
2963 5253 3103 5293 anno
3129 5237 3286 5291 1154.
3311 5239 3422 5320 ’,Εῑ
3453 5237 3708 5316 Visellius
3731 5235 3780 5288 in

2179 5307 2538 5363 Chronoloata
2552 5306 2619 5361 ad
2631 5305 2832 5363 dictum
2851 5323 3048 5361 annum
3069 5326 3112 5362 :t
3130 5305 3780 5363 Cusuobtum‘SvrtusbeJ.

2181 5317 2538 5376 Chronotogta
2552 5317 2619 5361 ad
2631 5317 2832 5364 dictum
2851 5323 3048 5361 annum
3069 5326 3112 5362 ζ(
3130 5317 3781 5368 υωιιουὶυωϋπιιιειιθδ,

2181 5377 2234 5432 id
2255 5386 2358 5438 est,
2393 5376 2686 5499 l-loFlaudia
2715 5377 2766 5430 in
2787 5378 3002 5450 Anglia.
3026 5397 3045 5430 ι
3199 5448 3214 5460 .
3531 5447 3548 5460 ⁸
3717 5443 3730 5457 .

2250 5447 2396 5499 (152)
2419 5447 2464 5499 Α
2489 5461 2568 5499 tas
2597 5444 3041 5499 Northamotona.
3075 5457 3364 5499 comitatus
3407 5448 3475 5499 ad
3495 5447 3781 5499 dueeessm

2250 5444 2568 5518 (152)7Alias
2597 5444 3041 5518 Northamptona,
3075 5448 3364 5503 comitatus
3407 5448 3475 5502 ad
3495 5444 3784 5518 dioecesim

2178 5515 2616 5593 Lincolniensem
2643 5515 2944 5593 pertinens.
2991 5517 3158 5593 Adest
3205 5519 3392 5572 charta
3445 5518 3496 5572 iu
3539 5515 3782 5593 Menas}.

2179 5587 2393 5668 angue:
2427 5596 2465 5640 t.
2497 5587 2536 5668 ΙΞ
2565 5585 2684 5668 pag.
2721 5587 2846 5668 (iS’l,
2881 5589 2934 5642 in
2968 5603 3074 5658 qua
3101 5586 3253 5668 llu‘go
3281 5585 3787 5668 nostermonnchis

2178 5657 2238 5711 S.
2264 5655 2494 5712 Andreae
2522 5655 3026 5730 iuNbrthamptoua
3070 5655 3356 5714 confirmat
3402 5655 3638 5714 diversa
3687 5655 3789 5710 illis

2175 5728 2302 5787 olim
2323 5742 2578 5785 concessa
