3962 6428
186 397 311 457 ἱῦὒυ

1521 390 1698 447 νιτΑ.
1733 423 1800 432 -
1831 390 1954 445 LIB.
1992 388 2080 445 IV.

3308 363 3446 448 toto

181 513 292 568 dus.
322 505 493 560 Minus
519 516 649 558 vero
674 501 806 566 dixi,
836 500 1067 568 steterit,
1117 515 1239 556 cum
1271 502 1377 558 huc
1402 509 1457 556 et
1486 501 1611 557 illuc
1636 500 1745 558 dis—
1776 509 1823 568 Α
1854 502 2079 560 tradidit
2107 505 2335 558 mortem
2367 497 2481 555 solo
2516 497 2882 566 anathemate,
2917 500 3009 572 qui
3053 500 3158 560 line
3197 503 3443 561 horribili

182 597 436 656 currendo
477 593 710 664 gladium
751 591 975 662 spiritus
1006 600 1116 647 tota
1141 607 1264 648 cum
1297 591 1546 648 libertate
1581 593 1634 648 in
1678 592 1763 647 fu-

180 701 352 746 rentes
398 698 454 742 et
502 684 799 741 frementes
859 683 1260 753 conspiratores
1309 698 1403 739 seu
1464 684 1765 740 intrusorcs

179 777 489 843 vibraverit,
512 777 733 830 tradens
761 783 1108 830 contumaces
1144 773 1360 830 Satanae
1393 774 1445 829 in
1484 775 1760 829 interitum

176 871 371 936 carnis,
409 877 468 923 ut
489 866 716 937 spiritus
745 865 925 922 salvus
949 865 1102 922 ﬁeret
1123 865 1179 921 in
1213 865 1300 921 die
1331 865 1541 921 Domini
1573 864 1620 937 (l
1637 865 1762 921 Cor.

177 981 228 1029 v,
257 964 332 1033 5).
361 959 530 1031 Cujus
580 974 648 1015 eo
700 959 1006 1014 constantia
1057 957 1344 1015 sublimius
1388 959 1611 1014 emicuit
1657 974 1766 1030 quo

174 1056 367 1111 ibnlem
401 1053 643 1108 virorum
670 1050 892 1107 fortium
932 1051 1100 1106 robur
1148 1049 1421 1107 formidini
1447 1050 1766 1106 evidentius

175 1149 355 1214 cessit,
379 1159 554 1216 eoque
588 1144 734 1200 illius
759 1141 1086 1198 confidentia
1115 1143 1383 1198 illustrius
1428 1141 1633 1198 claruit
1660 1156 1768 1212 quo

171 1250 388 1291 suorum
421 1233 714 1289 dillidentia
744 1233 1002 1288 comitum
1035 1241 1089 1289 et
1109 1231 1416 1287 ollicialium
1444 1231 1499 1286 in
1529 1239 1679 1285 tanto
1706 1244 1768 1286 se

172 1324 485 1381 discrimine
511 1324 752 1393 apertius
776 1321 1046 1400 probavit.
1081 1322 1176 1377 llis
1215 1335 1450 1392 namque
1473 1335 1582 1375 non
1607 1321 1769 1374 modo

172 1418 242 1470 ad
271 1431 401 1470 aras
421 1414 714 1486 confugere
740 1429 930 1484 parum
956 1413 1077 1480 fuit,
1119 1415 1228 1468 imo
1256 1421 1308 1469 et
1336 1413 1436 1467 sub
1467 1412 1598 1482 ipsis
1619 1427 1771 1466 men-

170 1506 247 1560 sis
269 1502 564 1560 Dominicis
592 1517 652 1558 se
686 1503 1020 1566 abscondere
1047 1500 1332 1556 videbatur
1359 1500 1536 1554 minus
1571 1508 1765 1553 tutum.

170 1595 381 1661 Quibus
404 1594 476 1648 ita
496 1591 932 1663 confugientibus
956 1601 1011 1646 et
1031 1591 1270 1647 latebras
1290 1589 1599 1645 foventibus
1617 1589 1770 1659 llugo

169 1681 500 1753 persistebat
531 1681 701 1746 solus,
725 1680 1072 1750 caedebatque
1095 1680 1251 1736 labiis
1277 1680 1609 1734 intentantes
1648 1692 1771 1734 cer-

169 1775 387 1832 vicibus
417 1774 532 1830 suis
557 1773 782 1844 gladios.
809 1771 977 1841 Cujus
999 1772 1326 1843 magnanimi
1358 1771 1636 1835 audentia,
1669 1785 1768 1826 nec

1865 595 1932 650 de
1960 596 2063 650 hac
2090 599 2210 648 luce
2235 591 2558 663 migratum,
2602 605 2802 662 paucos
2835 592 3065 666 exempli
3097 596 3270 668 gratia
3298 613 3446 655 com-

1867 698 2175 739 memorare
2197 696 2305 740 non
2329 686 2435 740 erit
2459 683 2664 739 inutile.
2695 683 2826 739 Erat
2853 685 2906 740 in
2937 685 3209 743 territorio
3236 687 3448 745 Lincol-

1867 773 2040 831 niensi
2085 774 2242 832 miles
2278 775 2499 847 quidam
2535 773 2649 845 jam
2693 778 3050 846 provectioris
3086 779 3286 843 aetatis,
3318 797 3452 836 uxo-

1869 881 1982 921 rem
2007 865 2213 923 habens
2239 867 2504 923 sterilem.
2535 867 2781 924 Habebat
2807 883 3021 940 quoque
3046 869 3272 926 fratrem
3297 888 3453 942 mque

1868 957 2093 1013 militem
2124 958 2447 1016 industrium
2479 970 2535 1016 et
2569 961 2912 1032 prudentem,
2951 978 3112 1034 quem
3132 962 3258 1033 jure
3283 963 3456 1019 luere-

1868 1050 2087 1116 ditario,
2111 1049 2155 1106 si
2180 1049 2385 1121 absque
2407 1051 2594 1108 liberis
2619 1052 2707 1107 ille
2730 1053 3040 1122 decederet,
3067 1055 3349 1110 habiturus
3372 1055 3454 1108 vi-

1868 1141 2100 1196 debatur
2116 1155 2510 1198 successorem.
2531 1142 2812 1198 lnvidebat
2838 1152 3017 1200 autem
3033 1145 3162 1200 huic
3181 1160 3316 1199 uxor
3333 1159 3454 1206 sua,

1869 1244 2064 1285 verens
2093 1244 2161 1286 ne
2188 1228 2328 1286 forte
2364 1231 2580 1287 viduata
2624 1233 2823 1289 marito
2867 1234 2968 1290 sub
3009 1233 3152 1290 illius
3181 1232 3459 1288 deveniret

1869 1320 2230 1388 dominatum,
2259 1335 2388 1393 erga
2429 1338 2590 1392 quem
2620 1322 2875 1392 placitum
2904 1338 3178 1394 nunquam
3200 1323 3462 1394 gessisset

1869 1411 2145 1467 affectum.
2191 1410 2458 1483 Nequitia:
2503 1413 2669 1484 igitur
2696 1415 2930 1484 vipereae
2960 1415 3099 1471 dolis
3127 1413 3371 1479 incitata,
3401 1421 3461 1466 ut

1870 1502 1916 1556 ei
1941 1501 2335 1573 consequentia:
2358 1502 2692 1558 haireditatis
2708 1503 3061 1572 praecluderet
3078 1504 3308 1566 aditum,
3330 1501 3456 1572 quia

1869 1600 2084 1662 partum
2116 1608 2223 1647 non
2261 1591 2497 1649 habebat
2526 1592 2831 1664 proprium,
2876 1593 3158 1663 supposuit
3190 1591 3292 1648 sibi
3325 1590 3459 1645 alie-

1871 1698 2000 1737 num
2027 1683 2197 1755 (135).
2232 1682 2465 1740 Refertis
2491 1685 2755 1756 siquidem
2789 1697 2853 1739 ac
2883 1684 3213 1739 tumentibus
3247 1685 3459 1738 interna

1873 1770 2064 1828 fraude
2104 1771 2409 1829 visceribus
2434 1772 2670 1829 cervical
2717 1771 3001 1844 praecingit
3051 1772 3324 1828 exterius?
3370 1771 3461 1825 εξ-

167 1881 276 1920 non
306 1873 365 1920 et
385 1865 783 1934 protegentium
806 1874 868 1916 se
915 1861 1233 1932 angelorum
1283 1860 1533 1915 custodia
1583 1860 1774 1930 ipsius-
1809 1858 1850 1918 Β
1879 1863 2048 1918 mulat
2081 1877 2295 1933 quoque
2337 1873 2550 1920 uterum
2599 1864 2962 1920 intumescere
3002 1864 3312 1936 puerperio,
3346 1878 3466 1934 qua:

167 1971 276 2025 que
304 1954 502 2009 divina:
533 1953 751 2007 virtutis
773 1962 1054 2006 armatura
1087 1950 1243 2006 fracti
1279 1961 1332 2006 et
1362 1949 1595 2016 confusi,
1627 1949 1767 2019 apud

168 2045 516 2100 Lincoluiam
552 2051 663 2098 tam
685 2041 870 2097 clerici
901 2057 1064 2112 quam
1089 2040 1234 2107 laici,
1261 2039 1403 2110 apud
1429 2038 1769 2094 llollandiam

167 2137 377 2191 milites
427 2144 485 2190 et
537 2131 841 2204 armigeri,
892 2132 1036 2204 apud
1081 2129 1510 2186 Northantonam
1558 2143 1772 2201 quoque

157 2234 477 2302 burgeuses
516 2229 597 2301 li.
654 2245 702 2284 ε.
743 2228 890 2284 cives
907 2225 952 2300 j,
1005 2225 1210 2282 infensi
1257 2235 1540 2282 cesserunt
1594 2226 1773 2296 plures

163 2324 286 2384 nui,
324 2321 612 2376 saevientes
643 2317 784 2385 miti,
813 2327 868 2373 et
892 2315 1186 2387 tranquillo
1217 2317 1436 2372 turbati.

235 2413 404 2482 Apud
439 2410 777 2466 llollandiam
802 2417 983 2464 tamen
999 2449 1014 2474 ,
1043 2408 1187 2478 quod
1209 2407 1642 2477 praetereundum
1665 2422 1772 2464 non

156 2512 271 2568 est,
336 2499 662 2556 Wilbelmus
715 2501 782 2556 de
832 2500 1069 2566 Avalim,
1111 2501 1469 2556 consobrinus
1511 2501 1771 2571 episcopi,

161 2594 331 2648 miles
385 2590 724 2658 acerrimus,
770 2591 1020 2660 generosi
1073 2591 1356 2663 sanguinis
1395 2606 1532 2648 vena
1578 2592 1777 2648 incale-

161 2699 331 2739 scens
364 2723 380 2747 ,
431 2697 558 2739 cum
609 2682 800 2738 stricto
851 2696 1110 2738 mucrone
1167 2683 1389 2754 quidam
1441 2692 1775 2738 armatorum

160 2775 494 2844 pontificem
523 2773 739 2830 funesta
768 2782 989 2845 pararet
1015 2771 1181 2829 ferire
1208 2773 1460 2841 audacia,
1505 2773 1618 2843 jam
1657 2786 1779 2842 per-

161 2878 406 2920 cussuro
441 2875 505 2917 se
527 2860 744 2919 fortiter
771 2861 992 2933 objecit.
1016 2861 1116 2918 Cui
1161 2863 1331 2918 etiam
1361 2863 1411 2918 vi
1441 2877 1638 2934 magna
1683 2876 1779 2916 ex-

163 2966 442 3026 torquens
463 2953 726 3027 gladium,
763 2955 866 3010 nisi
899 2954 1288 3026 prohiberetur
1339 2969 1370 3010 a
1419 2955 1651 3025 praesule
1697 2955 1782 3010 di-

162 3050 442 3115 strictius,
470 3064 595 3104 eum
619 3048 827 3118 absque
853 3048 1083 3103 vulnere
1119 3047 1274 3103 abire
1305 3063 1410 3103 non
1448 3048 1687 3103 sivisset.

231 3141 315 3195 Ita
337 3155 483 3196 vero
513 3148 736 3210 paratus
761 3148 881 3195 erat
905 3138 1059 3210 [Iugo
1077 3137 1235 3207 juxta
1264 3139 1494 3195 formam
1525 3139 1780 3209 apostoli-

1879 1950 2215 2009 solunimodo
2245 1953 2452 2010 scelere
2480 1953 2755 2009 fetabatur
2806 1953 3049 2011 infando.
3083 1954 3259 2021 Miles,
3293 1954 3346 2008 in
3374 1970 3468 2009 cu-

1872 2043 1964 2115 jus
2013 2041 2382 2114 prtejudicium
2436 2051 2668 2101 versuta:
2724 2045 3080 2116 malignitatis
3122 2044 3466 2116 componitur

1879 2136 2122 2206 stropha,
2155 2135 2334 2191 dolum
2375 2135 2477 2192 sibi
2527 2136 2661 2192 strui
2700 2136 3129 2206 deprehendens,
3167 2137 3262 2192 sed
3293 2136 3468 2192 artill-

1879 2240 1998 2282 cem
2018 2225 2128 2281 doli
2153 2239 2260 2281 non
2284 2225 2610 2282 convincere
2633 2240 2733 2282 nec
2751 2226 3009 2282 cohibere
3034 2225 3326 2293 sufﬁciens,
3353 2241 3468 2281 rem

1879 2315 2056 2372 defert
2099 2317 2167 2372 ad
2226 2317 2474 2373 notitiam
2519 2317 2840 2373 amicorum.
2893 2317 3143 2372 Rimatur
3187 2317 3472 2372 sollicitius

1881 2406 2091 2462 consilii
2124 2409 2444 2473 remedium,
2475 2408 2572 2464 sed
2602 2409 2825 2463 minime
2848 2409 3052 2479 reperit
3080 2417 3466 2479 opportunum.

1883 2497 2094 2553 Interea
2123 2498 2318 2554 mulier
2341 2499 2618 2555 decumbit
2649 2499 2811 2566 lecto,
2841 2508 2892 2555 et
2927 2501 3065 2555 ficta:
3095 2498 3474 2570 parturitionis

1883 2587 2126 2659 indulget
2167 2589 2437 2660 suspiriis.
2495 2587 2790 2656 Quaesitam
2822 2603 2950 2644 vero
2985 2603 3016 2643 a
3060 2589 3182 2645 vico
3225 2587 3475 2658 proximo

1883 2679 2214 2736 muliercula!
2263 2677 2544 2748 cujusdam
2606 2693 2798 2736 recens
2851 2687 3030 2734 natam
3070 2678 3276 2750 prolem
3318 2677 3476 2733 femi—

1885 2783 2043 2826 neam
2096 2771 2167 2826 in
2202 2769 2478 2840 publicum
2513 2770 2644 2835 edit,
2694 2785 2760 2824 ac
2801 2769 2964 2825 veluti
3012 2785 3042 2824 a
3090 2784 3150 2825 se
3204 2769 3478 2824 veraciter

1885 2861 2102 2915 eiiixam
2131 2860 2278 2915 omni
2299 2873 2420 2914 cum
2441 2857 2716 2930 diligentia
2743 2859 3035 2914 studiosius
3059 2860 3284 2914 enutrit.
3309 2859 3479 2930 Cujus

1885 2951 2050 3007 etiam
2089 2950 2359 3008 veriorem
2408 2950 2478 3006 ad
2519 2963 2581 3006 se
2625 2949 2908 3006 accersivit
2941 2949 3282 3021 genitricem,
3321 2951 3480 3021 eique

1888 3043 2158 3099 nutriendi
2193 3043 2434 3114 pignoris
2467 3042 2668 3113 proprii
2700 3041 2968 3112 delegavit
2995 3041 3438 3098 sollicitudinem.

1961 3133 2096 3186 Dum
2136 3131 2262 3187 talia
2291 3141 2554 3204 geruntur
2584 3146 2691 3186 non
2734 3131 2919 3204 procul
2952 3146 2983 3187 a
3021 3131 3325 3199 Lincolnia,
3353 3147 3481 3187 con-

161 3247 314 3295 com,
345 3245 579 3287 omnem
599 3231 652 3284 in
681 3229 860 3302 gladio
892 3230 1120 3300 spiritus
1143 3227 1334 3284 ulcisci
1364 3229 1785 3284 inobedientiant
1817 3215 1859 3277 C
1893 3225 2015 3292 tigit
2040 3225 2244 3280 instare
2268 3225 2380 3296 jam
2405 3224 2840 3280 Resurrcctionis
2868 3223 3156 3280 Dominicte
3184 3223 3319 3278 festa
3348 3236 3476 3293 pas-

159 3323 215 3382 ('1
225 3322 247 3376 Ι
283 3324 417 3376 Cor.
456 3337 519 3388 ιι,
547 3322 627 3390 6),
653 3321 725 3375 ita
753 3336 968 3391 quoque
1003 3320 1122 3392 ejus
1153 3319 1345 3375 ultioni
1388 3320 1793 3376 animadversio
1894 3315 2090 3370 chalia.
2118 3317 2396 3371 Accedens
2417 3317 2583 3387 igitur
2607 3315 2780 3381 miles,
2807 3314 3052 3371 muliebri
3077 3316 3482 3373 circumventus

160 3413 411 3467 (‘t’li‘relﬂ
449 3407 832 3466 subitiferebat
855 3409 1175 3474 vindictam,
1210 3410 1350 3463 utin
1386 3408 1555 3464 Deum
1603 3417 1795 3463 contu-
1894 3409 2113 3472 astutia,
2185 3408 2254 3463 ad
2321 3408 2654 3478 pontiﬁcem,
2721 3407 3146 3478 astipulantibus
3197 3408 3303 3464 sibi
3349 3407 3484 3464 viris

158 3507 402 3561 maciter
423 3490 910 3575 d'elinquentibus,
931 3503 1075 3561 sicut
1117 3503 1232 3574 ipse
1268 3501 1574 3558 nullatenus
1605 3516 1796 3574 parce-
1896 3497 2165 3564 discretis,
2199 3511 2336 3566 quos
2370 3497 2510 3551 fama
2551 3498 2754 3552 certior
2790 3496 2926 3551 tanti
2964 3495 3286 3566 perﬂaverat
3317 3495 3485 3550 male-

159 3608 266 3661 ret,
303 3599 390 3652 sic
428 3608 822 3667 quemcunque
846 3593 962 3650 zelo
981 3593 1225 3664 justitim,
1248 3593 1512 3664 spirituali
1537 3608 1795 3650 mucrone
1895 3586 2027 3652 ficii,
2061 3599 2277 3642 omnem
2310 3585 2386 3640 rei
2430 3586 2642 3640 cunctis
2670 3585 3016 3642 audientibus
3054 3585 3188 3640 adeo
3217 3594 3484 3653 suspecta}

155 3689 279 3759 ipse
317 3686 688 3758 percelieret,
717 3687 818 3741 nisi
861 3687 1024 3741 citius
1075 3685 1426 3755 resipisceret
1449 3724 1466 3752 ,
1523 3684 1793 3755 corporali
1895 3678 2083 3748 pandit
2115 3678 2400 3732 rationem.
2431 3675 2542 3732 Nec
2569 3692 2717 3742 vero,
2750 3677 3033 3747 cujusnam
3057 3684 3203 3730 esset
3226 3675 3359 3739 tilia,
3388 3688 3483 3729 seu

155 3781 383 3848 pariter
433 3777 619 3832 exitio
675 3777 946 3831 interiret.
991 3775 1130 3831 llinc
1185 3775 1416 3832 rebelles
1463 3791 1708 3846 quosque
1739 3784 1797 3832 et
1895 3769 2346 3840 quemadmodum
2403 3783 2435 3822 a
2508 3767 2642 3822 falsa
2705 3768 2968 3836 genitrice
3042 3765 3329 3836 acquisita,
3387 3780 3487 3860 per

152 3868 550 3926 ecclesiastici
572 3867 716 3937 juris
745 3867 1059 3931 violatores,
1114 3865 1181 3922 de
1203 3880 1300 3921 sua
1332 3867 1658 3938 quandoque
1697 3881 1794 3937 po-
1896 3875 2060 3931 quam
2097 3863 2199 3918 sibi
2243 3863 2650 3919 exhaireditatio
2694 3864 3020 3933 parabatur,
3066 3861 3241 3916 adhuc
3283 3861 3487 3916 certius

150 3961 334 4014 tentia
369 3956 696 4015 insolenter
729 3965 1126 4025 praesumentes
1155 3969 1218 4009 ac
1258 3970 1370 4025 prae
1395 3965 1606 4010 tumore
1637 3969 1794 4010 men-

151 4053 226 4106 tis
258 4051 330 4106 ad
371 4051 577 4106 minias
627 4047 896 4101 interdum
940 4048 1250 4116 procaciter
1288 4054 1660 4116 erumpentes,
1715 4047 1795 4102 sic

149 4158 289 4198 voce
309 4138 581 4197 terriﬁca
597 4137 918 4208 objurgabat
943 4155 956 4191 :
977 4155 996 4189 ι
1026 4137 1165 4205 Quid
1188 4138 1254 4192 de
1285 4136 1504 4204 vestris,
1535 4137 1635 4203 ait,
1668 4137 1795 4192 viri-

151 4234 262 4289 bus
295 4232 392 4289 vel
417 4230 603 4286 armis
624 4236 814 4285 contra
859 4243 1080 4283 manum
1110 4229 1540 4299 omnipotentem
1588 4243 1796 4299 prazsu-

152 4326 336 4392 mitis,
371 4324 612 4396 quando
642 4323 797 4379 nobis
828 4323 994 4379 etiam
1022 4323 1262 4394 indignis
1307 4332 1362 4379 et
1417 4323 1650 4378 infirmis
1680 4323 1797 4378 hzec

155 4429 368 4472 manus
397 4415 552 4470 adeo
597 4413 840 4483 potentia
884 4427 1036 4468 arma
1073 4414 1300 4470 contulit
1339 4424 1398 4469 ut
1439 4415 1520 4470 eis
1562 4414 1794 4469 humana
1903 4417 2100 4473 Verum
2133 4419 2244 4486 ille,
2291 4419 2537 4492 conjugis
2586 4419 2814 4475 nimium
2861 4419 3108 4489 procacis
3153 4416 3274 4487 plus
3311 4415 3492 4486 jurgia

151 4508 507 4564 nullatenus
562 4513 878 4576 coaequetur
924 4504 1256 4562 armatura?
1302 4505 1525 4560 Loriras
1577 4515 1794 4560 nostras
1831 4572 1867 4584 ἢ
1900 4523 2060 4577 quam
2095 4510 2189 4564 Dei
2236 4509 2508 4576 justitiam
2541 4511 2960 4584 pertimescens,
3007 4509 3126 4577 ejus
3166 4521 3385 4579 quoque
3418 4507 3493 4562 si-

147 4597 348 4666 jacula
379 4607 580 4655 vestra
615 4611 722 4653 non
748 4604 1054 4668 penetrant,
1111 4603 1166 4650 et
1189 4595 1360 4665 galero
1393 4605 1597 4651 nostra:
1631 4610 1795 4651 enses
1830 4572 1874 4627 Β
1904 4601 2027 4656 bilis
2075 4601 2494 4672 praeincantatus
2542 4580 2794 4670 vipereis,
2849 4616 2910 4662 se
2961 4601 3196 4670 primum
3247 4599 3492 4654 criminis

150 4702 390 4747 vestros
425 4706 547 4746 non
571 4686 886 4745 lerniidant.
915 4686 1127 4742 Nostris
1153 4701 1282 4741 vero
1310 4688 1535 4742 ensibus
1559 4701 1660 4742 nec
1680 4702 1794 4742 cas-
1905 4691 2065 4762 hujus
2097 4693 2373 4748 inllciatur
2423 4693 2624 4748 habere
2657 4691 3071 4748 conscientiam.
3118 4689 3357 4762 Urgente
3403 4690 3494 4744 de-

150 4786 314 4841 sides
348 4792 574 4840 vestrm
600 4796 699 4836 nec
732 4781 985 4836 thoraces
1013 4778 1298 4834 resistunt.
1332 4779 1462 4842 Vos,
1505 4779 1550 4833 si
1583 4779 1799 4848 quando
1904 4801 2051 4840 mum
2088 4786 2343 4857 episeopo
2385 4793 2442 4842 et
2475 4784 2853 4841 aestimationis
2897 4782 3126 4854 publica:
3175 4787 3495 4852 argumenta

149 4889 399 4933 carnem
460 4871 702 4940 caeditis,
755 4871 992 4926 animam
1046 4883 1274 4940 prorsus
1335 4870 1650 4940 contingere
1691 4883 1770 4922 ιιοι

1904 4877 2107 4933 acriter
2163 4878 2454 4945 inferente,
2511 4877 2708 4948 quibus
2760 4877 2979 4948 patebat
3027 4873 3492 4931 verosimillimum

151 4969 391 5025 valelis-
440 4963 681 5022 Gladius
707 4971 894 5018 ηοὸιθτ
915 4973 969 5016 el
991 4973 1191 5028 cm'Pus
1217 4960 1460 5028 μετίηιίίν
1508 4971 1564 5015 ει
1613 4961 1796 5022 ιηοτίῖο
1903 4983 2026 5025 esse
2057 4954 2155 5026 nec
2180 4969 2231 5034 ei
2263 4969 2507 5027 sobolem
2530 4970 2677 5028 nasci
2702 4969 2944 5046 potuisse
2965 4967 3076 5037 jam
3104 4965 3496 5024 valetudinario

153 5078 271 5116 non
312 5055 697 5121 transitoria,
723 5053 819 5110 sed
849 5066 1070 5108 aeterna:
1136 5065 1321 5105 eorum
1367 5066 1503 5122 quos
1533 5051 1770 5120 percellit

1905 5071 1960 5117 et
1989 5063 2126 5129 seni,
2166 5076 2265 5118 nec
2301 5077 2427 5118 eum
2469 5062 2640 5117 videri
2681 5061 2928 5138 ignarum
2967 5061 3142 5116 uxorii
3178 5060 3493 5128 commenti,

150 5154 388 5208 animas
423 5147 664 5204 addicit.
710 5166 730 5199 ι
820 5214 943 5224 mn
1001 5208 1043 5224 ,-
1907 5162 2172 5209 attractus
2209 5154 2445 5210 evidenti
2477 5155 2687 5210 ratione
2718 5155 2849 5220 hac,
2874 5153 3088 5208 tandem
3119 5152 3356 5224 seipsum
3410 5157 3497 5206 re-

1907 5246 2198 5316 sponsione
2225 5245 2452 5302 deludit.
2471 5263 2490 5298 c
2515 5245 2650 5313 Quia
2675 5245 2857 5318 longo,
2885 5246 2984 5314 ait,
3011 5257 3274 5317 tempore,
3306 5259 3499 5314 corpo~

1910 5339 1986 5395 ris
2017 5339 2362 5397 incommodo
2386 5353 2473 5395 me
2500 5348 2798 5411 premente,
2833 5339 3091 5412 conjugis.
3123 5353 3258 5394 meai
3286 5343 3496 5392 secreta

1921 5433 2098 5487 minus
2129 5431 2370 5503 perfecte
2397 5431 2544 5498 novi,
2578 5432 2701 5488 ideo
2729 5433 2872 5499 volo,
2903 5432 2947 5488 si
2978 5430 3174 5502 placet,
3201 5426 3406 5483 arctius
3433 5425 3498 5481 de

1915 5523 2000 5580 his
2021 5525 2089 5582 ab
2117 5525 2206 5580 illa
2237 5523 2548 5596 perdiscere
2576 5526 2882 5582 veritatem.
2925 5521 3194 5591 Quidquid
3221 5533 3348 5575 vero
3375 5519 3500 5574 inde

1917 5617 2416 5690 inihi-compertum
2442 5617 2628 5686 fuerit,
2655 5618 2810 5674 vobis
2833 5629 2990 5672 mane
3011 5612 3294 5680 nuntiabo,
3317 5621 3502 5668 vestro

1895 3954 1998 4009 sibi
2032 3955 2360 4010 innotuerat.
2396 3955 2574 4010 Motus
2601 3964 2783 4010 autem
2822 3954 3172 4010 vehementer
3197 3953 3282 4007 vir
3305 3951 3488 4021 justus

1897 4057 1953 4103 et
1980 4048 2101 4118 pius
2129 4047 2198 4103 ad
2232 4047 2436 4114 aulita,
2472 4047 2722 4118 maligna:
2761 4049 3013 4103 maritum
3054 4047 3298 4102 mulieris
3330 4047 3396 4101 ad
3427 4059 3490 4100 se

1892 4141 2046 4211 jubet
2072 4142 2393 4213 quantocius
2420 4142 2698 4199 accersiri.
2743 4141 2913 4209 Quem
2943 4142 3210 4198 secretius
3258 4141 3490 4196 advoca.

1899 4243 2011 4290 tum
2039 4235 2260 4290 discutit
2287 4234 2600 4300 instantius,
2624 4233 2842 4289 instruit
2863 4243 2918 4288 et
2947 4232 3214 4305 coarguit,
3247 4231 3490 4302 tantique

1899 4336 2083 4382 reatus
2103 4326 2498 4383 confessionem
2516 4327 2586 4383 ab
2607 4340 2672 4382 eo
2689 4326 2889 4382 elicere
2917 4339 3242 4397 magnopere
3273 4323 3490 4379 insistit.

810 5208 1043 5272 CAPtJT
1104 5215 1192 5270 IV.

152 5316 238 5372 De
268 5327 484 5387 partus
517 5311 586 5366 ab
610 5325 772 5387 umore
808 5310 1091 5387 cujusdam
1125 5308 1310 5387 militis
1335 5308 1724 5387 _auppositione,
1753 5317 1801 5361 et

229 5380 440 5443 ebruon
494 5382 772 5453 punitione
809 5383 900 5450 qui
935 5389 1081 5453 tanto
1119 5380 1345 5453 facinori
1389 5389 1798 5453 consenserunt,

231 5461 307 5512 de
341 5449 581 5509 nomine
619 5449 900 5521 forestarii,
942 5462 988 5504 et
1025 5451 1088 5504 de
1119 5451 1316 5504 crudeli
1367 5449 1643 5519 cujusdam
1689 5449 1802 5521 cpi-

229 5526 397 5600 scopi
433 5520 866 5594 irtdlegt'ictionem
897 5522 1162 5576 retinentis
1185 5520 1559 5591 interfatione.

227 5619 368 5675 Jani
424 5629 575 5672 vero
617 5613 684 5669 de
727 5625 954 5674 numero
983 5611 1196 5676 illorum
1243 5627 1381 5683 quos
1424 5611 1479 5668 in
1517 5614 1804 5685 reprobam

225 5737 401 5808 (155)
445 5736 646 5812 Anno,
673 5731 750 5788 uti
779 5727 1265 5812 colligitiir,ll95.
1304 5727 1487 5788 Puella
1533 5732 1730 5790 etenim
1775 5730 1858 5786 vix
1900 5742 2133 5804 quiatuor
2169 5749 2437 5794 annorum
2477 5733 2864 5806 desponsatur,
2891 5737 2944 5788 et
2972 5727 3122 5786 fraus
3147 5741 3290 5785 anno
3319 5726 3507 5795 “.99...

143 5822 217 5881 λιι,
235 5807 583 5889 praesentiat
627 5807 869 5862 auctoris
899 5807 1187 5874 detegitur.
2357 5811 2359 5813 ί
2731 5823 2735 5827 -
