3962 6408
482 326 616 387 {Oli

1331 321 1390 379 S.
1421 321 1726 382 HUGO'NIS
1762 322 1974 382 EPISC.
2018 322 2332 382 LINCOLN.
2372 324 2535 383 0RD.
2574 324 2830 384 CABTH.

3614 335 3756 395 10f!

481 436 854 497 indubitanter
881 434 1157 511 paritu‘rus
1189 435 1416 492 consilio
1444 450 1608 507 super
1640 436 1914 506 omnibus,
1946 453 2066 510 qua:
2092 441 2140 503 Α
2171 439 2334 496 nebat
2365 439 2506 497 idem
2555 454 2709 497 more
2755 440 2983 511 nuptiali
3028 440 3347 499 solemniter
3378 443 3486 501 sibi
3534 446 3759 518 despon-

481 530 683 589 tuerint
731 530 887 600 juxta
951 527 1034 586 rei
1087 527 1359 599 inquisita:
1407 528 1607 585 seriem
1662 529 1852 601 utilius
1902 543 2062 587 exse-

479 622 714 693 quentit.
757 641 779 676 ι

552 714 690 769 Tum
722 713 925 785 praesul
956 713 1093 770 satis
1140 712 1499 781 admonitum,
1537 714 1592 771 in
1622 715 1711 772 bis
1736 717 1915 773 verbis
1941 729 2062 771 eum

480 804 633 860 abire
663 804 1021 875 permittens:
1066 821 1087 858 ι
1123 802 1299 872 Scias,
1340 805 1537 876 inquit,
1585 806 1673 863 die
1701 807 1937 862 crastina
1973 822 2066 863 ex-

466 882 990 953 lcommunieationis
1007 896 1276 953 sententia
1299 912 1487 959 omnes
1503 896 1625 954 illos
1650 912 1681 953 a
1699 897 1855 955 nobis
1871 898 2057 955 solem-

479 985 627 1042 nitcr
647 1000 713 1042 ac
737 983 1049 1042 terribiliter
1068 999 1189 1042 esse
1212 984 1485 1043 feriendus
1517 986 1608 1058 qui
1639 985 1798 1056 hujus
1824 986 1949 1042 mali
1978 1002 2070 1042 au-

479 1088 660 1133 ctores
686 1076 998 1134 exstiterint
1026 1084 1121 1132 aut
1159 1074 1423 1145 fautores,
1451 1077 1495 1132 si
1527 1077 1705 1133 minus
1733 1076 1892 1144 forte,
1923 1077 2064 1148 quod

476 1165 775 1238 polliceris,
806 1165 974 1225 fueris
989 1175 1299 1223 exsecutus.
1335 1186 1355 1221 ι
1392 1167 1483 1225 Sic
1504 1167 1595 1225 ille
1614 1168 1892 1234 dimissus,
1923 1176 1978 1222 et
1998 1169 2064 1221 ad

477 1271 609 1316 suos
636 1272 913 1324 reversus,
944 1257 1113 1313 sterili
1134 1272 1438 1329 puerperae,
1465 1273 1586 1329 qua:
1613 1258 1819 1313 audivit
1841 1273 1868 1312 a
1891 1257 2067 1329 ponti-

475 1345 600 1412 ﬁce,
641 1346 722 1402 vel
752 1361 873 1419 qua:
896 1347 1138 1418 pontiﬁci
1167 1347 1350 1403 retulit
1382 1349 1521 1419 ipse,
1551 1350 1796 1405 seriatim
1821 1350 2064 1421 exponit.

436 1442 445 1447 '
476 1438 559 1494 Ad
589 1439 708 1495 hac
733 1439 849 1506 illa,
882 1440 1200 1498 infrendens
1219 1450 1274 1498 et
1294 1440 1565 1498 infelicem
1594 1441 1741 1497 illum
1767 1442 2068 1512 procaciter

475 1530 793 1603 objurgans,
822 1533 1001 1589 redire
1029 1547 1153 1589 eum
1191 1532 1262 1588 ad
1289 1532 1504 1591 ﬁdelem
1526 1533 1894 1591 consiliarium
1920 1533 2069 1604 peni-

475 1631 566 1678 tus
592 1623 876 1680 dissuasit.
909 1623 1011 1692 Qui
1058 1622 1201 1680 male
1239 1626 1594 1697 acquiescens
1628 1627 1901 1684 domitrici
1930 1642 2073 1695 sum,

475 1716 564 1777 cui
586 1718 776 1774 ordine
802 1727 1134 1790 praepostero
1163 1720 1256 1781 diu
1295 1729 1654 1777 consueverat
1681 1719 1951 1787 ancillari,
1982 1735 2069 1774 re-

2167 544 2310 597 sare,
2342 546 2656 601 praecavens
2677 531 2934 589 nimirum
2958 548 3028 591 ue
3046 531 3187 589 forte
3209 534 3453 604 qualibet
3468 539 3756 597 occasione

2164 619 2472 691 privaretur
2510 620 2635 676 talis
2680 622 2995 694 patrimonii
3033 624 3421 695 acquisitioue.
3470 626 3628 693 Quod
3664 629 3755 683 ubi

2166 711 2401 768 innotuit
2427 712 2684 784 episcopo
2713 713 2827 785 (qui
2860 715 3096 785 generali
3128 717 3326 787 saepius
3351 719 3656 774 constituto
3681 721 3763 774 in-

2165 801 2420 859 ltibuerat
2445 804 2624 861 aetatis
2660 805 2969 863 indiscreta
2997 806 3244 878 copulam
3274 808 3600 879 nuptialem)
3636 825 3761 866 mox

2165 891 2330 948 etiam
2356 892 2577 964 speciali
2598 893 2874 965 prohibuit
2899 893 3194 951 interdicto
3218 910 3290 951 ne
3315 895 3444 967 quis
3470 896 3759 968 presbyte-

2166 1000 2351 1042 rorum
2379 1000 2476 1043 seu
2499 986 2730 1057 quilibet
2770 987 3010 1043 ﬁdelium
3040 986 3483 1044 Christianorum
3513 990 3603 1045 his
3624 1006 3759 1060 prac-

2166 1081 2355 1136 sertim
2379 1079 2584 1150 nuptiis
2609 1088 2964 1150 praesumeret
2990 1080 3278 1137 interesse.
3307 1079 3687 1151 Prospiciebat
3711 1081 3763 1137 in

2166 1169 2271 1225 hoc
2303 1168 2528 1240 perenni
2561 1167 2723 1224 simul
2751 1177 2809 1225 et
2835 1169 3119 1241 temporali
3160 1169 3458 1227 multon
3494 1171 3767 1227 indemni-

2169 1261 2286 1330 tati,
2332 1261 2625 1318 consulens
2672 1262 2839 1329 etiam
2883 1260 2995 1332 juri
3041 1264 3343 1330 communi,
3392 1264 3660 1320 videlicet
3699 1279 3769 1320 ne

2167 1351 2300 1409 ante‘
2321 1351 2536 1423 plenius
2560 1352 2831 1424 cognitam
2857 1361 2913 1411 et
2934 1354 3235 1411 discussam
3261 1356 3340 1412 rei
3381 1355 3766 1427 hujuscemmli

2167 1448 2453 1502 veritatem
2481 1445 2537 1502 in
2577 1444 2808 1516 alicujus
2837 1447 3011 1519 partis
3046 1447 3428 1519 praeiudicium
3464 1446 3576 1504 tale
3601 1449 3769 1506 inire-

2170 1548 2257 1595 tur
2283 1538 2637 1595 connubium.

2237 1630 2309 1689 At
2332 1630 2586 1703 episcopo
2609 1631 2773 1689 citius
2792 1640 2912 1703 post
2942 1631 3058 1688 haec
3081 1631 3152 1687 ob
3176 1631 3430 1701 qumdam
3453 1632 3677 1703 negotia
3699 1633 3771 1687 ad

2168 1738 2350 1794 regem
2381 1724 2434 1780 in
2457 1723 2760 1780 Neustriam
2786 1723 3032 1793 profecto
3065 1723 3238 1796 (135),
3288 1735 3677 1780 convenerunt
3712 1727 3766 1778 in

474 1806 619 1862 sedit
648 1808 817 1878 domi,
862 1809 1069 1867 crimen
1119 1809 1384 1885 adjiciens
1423 1810 1708 1869 mendacii
1733 1810 2066 1884 prtecedeuti
2096 1796 2139 1852 Β
2165 1814 2284 1870 vico
2318 1814 2556 1884 quodam
2583 1814 2862 1873 rentotiori
2901 1813 3125 1884 juvenis
3145 1812 3395 1885 praedicti
3428 1813 3684 1870 fautores
3711 1827 3767 1871 et

473 1900 675 1956 errori.

544 1985 711 2046 Facta
742 2001 829 2048 est
855 1993 972 2050 dies
999 1996 1267 2063 crastina,
1292 2010 1415 2067 quae
1443 1995 1546 2052 fuit
1571 2004 1933 2053 sacrosanctae
1956 1994 2063 2051 Re-

472 2082 829 2147 sttrrectionis
855 2086 1152 2147 Dominicas
1171 2089 1416 2159 paschali
1439 2089 1781 2147 solemnitate
1802 2088 2059 2160 gloriosa,

470 2185 576 2239 qua
610 2173 922 2247 episcOpus,
952 2176 1142 2235 habito
1171 2193 1342 2235 sacrm
1374 2165 1773 2247 exhortationis
1793 2180 1959 2237 verbo
1992 2181 2062 2238 ad

469 2263 749 2335 populum,
803 2267 1018 2352 cunctis
1059 2271 1263 2343 negotii
1309 2270 1475 2349 hujus
1528 2273 1718 2344 pandit
1779 2283 2058 2340 eventum,

471 2358 853 2421 enormitatem
880 2369 1174 2439 exaggerat
1203 2363 1479 2429 maleﬁcii,
1517 2375 1573 2421 et
1616 2380 1676 2423 se
1706 2380 1812 2422 non
1852 2365 2062 2422 defutu-

470 2461 593 2501 rum
621 2459 917 2516 asseverat,
946 2453 1077 2524 quin
1110 2463 1267 2511 tanto
1301 2470 1402 2527 pro
1436 2457 1642 2514 viribus
1675 2458 2062 2528 occurratpia-

470 2534 594 2591 culo
639 2551 704 2595 ex
733 2552 963 2597 censura
995 2544 1287 2613 pastoralis
1333 2544 1515 2601 oﬁicii.
1563 2546 1808 2617 Cumque
1851 2546 2061 2618 plenius

467 2629 845 2697 perdocuissct
865 2633 1056 2702 quanti
1082 2634 1154 2690 sit
1176 2636 1447 2703 criminis,
1472 2652 1581 2695 nou
1611 2637 1983 2703 tantummodo
2006 2637 2058 2692 in

468 2716 697 2776 iratrcm
741 2724 1051 2794 proprium,
1093 2725 1189 2784 sed
1226 2727 1318 2783 vel
1350 2728 1404 2783 in
1445 2730 1694 2800 quemvis
1725 2730 2060 2800 proximum,

466 2810 745 2882 quippiam
802 2812 1115 2884 bujusmodi
1162 2824 1507 2887 attentasse,
1558 2820 1700 2876 unde
1745 2818 2063 2876 necessarie

446 2900 902 2974 contingatenm
932 2919 1054 2961 cum
1085 2906 1233 2962 omni
1261 2908 1587 2983 posteritate
1614 2924 1712 2966 sua
1741 2910 2058 2965 irrentedia-

465 2991 559 3045 bili
598 2993 883 3069 diSpendio
928 2997 1209 3069 subiacere
1250 2999 1418 3071 (quod
1444 3000 1610 3067 etiam
1646 3000 1855 3072 peccati
1886 3015 2058 3077 genus

466 3083 570 3192 sub
599 3085 741 3141 mole
763 3101 883 3192 sua?
919 3088 1173 3192 nequitim
1297 3099 1542 3192 inertem
1568 3091 1653 3192 sui
1694 3105 1839 3192 saepe
1864 3105 2059 3161 perpe-
2084 3134 2126 3192 C

467 3184 703 3234 tratores
743 3179 958 3241 dicebat
988 3182 1438 3240 irremissibiliter
1472 3185 1820 3256 astringere),
1866 3199 2059 3241 omnes

466 3265 588 3322 illos
629 3268 844 3325 vinculo
880 3269 1163 3327 innodavit
1204 3274 1574 3330 anathematis
1603 3275 1723 3346 qui,
1751 3275 1819 3330 de
1867 3282 2059 3344 partus

465 3358 711 3429 praedicti
759 3362 1128 3441 suppositione
1164 3364 1702 3422 exhzereditationem
1743 3365 1930 3421 militis
1953 3378 2059 3421 sa:-

465 3450 589 3520 pius
627 3453 915 3508 memorati
958 3453 1182 3510 minime
1231 3455 1539 3512 timuissent
1584 3470 1903 3527 procurare.
1950 3454 2060 3511 Nec

465 3556 597 3597 vero
620 3542 675 3599 in
705 3541 925 3614 longum
957 3545 1166 3602 distulit
1202 3546 1255 3601 in
1299 3548 1526 3605 traditos
1562 3549 1667 3606 sibi
1695 3564 1763 3605 ex
1789 3548 2059 3619 sententia

464 3634 567 3689 viri
589 3632 727 3705 justi
759 3634 996 3693 Satanas
1027 3637 1249 3694 saevitiae
1276 3654 1389 3695 sua:
1416 3639 1758 3711 tyrannidem
1779 3654 2057 3699 exercere.

442 3725 660 3804 Virum
684 3742 920 3801 namque
938 3730 1186 3801 sequenti
1226 3738 1391 3787 nocte
1408 3731 1692 3800 invadens,
1720 3732 1813 3802 qui
1838 3746 2061 3804 perverg

440 3802 682 3889 usitatam
737 3819 984 3899 conjugis
1035 3821 1430 3880 dissimulando
1479 3823 1661 3896 potius
1712 3802 1853 3879 fovit
1895 3802 2059 3894 quam

467 3911 728 3978 correxit,
761 3913 881 3984 ejus
913 3913 1095 3971 subito
1133 3915 1371 3977 animam
1410 3915 1940 3987 extorsit.,Repente
1978 3922 2060 3972 ct-

467 4000 615 4056 cnim
645 4001 700 4058 in
740 4001 938 4060 lectulo
968 4004 1219 4076 apparuit
1244 4014 1517 4071 mortuus,
1550 4004 1605 4060 in
1636 4019 1797 4075 quem
1830 4020 1889 4061 se
1918 4003 2060 4060 loca-

438 4093 848 4164 -veratquiete,
881 4103 941 4150 ut
969 4095 1221 4158 credidit,
1262 4104 1611 4166 pausaturus.
1652 4095 1825 4165 llujus
1875 4103 2058 4151 autem

469 4183 717 4239 mulieris
744 4185 817 4240 ita
851 4185 1003 4241 l‘uror
1033 4187 1284 4256 pertinax
1315 4197 1372 4244 et
1410 4188 1491 4243 ira
1538 4190 1674 4243 adeo
1703 4187 1839 4242 dura
1873 4185 1976 4242 fuit
2001 4194 2061 4263 ut

468 4275 750 4347 preprium
803 4285 912 4331 tam
961 4277 1254 4334 cxitialiter
1301 4280 1476 4335 virum
1524 4278 1826 4349 perdidisse
1862 4293 1968 4333 non
2009 4278 2059 4334 ei

468 4366 759 4435 sutﬁccrct,
791 4369 893 4425 nisi
932 4369 1199 4440 inceptam
1252 4379 1441 4427 contra
1472 4370 1591 4440 ejus
1618 4385 1938 4442 germanum
1966 4385 2061 4426 ne-

2164 1902 2569 1975 consanguinei,
2598 1903 2786 1974 ibique
2812 1903 3165 1975 simplicitate
3195 1905 3495 1960 abutentes
3536 1920 3637 1962 seu
3667 1922 3756 1961 cu-

2162 1992 2392 2065 piditate
2422 1993 2721 2050 sacerdotis
2757 1993 2865 2050 loci
2888 1994 3054 2060 illius,
3084 1993 3315 2050 solemni
3348 2009 3514 2052 more
3540 1995 3772 2062 coitiun-

2162 2084 2370 2153 guntiu
2394 2083 2535 2140 facie
2563 2083 2823 2141 Ecclesia:
2862 2083 3022 2140 militi
3060 2083 3414 2158 infantulam,
3447 2085 3652 2141 illustri
3681 2102 3771 2139 ru-

2149 2174 2458 2253 sticanam,
2498 2175 2734 2247 ingenuo
2756 2190 2822 2257 ex
2843 2174 3026 2233 servili
3052 2174 3363 2232 conditione
3387 2186 3766 2246 procreatam.

2164 2265 2335 2322 Tanta
2364 2266 2467 2321 fuit
2495 2266 2921 2341 aviditasalieni
2950 2266 3094 2343 juris
3120 2266 3426 2338 occupandi
3456 2276 3520 2322 ut
3559 2283 3663 2323 nec
3690 2270 3770 2323 in-

2164 2358 2504 2427 genuitatem
2536 2358 2863 2429 degenerata
2911 2356 3172 2422 conditio,
3220 2371 3324 2412 nec
3360 2356 3564 2413 salutis
3587 2358 3766 2412 mani-

2163 2445 2298 2520 (esta
2322 2447 2560 2518 perditio
2583 2447 2848 2504 infaustas
2869 2447 3088 2525 nuptias
3113 2448 3459 2517 praepediret.
3489 2446 3771 2519 Regch

2163 2537 2372 2602 interea
2404 2554 2436 2595 a
2468 2538 2853 2601 transmarinis
2878 2539 3157 2619 episcopo,
3192 2554 3313 2619 quae
3337 2551 3498 2617 gesta
3521 2551 3653 2615 sunt
3684 2542 3767 2595 ei-

2171 2630 2278 2687 tius
2309 2630 2678 2691 innotescunt.
2732 2629 2873 2689 Hinc
2906 2630 3219 2701 presbyter,
3269 2629 3461 2685 talium
3510 2630 3773 2683 minister

2150 2718 2499 2793 nuptiarum,
2539 2720 2899 2792 suspensione
2927 2719 2997 2776 ab
3040 2718 3232 2775 eodem
3267 2718 3477 2788 pariter
3509 2718 3768 2773 beneﬁcii

2160 2811 2455 2870 mulctatur
2484 2820 2541 2869 et
2561 2811 2742 2868 cilicii.
2765 2812 2823 2868 ln
2851 2811 3091 2884 reliquos
3119 2825 3253 2866 vero
3281 2810 3437 2865 vetiti
3468 2812 3559 2866 sui
3585 2820 3772 2864 trans-

2160 2918 2460 2975 gressores,
2493 2890 2619 2963 cum
2653 2903 2752 2959 viri
2794 2918 2980 2959 coram
3016 2917 3082 2958 eo
3126 2914 3323 2974 parere
3358 2903 3773 2957 contumaciter

2161 2996 2551 3071 detrectarent,
2581 2994 3165 3055 excommunicationis
3193 2995 3469 3051 sententia
3516 2994 3773 3065 promul-

2160 3074 2341 3160 gatur.
2378 3074 2379 3077 η
2576 3144 2579 3145 ν
2832 3118 2833 3121 η
3054 3134 3057 3137 γ

2230 3181 2441 3238 Interea
2486 3181 2624 3238 fictae
2654 3181 2845 3236 matris
2879 3178 3209 3236 cubicularia
3242 3175 3424 3248 (cujus
3453 3180 3771 3235 ministerio

2158 3273 2340 3345 proles
2374 3274 2564 3331 alienae
2600 3273 2882 3345 genitricis
2910 3273 3135 3343 quaasita
3166 3278 3251 3326 est
3282 3280 3334 3326 et
3367 3270 3619 3343 inventa)
3654 3282 3771 3327 ter-

2144 3363 2696 3451 rrenteconscientia,
2725 3364 2960 3434 primum
2986 3363 3053 3419 ad
3073 3362 3546 3435 pmnitentiarium
3576 3363 3770 3419 Eccle-

2131 3453 2257 3522 sia:
2300 3453 2718 3521 Lincolniensis,
2751 3464 2956 3512 saneta:
2993 3455 3389 3512 recordationis
3434 3455 3771 3524 magistrum

2134 3544 2495 3605 .Willeltuum
2536 3547 2606 3605 de
2634 3540 2954 3604 Bredefeldo
2987 3547 3359 3604 subdecanum
3392 3548 3570 3619 (l56),
3598 3558 3662 3603 et
3690 3549 3773 3620 ip-

2160 3637 2275 3693 sius
2304 3636 2521 3717 demum
2562 3637 2780 3694 hortatu
2818 3637 2891 3693 ad
2919 3638 3096 3711 ipsum
3126 3638 3397 3695 accedens
3419 3639 3770 3708 episcopum,

2160 3742 2377 3785 omnem
2412 3730 2492 3802 rei
2529 3729 2774 3803 ordinem
2807 3745 2932 3786 cum
2975 3744 3170 3801 magna
3209 3728 3413 3800 detegit
3442 3728 3773 3799 profusione

2161 3816 2545 3890 lacrymarum.
2577 3817 2731 3875 Tunc
2758 3818 3043 3893 episcopus
3063 3815 3131 3874 de
3158 3819 3243 3875 bis
3273 3820 3537 3877 omnibus
3554 3820 3770 3875 certior

2160 3895 2412 3975 cﬁ'cctus,
2459 3916 2730 3967 secretum
2776 3908 2994 3978 quidem
3036 3908 3179 3984 apud
3207 3924 3268 3965 se
3301 3910 3523 3968 interim
3547 3909 3769 3978 habuit,

2160 3998 2304 4079 quod
2331 3998 2595 4054 secretius
2615 3997 2842 4069 audivit,
2862 3997 3028 4052 latam
3046 4012 3175 4053 vero
3191 3998 3402 4069 pridem
3424 4000 3770 4056 sententia-

2161 4089 2388 4162 singulis
2419 4090 2843 4165 circumquaque
2890 4104 2988 4161 per
3026 4088 3307 4145 Ecclesias
3346 4089 3544 4146 diebus
3570 4090 3773 4147 Domi-

2134 4183 2300 4247 _l)lt'iS
2329 4182 2574 4239 renovari
2600 4181 2815 4255 publice
2838 4179 3205 4255 demandavit.
3234 4179 3391 4248 Quod
3412 4180 3768 4252 aliquandiu,

2136 4328 2139 4333 ,
2162 4282 2222 4331 ut
2244 4271 2344 4328 fuit
2371 4271 2680 4344 impletum,
2711 4270 3077 4329 machinatrix
3103 4280 3159 4326 et
3186 4273 3417 4347 materia
3445 4272 3611 4343 hujus
3635 4274 3769 4328 mali

2163 4366 2358 4421 mulier
2383 4365 2591 4440 infelix,
2619 4380 2835 4421 reversa
2866 4364 3084 4420 demum
3124 4363 3178 4419 in
3225 4377 3285 4419 se
3313 4363 3479 4434 ccepit
3529 4364 3771 4420 horrere

467 4457 701 4531 quitiam
730 4458 999 4517 hostiliter
1025 4460 1364 4531 aditnplerct.
1396 4460 1640 4525 Perstitit
1686 4458 1829 4517 enim
1857 4460 2058 4517 conﬁr-
2091 4474 2139 4530 ι)
2163 4471 2299 4530 opus
2316 4458 2451 4514 adeo
2474 4452 2843 4529 perniciosum
2868 4472 2901 4513 a
2931 4470 2993 4514 se
3018 4456 3394 4521 commissum,
3421 4457 3771 4530 tandemque

469 4565 625 4606 mare
678 4566 990 4608 sermonem
1034 4566 1292 4621 nequam,
1342 4551 1580 4608 debitam
1630 4550 1733 4610 sibi
1780 4560 2063 4608 retentans

467 4643 911 4703 maledictiouem
936 4651 993 4700 et
1017 4643 1317 4701 indebitam
1360 4643 1594 4703 alumnae
1631 4657 1745 4701 suae
1777 4641 2061 4705 vindicans

467 4723 872 4801 hmreditatem.
965 4802 973 4810 Ι
1488 4798 1491 4801 .

542 4827 774 4885 Excluso
798 4829 965 4900 igitur
993 4828 1238 4902 legitimo
1266 4829 1487 4887 luerede
1507 4844 1541 4885 a
1566 4828 1813 4906 fraterna
1841 4844 2063 4886 succes-

468 4918 644 4985 sione,
669 4919 829 4977 datur
858 4922 1006 4992 regio
1033 4935 1258 4978 munere
1294 4920 1557 4977 infantula
1587 4936 1712 4978 cum
1743 4916 1857 4992 ipsa
1888 4920 2058 4979 haere-

468 5006 640 5064 ditate
671 5011 885 5067 cuidam
927 5012 1134 5085 juveni,
1187 5012 1278 5083 qui
1325 5011 1499 5071 frater
1541 5022 1669 5075 erat,
1709 5011 1948 5091 llngonis
1991 5011 2058 5068 de

469 5114 610 5154 nova
635 5101 783 5168 villa,
814 5105 1009 5159 summi
1037 5105 1252 5162 scilicet
1288 5104 1343 5160 in
1378 5119 1546 5175 regno
1572 5104 1845 5164 forestarii
1878 5103 2052 5176 (I34).

468 5190 648 5262 Quam
672 5192 849 5250 mtatis
886 5195 979 5251 vix
1006 5206 1258 5267 quartum
1294 5198 1604 5270 implentcm
1636 5213 1837 5253 annum
1869 5197 2052 5268 dispo-

538 5369 690 5443 (134)
728 5368 831 5438 Qui
866 5368 917 5443 in
948 5370 1052 5426 hoc
1082 5387 1306 5428 munere
1333 5370 1959 5441 successeratGalfrido,
1986 5370 2054 5430 de

432 5458 437 5463 ’
465 5454 576 5512 quo
603 5441 966 5512 dictum,lib.
995 5457 1080 5507 ιιι,
1099 5458 1151 5497 c.
1181 5444 1235 5499 8.
1414 5454 1415 5457 ‘

536 5513 688 5639 ([352
728 5511 785 5567 In
815 5511 1125 5597 Neustriam
1157 5513 1309 5568 venit
1347 5513 1505 5596 [iugo
1541 5514 1596 5570 in
1642 5514 2054 5640 Seguagesima

539 5600 596 5639 ιιι
624 5585 646 5639 1
691 5584 760 5640 99
782 5625 799 5640 .
830 5584 969 5640 Infra
1001 5584 1095 5640 ltb.
1120 5598 1176 5640 ν.
1198 5599 1250 5639 c.
1286 5583 1380 5640 15.
1418 5595 1597 5640 tturus
1618 5587 1686 5640 ad
1767 5586 2052 5640 tcltardutn

429 5630 438 5641 .
465 5583 596 5640 anni
624 5583 760 5643 H99
782 5625 799 5653 ,
830 5584 969 5651 infra
1001 5584 1095 5641 lib.
1120 5598 1176 5652 ν,
1198 5599 1250 5639 c.
1286 5583 1380 5659 15,
1418 5583 1597 5649 iturus
1618 5587 1686 5651 ad
1716 5583 2052 5642 Ricltardutn

436 5758 441 5767 -
466 5668 688 5799 "$333)
724 5728 885 5787 Forte
906 5737 958 5787 et
986 5726 1384 5791 cancellarium,
1411 5727 1503 5799 qui
1531 5726 1668 5797 apud
1692 5727 1910 5785 Surium
1935 5739 2048 5785 ten-

2163 4551 2402 4605 auimata
2428 4550 2655 4615 consilio
2682 4550 2934 4621 prudenti
2960 4549 3171 4607 accedit
3196 4549 3406 4622 pariter
3443 4565 3642 4605 secum
3674 4565 3771 4607 as-

2159 4651 2373 4713 sumpta
2399 4641 2584 4700 delicti
2626 4642 2709 4698 sui
2739 4640 2958 4715 conscia
2999 4650 3055 4715 et
3104 4641 3375 4709 ministra,
3417 4642 3765 4698 cubiculari:

2159 4742 2489 4806 prmnotata,
2531 4733 2600 4790 ad
2635 4734 2975 4806 episcopum,
3018 4741 3183 4807 atque
3229 4733 3465 4808 primum
3504 4733 3582 4790 illi
3632 4736 3767 4799 soli,

2160 4824 2354 4882 deinde
2378 4824 2622 4896 pluribus
2644 4825 2776 4880 viris
2804 4825 3053 4881 discretis
3075 4825 3240 4897 (inter
3267 4839 3406 4895 quos
3429 4833 3481 4881 et
3513 4825 3633 4892 ille,
3671 4832 3771 4900 qui

2160 4917 2277 4974 lucc
2300 4917 2520 4988 scripsit
2546 4917 2719 4990 (l57),
2750 4931 2989 4988 praesens
3018 4916 3139 4989 fuit)
3170 4926 3383 4975 reatum
3415 4932 3577 4972 suum
3609 4918 3772 4975 flebi-

2134 5010 2285 5088 lliter
2315 5012 2626 5078 confitetur,
2666 5019 2722 5066 et
2746 5026 2805 5067 sc
2836 5010 3114 5081 proprium
3139 5009 3395 5067 maritum
3422 5010 3770 5080 perdidisse.

2158 5118 2216 5160 sc
2236 5102 2457 5158 fratrem
2472 5102 2588 5175 ejus
2608 5104 3053 5170 circutnvenissc,
3072 5102 3220 5158 illum
3235 5103 3303 5158 ad
3320 5112 3578 5168 mortem,
3609 5104 3767 5160 hunc

2158 5194 2224 5251 ad
2254 5194 2708 5265 proscriptionem
2748 5201 2804 5249 et
2841 5191 3320 5249 exheredationem
3376 5207 3517 5249 voce
3577 5210 3771 5266 gemo-

2156 5377 2296 5459 tavit
2323 5374 2600 5459 nugonem
2625 5374 2693 5431 de
2719 5370 3021 5430 differentia
3051 5369 3366 5428 osculorum
3392 5368 3541 5425 inter
3565 5383 3673 5425 sua
3702 5379 3759 5426 et

2156 5446 2630 5593 §_.(!l‘§‘7')ml:3liltoc
2651 5515 2883 5589 coniicio
2915 5509 3586 5593 pernitentiamadulterm
3609 5510 3763 5593 acri-

2152 5580 2301 5715 tlisie
2325 5580 2470 5710 εἶιηο
2496 5591 2521 5644 1
2541 5588 2658 5656 [99,
2690 5580 2977 5659 postquam
3030 5585 3183 5655 Hugo
3204 5582 3371 5641 rediit
3398 5595 3466 5638 ex
3498 5580 3756 5637 Ncustria

2154 5679 2206 5718 tn
2283 5678 2348 5732 ηεξ
2375 5676 2503 5725 tattt.
