3962 6412
187 347 192 352 ’
205 351 333 414 11113

1556 349 1732 408 VITA.
1763 379 1835 393 —
1865 348 1992 405 LIB.
2030 347 2116 406 IV.

3307 352 3447 412 10M

203 471 374 524 bunda
403 475 752 539 protestatur.
795 466 925 534 Qua:
965 466 1215 522 universa
1252 466 1628 523 Cantuariensi
1663 479 1774 521 me—
1804 467 1849 522 Λ
1881 466 1932 520 in
1963 466 2160 522 funesta
2191 465 2322 533 sua,
2358 481 2516 540 quan
2537 452 2820 534 servabat,
2860 466 3113 524 invectas
3139 467 3458 524 insolentius

203 561 523 629 trupolitano
550 562 718 633 (158),
749 568 876 616 tunc
914 560 1175 630 temporis
1213 560 1380 616 totius
1431 561 1579 631 regni
1624 559 1782 630 justi-

203 653 381 716 tiurio,
409 653 636 708 sollicite
661 667 759 723 per
784 652 1098 723 episcopum
1129 651 1494 716 insinuantur,
1525 651 1782 705 fratribus

199 757 410 811 quoque
461 752 515 799 et
551 743 743 798 amicis
785 742 944 798 alieni
994 741 1329 811 patrimonii,
1372 751 1432 796 ut
1466 741 1780 810 praedictum

199 846 298 895 est.
341 835 678 890 insidiatorie
717 833 950 899 obtenti,
999 833 1211 890 cunctis
1248 833 1416 888 etiam
1455 829 1782 903 primoribus

200 927 315 981 frt‘e
335 933 391 980 et
421 924 716 980 barouibus
744 925 912 980 curia:
937 923 1270 996 Anglicanas.

271 1017 631 1072 Nihilominus
663 1030 796 1073 veno
831 1030 1062 1087 sponsus
1093 1005 1574 1087 puellae'insonter
1610 1012 1784 1068 noxia:

183 1121 321 1163 tum
351 1108 465 1164 suis
493 1107 822 1164 consiliariis
863 1108 1128 1164 incumbit
1163 1105 1494 1178 possessioni
1526 1112 1785 1159 nocenter

195 1202 420 1269 adeptae.
461 1199 723 1255 Assernnt
759 1200 902 1255 enim
929 1199 1086 1269 juxta
1120 1199 1268 1270 leges
1291 1199 1497 1269 Angliae
1520 1195 1784 1266 cujusque

192 1275 437 1347 sobolem
480 1290 697 1346 decerni
752 1290 1067 1361 legitimam,
1114 1304 1278 1360 quam
1324 1288 1510 1343 uxoris
1558 1285 1784 1340 maritus

196 1381 456 1452 legitime,
487 1383 666 1452 quoad
695 1382 918 1448 viveret,
960 1381 1254 1453 legitimam
1294 1379 1587 1434 habuisset.
1619 1377 1785 1432 Arce-

193 1484 285 1529 tur
312 1476 492 1544 itaque
518 1474 679 1546 hujus
705 1484 971 1546 praetextu
1002 1473 1290 1530 sententiae
1313 1473 1487 1528 haeres
1511 1471 1783 1542 legitimus

196 1565 269 1620 ab
313 1567 563 1637 ingressu
603 1566 967 1636 possessionis
1012 1565 1389 1621 haereditarize.
1433 1564 1504 1618 At
1541 1562 1782 1628 interim,

193 1659 266 1711 ob
306 1658 666 1712 reverentiam
707 1656 880 1729 magis
923 1655 1161 1727 episcopi
1199 1670 1363 1726 quam
1402 1663 1629 1725 propter
1672 1653 1784 1709 evio

192 1747 432 1803 dentiam
462 1748 731 1804 universis
754 1763 894 1820 pene
914 1733 1210 1803 notilicata:
1239 1747 1338 1813 rei,
1373 1761 1478 1801 non
1504 1744 1786 1801 sinebatur

1885 573 2038 615 more
2057 573 2156 615 suo
2196 566 2434 617 tractare
2463 561 2759 630 disposuit,
2800 561 2874 616 ita
2920 568 3232 631 peremptus
3258 569 3371 626 est,
3402 569 3463 616 ut

1883 652 2122 708 brachiis
2145 655 2440 724 amputatis
2463 662 2519 708 et
2547 669 2577 708 a
2603 653 2785 724 capite
2813 652 3014 708 avulsis
3043 651 3214 707 fustes
3240 651 3460 721 quidam

1881 743 2016 799 satis
2038 744 2222 816 exigui
2249 745 2370 817 (pro
2388 745 2586 815 quibus
2609 744 2678 800 ab
2701 745 2894 801 eodem
2924 745 3059 802 satis
3082 741 3321 812 iujuriati
3349 744 3463 798 fne-

1885 835 2029 895 rant,
2059 836 2150 906 qui
2175 851 2298 890 cum
2329 835 2697 906 peremerunt)
2727 837 2872 892 inter
2893 836 3128 892 cadaver
3155 841 3462 893 truncatum

1883 936 1939 980 ct
1963 934 2126 996 caput
2147 937 2448 992 exsectum,
2473 942 2575 983 nec
2607 942 2715 984 non
2745 937 2799 984 et
2824 926 3198 982 alia'membra
3224 924 3464 984 feraliter

1885 1016 2090 1083 excisa,
2118 1025 2173 1072 et
2197 1017 2324 1074 hinc
2347 1019 2471 1076 inde
2498 1020 2674 1088 posita
2700 1033 2796 1090 per
2822 1019 2938 1074 loca
2963 1019 3064 1073 tria
3095 1016 3464 1099 relinqueren-

1886 1108 2096 1172 tur,'iu
2132 1110 2342 1178 signum
2372 1111 2626 1169 videlicet
2669 1119 2725 1168 et
2767 1111 3133 1166 testimonium
3179 1093 3461 1176 nequitiie,

1882 1202 2008 1271 quia
2049 1201 2102 1255 in
2153 1202 2412 1258 finitimos
2455 1217 2699 1275 quosque
2736 1204 3035 1276 tyranicam
3076 1200 3282 1256 rabiem
3335 1213 3468 1253 cou-

1867 1303 2131 1350 sueverat
2163 1307 2438 1350 exercere.

2483 1364 2708 1422 CAPUT
2749 1366 2814 1421 ν.

1887 1452 1965 1509 De
2013 1457 2242 1522 quodam
2292 1456 2548 1517 diacono,
2591 1458 2681 1526 qui
2718 1456 2936 1510 militem
2984 1454 3266 1526 quemdam
3311 1467 3469 1526 super

1956 1520 2153 1580 crimen
2193 1526 2349 1596 regia:
2384 1520 2694 1595 proditionis
2732 1527 2924 1578 acriter
2965 1520 3262 1596 iiupelebat.
3297 1553 3366 1563 ——
3402 1520 3468 1596 [fit

1955 1596 2054 1719 {rgo
2113 1593 2400 1666 capitulum
2452 1596 2699 1650 inseritur
2761 1610 2966 1664 magna:
3033 1593 3163 1648 Vita:
3221 1609 3340 1662 cap.
3393 1593 3465 1654 6,

1977 1683 1991 1719 ι
2032 1705 2047 1720 .
2087 1681 2162 1720 tv.

1959 1755 2228 1812 Diaconus
2266 1756 2516 1828 quidam,
2563 1757 2785 1812 nomine
2830 1755 3140 1811 Richardus
3183 1753 3250 1809 de
3270 1752 3468 1814 Wars,

192 1848 384 1894 contra
427 1853 553 1894 eum
591 1837 880 1908 judiciaria
923 1839 1172 1894 difliuitio
1219 1837 1616 1894 sententiaIiter
1659 1851 1784 1907 pro-

1895 1849 2120 1905 militem
2153 1850 2441 1919 quemdam
2469 1849 2737 1905 vocabulo
2765 1848 3119 1917 Reginaldnm
3161 1847 3229 1902 de
3268 1845 3473 1915 Argen-

191 1929 349 1986 ferri.
382 1931 588 1987 lterato
621 1940 803 1987 autem
841 1930 1292 1987 constantissimo
1313 1927 1454 1998 juris
1481 1927 1784 1999 propugna-

191 2032 313 2080 tore
365 2025 420 2081 in
447 2023 900 2094 Northmanniam
949 2023 1342 2080 transfretante
1392 2021 1565 2093 (159),
1619 2023 1785 2093 inque

187 2117 434 2172 discessu
465 2131 572 2173 suo
598 2117 798 2187 sepius
825 2124 1166 2186 protestante
1195 2115 1346 2186 quia,
1376 2113 1422 2170 si
1456 2113 1600 2169 hanc
1630 2113 1786 2169 miles

185 2209 319 2272 sibi,
349 2219 406 2263 ut
435 2209 711 2279 proponit,
753 2209 807 2263 in
838 2206 1121 2280 coniugem
1165 2206 1471 2278 acceperit,
1525 2206 1784 2263 rusticam

184 2298 440 2368 profecto
483 2315 542 2356 se
577 2300 790 2356 noverit
834 2299 1061 2363 habere,
1106 2313 1208 2355 nec
1249 2299 1318 2354 de
1365 2298 1455 2356 illa
1496 2299 1784 2370 plurimum

164 2391 470 2458 "gaudebit.
509 2390 766 2448 Homines
814 2406 1009 2447 rursus
1048 2390 1339 2446 facinorosi
1383 2390 1784 2461 conspiratione

185 2481 338 2537 facta
377 2483 520 2538 diem
559 2480 807 2552 partibus
856 2489 1124 2547 statuunt,
1160 2496 1269 2552 quo
1300 2481 1585 2537 diﬂiuitum
1627 2482 1783 2552 litigii

185 2571 352 2642 hujus
385 2573 651 2630 calculum
693 2573 835 2641 apud
862 2572 1200 2630 Londuuium
1244 2573 1630 2643 proferendum
1659 2589 1786 2643 pro-

185 2665 586 2721 crastinatione
625 2674 831 2721 remota
871 2664 1112 2722 edicunt.
1145 2664 1316 2737 Igitur
1341 2665 1513 2721 Adam
1543 2665 1612 2722 de
1643 2681 1781 2721 nova

184 2757 316 2812 villa
342 2757 472 2828 (hoc
498 2758 645 2814 enim
673 2772 872 2814 nomen
901 2767 1023 2814 erat
1057 2758 1194 2822 viro,
1226 2759 1319 2829 qui
1348 2758 1584 2828 puellam
1615 2760 1784 2816 duxe-

185 2851 299 2921 rat)
327 2849 558 2921 stipatus
583 2849 1010 2921 propinquorum
1043 2851 1239 2906 turmis
1261 2850 1569 2908 Loudonias
1592 2852 1784 2908 festiue

185 2951 417 3011 petens,
466 2952 627 3000 nocte
674 2943 816 2999 diem
861 2943 1230 3014 praecedente,
1275 2959 1381 3014 qua
1425 2944 1637 3014 judices
1681 2945 1782 2999 sibi

185 3041 398 3088 terram
438 3033 588 3089 illam
617 3033 983 3103 promiserant
1017 3033 1072 3088 in
1105 3033 1337 3089 solidum
1363 3032 1781 3108 adjudicandam

190 3122 377 3191 (cujus
403 3122 746 3180 solummodo
767 3131 993 3178 eatenus
1017 3122 1297 3178 obtinebat
1323 3121 1650 3186 custodiam)
1676 3135 1782 3177 non

161 3214 381 3286 procul
415 3214 486 3271 ab
517 3216 650 3270 urbe
683 3214 921 3285 hospitio
956 3213 1268 3283 suscipitur.
1296 3211 1462 3284 Cujus
1509 3212 1636 3268 dum
1665 3210 1784 3266 fau-

187 3317 345 3362 tores
388 3315 444 3362 et
469 3305 764 3363 consiliarii
807 3305 874 3362 de
921 3304 1094 3360 forma
1127 3304 1410 3361 sententiae
1448 3303 1638 3359 dandze
1659 3317 1784 3360 eum

171 3398 465 3470 jndieibus
503 3398 556 3452 in
593 3397 818 3453 civitate
857 3396 1089 3453 sollicite
1131 3395 1460 3460 deliberant,
1492 3394 1582 3450 ille
1619 3395 1672 3449 in
1704 3395 1786 3450 di-

163 3488 442 3543 versorio
486 3487 644 3544 laetus
682 3496 740 3544 et
783 3487 1113 3544 temulentus
1163 3486 1306 3542 lecto
1349 3485 1644 3556 excipitur,
1691 3486 1786 3541 sed

183 3580 378 3648 sopori
425 3590 658 3636 mortem
714 3580 929 3636 socians
971 3580 1153 3635 subito
1201 3577 1565 3648 exstinguitur
1611 3576 1786 3648 (MO),

153 3671 452 3740 -solusque
489 3672 556 3725 ad
595 3670 832 3727 tribunal
870 3669 1118 3739 justioris
1142 3669 1363 3738 judicia,
1396 3669 1662 3724 factorum
1701 3682 1787 3723 re-

186 3772 454 3831 cepturus
477 3763 673 3828 vicem,
703 3771 814 3818 tam
855 3763 1153 3831 imparatus
1176 3776 1342 3832 quam
1376 3760 1451 3816 nil
1494 3759 1600 3816 tale
1634 3760 1783 3817 arbi-

187 3864 376 3908 tratus
403 3854 677 3924 extemplo
721 3854 1080 3924 protrahitur.
1140 3853 1467 3908 Timendum
1507 3861 1688 3908 autem
1719 3867 1787 3908 ne

189 3947 342 3999 forte
377 3960 500 4000 cum
543 3945 876 4016 impreperio
917 3944 1114 3999 ibidem
1159 3944 1393 4000 audierit
1420 3957 1487 3998 ex
1519 3944 1785 3999 sententia

189 4038 432 4092 districti
474 4035 676 4107 judicis
706 4038 850 4108 quod
896 4037 1094 4106 erepius
1129 4038 1184 4091 in
1223 4051 1320 4094 ore
1347 4035 1574 4091 veridici
1619 4035 1788 4105 ipsius

151 4175 158 4181 .
190 4131 280 4185 sui
310 4112 576 4199 piratconis
607 4128 939 4185 vertebatur.
969 4129 1106 4184 Cum
1139 4128 1284 4183 enim
1317 4127 1648 4198 incognitum
1684 4127 1784 4181 sibi

190 4234 251 4279 et
285 4222 630 4291 peregrinum
663 4221 934 4291 quondam
977 4236 1175 4275 nomen
1221 4218 1638 4275 forestariorum
1669 4233 1786 4275 cre-

191 4315 352 4369 brius
381 4313 466 4368 vir
499 4322 722 4370 sanctus
759 4313 992 4380 audiret,
1025 4313 1264 4383 querelis
1296 4313 1462 4367 etiam
1501 4326 1788 4382 oppresso-

194 4422 322 4462 rum
369 4406 439 4460 ab
485 4405 574 4459 eis
612 4405 741 4462 hinc
803 4406 929 4462 inde
985 4404 1497 4470 crebrescentibus,
1543 4405 1787 4461 barbara:

1889 1941 2014 1996 terni
2069 1955 2233 2011 super
2283 1939 2515 1996 crimine
2558 1940 2857 2009 impetebat
2909 1941 3072 2009 regiae
3127 1935 3470 2008 proditionis.

1888 2032 2019 2088 Erat
2046 2040 2278 2102 uterque
2313 2033 2380 2088 de
2405 2032 2720 2104 episcopatu
2757 2030 3148 2087 Lincolniensi.
3185 2028 3318 2083 Erat
3341 2041 3473 2080 vero

1886 2123 2135 2194 plurimis
2169 2137 2276 2177 non
2309 2123 2574 2178 incertum
2617 2120 2753 2179 falso
2788 2121 2974 2194 impeti
3003 2119 3229 2176 militem
3277 2132 3308 2172 a
3360 2117 3474 2172 cle-

1887 2217 2023 2272 rico.
2061 2214 2157 2271 His
2191 2215 2478 2285 episcopus
2511 2214 2745 2285 cognitis
2766 2217 2798 2282 ,'
2831 2215 3119 2270 diaconum
3145 2227 3244 2284 per
3279 2224 3474 2266 censu-

1887 2322 2004 2362 ram
2055 2305 2479 2363 ecclesiasticam
2527 2306 2722 2361 nititur
2767 2321 2798 2360 a
2826 2305 3134 2362 temeritate
3180 2317 3277 2358 sua
3325 2301 3474 2356 euhi-

1885 2399 2035 2455 bcre.
2058 2397 2270 2454 inhibet
2285 2399 2510 2468 proinde
2525 2399 2626 2454 sub
2638 2397 3078 2453 interminatione
3091 2391 3471 2453 anathematis,

1865 2502 1956 2543 ‘ne
1983 2489 2036 2542 in
2067 2486 2188 2543 foro
2218 2487 2496 2554 szeculari,
2533 2487 2836 2558 praesertim
2872 2486 2940 2542 ad
2965 2485 3227 2556 judicium
3255 2481 3476 2552 sangui--

1886 2579 2002 2644 nis,
2053 2577 2251 2633 audeat
2279 2592 2400 2633 eam
2443 2577 2763 2648 pertrahere
2791 2578 3069 2634 diaconus.
3107 2575 3178 2630 At
3223 2572 3314 2628 ille
3339 2614 3354 2639 ,
3403 2572 3474 2627 de

1885 2670 2037 2741 regio
2067 2669 2157 2739 qui
2183 2682 2307 2724 eum
2334 2669 2590 2725 tuebatur
2617 2669 2794 2726 elatus
2827 2669 3011 2724 favore
3031 2709 3048 2736 ,
3089 2665 3294 2721 monita
3328 2662 3476 2734 pari-

1889 2767 1972 2814 ter
2013 2767 2069 2815 et
2101 2759 2281 2814 minas
2321 2759 2596 2830 pontificis
2621 2759 3024 2816 contemnebat.
3072 2757 3207 2812 Nam
3234 2764 3292 2809 et
3327 2753 3472 2809 Can-

1869 2851 2178 2907 ituariensis
2199 2851 2642 2934 archiepiscopus
2669 2851 2818 2923 (141)
2852 2851 2964 2920 (qui
2992 2857 3046 2904 et
3077 2858 3203 2903 tunc
3224 2845 3473 2926 publicus

1886 2942 2036 3012 regni
2059 2941 2392 3012 justitiarius
2416 2941 2739 3009 habebatur,
2781 2941 2938 3011 cujus
2983 2937 3308 3011 protectioni
3345 2952 3471 2992 eum

1886 3049 1981 3088 rex
2013 3032 2319 3088 Richardus
2351 3033 2651 3100 impensius
2679 3030 3184 3102 commendaverat)
3215 3028 3474 3100 episcopo

1811 3162 1860 3225 ο
1889 3124 2191 3195 iujunxisse
2228 3124 2449 3190 dicitur,
2490 3139 2558 3180 ne
2583 3133 2770 3180 contra
2798 3125 3059 3179 honorem
3093 3122 3298 3194 regium
3323 3135 3474 3176 cont-

1888 3217 2112 3288 pelleret
2143 3216 2403 3274 clericum
2448 3232 2477 3272 a
2508 3217 2888 3288 prosecutione
2930 3216 3077 3272 inita:
3110 3211 3473 3271 accusationis

1888 3309 2168 3365 desistere.
2215 3307 2412 3364 Verum
2458 3308 2606 3364 Petri
2654 3309 2900 3365 imitator
2927 3323 3119 3364 versus
3159 3306 3210 3361 in
3244 3305 3364 3370 hoc,
3398 3304 3474 3360 si-

1886 3410 1982 3456 cut
2009 3400 2061 3455 iu
2093 3399 2360 3456 similibus
2388 3414 2534 3471 saepe
2563 3399 2836 3456 mandatis
2867 3400 3038 3466 illius,
3072 3397 3155 3455 sui
3185 3397 3362 3469 potius
3392 3395 3474 3451 of-

1873 3492 1997 3548 -ficii
2019 3491 2143 3561 jura
2168 3507 2329 3563 quam
2359 3492 2594 3548 hominis
2619 3493 2932 3548 attendebat
2955 3491 3139 3548 verba.
3164 3488 3319 3554 Nam,
3345 3487 3472 3558 quia

1889 3596 2120 3653 magnus
2141 3581 2234 3637 ille
2263 3581 2368 3647 vir,
2401 3588 2461 3635 ut
2492 3580 2606 3651 ipse
2634 3582 2903 3636 veraciter
2926 3579 3212 3650 perhibere
3241 3578 3470 3642 solebat,

1889 3685 2182 3744 utrumque
2218 3673 2318 3728 sibi
2369 3671 2605 3744 gladium
2643 3673 2998 3728 mntmissum
3037 3669 3274 3727 habebat
3310 3670 3476 3740 (erat

1891 3780 2155 3834 namque,
2205 3765 2345 3820 sicut
2375 3773 2646 3834 potestate
2681 3765 2957 3821 ordinaria
2997 3762 3472 3832 metropoiitanus,

1876 3867 1943 3910 et
1967 3857 2290 3911 auctoritate
2313 3857 2607 3926 apostolica
2633 3857 2798 3912 totius
2819 3856 3024 3926 Anglia:
3048 3855 3256 3926 legatus
3276 3853 3433 3926 (149.)
3456 3873 3472 3910 :

1891 3947 1963 4000 ita
1996 3947 2114 4013 vice
2135 3960 2351 4016 quoque
2388 3947 2534 4016 regia
2573 3961 2740 4016 super
2767 3946 3007 4002 forenses
3031 3943 3245 4014 jndices
3269 3943 3476 3999 arbiter

1889 4037 2173 4104 summus)
2217 4036 2508 4106 episcopus
2527 4077 2542 4102 ,
2567 4037 2698 4107 quid
2725 4078 2742 4102 ,
2784 4053 2812 4090 a
2841 4053 2951 4107 quo
2983 4037 3124 4092 idem
3155 4036 3475 4106 loqueretur

1889 4128 2088 4198 gladio,
2103 4127 2401 4196 prudenter
2417 4135 2474 4183 et
2493 4136 2653 4183 caute
2675 4128 2986 4184 discernere
3001 4125 3273 4182 studebat.
3297 4123 3474 4189 Unde.

1889 4220 2326 4291 quotiescunque
2372 4220 2576 4292 aliquid
2620 4222 2877 4276 monebat
2923 4229 3018 4275 aut
3054 4218 3282 4288 iubebat
3329 4218 3476 4289 quod

1891 4312 2161 4368 materiali
2192 4313 2371 4382 potius
2407 4329 2570 4384 quam
2601 4312 2781 4384 gladio
2807 4319 3136 4383 congrueret
3165 4309 3434 4380 spirituali
3455 4347 3470 4370 ,

1892 4421 1999 4461 non
2039 4407 2332 4461 verebatur
2365 4407 2449 4460 vir
2491 4406 2584 4461 Dei
2621 4406 2806 4460 dicere
2844 4404 2896 4460 ei
2924 4397 3068 4474 quad
3104 4401 3472 4472 apostolorum

194 4495 1056 4566 uuncupationialludeusdicere
1080 4496 1363 4550 consuerit
1393 4513 1407 4548 :
1444 4514 1463 4546 ι
1488 4495 1655 4550 Recte
1690 4496 1785 4549 ho-
1809 4503 1862 4563 ι)
1890 4513 2133 4552 summus
2170 4499 2518 4567 pontificibus
2570 4498 2766 4568 legitur
2805 4497 3010 4551 dixisse
3050 4513 3064 4550 :
3099 4493 3314 4563 Oportet
3354 4493 3473 4548 obe-

193 4588 374 4641 mines
411 4585 500 4640 isti
537 4596 593 4642 et
626 4587 761 4642 satis
808 4585 1030 4655 proprie
1071 4594 1452 4654 nuncupantur
1491 4584 1780 4642 forestarii.

193 4677 358 4732 Foris
383 4692 614 4747 namque
645 4676 867 4732 stabunt
901 4691 931 4731 a
966 4691 1130 4746 regno
1157 4675 1270 4740 Dei.
1305 4693 1324 4727 ι

268 4767 423 4822 Alius
449 4770 616 4822 etiam
653 4769 872 4838 quidam
903 4769 1224 4824 forestarius
1265 4767 1502 4837 episcopi
1563 4766 1787 4822 maledi-

188 4858 380 4915 Ctioue
407 4869 616 4915 retenta
648 4861 789 4916 infra
818 4875 1019 4931 paucos
1041 4859 1176 4927 dies,
1200 4875 1268 4914 ex
1290 4873 1398 4929 quo
1422 4859 1557 4914 tradi
1590 4858 1788 4915 meruit

191 4953 417 5007 Satanae
449 4953 502 5007 in
551 4954 826 5010 interitum
874 4952 1058 5008 carnis
1091 4951 1152 5022 (1
1187 4949 1312 5006 Cor.
1342 4967 1397 5015 v,
1424 4950 1520 5022 5),
1553 4951 1786 5007 crudelis

193 5045 408 5102 interiit
452 5046 720 5102 sententia
758 5046 968 5102 mortis.
1002 5043 1138 5099 Nam
1179 5060 1209 5099 a
1253 5043 1608 5114 quibusdam,
1649 5057 1786 5112 quos

225 5261 421 5390 rngiS)
460 5260 741 5332 Huberto,
786 5261 850 5318 de
896 5276 1003 5333 quo
1050 5263 1244 5317 iterum
1297 5276 1416 5332 cap.
1456 5262 1702 5331 sequenti
1730 5269 1784 5317 et

254 5351 268 5388 t
313 5351 350 5386 ι.

188 5351 350 5391 alii”.

270 5402 420 5476 (139)
459 5402 784 5476 Αημιιολιεοο
808 5442 824 5466 ,
862 5417 991 5476 eum
1037 5403 1248 5459 Joanne
1289 5402 1436 5473 Rege
1469 5418 1537 5458 ex
1571 5417 1734 5459 causa
1767 5442 1783 5468 ,

193 5474 296 5532 lib.
328 5491 382 5527 V.
412 5489 461 5530 c.
497 5474 586 5540 19,
621 5474 929 5529 iudicanda.

270 5544 422 5618 (MO)
465 5545 610 5618 Intra
640 5544 768 5598 illud
799 5553 1038 5618 tempus,
1070 5559 1178 5614 quo
1198 5542 1349 5618 llugo
1373 5544 1426 5600 in
1454 5544 1785 5602 Northman-

191 5614 290 5672 uia
314 5625 370 5668 et
395 5617 446 5669 in
468 5615 638 5670 Gallia
672 5614 1002 5669 morabatur.

271 5686 421 5752 (HI)
459 5685 747 5741 llnbertus.
797 5686 849 5740 in
889 5685 1352 5754 archiepiscopum
1395 5687 1600 5743 electus
1644 5702 1786 5743 anno

197 5759 345 5815 “95
369 5797 386 5826 ,
420 5757 549 5813 obiit
581 5771 724 5812 anno
751 5756 907 5811 1205.
941 5756 1013 5813 Ita
1045 5756 1254 5814 Wbart.
1277 5800 1290 5826 ,
1324 5774 1377 5827 p.
1409 5774 1457 5824 t,
1486 5773 1608 5829 pag.
1644 5759 1781 5825 111,

1886 4589 1999 4642 dire
2027 4588 2333 4658 Deomagis
2361 4605 2520 4658 quam
2549 4589 2847 4651 hominibus
2878 4586 3028 4658 (Act.
3057 4600 3110 4649 v,
3135 4583 3261 4654 9.9).

1957 4679 2323 4746 Quamobrem
2353 4678 2612 4734 clericum
2649 4677 2904 4733 rebellem
2933 4686 2990 4733 ct
3019 4675 3314 4744 disciplime
3341 4689 3471 4730 con-

1888 4767 2177 4823 tumaciter
2211 4769 2550 4824 resistentem
2578 4767 2993 4832 ecclesiasticae,
3035 4764 3329 4836 pontificali
3363 4780 3470 4820 non

1887 4860 2096 4917 distulit
2125 4861 2308 4932 rigore
2355 4857 2668 4931 percellere.
2715 4859 3008 4929 Suspendit
3046 4859 3224 4928 itaque
3253 4857 3323 4913 ab
3350 4856 3470 4911 ofﬁ-

1881 4953 1973 5010 cio
2003 4961 2061 5008 et
2093 4952 2357 5009 beneficio
2396 4951 2666 5007 nolentem
2682 4950 2812 5022 jugo
2845 4949 3001 5005 subdi
3028 4948 3312 5004 canonico.
3345 4947 3469 5015 Qui,

1886 5046 1955 5103 ad
1992 5046 2226 5116 legatum
2250 5044 2616 5118 perveniens,
2649 5058 2748 5116 per
2783 5059 2908 5099 eum
2927 5043 2992 5100 de
3013 5043 3156 5098 facto
3180 5056 3209 5097 θ
3249 5056 3472 5113 suspen-

1885 5266 2045 5324 Anal.
2071 5267 2194 5324 Sac.

1961 5309 2262 5408 ῖῖὶεῖῖὶιε
2294 5336 2559 5408 "uberius
2613 5337 2818 5407 (inquit
2858 5336 3169 5408 Radulplttts
3191 5335 3472 5408 donnicom

1887 5405 2029 5477 apud
2054 5409 2268 5465 Whart.
2298 5425 2349 5479 p.
2375 5407 2411 5462 2
2459 5405 2793 5479 Augl.'Sacr.
2823 5425 2875 5478 p.
2895 5405 3238 5479 693),:anno
3261 5405 3468 5479 Domini

1891 5476 2066 5544 1195,
2119 5476 2848 5551 plenitudinem!)potestatis
2889 5481 2940 5534 in
2982 5476 3156 5532 οῦίιτίο
3187 5476 3471 5551 legationis

1888 5551 2074 5606 favore
2119 5547 2358 5606 omnium
2391 5547 2746 5606 cardirialiutn
2770 5558 3053 5604 assecutus
3080 5558 3161 5601 est
3186 5549 3253 5600 ab
3282 5547 3469 5600 cedent

1888 5620 2196 5690 leestiuo,
2227 5632 2336 5677 tam
2362 5621 2412 5677 in
2459 5622 2924 5693 archiepiscopatu
2956 5616 3281 5675 Eboracensi
3306 5630 3476 5688 quam

1889 5701 2123 5770 proprio.
2166 5720 2182 5748 ι
