3976 6292
569 308 710 368 1015

1421 303 1480 360 S.
1525 301 1826 361 HUGONIS
1863 303 2078 360 EPISC.
2107 301 2424 360 LINCOLN.
2461 302 2622 362 0RD.
2660 294 2932 361 CARTII}

3679 303 3786 377 ER

567 421 725 478 sione
739 418 978 478 obtinuit
1004 419 1264 478 relaxari.
1289 416 1425 474 Ilinc
1452 426 1661 474 tumore
1682 418 1892 490 plenus,
1933 420 2001 475 ad
2025 420 2142 491 epi-

2245 417 2474 488 jussioni
2515 432 2672 485 meae,
2706 426 2763 475 et
2806 417 3027 488 suscipe
3074 418 3129 474 in
3169 420 3322 490 pacis
3359 420 3545 480 osculo
3582 438 3690 481 cum
3717 430 3786 488 ne:

567 527 792 583 scopum
827 512 1128 579 accedens,
1162 511 1260 567 sub
1279 508 1562 579 praesentia
1592 510 1882 566 multorum
1921 512 2153 582 optima-

568 611 681 658 tum
697 604 872 675 regni,
893 613 1001 660 tam
1016 617 1300 676 procerum
1312 600 1561 657 videlicet
1575 615 1737 672 quam
1754 602 2149 675 episcoporum,

567 697 1198 770 minaricepitgrandia.
1217 694 1467 751 Jactabat
1491 709 1621 752 vero
1645 709 1705 752 se
1726 711 1754 750 a
1775 695 2154 767 jurisdictione

567 788 964 845 Liucelniensis
999 787 1238 859 episcopi
1275 785 1454 843 taliter
1481 784 1592 856 jam
1629 789 1954 845 auctoritate
1987 788 2151 862 legati

563 885 918 946 exemptum,
965 876 1107 947 quod
1153 875 1224 932 de
1269 884 1471 933 caetero
1515 876 1826 934 nullatenus
1871 879 2152 937 omitteret

563 975 794 1038 propter
821 967 990 1032 illum,
1028 965 1160 1036 quin
1194 975 1249 1021 et
1276 965 1501 1022 domino
1529 967 1640 1039 regi
1679 982 1897 1024 omnem
1922 969 2152 1026 fidelita-

565 1065 675 1114 tem
711 1057 1015 1121 exhiberet,
1041 1055 1200 1128 eique
1220 1055 1490 1126 justitiam
1513 1059 1580 1115 de
1608 1059 1726 1116 suis
1755 1059 2001 1118 obtinere
2027 1077 2152 1133 pro-

561 1145 831 1202 ditoribus
881 1147 1207 1203 decertaret.
1265 1147 1542 1207 lnsultans
1594 1166 1809 1223 quoque
1860 1155 2147 1226 episcopo,

561 1234 840 1290 asserebat
883 1248 942 1290 se
976 1235 1276 1294 relaxatum
1316 1253 1344 1293 a
1394 1241 1755 1310 suspensione
1791 1258 1896 1313 qua
1931 1244 2148 1315 ipsum,

559 1333 620 1379 ut
651 1325 887 1390 diccbat,
926 1327 1106 1384 minus
1142 1329 1288 1387 licite
1315 1331 1648 1389 decrevisset
1677 1334 1891 1404 punire.

627 1415 711 1471 Ad
738 1415 857 1472 haec
883 1417 974 1475 ille
1014 1435 1120 1476 non
1151 1421 1368 1478 enervis
1401 1423 1666 1481 naviculae
1693 1423 1838 1481 Petri
1882 1427 2151 1497 guberna-

557 1517 645 1562 tor
667 1521 768 1565 suo
795 1524 972 1579 more,
1006 1521 1066 1567 ut
1098 1527 1334 1584 semper,
1372 1514 1522 1571 illato
1551 1523 1761 1572 terrore
1784 1520 2146 1588 constantior,

555 1605 619 1652 ut
657 1598 729 1653 de
757 1602 990 1670 quodam
1030 1611 1224 1658 sancto
1252 1602 1452 1674 legitur
1477 1605 1569 1674 qui
1600 1605 1653 1660 in
1681 1606 1872 1663 diebus
1897 1608 2014 1664 suis
2036 1625 2146 1682 non

555 1689 810 1747 extimuit
850 1693 1182 1764 principem,
1230 1696 1302 1751 ita
1345 1698 1555 1753 cunctis
1587 1687 1933 1756 audientibus
1983 1701 2142 1758 inﬂt:

2256 507 2633 564 benedictione
2688 510 2944 566 maritum
3004 519 3176 567 tuum.
3227 513 3481 585 Alioquin
3533 532 3702 576 revera
3738 525 3788 582 de
3881 541 3889 552 '

2255 606 2454 654 caetero
2480 613 2586 653 non
2611 613 2830 669 parcam
2863 600 2956 656 tibi
2975 640 2998 666 ,
3024 616 3124 658 nec
3146 601 3475 672 perniciosis
3516 610 3790 670 consiliariis

2255 690 2383 745 tuis.
2414 708 2434 741 ι
2475 689 2762 762 iussitque
2797 691 2972 746 virum
3010 691 3126 761 ejus
3159 695 3212 750 in
3243 697 3430 753 osculo
3461 710 3641 755 saneto
3659 707 3791 760 susci-

2253 794 2385 849 pere
2408 789 2553 835 eam.
2590 781 2744 849 Quod
2774 782 2900 840 dttm
2931 783 3020 841 ille
3059 785 3286 857 implere
3318 788 3510 858 vellet,
3538 791 3700 848 infelix
3727 798 3790 852 illa

2254 871 2729 944 impudentissime
2758 874 2977 946 exspuit
3008 876 3062 932 in
3093 876 3289 934 faciem
3331 879 3486 948 ejus,
3521 897 3638 938 cum
3664 901 3792 956 prepe

2256 972 2406 1021 esset
2450 965 2655 1035 altare,
2693 969 3043 1038 prmsensque
3081 983 3207 1026 cum
3241 971 3491 1042 pluribus
3521 974 3646 1031 viris
3672 992 3791 1034 rere-

2254 1057 2586 1114 rentissimis
2621 1059 2840 1116 adesset
2877 1068 3065 1118 tantus
3098 1063 3393 1130 sacerdos,
3433 1072 3488 1120 et
3523 1066 3666 1122 turba
3696 1068 3793 1124 lide-

2253 1146 2383 1203 lium
2408 1148 2600 1216 multa,
2625 1149 2680 1206 in
2713 1150 2830 1221 ipsa
2857 1152 3089 1210 ecclesia
3115 1155 3324 1226 pariter
3350 1157 3654 1214 constituta.
3677 1158 3790 1216 Tunc

2252 1239 2526 1298 universis
2554 1241 2626 1297 ob
2651 1251 2860 1299 tantam
2884 1247 3270 1303 contumeliam
3298 1248 3418 1305 viro
3448 1248 3641 1305 illatam
3662 1253 3788 1309 vehe-

2255 1339 2470 1387 menter
2506 1334 2997 1406 erubescentibus,
3055 1339 3343 1410 episcopus
3409 1356 3543 1397 voce
3607 1346 3789 1403 terribili

2251 1423 2328 1479 ait
2369 1443 2384 1479 :
2429 1443 2447 1476 ι
2477 1425 2612 1492 Quia
2653 1427 2915 1497 noluisti,
2961 1431 3172 1502 inquit,
3223 1433 3683 1502 benedictionem,
3719 1442 3790 1494 sed

2250 1513 2688 1574 maledictionem
2717 1518 2990 1587 dilexisti,
3027 1537 3159 1579 ecce
3187 1525 3563 1596 apprehendat
3589 1537 3635 1582 te
3659 1530 3788 1586 malc-

2250 1609 2439 1664 dictio.
2471 1609 2703 1682 Moxque
2744 1616 3240 1672 excommunicavit
3273 1633 3417 1674 eam.
3456 1620 3583 1686 Qiue
3623 1622 3670 1676 in
3694 1639 3787 1693 pro-

2248 1699 2366 1769 pria
2395 1703 2791 1758 contumaciter
2821 1706 3121 1762 abscedens
3139 1747 3154 1770 ,
3192 1718 3315 1777 post
3343 1709 3464 1765 dies
3511 1725 3693 1778 paucos
3712 1715 3787 1768 sibi

561 1795 581 1828 ι
606 1777 886 1836 Incassum
907 1796 1062 1848 sane,
1081 1783 1274 1852 inquit,
1299 1799 1462 1855 super
1485 1784 1790 1854 hujusmodi
1812 1789 2148 1849 relaxatione
2180 1790 2223 1845 Β
2249 1785 2318 1840 ad
2359 1787 2605 1844 inducias
2641 1791 2828 1848 utilius
2867 1808 3051 1850 secum
3099 1796 3437 1852 deliberandi
3483 1799 3674 1856 cmlesti
3701 1804 3788 1872 pie-

557 1869 660 1924 tibi
691 1870 975 1929 blandiris.
1014 1873 1150 1928 Nam
1183 1877 1766 1934 excommunicandum
1811 1889 1860 1936 te
1891 1882 1944 1937 in
1976 1885 2150 1940 conti-

553 1960 712 2015 ueuti
757 1965 1008 2028 noveris,
1039 1965 1083 2020 si
1112 1964 1222 2035 juri
1252 1982 1450 2038 parere
1492 1983 1658 2038 super
1696 1974 2015 2030 excessibus
2043 1977 2150 2033 tuis

553 2048 782 2106 ulterius
797 2052 1207 2112 detrectaveris.
1231 2077 1250 2110 ι
1271 2058 1410 2126 Quid
1428 2060 1594 2115 multa
1609 2061 1632 2114 *ἰ
1646 2061 1740 2118 lllo
1753 2069 2149 2124 contumaciter

551 2139 904 2211 obstrepente
951 2155 1008 2202 et
1053 2154 1311 2218 tanquam
1353 2165 1452 2207 ore
1493 2155 1646 2224 regio
1692 2156 1868 2212 minas
1913 2157 2148 2215 furiosas

552 2230 865 2300 intonante,
910 2235 1197 2308 episcopus
1235 2253 1360 2295 eum
1417 2241 1682 2300 innodare
1706 2262 1807 2302 nec
1836 2249 2014 2306 timuit
2045 2266 2147 2308 nec

551 2325 767 2382 distulit
809 2329 1036 2386 solemni
1090 2333 1458 2391 anathemate.
1521 2336 1624 2406 Qui
1671 2337 1908 2411 legatum
1955 2344 2146 2400 adiens

552 2419 804 2488 queritur
842 2424 909 2476 de
939 2423 1200 2495 episcopo
1226 2429 1372 2498 quod
1407 2429 1464 2485 in
1505 2430 1626 2500 ejus
1651 2433 2026 2502 praejudicium
2058 2449 2146 2492 re-

549 2508 744 2581 gisque
765 2510 1105 2583 dispendium
1135 2519 1298 2584 adeo,
1334 2527 1394 2575 ut
1418 2519 1711 2591 allegabat,
1743 2531 1997 2594 proterve
2017 2540 2140 2584 eum

551 2605 1098 2663 excommunicasset.
1150 2609 1195 2662 A
1241 2624 1356 2681 quo.
1380 2612 1602 2668 tandem
1632 2612 1845 2671 litteras
1881 2615 2143 2687 impetra-

548 2693 630 2749 vit
675 2696 747 2751 ad
781 2697 1124 2770 episcopum,
1171 2710 1448 2772 quatenus
1488 2718 1588 2774 pro
1635 2705 1886 2764 absoluto
1912 2707 2142 2765 haberet

549 2798 716 2852 eum,
763 2795 950 2858 utpote
977 2805 1008 2845 a
1053 2805 1115 2848 se
1143 2793 1474 2851 absolutum.
1535 2793 1634 2851 Cui
1680 2799 2002 2872 episcopus,
2047 2801 2140 2858 tali

546 2876 792 2947 perlecta
815 2883 1090 2951 mandato,
1117 2884 1192 2939 ita
1225 2885 1364 2941 dixit
1395 2903 1409 2940 :
1449 2906 1468 2940 ι
1488 2885 1544 2944 Si
1571 2889 1780 2947 centies
1803 2897 1856 2946 te
1880 2891 2141 2948 Dominus

549 2971 996 3044 archiepiscopus
1044 2976 1429 3035 absolvendum
1485 2982 1734 3049 duxerit,
1792 2984 1998 3040 centies
2048 2993 2140 3041 aut

546 3060 712 3117 etiam
741 3064 940 3134 saepius
971 3075 1034 3135 te
1076 3069 1219 3124 scias
1257 3083 1289 3124 a
1339 3071 1494 3128 nobis
1521 3075 2134 3147 excommunicandumi,

547 3154 788 3224 quandiu
821 3166 874 3212 te
902 3157 1206 3216 videbimus
1238 3162 1290 3217 in
1335 3165 1775 3235 praesumptionis
1806 3175 1912 3224 tute
1950 3183 2138 3224 amen-

544 3244 620 3301 tia
676 3245 1112 3306 irrevocabiliter
1164 3252 1500 3312 induratum.
1553 3255 1639 3312 Tu
1689 3257 1894 3315 videris
1945 3260 2135 3329 quanti

542 3337 750 3394 habeas
792 3343 1124 3399 sententiam
1161 3353 1437 3414 nostram;
1479 3361 1577 3402 nos
1607 3347 1752 3403 enim
1787 3349 1930 3406 hanc
1959 3352 2136 3407 omni-

543 3426 723 3482 modis
765 3438 938 3484 ratam
971 3431 1234 3489 habemus
1260 3443 1316 3490 et
1358 3436 1592 3492 firmam.
1624 3457 1643 3492 ι
1698 3438 1790 3496 Sic
1817 3441 1906 3499 ille
1940 3443 2134 3500 absce-

541 3519 679 3575 dens
700 3559 715 3586 ,
745 3521 971 3594 jamque
998 3533 1141 3580 metu
1176 3534 1341 3581 tanta:
1369 3526 1512 3582 illius
1535 3533 1861 3588 constantia:
1890 3533 2136 3604 aliquau-

543 3607 714 3666 tulum
771 3614 937 3668 corde
981 3615 1233 3680 fractior,
1264 3615 1549 3685 pollicetur
1597 3620 2024 3680 deliberaturum
2073 3640 2134 3681 se

543 3712 749 3770 utrum,
789 3708 946 3778 juxta
990 3710 1135 3778 quod
1179 3712 1498 3780 exigebatur
1535 3729 1700 3784 super
1730 3719 1972 3787 parendo
1995 3717 2129 3788 juri,

541 3812 728 3855 coram
763 3801 1016 3870 episcopo
1045 3801 1208 3858 vellet
1255 3818 1471 3861 cavere.
1499 3805 1600 3874 Qui
1645 3807 1756 3864 cito
1785 3819 1908 3879 post
1944 3811 2060 3868 haec
2099 3828 2129 3866 a

544 3889 782 3956 quodam
811 3904 913 3944 suo
942 3905 1112 3960 puero
1142 3891 1417 3948 lethaliter
1442 3896 1619 3950 securi
1641 3911 1934 3966 percussus
1962 3899 2015 3954 in
2041 3915 2132 3956 ca-

539 3976 692 4044 pite,
711 3979 848 4048 proh
883 3979 1066 4036 dolor!
1099 3982 1252 4052 prius
1290 3984 1562 4041 exhalavit
1587 3987 1824 4042 animam
1850 4003 2013 4059 quam
2041 4007 2132 4047 er-

540 4068 681 4122 roris
731 4069 817 4123 sui
866 4069 1164 4129 insinuavit
1207 4076 1607 4146 penitentiam.
1662 4075 1782 4134 Uno
1822 4079 1966 4138 enim
2018 4081 2128 4137 ictu

538 4163 929 4220 excercbratus
949 4173 1003 4220 et
1025 4177 1244 4237 repente
1263 4170 1568 4228 exstinctus
1587 4178 1690 4226 est.

1153 4261 1381 4322 CAPUT
1425 4262 1510 4316 VI.

531 4343 1034 4426 ,De-adoleweutula
1075 4353 1329 4426 Dauniae,
1365 4371 1515 4426 qua,
1561 4356 1735 4425 priore
1771 4372 1961 4425 sponse
2001 4374 2126 4412 con-

607 4428 821 4494 tempta,
853 4424 917 4476 de
945 4423 1085 4493 [acto
1115 4425 1270 4479 alteri
1303 4423 1586 4494 conjugatn
1608 4436 1654 4479 ct
1681 4423 1838 4493 super
1865 4426 1961 4481 hoc
1995 4445 2092 4481 con
2110 4457 2122 4468 -

606 4487 776 4563 sum,
811 4487 995 4561 parere
1029 4495 1336 4560 contempsit
1377 4487 1524 4548 ιῖείιῗο
1562 4487 1800 4563 Ilttgoni.
1831 4527 1902 4538 —
1943 4498 2007 4551 El
2046 4509 2120 4552 est

605 4562 702 4615 hoc
731 4562 975 4618 similiter
1002 4565 1289 4635 capitulum
1317 4567 1372 4618 in-
1399 4581 1589 4620 mania
1628 4565 1748 4621 Vita
1775 4568 1874 4622 sub
1895 4569 2124 4638 capitulo

602 4641 769 4686 ιθωιο.

603 4721 1025 4780 Adolescentula
1047 4725 1293 4795 quasdam
1327 4725 1673 4793 Oxoniensis,
1698 4729 1978 4800 cujusdam
2001 4728 2126 4785 bur-

531 4813 724 4883 pensis.
740 4814 869 4881 filia,
885 4814 1218 4872 convicaneo
1237 4818 1453 4874 cuidam
1464 4819 1646 4889 juveni
1668 4819 1916 4890 legitime
1931 4830 2122 4891 nupta,

529 4905 758 4964 alterius
778 4906 993 4977 juvenis
1015 4921 1200 4965 amore
1219 4910 1452 4980 amplius
1478 4925 1762 4977 succensa,
1786 4911 1970 4982 priore
1993 4929 2124 4970 con-

530 5008 737 5068 tempto
761 5013 986 5068 sponso,
1016 4999 1094 5055 illi
1125 5002 1192 5058 de
1222 5001 1363 5061 facto
1387 5012 1472 5059 est
1493 5001 1800 5076 coniugata.
1816 5004 1946 5074 Quae
1961 5023 2122 5078 super

530 5087 774 5156 impetita
808 5103 838 5142 a
867 5090 1050 5158 priore
1079 5100 1246 5164 atque
1269 5094 1515 5148 convicta
1548 5095 1874 5151 monebatur
1898 5097 2123 5168 diligen-

528 5177 739 5233 tissime
763 5179 832 5234 ab
850 5182 1126 5254 episcopo,
1153 5193 1423 5255 quatenus
1447 5185 1622 5254 primo
1645 5202 1704 5243 se
1730 5188 1980 5247 redderet
2009 5206 2121 5244 ma-

528 5269 663 5328 trito.
690 5270 808 5340 Ipsa
859 5289 987 5331 vero
1031 5277 1284 5333 dissuasa
1319 5293 1352 5332 a
1388 5289 1600 5347 matre,
1646 5295 1772 5350 qua:
1801 5281 1853 5336 in
1891 5283 2120 5337 consilio

525 5374 768 5432 nequam
789 5364 1013 5421 alterum
1044 5380 1103 5423 se
1137 5367 1258 5424 filiae
1291 5383 1402 5425 sua:
1425 5370 1713 5426 exhibebat
1738 5371 2116 5440 Herodiadem,

524 5466 654 5515 ante
705 5472 766 5514 se
811 5460 1132 5515 mori-turam
1182 5477 1343 5532 quam
1377 5463 1426 5517 ei
1479 5471 1766 5531 nupturam
1816 5465 2120 5534 procaciter

525 5549 865 5609 clamitabat.
907 5551 1063 5608 Tunc
1106 5554 1190 5608 vir
1233 5555 1846 5628 Domini,apprehcnsa
1874 5556 2115 5622 ejusdem

523 5643 713 5708 sponsi
762 5644 908 5700 illius
959 5647 1216 5710 dextera,
1268 5646 1510 5702 miscens
1557 5648 1860 5704 terroribus
1901 5665 2118 5721 quoque

526 5732 898 5794 mamlimenta
927 5752 937 5788 :
975 5754 991 5786 ι
1018 5733 1173 5804 Filia,
1206 5736 1402 5812 inquit,
1430 5753 1546 5794 mea
1573 5741 1617 5796 si
1642 5740 1723 5795 vis
1745 5755 1884 5810 esse,
1917 5742 2111 5800 obaudi

2255 1883 2366 1932 tate
2395 1891 2720 1948 concessus,
2761 1897 2886 1938 cum
2926 1887 3099 1957 magis
3143 1887 3495 1944 indurarctur
3522 1905 3610 1945 cor
3634 1891 3726 1959 cjus
3747 1904 3788 1949 ct

2251 1965 2564 2025 nullatenus
2592 1972 2958 2043 resipiscerct,
2984 1977 3276 2047 prtefocata
3308 1980 3376 2035 ab
3401 1973 3554 2036 hoste
3583 1984 3784 2054 maligno.

2250 2056 2478 2114 delicias
2525 2072 2752 2132 repente
2800 2064 3017 2121 illicitas
3048 2077 3104 2123 et
3147 2069 3384 2125 caducas
3430 2079 3538 2126 tam
3566 2077 3790 2144 perpetuis

2249 2162 2413 2218 quam
2441 2150 2609 2221 justis
2635 2157 2995 2212 commutavit
3019 2158 3325 2228 suppliciis.
3354 2178 3377 2214 ι

2853 2249 3082 2308 CAPUT
3127 2251 3234 2307 VII.

2248 2330 2543 2414 θείης-ἱεο
2583 2335 2943 2414 _Ebor_acensis
2997 2340 3264 2405 diceresic,
3309 2344 3404 2413 qui
3441 2361 3594 2414 super
3619 2346 3795 2401 ecclesia

2318 2404 2664 2485 dimittenda,
2709 2408 2776 2485 de
2817 2425 2922 2478 qua
2965 2421 3148 2485 contra
3188 2404 3385 2467 eum'a
3429 2404 3574 2469 (mito
3610 2415 3798 2485 Περσηί

2238 2483 2248 2491 ‘
2317 2477 2648 2552 auctoritate
2685 2477 2926 2552 delegata
2957 2479 3590 2552 ferebatur-sententia,
3645 2477 3796 2552 parere

2318 2543 2486 2622 noluit
2524 2543 2812 2622 j‘udieatis.
2843 2578 2913 2622 :—
2946 2547 3016 2602 Et
3065 2560 3140 2622 est
3189 2551 3366 2606 adhuc
3403 2543 3674 2622 capitulum
3717 2563 3796 2611 hoc

2316 2613 2412 2667 sub
2447 2615 2628 2670 eodem
2657 2617 2888 2687 capitulo
2917 2629 3064 2674 sexto
3094 2621 3148 2674 in
3177 2638 3371 2692 magna
3411 2613 3549 2679 Vita.

2315 2723 2504 2780 itidem
2535 2725 2738 2783 clerico
2767 2728 2988 2785 cuidam
3020 2730 3388 2790 Eboracensis
3413 2735 3681 2804 dimcesis,
3716 2756 3795 2795 no-

2243 2817 2389 2872 mine
2410 2817 2717 2885 Willelmo,
2758 2835 2912 2876 suam
2931 2864 2946 2890 ,
2987 2837 3093 2893 qua
3124 2825 3326 2896 injuste
3351 2843 3476 2884 eum
3504 2832 3798 2900 spoliaverat

2242 2911 2602 2979 quorumdam
2625 2912 2918 2992 violentia,
2975 2917 3370 2974 restituendam
3413 2921 3683 2978 ecclesiam
3724 2942 3800 2978 au-

2242 3001 2500 3056 ctoritate
2551 3000 2704 3072 [Iugo
2749 3004 3073 3062 decreverat
3118 3011 3436 3080 apostolica.
3492 3013 3650 3081 Quem
3697 3031 3803 3085 pars

2241 3089 2469 3145 adversa
2500 3089 2702 3147 diutius
2733 3093 2801 3148 ab
2831 3094 3076 3166 ingressu
3109 3103 3474 3168 possessionis
3498 3103 3596 3158 sibi
3623 3105 3800 3173 atljudi

2241 3190 2378 3236 cata:
2414 3197 2575 3236 manu
2609 3183 2905 3254 repellebat
2930 3201 3161 3244 armata.
3196 3192 3349 3249 Miles
3381 3211 3644 3266 namque,
3681 3199 3802 3252 illius

2240 3271 2380 3328 villa:
2426 3275 2708 3343 dominus,
2753 3278 2806 3333 in
2842 3293 2948 3349 qua
2984 3282 3087 3336 sita
3131 3293 3250 3339 erat
3291 3287 3530 3343 ecclesia
3566 3289 3800 3360 litigiosa,

2240 3363 2467 3420 fratrem
2497 3380 2652 3420 suum
2703 3368 2755 3422 in
2797 3371 3043 3426 eamdem
3090 3372 3396 3444 ingressum
3435 3393 3534 3446 per
3573 3378 3799 3435 intrusit»

2240 3469 2361 3510 nem
2392 3459 2561 3513 armis
2597 3459 2870 3529 tuebatur,
2915 3462 3126 3520 viribus
3153 3465 3338 3521 nitens
3372 3467 3565 3523 illicite
3597 3485 3801 3540 occupa-

2243 3556 2354 3602 tam
2405 3549 2684 3606 vindicare
2719 3551 2794 3609 illi
2831 3556 3249 3622 possessionem.
3301 3557 3582 3617 Fovebant
3619 3578 3805 3632 quoque

2239 3649 2446 3707 partem
2494 3641 2786 3698 intrusoris
2822 3655 2930 3698 tam
2975 3648 3330 3705 ecclesiastici
3373 3666 3536 3720 quam
3570 3665 3625 3708 et
3670 3671 3803 3708 mun-

2236 3729 2362 3783 dani
2398 3729 2612 3797 judices
2655 3742 2710 3788 et
2757 3737 3048 3806 optimates
3097 3739 3240 3795 illius
3292 3743 3550 3813 regionis.
3587 3745 3800 3802 Tandem

2235 3817 2543 3875 \Villelmus
2575 3822 2758 3879 nimiis
2797 3823 2909 3893 jam
2942 3826 3219 3885 laboribus
3240 3832 3558 3899 confectus,
3600 3837 3803 3906 sumpti-

2236 3909 2336 3964 bus
2387 3925 2603 3980 quoque
2646 3913 2812 3969 curiae
2845 3913 3103 3972 Romanae
3141 3919 3459 3992 sull‘ragiutn
3509 3923 3562 3978 in
3609 3926 3800 3996 propria

2234 3997 2491 4067 implorat
2514 4014 2767 4069 persona,
2807 4002 3162 4073 plurimorum
3186 4009 3350 4062 etiam
3381 4010 3511 4066 hinc
3535 4012 3660 4069 inde
3678 4016 3808 4067 auxi.

2234 4087 2303 4142 lia
2335 4091 2607 4159 pervigili,
2647 4093 2742 4148 sed
2765 4108 2955 4162 parum
2983 4097 3122 4161 utili,
3157 4100 3387 4168 requirit
3419 4103 3692 4158 instantia.
3723 4105 3808 4159 Pe-

2233 4180 2382 4236 uitus
2404 4182 2703 4239 exhaustus
2725 4193 2871 4240 totus
2895 4189 3232 4244 convertitur
3256 4191 3327 4245 ad
3356 4192 3580 4248 unicum
3604 4210 3802 4266 oppres-

2230 4285 2413 4327 sorum
2455 4272 2753 4345 refugium,
2807 4287 2863 4332 et
2911 4279 2977 4332 ad
3021 4279 3282 4336 invictum
3317 4281 3466 4351 juris
3507 4295 3806 4354 patronum,

2229 4361 2347 4431 ejus
2369 4379 2586 4436 quoque
2613 4364 2884 4424 ﬂebilibus
2911 4370 3136 4426 vocibus
3159 4372 3473 4442 interpellat
3502 4377 3800 4432 subsidim.

2153 4473 2203 4534 ι)
2230 4451 2543 4524 Indignatus
2598 4470 2816 4527 quoque
2863 4459 3038 4515 bonus
3069 4461 3199 4518 Elia:
3222 4473 3386 4533 atque
3411 4465 3592 4523 Elisaei
3626 4469 3678 4523 in
3707 4468 3806 4522 nlo

2226 4546 2530 4614 :emulator,
2569 4549 2895 4606 auctoritate
2929 4550 3096 4608 fultus
3125 4555 3442 4623 apostolica,
3498 4558 3804 4614 intrusorun

2226 4636 2680 4707 praenominatum
2709 4647 2766 4694 et
2792 4639 2970 4710 ipsius
2986 4642 3282 4711 complices
3309 4644 3463 4701 dura:
3492 4648 3804 4703 maledicus-

2227 4728 2312 4785 uis
2341 4727 2468 4784 ferit
2495 4731 2787 4787 sententia.

2295 4817 2408 4876 Nec
2449 4820 2610 4891 paulo
2652 4822 2863 4880 tardius
2893 4823 2949 4880 in
2999 4825 3302 4898 sacrilegos
3346 4829 3615 4886 deservire
3665 4831 3806 4899 coepit

2231 4909 2368 4965 ultio
2397 4911 2601 4966 divina.
2626 4911 2784 4980 Nam,
2822 4922 2883 4969 ut
2913 4915 3047 4970 viris
3077 4916 3655 4991 plerisquereligiosis
3682 4922 3805 4974 refe-

2225 5002 2469 5057 rentibus
2500 5003 2659 5060 uobis
2682 5005 2934 5072 innotuit,
2963 5007 3052 5062 alii
3073 5023 3141 5063 ex
3172 5009 3256 5064 his
3279 5011 3331 5064 in
3357 5014 3657 5068 amentiam
3682 5013 3808 5068 versi

2223 5105 2370 5159 sunt,
2407 5096 2496 5151 alii
2534 5097 2812 5167 repentina
2849 5109 3022 5154 morte
3042 5101 3424 5158 miserabiliter
3451 5107 3811 5176 praeventi'in-

2226 5187 2521 5255 tericrunt,
2551 5187 2672 5243 aliis
2691 5203 2758 5243 ex
2790 5189 2938 5246 cavis
2967 5189 3192 5250 orbibus
3222 5193 3362 5251 oculi
3387 5211 3510 5250 cum
3546 5196 3812 5250 immensis

2222 5278 2563 5335 cruciatibus
2603 5281 2943 5337 exciderunt.
2987 5282 3079 5339 Sic
3126 5285 3310 5354 itaque
3356 5287 3535 5343 virtus
3589 5288 3810 5343 absentis

2221 5381 2542 5440 praesentem
2570 5372 2639 5428 ad
2683 5374 2986 5430 nocendum
3024 5376 3248 5433 innoxio
3290 5380 3606 5448 perdomuit
3636 5395 3810 5449 super-

2219 5462 2410 5517 borum
2460 5465 2776 5532 audaciam,
2822 5467 2903 5523 sic
2941 5467 3185 5540 legitimo
3222 5473 3524 5542 possessori
3575 5474 3808 5527 restituta

2220 5563 2305 5610 est
2337 5554 2560 5610 defensa
2600 5557 3202 5629 bonorum-possessio,
3235 5562 3318 5616 sic
3343 5563 3585 5634 denique
3623 5561 3808 5616 athleta

2221 5645 2379 5702 fortis
2408 5648 2719 5719 nostrisque
2745 5650 3079 5720 temporibus
3108 5652 3448 5708 ambidexter
3492 5652 3809 5723 probatissi-

2222 5756 2372 5809 DIUS,
2409 5750 2636 5811 utraque
2667 5757 2831 5804 manu
2852 5758 3094 5820 pugnare
3123 5755 3176 5801 CI.
3202 5755 3432 5828 utraque
3458 5760 3567 5817 pro
3599 5745 3806 5801 dextera
