3962 6404
192 369 336 427 ιοιτ
397 351 400 354 ’

1551 360 1729 417 VITA.
1760 389 1814 401 —
1851 356 1976 412 LIB.
2007 354 2095 412 IV.

3330 363 3470 422 IOI8

189 485 274 540 uti
321 485 548 548 doetus,
587 479 688 536 hos
733 476 1070 550 percutiebat
1111 486 1166 535 et
1209 477 1607 543 iuterllciebat,
1656 474 1776 530 illos
1809 475 1848 535 Α
1880 465 2207 540 perciperet)
2259 479 2356 537 pro
2392 472 2636 536 tempore
2660 465 2922 524 Waltberi
2966 468 3114 541 (145)
3162 472 3244 527 sui
3280 475 3470 531 doces.

187 575 427 631 feriebat
470 583 527 630 et
571 573 757 628 vivere
796 569 1071 638 faciebat,
1119 570 1492 642 cadebantque
1533 571 1601 627 ab
1643 585 1710 626 eo
1750 586 1780 625 a

186 665 402 720 dextris
445 672 503 719 et
548 678 579 718 a
604 663 862 718 sinistris.
894 661 1068 718 Citius
1094 662 1240 718 enim
1280 662 1510 733 quisque
1555 662 1607 716 in
1640 677 1781 718 mor-

186 766 302 811 tem
347 755 542 811 cecidit
580 754 670 824 qui
714 753 953 810 dexterae
995 752 1166 824 ipsius
1199 753 1362 807 ictum
1401 753 1633 822 excepit.
1675 753 1783 807 Aut

182 847 338 901 enim
383 847 779 917 corrigebatur,
820 853 876 901 et
904 844 1019 902 Deo
1040 844 1286 901 victurus
1323 855 1550 915 peccato
1581 845 1780 900 morie-

180 939 374 1002 batur,
411 946 507 993 aut
525 937 690 994 corde
720 937 1006 993 induratus
1031 946 1087 992 et
1109 935 1448 992 incorrectus
1475 934 1644 992 exitio
1671 945 1783 990 tra-

181 1029 440 1085 debatur.

787 1117 1017 1178 CAPUT
1054 1119 1189 1174 VIII.

182 1213 436 1279 Qualiter
475 1232 507 1269 α
549 1231 667 1294 rege
695 1213 987 1294 llicltardo
1019 1213 1240 1294 redemit
1273 1211 1778 1294 palliinservitutem,

259 1295 498 1369 cet-quum
541 1282 835 1369 liberaliter
870 1284 1152 1339 contribuit
1191 1284 1363 1369 clerus
1401 1282 1635 1337 dioecesi:
1668 1297 1781 1336 sua:

257 1355 329 1408 ad
353 1354 506 1408 illaut
534 1356 961 1424 redemptionem,
1003 1364 1051 1408 et
1076 1354 1218 1425 quod
1255 1354 1412 1407 etiam
1443 1367 1648 1422 plenam
1685 1367 1780 1420 pe-

258 1426 556 1479 cuniariam
595 1425 758 1493 recipi
786 1425 1050 1493 prohibuit
1079 1439 1173 1492 pro
1204 1423 1430 1477 delictis.
1463 1451 1536 1462 —
1585 1420 1653 1475 Et
1682 1421 1780 1474 ltoc

256 1505 332 1548 est
357 1495 644 1563 capitulum
679 1492 734 1548 in
762 1492 954 1564 magno
991 1492 1114 1547 Vita
1144 1493 1239 1546 sub
1270 1509 1387 1562 cap.
1419 1493 1474 1547 7.

258 1585 512 1642 Sentiens
534 1601 664 1641 vero
710 1594 971 1641 cruentus
995 1585 1213 1656 generis
1258 1583 1481 1639 humani
1526 1581 1780 1638 inimicus

177 1674 240 1728 in
275 1676 357 1730 sui
389 1691 557 1744 grave
585 1676 926 1748 dispendium
955 1676 1056 1731 viri
1086 1677 1288 1746 ubique
1343 1675 1777 1732 victoriosissimi

175 1767 332 1823 Vires
361 1764 686 1839 praevalere,
729 1784 758 1824 a
787 1769 986 1825 castris
1042 1783 1230 1824 eorum
1276 1783 1414 1838 quos
1444 1766 1560 1837 ejus
1595 1767 1779 1822 tueba-

1882 565 2023 620 soris
2063 561 2175 633 (qui
2205 575 2308 617 nec
2341 560 2455 630 ipse
2498 559 2718 631 pallium
2759 561 2873 632 regi
2901 561 3140 617 debitum
3181 565 3471 636 aliquando

1881 656 2137 724 dedisset)
2167 663 2223 710 et
2251 654 2579 710 detentionis
2610 669 2782 720 ream,
2813 663 2870 710 et
2897 657 3214 713 redditionis
3241 663 3469 717 debitri-

1881 761 1999 804 cem
2031 761 2150 802 esse
2179 745 2563 818 perbibebant.
2598 745 2912 802 Conventus
2957 763 3122 818 super
3167 749 3362 807 talibus
3401 755 3470 807 ab

1879 840 2000 911 ipso
2026 851 2154 895 tunc
2181 853 2306 910 rege
2331 837 2610 894 Ricltardo
2639 838 2946 909 episcopus,
2970 840 3059 894 vix
3089 841 3328 910 tandem,
3361 843 3468 898 ini-

1881 931 2024 986 mico
2063 929 2214 1002 (146)
2246 928 2571 986 adversante
2611 927 2740 995 sibi,
2781 938 2846 983 ut
2891 929 3185 998 ferebatur,
3233 933 3470 987 maxime

1882 1019 2304 1091 archiepiscopo
2330 1019 2531 1090 sapius
2555 1026 2881 1085 memorato,
2913 1035 3010 1090 pro
3035 1021 3209 1077 tribus
3235 1022 3471 1077 millibus

1881 1124 2191 1166 marcarum
2247 1119 2356 1166 tam
2415 1123 2447 1164 a
2501 1110 2828 1180 repetitione
2899 1111 3162 1167 subtracti
3226 1113 3495 1169 muneris

1881 1214 2046 1271 quam
2072 1209 2128 1256 et
2154 1201 2224 1266 ab
2251 1200 2494 1272 ejusdem
2522 1200 2577 1255 in
2620 1209 2895 1271 posterum
2922 1200 3230 1270 collatione,
3256 1212 3311 1258 et
3334 1219 3392 1258 se
3417 1213 3472 1258 et

1882 1303 2011 1345 suos
2043 1288 2246 1358 eripuit
2295 1303 2666 1356 successores,
2713 1304 2978 1360 suamque
3006 1293 3283 1362 perpetuis
3332 1301 3470 1348 tem-

1881 1378 2104 1450 poribus
2134 1392 2164 1433 a
2194 1380 2636 1449 prtesentationis
2661 1379 2805 1436 illius
2831 1395 3000 1436 onere
3029 1381 3259 1438 absolvit
3289 1383 3474 1438 Eccle-

1881 1471 2040 1525 siam.
2071 1469 2214 1524 Nihil
2255 1470 2402 1525 enim
2439 1470 2737 1540 indignius,
2773 1471 2908 1526 nihil
2945 1473 3046 1528 sibi
3079 1474 3472 1530 intolerabilius

1880 1560 1996 1617 fore
2023 1561 2326 1618 :estimabat
2353 1577 2516 1633 quam
2550 1561 2716 1633 [legis
2738 1563 2926 1617 aeterni
2958 1579 3234 1633 sponsam,
3263 1576 3357 1619 aut
3388 1581 3475 1621 se-

1881 1652 2082 1723 ipsum,
2114 1653 2256 1710 illius
2280 1670 2380 1725 pro
2411 1663 2654 1725 tempore
2681 1655 2986 1722 custodem,
3018 1658 3230 1710 mortali
3265 1657 3470 1712 homini

1881 1745 2193 1802 censualem
2237 1747 2597 1812 constituere,
2626 1756 2682 1801 et
2709 1746 3112 1816 quodammodo
3156 1747 3471 1818 vestigalem

176 1868 280 1914 tur
327 1838 634 1931 pra'sentia,
685 1877 808 1918 eum
853 1872 971 1918 arte
1015 1861 1209 1918 callida
1263 1862 1458 1916 nititur
1498 1876 1770 1925 amovere,
1807 1847 1852 1907 Β
1881 1838 2145 1894 “bibere
2173 1838 2347 1910 (“7)-

171 1965 454 2020 quatenus
498 1953 737 2024 (saltem,
784 1953 1034 2027 elongato
1081 1969 1112 2008 a
1151 1953 1470 2012 certaminis
1515 1952 1634 2008 loco
1692 1951 1775 2006 itt-

171 2045 476 2115 superabili
525 2047 690 2101 tutius
731 2047 867 2102 aciei
910 2056 1241 2118 protectore,
1277 2048 1329 2102 in
1362 2047 1569 2118 reliquo
1610 2045 1775 2102 licen-

175 2138 293 2192 tius
337 2147 687 2205 grassaretur
725 2139 964 2208 agmine.
1017 2139 1208 2195 Sciens
1265 2127 1501 2210 namque
1549 2153 1774 2209 serpens

171 2227 491 2284 virulentus
520 2229 696 2284 virum
729 2229 819 2284 Dei
852 2230 1155 2286 libertatem
1188 2231 1446 2287 Ecclesiae
1477 2229 1775 2302 impensius

170 2317 366 2374 zelare
403 2317 523 2390 (qui
558 2332 664 2373 nec
704 2319 967 2386 subiectis
1003 2319 1104 2376 sibi
1137 2319 1396 2375 Ecclesiis
1432 2319 1773 2390 pecuniarias

169 2407 453 2462 ullatenus
489 2408 807 2464 exactiones
846 2409 1170 2478 imponeret,
1201 2424 1303 2465 nec
1335 2410 1640 2480 quibusque
1679 2424 1777 2479 po-

169 2498 472 2555 testatibus
508 2500 616 2555 tale
651 2501 780 2570 quid
827 2515 858 2554 a
891 2516 988 2556 sua
1017 2501 1362 2573 exigentibus
1388 2502 1633 2557 Ecclesia
1664 2502 1770 2555 ulla

167 2589 393 2644 natione
435 2588 834 2660 acquiesceret)
874 2589 926 2645 in
978 2590 1138 2645 talem
1182 2605 1305 2645 eum
1359 2590 1772 2662 perplexitatem

170 2689 413 2736 conatur
452 2679 735 2748 inducere,
761 2695 827 2736 ex
865 2696 974 2751 qua
1008 2691 1208 2752 praeter
1236 2681 1441 2752 aliquid
1469 2681 1659 2736 saltem
1690 2682 1774 2738 in-

169 2771 514 2827 conveniens
538 2771 682 2826 baud
711 2769 872 2826 facile
903 2772 1016 2841 ipse
1039 2772 1300 2842 quivisset
1329 2785 1640 2843 erumpere.

247 2863 508 2918 Armatus
533 2861 702 2934 igitur
725 2869 848 2918 astu
880 2863 1196 2920 inveteratae
1227 2865 1448 2921 malitia:
1479 2879 1772 2934 perversas

169 2954 541 3024 quorumdam
599 2953 950 3010 familiariter
1002 2956 1346 3010 subditorum
1398 2957 1500 3011 sibi
1550 2955 1770 3027 instigat

169 3052 426 3108 mentes,
463 3059 562 3114 per
600 3059 738 3114 quos
781 3044 924 3115 regis
963 3044 1176 3099 animos
1223 3054 1414 3098 contra
1458 3045 1769 3113 episcopum

165 3137 242 3191 ad
275 3151 448 3192 novas
479 3144 534 3190 et
562 3135 870 3206 inopinatas
899 3135 1151 3204 querelas
1189 3135 1474 3192 excitaret.
1511 3135 1770 3203 Suggeri-

165 3242 265 3286 tur
292 3247 391 3302 per
415 3246 510 3286 eos
538 3230 648 3301 regi
681 3230 919 3301 ingentis
967 3230 1249 3300 cujusdam
1297 3229 1489 3296 debiti,
1533 3228 1675 3298 quod
1719 3229 1768 3282 ei

163 3323 456 3378 annuatim
487 3323 704 3377 solvere
743 3321 1054 3383 tenebatur,
1080 3319 1515 3376 Lincolniensem
1555 3319 1769 3390 episco-

160 3430 304 3484 pum
331 3428 452 3470 esse
480 3416 836 3481 detentorem,
864 3416 1008 3471 unde
1032 3424 1089 3470 et
1115 3430 1240 3470 reus
1271 3415 1324 3469 in
1355 3413 1495 3484 ejus,
1524 3424 1584 3468 ut
1612 3413 1770 3484 vulgo

161 3507 405 3574 dicitur,
449 3506 880 3563 misericordiam
934 3507 1238 3572 incidisset,
1284 3515 1341 3561 et
1383 3505 1451 3560 ad
1500 3520 1786 3560 summanr

157 3597 305 3652 aeris
342 3596 559 3667 plurimi
604 3597 736 3652 fisco
774 3611 848 3651 ex.
870 3595 1082 3652 diutina
1129 3597 1436 3651 retentione
1471 3594 1769 3650 refunden-

159 3689 300 3744 dam
330 3689 502 3743 addici
527 3689 811 3760 putttisset.
832 3687 964 3742 Nam
985 3687 1381 3744 Lincolniensis
1401 3686 1616 3757 quidam
1638 3685 1768 3741 olim

157 3781 426 3848 antistes,
457 3781 636 3836 dictus
663 3779 996 3847 Alexander,
1029 3781 1121 3851 qui
1170 3779 1364 3835 tertius
1399 3779 1551 3852 (145)
1589 3778 1770 3851 Hugo-

159 3887 303 3927 nem
349 3881 723 3942 prtecesserat,
773 3872 996 3942 pallium
1043 3881 1262 3928 centum
1307 3871 1518 3943 argenti
1569 3873 1770 3928 marcis

159 3962 540 4031 appretiatum
569 3962 705 4032 regi,
737 3978 836 4018 suo
865 3972 1108 4034 tempore
1134 3963 1444 4034 imperanti,
1476 3963 1684 4033 aliquot
1713 3964 1768 4018 in

160 4051 561 4120 praetermissis
594 4052 753 4107 annis
779 4053 992 4109 dedisse
1024 4053 1315 4109 ferebatur.
1347 4052 1514 4122 Cujus
1545 4067 1767 4109 succes-

161 4158 288 4207 sor,
317 4143 584 4199 voeabqu
605 4143 878 4201 Robertus
907 4145 1077 4217 (144),
1106 4145 1248 4201 idem
1273 4145 1564 4217 aliquoties
1593 4144 1769 4216 egisse

161 4233 478 4290 dicebatur.
547 4236 689 4292 Hine
734 4237 1007 4293 calumnia
1055 4238 1110 4293 in
1159 4237 1438 4310 Hugonem
1495 4238 1763 4294 devoluta.

161 4324 296 4381 Non
344 4327 489 4382 enim
540 4328 717 4384 solum
771 4330 897 4395 hoc,
939 4331 1084 4400 quod
1118 4345 1242 4386 eum
1287 4331 1638 4402 pontificatus
1685 4331 1767 4387 sui

167 4426 427 4485 tempore
457 4421 752 4490 quotannis
806 4421 1058 4478 debuisse
1083 4431 1343 4492 prastare
1371 4424 1766 4490 memorabant,

1948 1950 2056 2007 Sed
2086 1950 2229 2007 unde
2254 1951 2373 2006 viro
2407 1950 2788 2007 liberalissimo
2824 1951 2942 2006 hzec
2974 1959 3123 2006 tanta
3159 1953 3476 2026 proveniret

1875 2043 2127 2115 pecunia,
2174 2043 2267 2114 qtti
2315 2056 2505 2098 omnes
2553 2057 2767 2112 semper
2820 2056 3029 2096 annuos
3079 2042 3340 2106 redditus,
3388 2042 3471 2097 vei

1875 2149 2230 2206 quoscunque
2273 2144 2573 2206 proventus
2628 2135 2694 2189 ad
2737 2134 3010 2203 impendia
3062 2134 3470 2196 tnisericordim,

1875 2228 2017 2284 etin
2057 2234 2307 2295 sumptus
2349 2226 2508 2297 iusta:
2559 2225 2904 2280 necessitatis
2955 2223 3234 2278 ell'undere
3283 2224 3473 2278 solitus

1874 2328 2014 2387 erat,
2063 2320 2151 2376 cui
2203 2333 2478 2390 nunquam
2528 2316 2669 2372 ultra
2716 2315 3004 2386 prtesentis
3053 2315 3180 2368 anni
3234 2316 3469 2384 spatium

1874 2413 2168 2482 quidquam
2220 2409 2464 2481 pecuniae
2509 2415 2628 2463 erat
2673 2407 2971 2470 residuum,
3002 2405 3200 2474 quippe
3257 2420 3381 2458 cum
3418 2414 3474 2458 ct

1874 2509 2118 2556 mutuum
2150 2515 2227 2555 aes
2255 2499 2571 2569 frequenter
2611 2503 2852 2551 sumeret
2881 2495 3158 2550 alienum?
3187 2495 3275 2549 ubi
3310 2495 3472 2549 inve-

1873 2591 2018 2646 niret
2068 2591 2160 2661 qui
2208 2589 2324 2661 regi
2372 2576 2711 2660 persolveret
2757 2595 2840 2641 tot
2886 2586 3056 2641 millia
3109 2585 3474 2640 talentorum?

1873 2678 2004 2734 Erat
2031 2679 2249 2749 quidem
2287 2687 2536 2748 paratum
2568 2677 2636 2732 ad
2665 2691 2857 2731 manus
2895 2675 3204 2742 consilium,
3234 2676 3300 2740 si,
3327 2676 3473 2745 quod

1871 2771 2108 2841 propriis
2139 2771 2328 2825 deerat
2363 2769 2663 2834 crumenis,
2705 2783 2734 2821 a
2771 2766 3143 2837 subjectorum
3183 2765 3342 2818 vellet
3375 2780 3472 2818 ex-

1877 2872 2127 2931 torquere
2155 2860 2386 2915 locellis.
2416 2858 2547 2924 Sed,
2578 2858 2668 2928 qui
2699 2873 2805 2913 non
2837 2856 2997 2911 modo
3025 2856 3333 2925 pecuniam,
3365 2856 3472 2910 imo

1873 2960 1927 3005 et
1959 2951 2234 3022 prepriam
2263 2965 2365 3021 pro
2393 2949 2494 3005 sibi
2537 2932 2954 3004 commissorum
3010 2947 3367 3001 indemnitate
3415 2946 3470 3000 in

1874 3041 2020 3096 Votis
2066 3055 2284 3111 semper
2325 3038 2518 3094 habuit
2559 3038 2796 3093 animam
2845 3050 3065 3108 ponere,
3111 3035 3347 3105 qualiter
3392 3037 3472 3089 eis

1875 3146 2029 3185 suam
2088 3136 2440 3199 extorqueret
2489 3127 2897 3183 substantiam?
2950 3126 3057 3190 vel,
3111 3125 3200 3196 qui
3255 3141 3404 3179 suam
3439 3141 3469 3179 a

1874 3223 2197 3294 prmbitione
2247 3220 2470 3291 ignobili
2525 3220 2764 3275 eximere
2817 3221 3100 3290 satagebat
3146 3217 3468 3281 Ee.-|esiam,

1872 3303 2162 3383 quomodo,
2201 3309 2476 3365 Ecclesias
2523 3317 2777 3364 oneraret
2827 3308 3083 3372 aliorum,
3133 3317 3191 3360 ttt
3233 3308 3469 3376 seipsmn

1872 3405 2158 3468 relevaret,
2189 3411 2243 3458 et
2272 3419 2372 3474 pro
2399 3418 2496 3458 sua
2527 3401 2777 3457 libertate
2796 3400 2982 3472 jugum
3014 3401 3136 3455 aliis
3168 3400 3470 3470 imponeret

1877 3494 2196 3550 servitutis?
2915 3539 2918 3543 .

1941 3582 2060 3638 lam
2091 3583 2276 3653 itaque
2313 3583 2429 3638 viro
2467 3583 2560 3639 Dei
2605 3583 2895 3639 videbatur
2926 3585 3144 3639 unicum
3183 3598 3471 3654 superesse

1871 3677 2194 3742 remedium,
2226 3677 2370 3746 quod
2409 3687 2464 3732 et
2495 3677 2596 3732 sibi
2639 3678 2772 3733 satis
2813 3687 2932 3732 erat
2957 3679 3220 3740 votivum,
3259 3688 3318 3731 ιιι
3356 3678 3470 3747 ipse

1871 3767 2079 3824 scilicet
2103 3769 2169 3822 ad
2195 3783 2349 3823 suam
2382 3768 2598 3823 interim
2631 3769 2893 3824 secedens
2918 3767 3270 3823 Witbamiam
3294 3768 3468 3840 (148),

1871 3858 2055 3929 ibique
2096 3857 2344 3913 solitario
2389 3858 2612 3928 degens,
2645 3866 2943 3928 proventus
2973 3858 3261 3911 universos
3301 3857 3469 3911 tutius

1869 3951 2220 4021 episcopatus
2253 3949 2320 4004 ad
2348 3963 2617 4005 summam
2658 3947 2822 4019 hujus
2858 3948 3023 4003 debiti
3055 3945 3467 4018 persolvemlam

1871 4042 2115 4098 converti
2140 4041 2439 4098 ordinaret.
2467 4038 2752 4096 Gaudebat
2784 4049 2901 4096 toto
2927 4039 3110 4096 animo
3136 4049 3191 4094 et
3221 4038 3468 4094 exsulta-

1869 4133 1964 4188 bat
2003 4134 2152 4204 quia,
2201 4147 2309 4188 non
2353 4131 2515 4188 modo
2557 4131 2760 4202 justam
2808 4142 2864 4187 et
2904 4132 3214 4198 honestam,
3263 4131 3370 4185 imo
3414 4127 3470 4184 et

1871 4224 2260 4291 necessariam,
2303 4223 2531 4296 putabat
2579 4237 2638 4278 se
2686 4222 2960 4278 invenisse
3005 4221 3369 4286 occasionem,
3410 4229 3468 4272 ut

1871 4331 1904 4372 a
1949 4316 2240 4372 mundanis
2302 4315 2627 4371 tumultibus
2675 4313 2986 4384 aliquandiu
3043 4313 3358 4375 secederet,

1872 4407 2098 4464 secretis
2124 4406 2441 4463 caelestibus
2470 4420 2538 4462 eo
2564 4405 2788 4461 suavius
2819 4420 2928 4476 quo
2971 4403 3195 4459 liberius
3236 4403 3467 4456 inltmre-

162 4508 339 4564 anxie
368 4509 438 4564 ab
464 4511 654 4567 eodem
685 4519 964 4581 repetunt,
1007 4514 1103 4569 sed
1149 4512 1314 4568 etiam
1354 4527 1456 4583 pro
1503 4513 1766 4584 injuriosa

1876 4506 1977 4555 ret.
2008 4497 2233 4566 Verum,
2264 4506 2326 4553 ut
2356 4499 2460 4554 hoc
2489 4512 2646 4553 suum
2691 4497 3028 4567 propositum
3079 4495 3288 4550 notitia:
3332 4508 3463 4546 suo-

163 4600 314 4671 regii
354 4600 599 4658 muneris
643 4601 1014 4658 subtractione
1061 4602 1238 4673 ipsum
1285 4603 1353 4657 ad
1389 4603 1533 4674 regis
1575 4611 1768 4658 nutum

165 4693 534 4752 satisfactioni
577 4709 704 4752 esse
742 4694 1038 4752 obnoxium
1085 4696 1220 4752 satis
1268 4695 1533 4753 invidiose
1581 4697 1769 4751 decer-

167 4794 332 4842 nunt.
368 4785 482 4843 Nec
515 4795 724 4842 tantum
749 4801 1040 4857 personam
1067 4786 1326 4858 episcopi,
1358 4787 1469 4843 imo
1498 4795 1555 4842 et
1582 4787 1769 4844 Eccle-

167 4878 313 4935 siam
363 4877 543 4950 (cujus
574 4879 662 4936 ille
685 4887 742 4935 et
777 4893 946 4936 onera
989 4879 1266 4948 subiisset,
1316 4888 1371 4936 et
1399 4880 1768 4937 emolumenta

251 5072 400 5142 (145)
438 5072 554 5128 Non
595 5082 912 5129 numeratur
961 5071 1234 5128 Gall'ritlus
1271 5081 1364 5127 aut
1410 5069 1712 5128 Gaufritlus
1746 5114 1762 5138 ,

173 5146 268 5215 qui
303 5145 419 5198 sine
466 5145 881 5199 consecratione
926 5154 981 5198 et
1022 5145 1138 5198 sine
1169 5144 1331 5213 pallio
1359 5143 1565 5213 aliquot
1604 5145 1766 5199 annis

170 5216 545 5285 episcopatum
569 5215 763 5276 tenuit,
793 5225 854 5285 et
877 5215 1090 5285 tandem
1123 5215 1440 5285 resignavit.

245 5284 405 5356 (144)
438 5285 608 5356 Hujus
653 5283 891 5340 nominis
946 5284 1019 5350 Il,
1073 5285 1162 5355 qui
1209 5283 1418 5354 primus
1459 5283 1767 5342 Alexandro

171 5355 456 5410 successit.
522 5355 528 5356 “
1703 5392 1705 5394 -

246 5424 396 5494 (145)
433 5424 536 5493 Qui
582 5426 855 5481 secundus
886 5422 1176 5479 Alexandri
1221 5423 1326 5480 fuit
1356 5439 1638 5482 successor
1662 5466 1678 5494 ,
1709 5434 1767 5484 et

173 5495 258 5548 cui
279 5496 488 5566 tertius
515 5506 716 5566 noster,
730 5495 994 5566 successit
1020 5495 1193 5566 Hugo.
1350 5515 1380 5566 ξ’

247 5563 394 5635 (146)
437 5565 492 5635 Id
515 5577 599 5622 est
634 5608 649 5634 ,
703 5565 962 5620 Iluberto.
1001 5563 1256 5620 Ubi'nota
1286 5607 1302 5631 ,
1349 5564 1662 5632 Baronium,
1695 5568 1764 5623 ad

173 5634 541 5692 amtuutIIS9
567 5678 582 5704 ,
617 5637 859 5703 qutedam
893 5635 1141 5690 retulisse
1161 5652 1224 5691 ex
1255 5635 1416 5691 Surio
1441 5678 1455 5702 ,
1485 5637 1629 5693 velut
1661 5639 1766 5692 sub

175 5706 482 5778 primordiis
513 5708 660 5778 regni
689 5706 947 5760 Richardi
982 5707 1123 5778 regis
1159 5707 1298 5778 facta
1327 5746 1341 5770 ,
1373 5723 1494 5776 quae
1527 5709 1762 5777 primum

176 5789 320 5841 anno
350 5775 482 5834 I197
530 5775 845 5851 contigisse,
901 5792 965 5832 ex
1024 5775 1186 5854 hujus
1222 5777 1356 5834 Vitae
1396 5775 1495 5834 lib.
1527 5775 1580 5845 ἢ,
1605 5793 1652 5834 c.
1688 5780 1720 5833 7
1745 5819 1765 5846 ,

1871 4603 1991 4643 rum
2029 4587 2305 4642 intimavit
2337 4586 2685 4652 clericorum,
2732 4584 2904 4640 obniti
2934 4581 3315 4639 vehementius
3345 4580 3468 4633 uni-

1870 4677 2016 4732 versi
2049 4684 2354 4747 creperum,
2387 4674 2787 4730 intolerabilem
2821 4674 2922 4729 sibi
2951 4687 3176 4744 prorsus
3207 4670 3350 4724 illius
3382 4684 3468 4722 re-

1869 4766 2164 4823 motiouem
2223 4775 2430 4825 tantam
2480 4774 2889 4838 protestantes,
2958 4762 3050 4817 sed
3099 4770 3153 4816 et
3205 4761 3466 4830 religiosa:

1869 4872 2117 4931 persona:
2158 4859 2459 4915 innumera:
2517 4872 2586 4911 ne
2636 4855 2690 4911 id
2737 4854 2894 4911 ﬁeret
2945 4853 3090 4928 quod
3147 4851 3465 4921 disputabat

1869 5073 2105 5119 ennSIat.
2139 5061 2290 5118 Unde
2320 5070 2372 5116 et
2415 5059 2678 5115 Baronius
2717 5058 2785 5112 .in
2819 5048 2994 5112 indice
3039 5054 3119 5110 Iit.
3146 5053 3209 5109 Β.
3239 5067 3467 5108 erronee

1869 5136 1950 5206 de
1967 5135 2227 5188 Balduitto
2271 5133 2460 5206 scribit
2489 5148 2504 5206 _:
2537 5149 2555 5180 ι
2586 5131 2819 5206 Accusat
2852 5128 2910 5183 S.
2946 5127 3224 5206 lIugonetn
3255 5124 3462 5206 Lincol.

1869 5205 2180 5276 episcopum
2213 5203 2356 5272 apttd
2387 5201 2716 5256 llicbardutn
2749 5214 2946 5253 novum
2986 5195 3168 5268 regem
3196 5195 3455 5264 Angliam

1945 5275 2098 5333 (147)
2139 5275 2212 5328 De
2235 5272 2400 5333 pallio
2450 5272 2676 5333 ejusque
2725 5269 3097 5333 redemptione
3130 5266 3344 5333 legatur
3371 5264 3466 5320 Gi-

1905 5275 1910 5276 “
1945 5275 2098 5346 (147)
2139 5275 2212 5328 De
2235 5275 2400 5342 pallio
2450 5275 2676 5341 ejusque
2725 5275 3097 5338 redemptione
3130 5275 3344 5333 legatur
3371 5275 3466 5320 ω-

1867 5344 2053 5400 raldus
2071 5342 2422 5399 Cambrensis
2451 5343 2590 5413 apud
2609 5341 2843 5407 Wbart.,
2860 5350 2999 5412 part.
3025 5354 3084 5403 tt,
3102 5337 3256 5406 Angl.
3284 5337 3466 5401 ὅθεν..

1866 5431 1991 5558 33%|.
1999 5415 2308 5558 44819ὲεῐη91
2336 5491 2429 5540 aut
2453 5482 2540 5558 bis
2567 5494 2747 5558 annue
2774 5479 3132 5558 Wiﬂ'mhm
3163 5473 3464 5558 secessui???

1870 5544 2172 5626 I-lu‘gouem,
2201 5555 2340 5610 infra
2365 5569 2415 5626 e.
2455 5553 2539 5622 I0,
2555 5554 2842 5626 asseritttr.
2875 5550 3052 5626 Nunc,
3073 5557 3124 5601 ttl
3154 5559 3293 5626 onus
3316 5544 3467 5615 pallii

1870 5616 2168 5754 redilmeret
2197 5627 2316 5685 sine
2339 5616 2570 5684 aliorum
2596 5621 3064 5696 sumptibus,illuc
3089 5616 3345 5679 secedere
3370 5629 3468 5679 co-

1870 5707 1976 5754 tuta
2020 5707 2096 5754 at.

1869 5707 2096 5768 gilabat.

3281 5883 3348 5894 ,μοι
3374 5882 3424 5890 ...α
