3976 6292
541 313 612 370 fil
621 313 682 368 l9

1419 313 1476 370 S.
1521 315 1821 381 liUGONlS
1861 315 2072 371 EPISG.
2105 311 2420 370 LlNCOLN.
2461 309 2623 370 OED.
2663 313 2918 370 CARTII.

3651 327 3763 386 uno

525 439 872 496 magnopere
895 426 1558 498 dissuadebant.Deniqlle
1585 429 1852 483 universis
1877 425 2126 484 dioecesis
2155 427 2200 486 Α
2233 423 2520 478 devorabit
2547 423 2889 480 tabernacula
2915 439 3104 482 eorum
3129 467 3142 493 ,
3187 426 3282 497 qui
3329 443 3546 486 munera
3579 433 3764 496 libenter

543 535 656 574 stne
699 527 755 576 ct
793 518 1180 576 ecclesiasticis
1223 517 1468 590 personis
1517 518 1570 572 in
1609 519 1880 576 communi
1925 519 2129 588 placuit

545 613 612 664 ad
637 611 1042 680 exemptionem
1075 611 1316 666 matricis
1335 625 1448 664 suae
1479 608 1734 664 Ecclesia-
1757 609 2040 678 pecuniam
2061 610 2128 664 de

544 703 659 757 suis
687 703 858 772 copiis
889 703 1138 758 conferre
1159 701 1340 756 animo
1379 700 1588 756 libenti.
1628 699 1964 758 Unanimiter
1993 717 2128 772 quo-

545 807 671 859 que,
722 801 780 846 nl.
818 802 1024 862 patrem
1055 801 1111 846 et
1153 791 1488 846 defensorem
1519 792 1664 862 pium
1697 801 1860 862 atque
1895 791 2128 850 fortissi-

545 899 715 950 mum,
765 884 1018 942 obnixius
1059 884 1232 952 ipsum
1277 881 1652 952 elliagitabant
1691 885 2028 956 episcopum,
2057 899 2126 940 ne

546 973 850 1040 huiusmodi
885 975 962 1030 rei
1004 973 1180 1044 gratia
1203 987 1358 1028 suam
1405 974 1474 1030 ab
1507 975 1590 1042 eis
1624 976 1968 1046 aliquatenus
1989 991 2128 1046 prae-

543 1066 774 1118 sentiam
806 1065 1135 1119 absentaret.
1171 1064 1248 1120 ita
1277 1065 1530 1131 multum,
1553 1066 1682 1124 licet
1705 1068 1928 1132 invitus,
1958 1079 2126 1124 etco-

540 1165 693 1226 aclus
735 1153 970 1210 ﬁliorum
1017 1169 1240 1210 suorum
1286 1157 1638 1226 petitionibus
1683 1158 1976 1228 acquievit,
2015 1173 2126 1214 suae

541 1247 838 1302 voluntatis
873 1246 1146 1302 desiderio
1189 1263 1512 1319 praeponens
1555 1251 1702 1320 pium
1753 1251 2128 1322 generalitatis

539 1336 842 1390 decretum.
883 1335 1010 1392 Suis
1038 1351 1167 1394 vero
1189 1337 1492 1394 districtius
1521 1339 1756 1396 inhibuit
1781 1340 2124 1408 oﬂicialibns,

540 1441 607 1480 ne
639 1441 668 1479 a
701 1425 894 1495 quovis
917 1427 1198 1484 hominum
1219 1428 1478 1500 quidquid
1501 1430 1734 1500 amplius
1755 1431 1974 1502 exigere
1991 1447 2127 1501 prte-

537 1525 835 1582 sumerenl,
879 1533 1045 1590 quam
1083 1521 1228 1590 quod
1265 1520 1544 1578 voluntate
1573 1531 1868 1594 spontanea
1901 1523 2128 1593 quilibet

537 1606 855 1676 obtulisset;
901 1611 970 1666 de
1001 1611 1222 1682 preprio
1240 1620 1422 1668 autem
1463 1613 1708 1684 peculio,
1749 1624 2015 1684 quantum
2047 1615 2130 1672 fa-

537 1699 715 1754 cultas
744 1701 1080 1768 admitteret,
1112 1703 1228 1760 dari
1275 1705 1550 1776 praecepit.
1587 1705 1788 1776 Sicque
1811 1709 2120 1776 provincia-

2229 513 2501 583 accipiunt
2525 513 2648 582 (Job
2677 527 2768 578 xv,
2799 512 2912 584 54).
2949 532 2970 568 ι

2293 603 2614 660 Econtrario
2655 603 2762 660 illis
2793 604 3110 676 frequenter
3153 608 3527 666 asserentibus
3551 611 3659 680 plus
3685 625 3762 672 ter.

2228 709 2350 750 rere
2379 695 2654 766 improbos
2680 697 2924 766 pecunia
2951 698 3208 756 damnum
3235 715 3398 769 quam
3439 710 3762 762 excommuni-

2227 787 2458 842 cationis
2499 787 2780 855 probrum,
2821 795 2914 844 aut
2960 790 3326 860 corporalium
3358 805 3629 861 prunarum
3663 797 3764 852 allii-

2227 877 2462 934 ctionem
2487 877 2598 934 illis
2631 878 3068 946 indicendarum,
3101 881 3242 938 illee
3263 882 3482 938 diverso
3533 887 3764 944 asserebat

2229 969 2280 1023 id
2319 985 2432 1026 sua:
2467 969 2808 1043 negligentiae
2855 973 3266 1039 ascribeudum,
3321 974 3414 1044 qui
3455 976 3764 1034 remissinsse

2227 1061 2490 1118 haberent
2519 1063 2573 1118 in
2604 1063 2964 1134 corripiendis
2997 1065 3104 1121 illis
3155 1067 3245 1136 qui
3277 1075 3605 1136 peccassent,
3641 1069 3764 1124 eldi-

2227 1153 2472 1209 strictius
2497 1155 2836 1220 coercendis,
2865 1169 2968 1212 nec
2989 1171 3084 1212 eos
3107 1166 3218 1212 tam
3243 1158 3486 1213 studiose
3501 1155 3760 1222 observare.

2227 1255 2286 1301 ut
2317 1245 2392 1300 illi
2420 1243 2718 1314 iniunctam
2743 1247 3028 1316 explerent
3051 1247 3508 1311 satisfactionem,
3537 1261 3678 1317 quam
3693 1252 3764 1304 ob-

2227 1343 2512 1390 servarent
2559 1342 2620 1390 ut
2685 1334 2790 1390 sibi
2843 1335 3137 1406 pollicitam
3191 1345 3517 1392 enumerent
3569 1339 3766 1407 pecunia

2231 1429 2582 1485 taxationem.
2627 1428 2736 1484 Illis
2765 1429 3036 1484 interdum
3069 1445 3168 1500 pro
3205 1445 3264 1486 se
3291 1429 3526 1500 allegare
3551 1431 3765 1485 studenti-

2227 1517 2330 1572 bus
2367 1533 2432 1574 ac
2469 1517 2776 1574 dicentibus
2821 1517 3196 1574 beatissimum
3242 1517 3690 1590 archiepiscopum
3723 1531 3764 1576 et

2231 1621 2528 1680 martyrem
2593 1609 2858 1665 Thomam
2923 1609 3230 1678 httjusmodi
3290 1624 3321 1664 a
3375 1609 3764 1679 delinquentibus

2233 1700 2530 1772 sumpsisse
2547 1699 2797 1766 mulctas,
2813 1699 3201 1768 illeiconl'estinl
3225 1701 3610 1770 respondebat:
3641 1700 3764 1756 tCre-

539 1787 620 1842 les
649 1789 828 1858 potius
860 1792 1150 1858 Ecclesias,
1173 1809 1334 1864 quam
1361 1809 1548 1849 earum
1575 1805 1803 1852 matrem
1831 1797 2124 1854 Ecclesium

2230 1793 2340 1846 dite
2371 1792 2525 1858 mihi,
2553 1807 2660 1848 non
2691 1791 2894 1848 idcirco
2920 1801 3159 1862 sanctus.
3189 1790 3312 1846 fuit.
3361 1792 3478 1846 Alia
3529 1793 3656 1848 enim
3680 1795 3762 1846 vir-

538 1877 1000 1942 Lineoluiensem.
1023 1897 1052 1935 a
1083 1881 1222 1951 turpi
1249 1882 1486 1938 simulet
1509 1885 1658 1952 gravi
1683 1886 1774 1942 diu
1795 1886 1996 1945 inolitze
2013 1904 2126 1945 sero

535 1968 725 2022 vitutis
739 1967 873 2039 jugo
895 1971 1058 2026 seu'lel
1085 1973 1386 2042 eripiendo,
1411 1983 1686 2046 perpetua:
1709 1979 1943 2034 restituit
1964 1979 2128 2036 liber-

539 2057 654 2110 tati.
685 2055 822 2112 Nam
853 2058 988 2114 citra
1020 2059 1282 2132 cujusque
1317 2079 1610 2134 gravanten
1639 2080 1672 2120 a
1713 2067 1931 2122 clericis
1965 2071 2126 2128 modo

535 2148 706 2202 selllt'l
745 2151 986 2220 percepit
1022 2167 1208 2208 eorum
1229 2195 1243 2219 ,
1275 2164 1334 2209 ut
1369 2154 1448 2210 sic
1475 2155 1709 2224 dicatur,
1740 2159 2050 2232 redemptor
2071 2171 2128 2220 et

537 2240 904 2294 Illanulnissor
931 2241 1034 2296 hoc
1063 2245 1230 2312 quod,
1256 2244 1364 2302 imo
1392 2246 1644 2316 amplius,
1685 2264 1794 2306 nou
1829 2249 1950 2306 sine
1982 2252 2122 2308 mul-

538 2336 716 2382 torum
765 2332 1078 2400 gravanline
1121 2343 1449 2404 extorquere
1495 2336 1686 2394 solitus
1729 2348 1848 2396 erat
1897 2351 2126 2412 uterque

537 2429 984 2488 pra-memoratus
1025 2419 1185 2492 hujus
1233 2424 1420 2480 tributi
1461 2427 1710 2484 inventor
1759 2445 1823 2488 ac
1865 2433 2122 2500 redditur,

537 2515 1040 2587 pallium-scilicet,
1058 2522 1158 2578 sub
1199 2531 1466 2596 pmtextu
1495 2525 1698 2600 regalis
1741 2527 1912 2596 pallii,
1947 2527 2117 2582 ambi-

537 2610 686 2664 tione
713 2612 1034 2680 pontificali.
1079 2613 1234 2682 Quod
1267 2629 1450 2674 tamen
1491 2633 1556 2674 ex
1599 2617 1760 2674 nobis
1789 2618 1972 2672 dicere
2017 2633 2122 2672 non

539 2700 822 2767 audemus,
851 2705 944 2760 sed
969 2704 1072 2760 hoc
1095 2705 1340 2782 dicimus
1357 2723 1422 2764 ex
1447 2707 1714 2764 sententia
1743 2707 2122 2777 plurimorum,

533 2793 626 2862 qni
657 2795 854 2864 smpilts
881 2809 945 2850 ex
973 2797 1061 2851 tali
1093 2797 1322 2854 divitum
1356 2799 1592 2856 colludio
1614 2799 1844 2872 egestati
1885 2814 1996 2854 sua:
2027 2815 2122 2870 ge-

535 2880 756 2938 mebant
779 2883 948 2938 illudi.
980 2883 1118 2942 Nam
1138 2897 1196 2942 et
1218 2887 1332 2958 ipse
1365 2904 1462 2944 rex
1494 2887 1741 2957 edoctus,
1779 2897 1840 2946 ut
1867 2889 2126 2944 credeba-

537 2978 660 3034 tur,
721 2987 752 3026 a
799 2974 1128 3043 quibusdam
1181 2975 1268 3032 lac
1325 2993 1548 3034 suarum
1614 2978 1800 3034 ovium
1857 2993 2028 3048 usque
2055 2978 2124 3034 ad

2231 1891 2403 1937 lutum
2439 1881 2632 1938 merita
2677 1891 2927 1938 sanctum
2973 1883 3372 1948 exhibucrunt,
3415 1891 3472 1937 et
3511 1881 3610 1940 alio
3649 1883 3765 1938 titulo

2227 1973 2428 2028 meruit
2449 1972 2682 2042 palmam
2711 1981 2992 2044 reportare
3029 1972 3297 2043 martyrii.
3331 1992 3351 2024 ι

2853 2063 3082 2120 CAPUT
3119 2063 3210 2118 IX.

2229 2153 2472 2222 Qualiter
2487 2155 2582 2226 jus
2613 2155 2903 2226 advocatur
2937 2155 3162 2226 abitalia:
3189 2155 3256 2208 de
3290 2153 3600 2226 ligni-simini
3625 2167 3766 2210 contra

2299 2241 2463 2296 regem
2497 2224 2812 2296 liit'llurtllmt
2838 2225 2970 2278 illud
2997 2225 3096 2277 sibi
3127 2224 3500 2296 vini/iculum»,
3531 2242 3612 2292 per
3628 2226 3768 2296 inqtti-
3799 2245 3804 2250 ·

2295 2295 2530 2347 sitionem
2557 2295 2836 2348 soicmncm
2867 2296 3094 2348 eriterit.
3121 2324 3188 2333 —
3211 2295 3278 2348 Et
3311 2305 3386 2348 est
3415 2295 3511 2347 hor
3531 2295 3766 2364 capitulum

2297 2364 2350 2418 in
2385 2381 2576 2434 magna
2616 2364 2730 2418 Vita
2757 2381 2872 2436 cap.
2901 2365 2954 2420 8.

2296 2457 2430 2510 Cum
2461 2465 2666 2520 autent,
2707 2455 2776 2512 ab
2815 2455 3052 2510 adventu
3081 2453 3578 2510 Nertblnannornm
3613 2455 3660 2508 in
3685 2457 3766 2510 An-

2225 2546 2412 2616 gliam,
2463 2546 2661 2602 belico
2689 2547 2792 2602 sibi
2839 2545 2964 2616 jure
3009 2547 3294 2603 subactam
3321 2561 3424 2617 per
3469 2562 3628 2602 annos
3667 2561 3766 2600 ceno

2227 2643 2338 2692 tum
2391 2635 2562 2707 (I49),
2611 2645 2668 2692 et
2713 2650 2781 2692 eo
2815 2636 3070 2707 aMpIius,
3121 2636 3366 2692 Ecclesia
3423 2635 3772 2691 Lincolniensis

2225 2729 2482 2784 continue
2503 2737 2558 2784 et
2589 2728 2914 2784 inconcusse
2941 2743 3114 2798 usque
3135 2729 3201 2783 ad
3233 2728 3286 2782 id
3329 2727 3584 2796 temporis
3623 2735 3772 2796 patro-

2225 2827 2410 2874 natuln
2439 2819 2672 2888 gesserit
2713 2819 3172 2890 Eynesltalncnsis
3205 2819 3444 2875 ctenobii
3477 2819 3637 2891 (150),
3665 2817 3772 2872 hanc

2225 2910 2274 2966 ei
2303 2911 2624 2982 dignitatem
2653 2911 2940 2982 subripere
2969 2911 3192 2982 maligni
3214 2911 3436 2980 quidam
3469 2909 3774 2981 pertinaciter

2227 3009 2354 3056 sunt
2379 3001 2644 3071 aggressi.
2683 3001 2883 3056 Beatus
2913 3015 3046 3056 sane
3075 3001 3320 3072 pontifex
3355 2999 3628 3070 ltelnigius
3655 2999 3774 3068 (151)

533 3063 939 3132 expressionem
963 3065 1146 3137 butyri
1171 3066 1402 3124 libenter
1422 3083 1487 3124 ac
1513 3067 1829 3140 frequenter
1849 3069 2122 3140 emulgen-

537 3153 681 3178 ιῖΙ....-
757 3155 859 3178 1--..
908 3156 1155 3178 -..ε--....-
1207 3158 1381 3178 ___.!__-
1432 3175 1581 3178 L---e_
1638 3160 1734 3178 ,σιξ
1780 3177 1787 3178 ,
1820 3160 1907 3178 κγ,
1945 3169 1957 3178 .
2108 3177 2115 3178 ,

2230 3063 2491 3162 (quemvin
2523 3090 2674 3146 brevi
2703 3098 2824 3160 post
2849 3063 3238 3160 triumphatum
3259 3091 3492 3144 insulam
3516 3063 3774 3160 gloriosum

537 3153 704 3218 tibus,
757 3155 861 3212 hoc
903 3156 1161 3226 episcopo
1205 3158 1386 3227 potius
1423 3175 1588 3232 quam
1633 3160 1736 3218 sibi
1777 3160 2124 3232 profuturum

533 3243 773 3312 dixerat,
815 3245 862 3300 si
909 3260 1060 3302 more
1101 3247 1560 3318 prtedeeessorum
1585 3267 1808 3310 suorum
1842 3252 2008 3308 multa
2033 3269 2128 3310 su-

533 3344 710 3391 meret
731 3353 762 3392 a
787 3339 902 3394 suis
923 3339 1156 3406 clericis,
1177 3343 1320 3398 unde
1341 3343 1430 3398 vix
1453 3358 1622 3415 pauca
1647 3346 1802 3402 daret
1825 3359 1922 3416 pro
1942 3345 2126 3416 pallio,

540 3428 898 3498 appendendo
921 3431 1037 3488 suis
1063 3432 1325 3499 humeris.

607 3522 678 3576 At
703 3525 866 3578 verus
887 3531 942 3578 et
967 3526 1142 3582 bonus
1167 3538 1384 3596 pastor,
1421 3537 1684 3599 quantum
1715 3545 1846 3588 oves
1877 3531 1980 3588 sibi
2009 3547 2128 3588 cre-

467 3611 470 3614 ’
538 3611 680 3666 ditas
711 3612 996 3686 diligebat,
1042 3625 1248 3674 tantum
1285 3620 1686 3676 immunitatem
1725 3621 1938 3676 illarum
1981 3622 2128 3678 zela-

537 3703 653 3757 bal.
692 3702 962 3770 Quantum
1003 3723 1133 3764 vero
1170 3711 1236 3765 ad
1275 3725 1334 3766 se
1373 3712 1703 3781 pertinebat,
1745 3713 1886 3768 sicut
1911 3729 2128 3770 omnem

537 3797 822 3852 avaritiam
849 3799 1038 3856 scdulo
1081 3801 1342 3874 fugiebat,
1383 3803 1460 3858 ita
1495 3812 1550 3858 et
1575 3804 1924 3862 occasionem
1945 3807 2127 3861 avari-

542 3889 630 3944 lite
667 3891 916 3958 summis,
970 3893 1062 3948 ubi
1110 3903 1312 3966 posset,
1363 3896 1574 3952 nisibus
1609 3897 1813 3969 jugiter
1841 3898 2128 3956 evellebat.

541 3975 695 4034 Unde
739 3979 962 4036 multam
1003 3983 1374 4054 pecuniariam
1421 4000 1454 4040 a
1497 3987 1912 4059 quibuscunque
1955 3989 2129 4044 deliu-

537 4069 834 4136 quentibus
899 4080 1008 4126 tant
1071 4074 1492 4134 archidiaconus
1549 4093 1679 4134 suos
1720 4094 1884 4150 quam
1937 4095 2128 4136 eorum

2229 3182 2420 3236 habuit
2443 3181 2774 3238 catlledralis
2801 3181 3036 3238 ecclesia
3075 3180 3536 3236 Lincolniensinnt
3569 3180 3778 3234 funditu-

2229 3271 2368 3342 rem)
2401 3269 2550 3341 (152)
2587 3279 2880 3338 vastatam,
2907 3271 3104 3340 fugatis
3133 3271 3318 3326 hostili
3347 3279 3496 3324 metu
3539 3269 3776 3332 fratribus,

2229 3364 2500 3420 abbatiam
2533 3363 2854 3420 reformavit
2879 3373 3258 3434 pratnotatanl.
3287 3365 3466 3429 Quam
3495 3364 3594 3418 sibi
3623 3373 3780 3418 ancte-

2231 3455 2394 3510 ritale
2423 3453 2572 3522 regia
2600 3453 2838 3525 inclytus
2869 3455 3220 3524 triumphato.
3251 3454 3552 3510 Willelmus
3585 3455 3650 3508 ita
3676 3469 3782 3508 cuna

2229 3543 2480 3600 ﬁrmasse
2515 3544 2804 3600 dicebatur
2843 3544 2898 3600 in
2949 3545 3260 3616 propriam,
3299 3555 3357 3600 nt
3401 3555 3596 3615 praeter
3637 3546 3780 3614 ipsqu

2229 3637 2542 3707 episcopum
2581 3636 2808 3707 ejusque
2851 3653 3200 3694 successores
3244 3638 3392 3692 nulla
3417 3639 3470 3692 ill
3499 3653 3616 3692 eam
3643 3637 3786 3692 vindi-

2231 3743 2357 3784 care
2391 3729 2494 3784 sibi
2523 3737 2880 3798 pratsutneret
2907 3728 3280 3786 ecclesiastica
3317 3745 3422 3786 seu
3451 3729 3654 3784 laicalis
3683 3747 3786 3799 pcr-

2231 3833 2364 3874 sona
2391 3831 2774 3888 quamcunque
2797 3817 3244 3874 dominationem.

2301 3907 2514 3964 Accidit
2548 3915 2728 3964 autem
2769 3916 2830 3964 ut
2865 3921 3012 3964 anno
3041 3907 3366 3978 praesulatus
3403 3907 3548 3964 beati
3583 3907 3788 3978 llugonil

2229 3999 2446 4056 decimo
2475 3999 2624 4072 (155)
2675 4001 3014 4058 venerandus
3059 4001 3288 4056 ctenobii
3341 3999 3506 4070 hujus
3545 4010 3710 4056 rector
3745 4009 3788 4052 et

2233 4093 2404 4148 abbas
2459 4093 2720 4164 migraret
2773 4092 2842 4150 ad
2896 4080 3222 4159 Dominum,
3293 4095 3518 4150 nomine
3569 4091 3786 4149 Godclri-

537 4160 801 4217 enicialcs
828 4178 892 4218 ac
935 4164 1170 4222 decanos
1205 4168 1428 4239 exigere
1463 4171 1820 4240 prohibebat,
1873 4173 2128 4228 nimirum
2233 4187 2336 4244 das
2369 4160 2668 4259 (ιδυξσιυί
2700 4203 2730 4242 θ
2763 4187 2954 4244 diebus
2987 4187 3256 4258 Stephani
3278 4187 3430 4260 (155)
3479 4189 3624 4259 regis
3649 4201 3790 4256 usque

541 4267 738 4351 verens
773 4269 845 4310 ne
887 4271 988 4326 pro
1015 4261 1334 4351 muneribus
1361 4261 1596 4333 aliquem
1635 4272 1729 4318 aut
1765 4266 2134 4335 opprimerent
2233 4279 2302 4332 ad
2349 4288 2594 4349 tempora
2643 4277 2814 4350 regni-
2841 4278 3142 4348 penultima
3191 4279 3448 4334 llichardi
3499 4279 3664 4351 (156),
3713 4277 3788 4332 lilii

541 4341 836 4442 insontem,
863 4357 978 4442 aut
1023 4348 1078 4442 in
1119 4349 1236 4442 suis
1261 4353 1580 4412 excessibus
1609 4362 1820 4412 sontem
1861 4356 2130 4425 furerent,
2235 4341 2477 4424 lleurici-
2500 4367 2668 4440 regis,
2704 4341 2874 4424 annis
2919 4367 3141 4426 circiter
3183 4341 3548 4442 quadraginta
3589 4341 3790 4438 quatuor

537 4433 697 4500 juxta
747 4433 878 4533 illud
923 4437 1136 4508 antiqui
1189 4437 1512 4512 legislatoris
1553 4460 1569 4498 :
1626 4461 1644 4498 l
1681 4444 1902 4502 Munera
1951 4463 2127 4506 exe.e-
2157 4455 2209 4518 Β
2235 4459 2358 4514 loco
2385 4433 2838 4516 eidem'noscitur
2867 4459 3152 4529 prtel'uisse
3179 4433 3354 4533 (157).,
3383 4433 3506 4529 duo
3541 4433 3792 4530 episcopus

543 4537 670 4582 εειιιῑ
717 4529 903 4624 (ξυιυς
945 4533 1276 4624 “ﬂantum.
1313 4545 1368 4592 θι
1401 4537 1728 4596 ευιινθνιυηι
1759 4541 1922 4598 verba
1951 4543 2132 4614 iuslo-
2231 4552 2440 4618 audito,
2493 4553 2642 4608 misit
2666 4550 2824 4622 juxta
2845 4567 3056 4610 morem
3085 4529 3366 4624 antiquum
3399 4570 3464 4610 ex
3509 4529 3622 4610 suis
3663 4551 3794 4608 cleri-

557 4634 676 4674 rum
723 4619 924 4692 (Exod.
973 4638 1154 4692 xxltt,
1200 4623 1280 4698 8).
1313 4645 1336 4680 ι
1387 4627 1628 4701 llemque
1661 4632 1789 4688 illud
1835 4629 2134 4702 Scriptura:

2233 4658 2356 4700 cum
2381 4659 2586 4711 unum,
2631 4644 2724 4714 qui
2763 4643 2998 4702 abbatiie
3025 4647 3332 4702 custodiam
3371 4647 3425 4701 in
3469 4662 3658 4704 manus
3691 4659 3794 4700 suas

555 4715 786 4774 alterius
827 4716 1024 4776 crebro
1063 4720 1180 4778 suis
1223 4719 1542 4782 ol'ﬁcialibus
1583 4725 1904 4798 ingerebat:
1941 4745 1961 4779 ι
1989 4726 2134 4798 Ignis
2234 4733 2526 4804 reciperet,
2577 4749 2642 4792 ac
2691 4751 2874 4792 rerum
2923 4737 3242 4794 monasterii
3281 4753 3386 4794 una
3423 4755 3550 4794 cum
3597 4739 3792 4794 fratrum

615 4846 764 4918 (M9)
802 4847 886 4905 Ab
908 4851 1226 4926 anno_1066
1250 4895 1264 4920 ,
1307 4869 1415 4926 quo
1444 4857 1807 4926 triumphator
1829 4857 2134 4916 Willelmus

546 4918 786 5002 (dequo
818 4935 940 5002 mox
957 4922 1044 5002 )__e
1065 4918 1458 5002 Nerthum-nnis
1499 4929 1552 4982 in
1576 4918 1836 5002 AA'ninam
1869 4933 2133 4987 transfre-

549 4990 732 5051 lando,
765 4990 820 5042 in
841 4991 932 5046 die
963 4991 1164 5052 Natalis
1193 4995 1406 5052 Domini
1435 4990 1732 5054 Lundonia:
1759 5011 2055 5056 coronatur
2078 5006 2134 5058 in

551 5059 986 5140 rcgelll‘ﬁngliat.
1015 5061 1322 5140 lta_l’agius
1343 5067 1398 5140 in
1420 5065 1580 5132 Crit.,
1609 5085 1662 5140 p.
1686 5069 1814 5126 228.

621 5127 774 5212 (151))
787 5127 1055 5212 _Giral_d_us
1083 5127 1430 5212 cauiltrcnsis
1461 5127 1694 5212 parum,
1717 5141 1924 5212 Anglia:
1945 5155 2134 5212 sacrm.

587 5213 670 5280 ag.
705 5199 840 5280 μη.
874 5221 927 5280 l_
951 5203 1244 5260 Monachus
1287 5199 1502 5280 quoque
1527 5247 1543 5274 ,
1587 5199 1834 5280 inquit,"
1867 5199 2138 5268 Robertlls

573 5269 737 5324 iloeth
783 5269 858 5351 de.
894 5273 1080 5351 Stowa
1107 5289 1282 5351 usque
1305 5269 1378 5331 ad
1405 5269 1728 5351 Egnesballl,
1764 5269 2140 5351 etc.,provide

2309 4867 2466 4941 (152)
2495 4867 2619 4941 Ideo
2665 4869 2747 4941 sic
2779 4869 3000 4941 dictum
3023 4912 3039 4936 ,
3087 4871 3214 4941 quia
3256 4871 3614 4928 Dorkecestra
3641 4869 3792 4924 sedent

2240 4939 2520 4995 transtulit
2547 4939 2902 4994 Lincoluiam.

2311 5009 2461 5080 (155)
2500 5009 2602 5076 Qui
2643 5020 2766 5064 erat
2785 5025 2962 5066 anuus
2999 5011 3200 5067 Christi
3235 5011 3400 5078 1195,
3433 5021 3532 5068 aut
3563 5009 3712 5076 1196,
3741 5009 3798 5062 ob

2239 5079 2486 5154 dubium,
2505 5095 2620 5154 quo
2639 5093 2783 5154 anno
2821 5081 3062 5154 llugoisit
3087 5081 3263 5154 factus
3290 5084 3604 5154 episcopus.

2316 5097 2486 5146 mum,
2549 5097 2618 5134 no
2639 5097 2783 5134 anno
2821 5097 2972 5152 nugo
2993 5097 3062 5136 stt
3087 5097 3262 5137 lactus
3290 5098 3604 5154 episcopus.

2314 5151 2464 5221 (154)
2505 5097 2689 5206 Rullus
2709 5151 2761 5206 ill
2784 5151 3200 5234 scrienabllatlltn
3225 5151 3697 5234 Ereshamensinm
3715 5148 3796 5234 sub

2237 5223 2346 5294 hoc
2371 5231 2612 5294 tempore
2644 5221 2883 5294 occurrit
2909 5221 3276 5294 Godelridus;
3311 5227 3456 5282 unde
3497 5224 3656 5294 liquet
3681 5223 3796 5275 hunc

2239 5291 2741 5363 Eynesllamcnsem
2775 5291 2940 5363 fuisse
2961 5293 3234 5348 abbatem.

537 5342 1558 5436 ·εεξξιξξιξρξιξξ,λιξεξεειιῑιξλεε-ρξξειτῖιιίε
1583 5342 1930 5408 αοιιίίιίοηθίιί
1955 5353 2057 5408 sibi
2085 5362 2143 5410 ει
2245 5342 2650 5436 ”“(”1ἒῖ’ἕῑρῑ›ῧῐ
2663 5342 3334 5436 ’έιξθρίέεῖὗῖιξΕ-ἒῖλῖἑίέιίω
3353 5379 3500 5420 anno
3531 5363 3678 5420 utit-

553 5363 888 5410 u-auspusult
919 5383 935 5406 ,
967 5363 1250 5413 uacullque
1274 5363 1558 5414 paswraus
1583 5363 1928 5408 donallonetll
1955 5363 2057 5408 Sllll
2085 5363 2143 5410 cl.

551 5411 1441 5503 ⁵¹²ῗῖξῗξ⁰¹1ί1ξυὲἒὲ¹ἔ⁵Είὲἓὲτνθῗὲἒ·
1475 5439 1532 5500 '.
1867 5493 1879 5503 .
2047 5492 2067 5503 -
2125 5495 2137 5503 .

2313 5363 2464 5503 (155;
2503 5363 2649 5418 Obiit
2675 5363 2982 5444 Stephanus
3011 5378 3104 5418 rex
3125 5364 3334 5436 Anglia).
3353 5379 3500 5420 anno
3531 5363 3678 5420 1151.

2343 5433 2442 5487 156
2507 5433 2674 5488 Error
2696 5433 2910 5488 Vltlcllll'
2934 5433 3208 5492 admissus
3229 5474 3247 5503 ,
3291 5444 3386 5491 aut
3415 5452 3607 5492 sensus
3629 5443 3704 5489 cst
3720 5429 3792 5486 ob-

623 5479 894 5574 irem
920 5483 1247 5574 “multa?
1275 5487 1484 5574 νηςξεςςι
1519 5489 1683 5574 una
1726 5492 2140 5574 semiermis“
2241 5479 2476 5574 εεάί-ῑονέ.

553 5547 830 5634 Willelnli
863 5567 896 5606 a
941 5549 1250 5634 Laltl‘ranco
1277 5547 1696 5634 ’ρσιιιιῑιιειιδίιειιείΔ
1725 5547 2141 5634 ἰιιυορἰγόριιιιι

555 5631 924 5700 τοι-ιξρριτιιυε.
945 5623 1080 5677 obiit
1111 5623 1442 5692 alll10'1095,
1471 5627 1521 5682 ill
1555 5630 1638 5686 tlic
1673 5623 2138 5692 Ascensiouis'llu-

559 5703 711 5747 lllllll.

2317 5573 2466 5648 (15:7)
2509 5571 2752 5648 Prmcsse
2773 5574 2936 5642 igitur
2962 5577 3126 5647 cmpit
3144 5587 3272 5635 autc
3295 5587 3529 5636 mortem
3555 5575 3684 5648 regis
3699 5571 3792 5630 Ste-

2245 5643 2406 5716 phani
2446 5643 2660 5702 uno-aut
2690 5645 2860 5702 altero
2887 5663 3044 5704 mmo.
