3962 6396
152 327 271 387 lim

1476 323 1659 384 VITA.
1699 354 1769 368 —-
1796 325 1923 384 LIB.
1951 327 2042 387 IV.

3265 352 3404 416 1029

154 434 432 542 diligentia
439 434 865 542 sollicitudinem
912 445 1151 542 gereret,
1187 451 1471 542 quousque
1507 440 1723 542 abbatis
1749 446 1800 508 Α
1826 445 1964 504 sime
1985 454 2175 506 contra
2204 447 2379 535 ipsum
2406 465 2611 527 regem,
2645 461 2811 527 quam
2829 467 2886 516 et
2903 470 3092 520 contra
3117 422 3407 542 plerosque

155 527 452 605 instituendi
484 522 964 588 canonica'elcetio
992 530 1257 587 celebrari
1286 532 1575 604 potuisset.
1605 532 1721 588 Cte-

153 633 314 680 terum
359 628 468 674 tam
497 618 743 676 vacantis
780 618 1012 676 abbatis:
1042 622 1368 691 custodiam,
1403 639 1565 696 quam
1593 626 1724 682 sult-

149 709 398 768 stituendi
442 707 657 765 abbatis
703 710 942 767 debitam
966 710 1305 781 facultatem,
1351 698 1442 786 qui
1472 716 1637 787 regiis
1666 715 1719 771 in

145 801 329 874 Anglia
370 808 638 871 praeerant
682 801 934 873 negotiis,
981 804 1237 877 episcopo
1277 805 1591 862 nitebantur
1627 820 1723 861 att-

149 894 283 948 ferre
304 890 473 963 (158).
517 888 652 946 Nam
688 907 784 948 rex
814 907 875 950 ea
910 903 1230 966 tempestate
1258 897 1313 953 in
1345 898 1724 957 transmarinis

142 980 459 1063 confligebat
483 995 606 1038 cum
636 979 974 1042 Francorum
1002 1001 1131 1058 rege
1157 986 1332 1063 (159).
1462 977 1472 984 ’

207 1061 524 1142 Complures
552 1072 751 1144 'itaque
795 1075 895 1131 viri
942 1080 1268 1148 prudentes,
1315 1088 1368 1136 et
1405 1080 1719 1151 episcopum

138 1164 349 1221 sincere
377 1162 682 1234 diligentes,
716 1167 1045 1236 persuadere
1075 1170 1125 1225 ei
1157 1171 1337 1227 conati
1367 1181 1496 1227 sunt
1536 1186 1625 1237 ne,
1662 1178 1723 1226 ut

139 1256 242 1310 dici
273 1254 435 1323 solet,
465 1264 657 1311 contra
688 1256 856 1312 ictum
884 1256 1124 1319 ﬂuminis
1151 1263 1396 1330 brachia,
1427 1266 1497 1319 ob
1523 1267 1720 1319 adver-

136 1346 372 1403 santium
432 1347 837 1413 multitudinem
903 1360 1068 1423 atque
1132 1356 1432 1426 potentiam
1501 1357 1720 1413 interim

140 1440 317 1494 minus
340 1438 544 1506 valida,
579 1439 816 1498 inaniter
842 1442 1118 1516 fatigando
1157 1457 1449 1505 exsereret.
1494 1450 1722 1506 Assere-

136 1531 263 1586 bant
314 1545 552 1601 namque
589 1532 735 1604 regis
788 1534 1089 1606 genitorem
1128 1537 1420 1596 Heuricum
1481 1540 1720 1613 generali

130 1621 525 1677 constitutione
540 1623 844 1682 decrevisse
861 1635 917 1681 ut
934 1628 1199 1687 universa:
1222 1631 1373 1703 regni
1386 1632 1470 1688 sui
1491 1632 1722 1690 abbatite

132 1713 184 1766 in
227 1727 329 1769 sua
372 1724 659 1772 manerent
695 1717 1011 1776 donatione.
1042 1720 1156 1779 Nec
1184 1722 1300 1782 fore
1333 1724 1722 1783 existimabant

1823 543 1926 600 sub
1958 543 2111 602 dolos
2147 544 2286 602 clam
2319 529 2674 605 adversantes
2698 550 2828 620 sibi,
2865 554 2944 610 cis
2970 529 3217 629 citraque
3255 529 3406 625 mare

1822 634 2134 703 decertans,
2177 637 2394 697 tandem
2428 638 2646 697 favente
2683 642 2914 701 Domino
2950 646 3153 704 celebri
3197 655 3406 723 potitur

1824 727 2119 798 triumpho.
2151 728 2449 802 Recognito
2483 747 2717 804 namque
2752 749 2850 807 per
2880 750 3280 799 sacramentum
3325 746 3407 801 vi—

1822 819 1961 888 ginti
1990 828 2225 891 quatuor
2259 820 2366 880 fide
2401 823 2712 894 dignorum,
2744 827 3068 887 clericorum
3099 834 3309 904 pariter
3353 846 3411 892 et

1821 911 2123 980 laicorum,
2163 913 2293 984 quid
2331 915 2473 987 juris
2506 919 2935 989 praedecessores
2974 925 3059 980 sui
3094 926 3147 981 in
3186 925 3276 985 illo
3314 929 3410 984 ha-

1823 1003 2068 1061 buissent
2091 1005 2363 1074 ctenobio,
2389 1009 2719 1078 testimonio,
2739 1013 3076 1084 adjudicatur
3096 1018 3145 1073 ei
3167 1018 3408 1087 ejusdem

1823 1102 2143 1164 patronatus
2160 1095 2214 1151 in
2238 1097 2379 1169 regis
2397 1100 2573 1155 curia.
2597 1100 2736 1160 Hinc
2762 1104 3061 1160 restituitur
3091 1106 3140 1162 ei
3176 1109 3409 1164 abbati-a-

1824 1185 2073 1241 vacantis
2100 1187 2365 1254 custodia,
2390 1190 2834 1265 prasticieudique
2855 1194 3071 1251 abbatis
3102 1195 3411 1265 jurisdictio

1824 1275 1980 1346 plena
2016 1285 2071 1333 et
2098 1278 2347 1335 absoluta
2372 1279 2543 1353 (l6l).
2562 1282 2693 1340 Post
2718 1300 2839 1355 qua:
2868 1288 2935 1342 ad
2963 1302 3084 1344 eam
3112 1289 3164 1344 in
3191 1292 3408 1360 propria

1825 1369 2090 1426 accedens
2119 1385 2348 1443 persona
2397 1387 2495 1444 per
2541 1375 2657 1431 dies
2706 1386 2831 1434 octo
2869 1379 3070 1435 mansit
3109 1381 3161 1436 in
3190 1395 3251 1434 ea
3286 1396 3408 1437 cum

1824 1457 2084 1515 fratribus
2100 1460 2204 1516 loci
2230 1469 2483 1532 tanquam
2508 1462 2775 1536 benignus
2797 1476 2951 1535 pater
2969 1484 3092 1524 cum
3133 1469 3257 1525 filiis
3279 1471 3411 1525 elia-

1826 1549 2084 1615 rissimis,
2123 1542 2432 1624 ingrediens
2466 1561 2519 1609 et
2554 1555 2864 1627 egrediens,
2902 1574 3025 1615 cum
3057 1560 3137 1616 eis
3175 1561 3229 1615 in
3262 1576 3412 1618 com-

1826 1641 1976 1696 muni
2017 1642 2311 1705 refectorio
2338 1643 2544 1715 pariter
2567 1659 2923 1713 convescens,
2943 1664 3147 1719 eosque
3173 1653 3298 1707 vino
3315 1652 3403 1723 ju-

1827 1733 2127 1791 cuuditatis
2147 1744 2203 1790 et
2219 1736 2449 1807 dapibus
2466 1751 2580 1794 suae
2600 1737 2871 1811 largitatis
2892 1741 3113 1812 copiose
3139 1743 3410 1800 reficiens.

128 1803 409 1903 "f’ff‘cmr
463 1815 520 1903 ξη
560 1817 753 1903 colli”
799 1811 972 1903 P3933
998 1812 1301 1903 ,ἀθετεωςη
1327 1815 1493 1884 ﬁlius.
1535 1831 1622 1883 80.
1667 1826 1726 1872 ιιι
1758 1796 1801 1858 Β
1902 1822 2264 1897 Tractabatur
2292 1796 2509 1883 interea
2529 1796 2836 1899 jussuvejus
2869 1830 2923 1885 in
2952 1796 3225 1889 conventu
3250 1849 3415 1903 super

127 1893 437 1963 videbatur,
465 1896 520 1952 iu
544 1896 729 1953 multis
747 1899 1099 1969 pertinacior,
1120 1902 1358 1973 gaudere
1369 1919 1494 1961 eum
1523 1905 1727 1961 sineret

126 1983 439 2056 privilegio,
477 1988 647 2045 avitis
678 1989 805 2047 licet
841 1993 1177 2062 temporibus
1201 1995 1444 2055 obteuto.
1480 1995 1727 2069 Denique
1768 2034 1775 2039 -

124 2078 412 2147 negotium
453 2081 555 2137 hoc
586 2080 788 2138 laboris
836 2082 1080 2154 plenum,
1121 2088 1334 2145 modice
1362 2088 1727 2160 fructuosum,

123 2168 469 2226 multimodis
493 2172 842 2241 damnosum,
880 2174 1199 2242 nullatenus
1238 2180 1526 2237 monebant
1554 2190 1727 2240 atten-

124 2261 379 2319 tandum.
410 2262 737 2322 ldetiendum
768 2281 892 2322 cum
924 2266 1114 2326 labore
1147 2270 1314 2339 etiam
1362 2272 1565 2330 laboris
1610 2276 1728 2331 fru-

119 2363 269 2409 ctum
297 2357 690 2428 suggerebant,
706 2375 808 2416 nec
829 2362 1065 2417 maxima
1089 2360 1307 2420 aiebant
1331 2364 1612 2421 subeunda
1640 2380 1728 2423 re-

120 2456 240 2496 rum
301 2443 787 2504 innumerabilium
830 2449 1150 2520 dispendia,
1205 2466 1328 2522 quae
1383 2452 1496 2523 jam
1561 2455 1727 2512 citius

118 2533 495 2600 przevidereut
522 2551 589 2593 ex
620 2537 723 2593 hac
753 2540 1124 2596 controversia
1154 2540 1259 2607 sibi
1291 2542 1514 2614 suisque
1547 2559 1727 2600 emer-

117 2641 268 2690 sura,
314 2624 437 2695 ubi,
487 2628 630 2697 quod
671 2628 1009 2697 intendebat,
1058 2633 1382 2700 assequendi
1419 2648 1545 2705 spes
1580 2642 1727 2691 esset

116 2716 232 2772 fere
263 2715 439 2779 nulla,
469 2716 608 2775 forte
629 2720 794 2781 etiam
823 2721 1060 2778 assecuti
1089 2721 1294 2781 utilitas
1323 2739 1510 2795 parva.

188 2806 353 2865 Talia
417 2811 842 2882 suggerentibus
893 2813 979 2868 vir
1033 2814 1327 2886 singularis
1384 2815 1726 2875 conﬁde-tite

116 2898 390 2970 mirmque
445 2901 793 2959 discretionis
819 2904 1107 2962 confestim
1134 2906 1414 2979 respondit
1439 2924 1457 2965 :
1492 2925 1512 2960 ι
1542 2907 1723 2979 Absit,

116 2989 411 3059 inquiens,
465 2999 526 3046 ιιι
583 2992 894 3050 mortalium
953 2995 1222 3069 quispiam
1283 2998 1389 3054 tale
1444 2997 1724 3057 decretum

115 3087 366 3135 statuere
399 3091 721 3151 przesumat,
766 3083 908 3138 unde
951 3082 1063 3140 Deo
1093 3094 1280 3141 nostro
1309 3070 1371 3142 et
1392 3085 1724 3147 beatissima:

112 3171 319 3242 regina:
352 3146 488 3228 coeli
520 3174 665 3244 quod
693 3146 853 3230 suum
881 3176 965 3233 est
1004 3164 1220 3245 auferre
1264 3179 1582 3249 praevaleat!
1616 3178 1726 3234 Hu-
1752 3146 1800 3212 ο

105 3261 350 3334 jusmodi
388 3263 579 3345 leges,
619 3267 722 3323 etsi
753 3267 918 3340 justas
960 3280 1177 3339 essent,
1225 3271 1425 3329 futuris
1460 3273 1727 3333 duntaxat

114 3354 354 3424 negotiis
418 3342 659 3411 formam
715 3356 947 3428 darent,
993 3377 1100 3416 non
1154 3363 1318 3421 etiam
1359 3364 1729 3423 convellerent

108 3430 317 3499 statuta
351 3446 635 3516 priorum.
669 3446 803 3515 Quis
833 3465 963 3506 vero
985 3453 1447 3523 praedecessorum
1482 3469 1725 3510 meormn

107 3536 197 3592 tali
240 3537 594 3608 subscripsit
628 3538 882 3610 decreto,
931 3558 1040 3614 quo
1075 3543 1193 3601 solo
1235 3554 1419 3616 posset
1452 3544 1563 3616 juri
1619 3562 1724 3600 non

105 3629 395 3690 immerito
442 3634 725 3704 praescribi
775 3645 1002 3694 eatenus
1046 3638 1116 3695 ab
1169 3639 1375 3696 eisdem
1418 3641 1727 3711 possessio?

98 3725 261 3781 Absit
318 3725 489 3782 enim
539 3734 599 3780 ut
639 3741 886 3797 personas
941 3728 1315 3802 cujuscunque
1362 3731 1572 3788 laicalis
1610 3742 1728 3788 sta-

102 3822 282 3871 tutum
323 3814 739 3872 ecclesiastica:
761 3817 1031 3877 libertatis
1054 3821 1395 3894 privilegium
1434 3822 1723 3894 infringat!

97 3904 229 3963 Mihi
280 3923 424 3965 vero
499 3924 606 3964 non
659 3910 940 3982 contingat
994 3921 1055 3968 ut
1094 3914 1491 3986 qualiscunque
1534 3916 1729 3974 timore

97 3999 425 4066 potestatis,
473 4012 571 4053 seu
603 4007 1038 4071 quantaecunque
1062 4001 1354 4067 formidine
1374 4003 1722 4071 diliicultatis,

87 4088 172 4160 jus
216 4088 514 4147 Ecclesiae
553 4104 708 4156 mete,
757 4101 1022 4160 quantum
1061 4092 1117 4149 in
1153 4109 1241 4151 me
1268 4103 1381 4161 est,
1412 4095 1591 4151 sinam
1632 4096 1729 4153 de-

97 4183 313 4250 perire!
360 4180 519 4238 Cum
562 4181 708 4238 enim
749 4183 817 4239 sit
851 4184 987 4240 satis
1012 4185 1320 4255 pudendum
1361 4202 1391 4242 a
1431 4186 1727 4259 majoribus

99 4273 421 4343 acquisitas
456 4282 517 4328 et
536 4272 606 4328 ab
633 4274 874 4344 antiquis
902 4275 1153 4334 dcfensas
1180 4292 1288 4335 non
1334 4278 1499 4334 etiam
1527 4295 1730 4352 augere

99 4364 417 4436 dignitates
461 4372 672 4419 sanctze
723 4364 982 4437 Ecclesiae
1020 4377 1190 4440 atque
1228 4368 1530 4438 libertates,
1560 4387 1724 4443 quam

95 4464 182 4511 est
228 4457 623 4528 probrosum,
667 4455 716 4511 si
740 4470 807 4510 ex
848 4457 1044 4537 inertia
1091 4459 1268 4531 ignavi
1309 4474 1472 4533 atque
1520 4462 1728 4519 inutilis

95 4550 343 4609 rectoris
376 4564 412 4604 a
451 4563 572 4604 suae
615 4547 943 4620 integritatis
976 4557 1123 4606 statu
1152 4551 1428 4616 decidant,
1472 4569 1592 4622 qua:
1630 4570 1727 4623 per

92 4649 403 4700 strenuum
437 4642 875 4717 dispensatorem
906 4645 1247 4715 augmentari
1276 4660 1341 4707 ac
1369 4646 1565 4703 melius
1593 4662 1724 4718 pro-

92 4735 221 4789 vehi
260 4732 589 4790 debebant!
639 4750 659 4786 r
1538 4740 1547 4751 δ

168 4823 337 4881 Talia
382 4836 768 4894 prosequens,
817 4822 1095 4880 continuis
1145 4824 1358 4881 duobus
1403 4825 1539 4882 senti
1568 4825 1728 4883 anuis

91 4916 252 4987 (ltiti)
298 4931 417 4971 nec
468 4914 780 4985 sumptibus
825 4929 925 4971 nec
971 4916 1192 4987 preprio
1231 4918 1415 4974 sudori
1473 4934 1727 4989 parcens,

93 5017 213 5061 tum
245 5024 358 5079 pro
386 5006 742 5078 expedienda
771 5005 1024 5063 libertate
1046 5008 1292 5064 canonici
1320 5018 1492 5066 status
1515 5010 1726 5081 praefati

88 5099 480 5168 monasterii,
515 5107 629 5155 tum
657 5113 759 5169 pro
790 5100 989 5156 tuenda
1021 5099 1285 5173 dignitate
1318 5116 1438 5169 sua,
1476 5101 1724 5159 invictis.

163 5238 186 5309 (
202 5237 334 5303 :58)
373 5233 529 5309 lure
558 5250 666 5309 quo
695 5236 869 5309 baculi
899 5236 1187 5307 pastoralis
1217 5237 1562 5309 donationem
1613 5238 1731 5293 llo-ﬁ

85 5306 295 5366 bertus
325 5308 403 5363 de
428 5306 632 5373 Bloetb
676 5306 778 5363 sibi
805 5315 860 5362 et
887 5309 1293 5366 successoribus
1333 5308 1449 5365 suis
1475 5323 1731 5365 reserva-

92 5380 212 5441 vit,
256 5377 423 5449 haud
442 5376 633 5449 Adubie
654 5389 684 5430 a
714 5376 1112 5449 Hemigiorolim
1141 5378 1438 5434 obtentum.

160 5450 330 5521 (159)
731 5445 1012 5535 rex-anuis
1037 5449 1264 5535 singulis
1288 5449 1359 5535 ab
1385 5463 1529 5532 anno
1550 5448 1735 5535 _1195,,

83 5516 276 5591 usque
296 5516 377 5577 ad
401 5516 625 5591 obitum
645 5532 803 5573 suum
820 5533 943 5574 cum
969 5533 1095 5588 rege
1115 5516 1447 5575 Francorum
1471 5519 1524 5574 in
1548 5529 1727 5578 trans-

83 5585 338 5659 marinis
376 5585 659 5659 conﬂixit,
694 5602 854 5659 pace,
876 5605 1018 5643 nunc
1032 5585 1205 5656 facta,
1236 5604 1380 5646 nunc
1408 5601 1588 5659 rupta.
1730 5638 1733 5645 .

160 5658 334 5731 (160)
360 5658 575 5731 Dilata
616 5658 845 5727 proinde
898 5660 998 5719 fuit
1039 5661 1162 5718 novi
1193 5660 1405 5728 abbatis
1431 5658 1622 5719 electio
1656 5662 1722 5720 ad

82 5749 281 5789 nuaus
309 5730 476 5786 ultra
510 5740 729 5784 annum.

1760 4489 1804 4545 D

1825 1915 2092 1974 electione
2140 1917 2306 1975 futuri
2344 1919 2580 1977 abbatis.
2633 1920 2857 1992 Expleta
2905 1938 3035 1983 vero
3074 1925 3411 1982 hebdomada

1826 2022 1959 2074 una,
1981 2007 2171 2065 accitis
2189 2008 2479 2067 abbatibus
2502 2009 2697 2069 vicinis
2716 2012 2945 2084 aliisque
2973 2014 3240 2086 religiosis
3262 2016 3414 2085 viris,

1826 2107 2192 2171 praesentatur
2229 2101 2487 2174 episcopo
2535 2105 2925 2162 monachorum
2966 2106 3182 2176 electio,
3221 2124 3286 2165 ac
3327 2125 3421 2165 so-

1828 2188 2084 2248 lemniter
2110 2192 2469 2251 confirmatur
2493 2196 2563 2252 ab
2597 2198 2810 2253 eodem.
2852 2197 3059 2267 Quibus
3095 2201 3201 2256 rite
3226 2201 3418 2273 gestis,

1827 2290 2015 2353 pastor
2041 2285 2289 2356 egregius
2315 2285 2654 2344 Lincolniam
2697 2290 3084 2361 proficiscitur,
3127 2292 3312 2364 ibique
3362 2294 3416 2348 in

1828 2373 2128 2431 cathedrali
2186 2375 2420 2433 ecclesia
2487 2376 2695 2435 electus
2756 2379 3234 2451 Eyncsbeimensis
3292 2397 3417 2438 cum

1826 2461 2015 2520 favore
2046 2474 2211 2536 atque
2258 2466 2443 2523 laetitia
2488 2478 2836 2539 cunctorum,
2886 2455 3268 2529 benedictione
3302 2472 3419 2541 ejus

1827 2570 1988 2613 saera
2027 2558 2082 2614 in
2115 2559 2369 2616 abbatem
2429 2560 2731 2630 honorifice
2790 2573 3158 2633 promovetur.
3209 2564 3418 2620 lnstrtto

1826 2656 2024 2719 ctoque
2043 2649 2278 2706 solemni
2313 2650 2567 2707 convivio
2589 2659 2699 2708 tam
2720 2651 2934 2708 clericis
2957 2668 3123 2724 quam
3146 2655 3329 2711 abbati
3359 2663 3418 2710 et

1827 2740 2124 2797 monachis
2172 2741 2306 2808 suis,
2338 2741 2714 2799 discumbebat
2751 2743 3037 2815 utriusque
3059 2743 3304 2800 cohortis
3338 2745 3422 2800 in-

1827 2830 2004 2902 clytus
2029 2832 2139 2909 dux
2186 2832 2241 2888 in
2272 2833 2452 2889 medio
2479 2847 2690 2899 eorum,
2728 2834 2928 2890 mirum
2955 2835 3010 2890 in
3042 2834 3261 2893 modum
3288 2851 3420 2907 gau-

1825 2922 1964 2987 dens
1988 2930 2045 2978 et
2071 2922 2353 2980 exsultans
2374 2923 2428 2981 in
2454 2924 2709 2992 Domino,
2730 2939 2797 2982 eo
2817 2926 2962 2997 quod
2986 2926 3159 2984 instar
3183 2927 3420 2999 pastoris

1827 3026 2042 3073 Summe
2091 3012 2215 3070 boni
2259 3012 2397 3069 alias
2438 3028 2569 3071 oves
2605 3013 2936 3082 adduxisset,
2973 3029 3095 3086 quae
3132 3024 3314 3071 essent
3349 3030 3415 3071 ex

1829 3101 1956 3157 ovili
1986 3102 2118 3168 alio,
2140 3112 2199 3158 ut
2221 3102 2569 3160 edicerentur
2594 3102 2664 3160 de
2701 3113 2902 3161 caetero
2932 3119 3073 3163 unus
3102 3120 3258 3179 grex,
3299 3106 3419 3162 ista:

1827 3201 1886 3248 et
1914 3192 2018 3249 illa:
2056 3208 2209 3261 oves,
2255 3201 2311 3251 et
2344 3202 2490 3251 esset
2530 3193 2777 3265 utrisque
2805 3210 2946 3250 unus
2973 3204 3180 3266 pastor,
3219 3197 3419 3267 quisic

1829 3292 2018 3340 mutuo
2067 3284 2171 3340 sibi
2208 3283 2508 3340 Ecclesium
2554 3284 2986 3341 confmderasset
3019 3292 3078 3342 et
3121 3285 3415 3349 abbatiant.

1828 3383 1890 3439 ut
1936 3374 2081 3432 foret
2135 3374 2402 3445 perpetim
2462 3384 2694 3447 utraque
2751 3391 2941 3432 unum.
2983 3376 3142 3434 Dedit
3203 3391 3422 3449 quoque

1828 3467 2013 3525 abbati
2066 3481 2207 3523 novo
2250 3467 2460 3539 virgam
2508 3467 2835 3540 pastoralem
2889 3478 3117 3542 argento
3157 3478 3215 3527 et
3254 3470 3420 3527 ebore

1827 3558 2057 3629 pulchre
2104 3558 2519 3615 vermiculatam
2562 3574 2688 3615 cum
2735 3559 2942 3631 scypho
2991 3559 3196 3632 ingenti
3254 3566 3422 3628 atque

1828 3651 2053 3723 insigni.
2097 3652 2302 3710 Locum
2354 3652 2520 3711 etiam
2565 3650 2736 3722 ipsius
2771 3650 3020 3725 regimini
3067 3648 3421 3707 commissum

1828 3740 2072 3811 pluribus
2098 3742 2380 3812 ampliavit
2416 3742 2717 3810 beneficiis,
2754 3753 2811 3798 et
2848 3740 3089 3797 donariis
3116 3739 3415 3807 decoravit,

1829 3846 1894 3887 ac
1921 3841 2148 3902 paterno
2177 3847 2395 3903 semper
2413 3832 2610 3888 affectu
2632 3846 2744 3888 tam
2777 3833 2951 3903 ipsum
2980 3830 3231 3893 abbatem
3254 3843 3418 3903 quam

1829 3938 2046 3996 gregem
2072 3923 2121 3979 ei
2148 3923 2423 3998 subditum
2453 3923 2589 3979 fovit
2621 3932 2677 3980 et
2710 3922 2920 3980 dilexit.

2456 4014 2687 4074 CAPUT
2717 4013 2787 4069 Χ.

1831 4104 1987 4173 Quod
2007 4106 2164 4163 anuis
2183 4106 2412 4178 singulis
2433 4107 2543 4178 fere
2567 4107 2915 4164 Witltantiam
2945 4104 3303 4168 declinaverit,
3330 4104 3420 4163 ubi

1899 4206 2176 4253 cornutum
2208 4196 2398 4267 faciem
2426 4213 2603 4268 gerere
2628 4197 2924 4254 uidebatur.
2962 4194 3031 4250 Et
3058 4196 3285 4267 qualiter
3316 4212 3420 4252 διε-ε

1898 4288 2168 4345 cularibus
2204 4288 2400 4346 ibidem
2428 4291 2771 4362 praedicando
2808 4290 2874 4345 de
2916 4290 3085 4346 tribus
3123 4289 3423 4359 specialiter

1899 4396 1987 4435 eos
2009 4379 2270 4437 instruere
2296 4364 2581 4449 nitebatur,
2611 4380 2808 4435 scilicet
2845 4379 2911 4434 de
2936 4379 3109 4434 cordis
3138 4379 3417 4443 cltaritate,

1899 4473 2117 4528 ueritate
2151 4474 2259 4528 oris
2288 4482 2338 4527 et
2377 4473 2611 4543 corporis
2649 4474 2910 4539 castitate,
2953 4482 3001 4528 et
3044 4487 3201 4542 quam
3239 4472 3422 4531 stricte

1899 4578 2109 4617 servare
2145 4563 2288 4632 apud
2327 4579 2383 4618 se
2411 4563 2678 4617 nitebatur
2706 4563 2994 4618 veritatem.
3015 4591 3088 4600 —
3107 4557 3175 4614 Et
3211 4561 3308 4614 hoc
3330 4575 3421 4615 ca-

1896 4652 2121 4724 pitulum
2141 4662 2217 4708 est
2240 4653 2296 4707 in
2313 4669 2511 4722 inagna
2549 4651 2668 4707 Vita
2696 4652 2792 4708 sub
2814 4653 2982 4722 capite
3005 4653 3062 4709 9.

1898 4747 1981 4803 Ad
2006 4729 2162 4805 suam
2209 4761 2341 4802 vero
2389 4745 2742 4805 Witliamiam
2768 4746 3002 4819 singulis
3026 4747 3417 4818 propemodum

1829 4839 1988 4894 annis
2005 4837 2173 4895 semel
2200 4847 2295 4893 aut
2315 4837 2400 4895 bis
2415 4838 2671 4895 secedere
2694 4838 2778 4919 vir
2799 4846 3018 4895 sanctus
3038 4847 3418 4903 consueverat.

1829 4927 2081 4984 Manebat
2126 4928 2200 4985 ibi
2247 4928 2478 4985 aliorum
2511 4944 2664 4985 more
2703 4928 2758 4983 in
2798 4927 2935 4984 cella
2980 4928 3245 4995 solitaria,
3293 4945 3421 5003 qum

1831 5035 2050 5091 seraper
2079 5021 2131 5079 ei
2175 5021 2381 5091 absque
2424 5021 2733 5078 habitatore
2769 5036 2937 5078 vacua
2962 5021 3310 5089 servabatur,
3361 5022 3421 5076 iu

1827 5128 1934 5184 qua
1986 5114 2375 5181 meditabatur,
2425 5122 2479 5170 et
2526 5114 2743 5180 orabat,
2774 5114 3121 5172 reficiebatur
3166 5114 3311 5180 cibo,
3361 5125 3417 5170 et

1898 5245 2049 5318 (161)
2086 5244 2385 5303 Confirmat
2436 5245 2603 5301 relata
2648 5244 2903 5318 Giraltlus
2952 5245 3302 5318 CambrenSis
3359 5244 3416 5299 in

1825 5315 2037 5397 Anglus
2060 5332 2173 5397 sua:
2200 5324 2467 5397 part._._n,
2504 5332 2626 5397 pag.
2661 5317 2804 5397 419,
2840 5317 2927 5373 his
2962 5317 3242 5397 verbis};
3279 5315 3415 5397 Item

1826 5387 2217 5443 monasterium
2251 5388 2318 5443 de
2345 5387 2649 5459 Egnesham
2683 5388 2812 5459 olim
2844 5389 3113 5459 perditum
3156 5387 3221 5459 iri
3262 5387 3414 5459 regia

1825 5466 2095 5529 potestate
2125 5467 2374 5530 paratum
2393 5454 2648 5514 vviriliter
2676 5454 2876 5530 (litigo)
2908 5456 3149 5530 retinuit,
3171 5454 3411 5530 "baculi?

1824 5524 1931 5598 que
1964 5524 2252 5599 pastoralis
2283 5529 2628 5583 donationem
2652 5524 2984 5598 sittup‘ttiosis
3013 5526 3289 5581 laboribus
3312 5524 3421 5582 sed

1826 5598 2139 5656 ellicacibus
2158 5609 2214 5655 et
2234 5599 2530 5658 fructuosis
2552 5601 2621 5657 ad
2649 5598 2946 5655 Ecclesiam
2973 5595 3410 5657 Lincolnieusetu

1825 5670 2119 5728 revocavit.
2141 5688 2162 5727 I
