3976 6292
579 346 718 414 I023

575 482 829 529 somnum
860 466 1133 539 capiebat.
1158 461 1288 519 Inde
1315 461 1380 516 ad
1411 459 1683 531 publicum
1714 455 2056 527 quandoque,
2096 457 2156 505 nt
2186 451 2232 519 Α

574 562 838 620 salutaret
867 560 1247 620 adventantes,
1275 551 1484 620 sibique
1513 549 1655 618 loqui
1696 546 1996 617 cupientes,
2026 556 2152 614 pro-

573 653 852 725 grediens,
896 646 1204 705 caelestibus
1234 643 1401 719 radiis
1429 636 1843 709 jquodammodo
1896 649 1962 725 es
2022 647 2154 688 con-

572 724 748 800 sortio
779 738 1044 797 sermonis
1088 732 1301 790 Domini
1329 741 1611 787 cornutam
1643 740 1834 800 gerere
1871 724 2158 794 diligenter

573 834 913 891 intuentibus
946 826 1229 883 videbatur
1270 822 1486 884 faciem,
1526 833 1687 888 quam
1719 817 1839 871 viva
1876 813 2156 884 cujusdam

573 925 774 994 leporis
803 921 1058 978 comitate
1084 915 1356 983 totiusque
1404 909 1705 966 dulcedinis
1732 906 2001 963 suavitate
2044 902 2160 973 pal-

571 1018 764 1083 liabet,
795 1028 860 1069 ac
900 1006 1332 1078 eolloquentibus
1370 1004 1473 1061 sibi
1518 1003 1752 1058 frontem
1783 1006 2158 1067 contemper.-

570 1107 685 1162 bat.

643 1192 822 1248 Laieis
873 1189 1089 1261 quidem
1129 1196 1293 1259 atque
1336 1182 1690 1242 saecularibus
1725 1178 1984 1251 angelicae
2017 1175 2159 1232 illitis

570 1288 695 1340 vine
738 1293 939 1340 statum
999 1279 1453 1345 collaudantibus,
1505 1285 1561 1333 et
1609 1276 1676 1332 de
1713 1288 1825 1331 sua:
1873 1269 2161 1325 mundanae

569 1377 693 1429 vita:
723 1373 1123 1446 impedimentis
1148 1370 1606 1444 conquerentibus
1637 1370 1797 1438 (quos
1844 1375 2023 1421 tamen
2058 1374 2159 1415 nec

571 1471 731 1539 velle,
781 1486 882 1526 nec
922 1485 1085 1540 posse
1117 1467 1287 1523 sciret
1330 1465 1398 1521 ad
1446 1463 1772 1534 perfectiora
1805 1458 2051 1513 instituta
2081 1453 2161 1508 vi-

568 1565 730 1619 vendi
758 1562 1011 1633 transire)
1042 1557 1350 1630 huiusmodi
1375 1555 1685 1627 proferebat
1707 1549 2155 1607 instructionem:

577 1679 594 1706 ι
633 1659 712 1711 An
742 1656 939 1722 solum,
970 1654 1168 1724 inquit,
1200 1650 1469 1716 monachi,
1513 1649 1626 1701 sive
1656 1643 1895 1700 eremitae
1918 1649 2144 1696 tantum-

574 1748 738 1804 modo
786 1761 949 1817 atque
1002 1743 1232 1801 solitarii
1284 1745 1687 1809 consequentur
1736 1747 1966 1806 regnum
2015 1730 2158 1785 Dei?

577 1838 819 1907 Denique
847 1852 968 1891 cum
1020 1847 1456 1903 unumquemque

571 1942 842 1996 quaquam
870 1926 920 1980 id
958 1924 1325 1995 expostulabit
1355 1920 1497 1993 quod
1530 1919 1754 1975 ercmita
1786 1917 2015 1987 quisque
2050 1931 2157 1971 non

570 2018 737 2074 fuerit
769 2026 864 2072 aut
892 2018 1211 2080 monachus,
1248 2015 1341 2070 sed
1371 2016 1548 2083 potius
1579 2010 1810 2082 reprobo
1840 2009 2036 2079 cuique
2065 2023 2161 2062 ex-

570 2110 924 2182 probrabitur
965 2109 1108 2178 quod
1151 2109 1373 2162 minime
1405 2106 1677 2161 exstiterit
1709 2103 1979 2158 veraciter
2001 2099 2161 2156 Chri-

567 2199 806 2253 stianus.
840 2197 975 2252 Nam
1009 2196 1112 2249 tria
1142 2194 1385 2265 qumdam
1412 2209 1441 2246 a
1468 2192 1710 2263 quolibet
1738 2199 1864 2246 sunt
1898 2189 2156 2260 exigenda

567 2283 904 2346 Christiano,
947 2296 1012 2337 ex
1042 2281 1238 2352 quibus
1267 2280 1310 2335 si
1342 2278 1424 2333 vel
1448 2294 1633 2355 unum
1668 2276 1766 2344 illi,
1792 2291 1916 2331 cum
1946 2275 2156 2345 judieao

571 2375 743 2441 bitur,
772 2374 1026 2439 defuerit,
1060 2386 1255 2428 nomen
1287 2370 1361 2425 illi
1393 2369 1767 2426 ChriStianum
1809 2383 1914 2423 non
1960 2366 2162 2442 valebit

568 2468 861 2539 prodesse.
894 2465 1122 2522 Nocchit
1147 2478 1347 2520 nomen
1382 2463 1562 2534 potius
1591 2463 1710 2517 sine
1735 2476 1813 2528 re,
1854 2461 1979 2530 quia
2008 2459 2161 2514 dam-

571 2556 812 2611 nabilior
840 2564 920 2611 est
950 2555 1160 2610 falsitas
1190 2554 1245 2609 in
1286 2554 1532 2609 veritatis
1559 2551 1888 2624 prnfessore.
1913 2549 2160 2620 Exigitur

568 2658 753 2703 autem
812 2655 874 2703 ut
906 2647 1078 2703 virtus
1115 2656 1171 2703 et
1198 2647 1401 2702 veritas
1441 2645 1710 2701 habeatur
1750 2643 1876 2699 boni
1920 2642 2161 2697 nominis

569 2740 754 2808 hujus,
803 2748 1069 2812 quatenus
1115 2736 1485 2795 indesinenter
1533 2744 1786 2793 teneatur
1820 2734 2064 2791 charitas
2103 2732 2159 2787 in

567 2830 753 2897 corde,
784 2832 986 2887 veritas
1007 2831 1062 2885 in
1089 2845 1207 2899 ore,
1233 2829 1456 2886 castitas
1479 2843 1692 2899 quoque
1724 2828 1776 2882 in
1801 2839 2030 2896 corpore
2053 2836 2158 2878 non

571 2923 843 2979 fallaciter
870 2922 1166 2980 ChriStiani
1196 2921 1366 2994 (162).
1410 2940 1428 2973 ι
1456 2919 1606 2975 Inter
1636 2917 1813 2989 plura,
1845 2933 1963 2988 quis
1990 2916 2053 2970 de
2078 2914 2160 2969 his

566 3016 736 3070 tribus
770 3016 825 3071 in
846 3014 979 3070 serie
1018 3030 1226 3086 magnae
1251 3014 1371 3068 vita:
1398 3011 1656 3082 prolixius
1697 3011 2022 3073 inseruntur,
2066 3022 2162 3062 no-

569 3108 730 3163 tabile
755 3117 831 3162 est
858 3108 1088 3176 verbum,
1132 3105 1274 3178 quod
1309 3106 1372 3160 de
1416 3104 1658 3159 castitate
1684 3113 1730 3157 et
1757 3101 1855 3156 Dei
1881 3100 2159 3156 dilectione

566 3196 874 3252 mulieribus
895 3197 1237 3267 prtudicando
1265 3196 1462 3250 dixisse
1499 3192 1745 3263 refertur,
1770 3194 1845 3246 ita
1872 3192 2110 3262 inquiens
2135 3202 2154 3241 :

582 3306 602 3339 ι
640 3287 784 3343 Satis
814 3303 844 3343 a
876 3303 1008 3343 sexu
1043 3286 1280 3343 femineo
1312 3287 1452 3341 Deus
1479 3285 1822 3354 omnipotens
1851 3282 1997 3352 diligi
2038 3296 2159 3353 pro-

571 3380 789 3445 meruit,
819 3379 946 3449 quia
976 3380 1124 3435 nasci
1159 3379 1225 3435 de
1257 3379 1454 3433 femina
1488 3392 1596 3432 non
1641 3375 1860 3445 refugit.
1912 3373 2158 3446 Magnifi-

570 3484 694 3525 cum
730 3469 945 3541 quoque
997 3485 1060 3525 ac
1110 3485 1235 3525 vere
1281 3469 1501 3540 dignum
1550 3483 1616 3523 ex
1664 3468 1768 3524 hoc
1794 3468 2050 3523 omnibus
2078 3466 2157 3522 fe-

570 3561 734 3616 minis
765 3561 1105 3632 privilegium
1153 3563 1404 3616 contulit.
1445 3560 1579 3614 Nam
1614 3575 1735 3614 cum
1768 3560 1885 3614 viro
1935 3573 2158 3614 conces-

572 3665 694 3705 sum
735 3665 842 3705 non
885 3651 978 3716 sit,
1023 3651 1165 3721 quod
1209 3651 1305 3717 sit,
1358 3650 1436 3706 vel
1478 3649 1689 3704 dicetur
1716 3647 1876 3704 Pater
1903 3649 2020 3713 Dei,
2053 3648 2156 3704 hoc

567 3751 749 3797 tamen
778 3742 1078 3813 pra-stilum
1106 3750 1190 3798 est
1219 3741 1453 3806 mulieri,
1487 3748 1546 3794 ut
1572 3741 1644 3794 sit
1679 3739 1771 3795 Dei
1800 3754 2013 3810 parens.
2060 3758 2079 3791 ι

572 3854 577 3859 ~
640 3830 761 3886 Jam
812 3846 943 3887 vero
994 3840 1201 3887 tantam
1235 3832 1289 3885 in
1324 3845 1420 3886 ore
1463 3830 1750 3884 veritatem
1793 3830 2058 3893 habebat,
2100 3837 2159 3885 ut

565 3922 745 3978 nullus
777 3937 956 3978 sermo
982 3925 1051 3977 ab
1081 3921 1199 3993 ejus
1254 3921 1430 3977 exiret
1476 3921 1632 3977 labiis
1672 3922 1758 3976 cui
1795 3921 2020 3977 sentiret
2057 3920 2157 3975 ali-

565 4016 695 4086 quid
730 4015 905 4073 iuesse
934 4014 1208 4072 falsitatis.
1239 4012 1374 4070 Nam
1410 4022 1465 4070 et
1497 4014 1709 4071 cautela
1746 4014 1952 4070 vitandi
1975 4013 2157 4083 cujus-

565 4125 785 4179 cunque
812 4109 958 4178 falsi,
983 4126 1105 4166 cum
1135 4109 1408 4166 referebat
1449 4109 1747 4180 quidpiam,
1781 4123 1877 4165 seu
1905 4123 2157 4165 recense-

566 4199 682 4265 bat,
712 4215 831 4270 qute
856 4202 1054 4272 egisset
1080 4201 1165 4257 vel
1197 4202 1480 4269 audiisset,
1508 4186 1691 4271 aliquo
1725 4208 2155 4269 temperamento

568 4304 786 4360 semper
833 4289 1123 4358 utebatur,
1173 4292 1227 4346 in
1271 4291 1358 4347 bis
1402 4291 1567 4346 etiam
1626 4305 1748 4360 qua:
1786 4289 2156 4347 indubitanter

565 4383 848 4438 verissima
871 4396 992 4440 esse
1013 4392 1257 4450 noverat,
1277 4392 1336 4437 ut
1354 4383 1557 4438 diceret
1577 4401 1590 4437 :
1611 4402 1630 4436 ‹
1660 4380 1843 4454 εἰεξυ.
1868 4380 2032 4454 sicut]
2059 4396 2155 4438 no-

1468 347 1527 404 S.
1570 342 1868 403 IIUGONIS
1906 338 2119 398 EPISC.
2159 336 2473 404 LINCOLN,
2506 338 2665 395 0RD.
2697 338 2955 396 CAIKTII.

3694 337 3797 403 lilii

2865 446 3096 507 CAPUT
3136 446 3224 504 XI.

2263 540 2505 608 Qualiter
2527 538 2873 597 Withamiam
2904 540 3109 595 veniens
3145 539 3367 593 nitorem
3403 537 3633 593 habuerit
3660 541 3799 598 insoli-

2331 623 2465 678 tum,
2498 609 2671 666 colore
2703 610 2993 665 rubicundo
3018 610 3380 679 superfusum,
3410 609 3485 679 αι(
3502 610 3710 674 primum
3726 614 3801 668 loci

2332 690 2664 752 conspectum
2693 681 2951 749 ἔποπαῡὲιὶ
2980 677 3532 752 qua‘danrspiritualis
3558 681 3719 748 gaudii
3732 684 3801 751 jap

2331 748 2600 805 cunditate
2628 748 2856 805 sentiens
2888 765 2944 806 se
2979 748 3272 819 perfundi:
3299 758 3350 801 et
3384 748 3683 819 qualis_erat
3709 748 3801 807 cca-

2332 821 2662 884 versationis,
2694 820 2821 874 dum
2851 815 3160 874 morabatur
3193 815 3408 872 ibidem.
3440 847 3515 858 -
3546 815 3609 871 Et
3631 829 3699 874 est
3730 823 3802 878 liae

2338 891 2621 959 capitulum
2648 891 2704 945 in
2730 906 2924 960 magna
2958 889 3077 943 Vita
3103 898 3261 957 caput
3288 888 3570 942 decimum.

2336 980 2415 1036 Ne
2437 981 2523 1036 cui
2557 994 2687 1038 vero
2735 980 2918 1036 minus
2959 979 3218 1037 credibile
3252 979 3506 1048 videatur
3545 980 3661 1046 hoc,
3696 985 3802 1051 quod

2262 1073 2328 1128 de
2350 1073 2615 1144 spirituali
2646 1072 2879 1144 quadam
2903 1071 3086 1128 vultus
3109 1071 3282 1142 ipsius
3304 1070 3558 1128 claritate
3593 1071 3642 1127 in
3668 1089 3724 1130 eo
3742 1092 3804 1132 re-

2263 1164 2502 1231 lucente,
2532 1179 2655 1221 cum
2678 1165 3030 1236 egrederetur
3060 1178 3090 1218 a
3130 1163 3267 1219 cella
3305 1177 3427 1226 sua.
3457 1171 3520 1218 ut
3542 1177 3691 1233 supra
3717 1166 3804 1220 teti-

2262 1259 2461 1329 gimus,
2494 1256 2640 1313 aliud
2676 1256 2946 1328 quoddam
2983 1255 3116 1313 satis
3152 1255 3221 1312 de
3246 1269 3314 1312 eo
3347 1254 3464 1311 suis
3498 1253 3804 1312 familiaribus

2262 1360 2475 1416 notum,
2507 1356 2564 1406 et
2591 1363 2621 1404 a
2651 1348 2838 1404 multis
2859 1361 3233 1419 saepenumero
3260 1361 3369 1403 non
3403 1346 3606 1416 absque
3628 1353 3805 1415 stupore

2262 1439 2704 1497 et’admiratione
2729 1447 2976 1495 notatum
3005 1437 3379 1499 veracissime.
3405 1436 3534 1492 huic
3556 1437 3805 1492 narrationi

2263 1533 2517 1588 duximus
2555 1531 2797 1587 breviter
2835 1528 3205 1587 inserendum.
3238 1527 3674 1597 Quotiescunque
3695 1529 3804 1584 enim

2264 1640 2295 1680 a
2319 1624 2628 1694 longinquis
2651 1621 2898 1693 partibus
2920 1621 2988 1677 ad
3015 1621 3159 1677 illam
3182 1620 3283 1676 sibi
3308 1619 3568 1674 dilectam
3600 1618 3807 1674 tendebat

2263 1715 2631 1781 solitudinem,
2679 1728 2827 1779 mox,
2868 1721 2986 1768 uta
3027 1710 3254 1769 remotis
3290 1709 3583 1765 finitimam
3623 1706 3804 1778 ejusin~

1476 1800 1743 1897 iudicabit
1764 1800 2046 1888 03min“,
2071 1838 2163 1877 ne-
2195 1814 2238 1869 Β
2265 1807 2622 1897 grediebatur
2635 1804 2936 1897 regionem,
2965 1805 3113 1897 nitor
3128 1803 3350 1874 quidam
3381 1800 3649 1897 insolitus,

2262 1896 2519 1952 decenter
2545 1895 2849 1951 rubicundo
2890 1890 3229 1966 superfusus,
3256 1905 3427 1964 genas
3469 1891 3521 1946 ei
3554 1906 3668 1947 cum
3702 1891 3805 1948 facie

2200 2002 2213 2009 ’
2263 1994 2373 2040 tota
2401 1986 2560 2040 simul
2585 1988 2786 2043 vestire
2808 1986 3111 2042 consuevit.
3135 1984 3256 2056 Ipse
3279 2000 3497 2056 quoque
3518 1985 3691 2040 intima
3711 1999 3805 2039 eor-

2261 2079 2345 2134 dis
2393 2079 2475 2133 sui
2518 2079 2586 2133 ad
2626 2079 2864 2151 primum
2911 2078 3055 2135 illius
3102 2089 3453 2150 conspectum
3500 2075 3806 2133 et'ineflabili

2261 2174 2495 2245 quadam
2516 2172 2862 2243 iucunditate
2900 2173 3200 2245 spiritualis
3223 2173 3408 2244 gaudii
3432 2170 3689 2233 sentiebat
3709 2186 3807 2240 per-

2263 2264 2433 2332 fundi,
2463 2264 2607 2333 quod
2631 2263 2746 2321 suis
2781 2279 2997 2336 quoque
3035 2264 3401 2320 familiaribus
3434 2261 3718 2332 saepissime
3746 2261 3808 2315 fa-

2264 2358 2500 2414 tebatur.
2550 2357 2673 2424 Quo
2727 2357 2840 2427 jam
2893 2358 3228 2414 consistente
3278 2355 3421 2426 apud
3474 2353 3807 2419 Withamiam,

2263 2455 2470 2503 tantam
2490 2448 2543 2503 in
2565 2462 2632 2504 eo
2652 2449 2894 2504 omnium
2916 2463 3172 2503 sensuum
3190 2447 3597 2503 innovationem
3617 2460 3805 2518 snpcrna

2261 2535 2531 2593 efficiebat
2555 2538 2730 2610 gratia
2759 2546 2820 2592 ut
2858 2537 3042 2594 subito
3072 2538 3219 2611 intus
3245 2547 3302 2592 et
3322 2532 3488 2594 simul
3511 2546 3659 2594 extra
3680 2553 3807 2595 tuo-

2261 2630 2377 2684 vari
2404 2629 2705 2695 videretur,
2735 2629 2875 2684 sicut
2902 2628 3100 2699 aquila:
3123 2628 3382 2697 juventus
3409 2643 3529 2684 sua.

2286 2735 2294 2749 '
2333 2721 2592 2791 Deposito
2622 2722 2842 2791 quidem
2879 2722 3122 2777 exterius
3158 2721 3346 2791 pallio,
3374 2736 3484 2791 quo
3512 2720 3743 2777 utebatur
3762 2722 3805 2775 in

2260 2812 2478 2882 publico
2524 2813 2691 2884 (quod
2734 2827 2800 2867 ex
2853 2813 3066 2883 integro
3093 2822 3215 2867 erat
3256 2812 3340 2866 vel
3382 2811 3605 2868 subrufo
3643 2827 3809 2881 panno,

2260 2905 2507 2961 candidis
2536 2919 2796 2976 agnarum
2824 2904 3055 2976 pellibus
3076 2903 3285 2959 ferrato
3316 2903 3382 2975 Π.
3409 2902 3804 2977 foderato])pel-

2261 2995 2342 3052 les
2366 2996 2627 3051 induebat
2653 2996 2940 3062 arietinas,
2981 2996 3127 3052 nullo
3161 2995 3325 3065 panni
3357 2994 3594 3068 tegmine
3619 3009 3809 3066 cooper-

2262 3095 2369 3143 tas.
2410 3086 2620 3155 Cilicio,
2650 3097 2711 3143 ut
2753 3102 2917 3158 supra
2963 3088 3266 3158 tegebatur,
3316 3086 3384 3142 ad
3433 3085 3664 3151 nudum;
3708 3085 3813 3141 huic

2184 3147 2231 3210 θ
2264 3179 2502 3233 tunicam
2557 3147 2618 3233 in
2664 3147 2844 3235 medio
2895 3147 3285 3249 supe‘rinduct'o
3332 3175 3555 3232 velabat
3598 3147 3813 3246 pellicco.

2263 3267 2626 3325 Lectisternia
2650 3267 2768 3339 ejus
2799 3270 2915 3326 haec
2943 3276 3153 3324 tantum
3178 3277 3359 3334 erant,
3385 3282 3597 3340 sagum,
3616 3266 3818 3327 cervical

2258 3370 2315 3415 et
2340 3360 2529 3430 pelles.
2581 3359 2739 3417 Mane
2789 3375 2914 3417 cum
2962 3376 3157 3416 manus
3205 3360 3273 3415 de
3313 3374 3467 3417 more
3498 3358 3750 3425 ablueret,
3773 3368 3823 3413 ut

2259 3449 2511 3506 ministro
2536 3448 2708 3517 nullo,
2735 3452 2807 3506 ita
2840 3449 2988 3505 nullo
3028 3449 3285 3506 utebatur
3318 3449 3681 3520 manutergio.
3710 3447 3821 3503 llis-

2258 3556 2376 3597 sam
2412 3541 2762 3598 devotissime
2786 3541 2999 3597 duobus
3028 3549 3323 3597 contentus
3352 3540 3643 3605 ministris,
3678 3539 3823 3595 sacri-

2258 3639 2341 3685 sta
2371 3630 2581 3687 scilicet
2608 3631 2736 3698 loci,
2768 3639 2823 3688 et
2852 3631 3131 3702 capellano
3161 3648 3291 3697 suo,
3335 3632 3581 3701 quotidie
3609 3632 3825 3688 celebra-

2258 3723 2354 3779 bat
2392 3724 2562 3797 (f63).
2609 3723 2826 3780 Annulo
2866 3722 3163 3795 pontificali
3218 3732 3468 3795 excepto,
3525 3723 3580 3780 in
3626 3722 3826 3793 reliquis

2259 3815 2691 3873 sacerdotalibus
2730 3815 3065 3872 indumentis
3098 3830 3129 3870 a
3172 3814 3572 3871 consuetudine
3619 3813 3826 3870 Carthu-
3888 3822 3893 3827 '

2258 3907 2521 3962 siensium
2554 3906 2609 3962 in
2643 3906 2791 3962 nullo
2818 3906 3039 3977 penitus
3070 3904 3375 3961 differebat.
3411 3905 3680 3962 Utebatur
3703 3904 3825 3959 enim

2258 3997 2381 4054 alba
2407 4006 2463 4053 et
2484 3998 2709 4064 amictu,
2735 3997 2896 4065 stola,
2916 3997 3113 4055 favone
3134 4007 3298 4068 atque
3322 3995 3567 4067 planeta,
3593 3996 3762 4066 planis
3784 4002 3827 4050 et

2257 4091 2528 4156 candidis,
2559 4106 2659 4147 nec
2682 4092 2894 4148 ornatis
2918 4091 3120 4157 serico,
3146 4105 3249 4145 nec
3275 4088 3559 4146 aurifrisio
3588 4106 3684 4145 seu
3704 4102 3830 4160 gem-

2257 4183 2383 4239 mis.
2435 4182 2634 4239 Diebus
2686 4182 2982 4238 Dominicis
3029 4191 3154 4252 post
3199 4195 3414 4237 coenam
3462 4196 3593 4238 eum
3639 4179 3830 4237 caeteris

2257 4273 2541 4330 monachis
2567 4273 2634 4330 ad
2669 4274 2872 4330 ostium
2902 4273 3178 4329 refectorii
3208 4287 3331 4328 cum
3365 4270 3592 4329 silentio
3634 4281 3692 4329 et
3728 4286 3830 4344 gra-

2256 4366 2427 4421 vitate
2455 4366 2805 4436 procedebat,
2822 4365 2912 4421 ubi
2937 4364 3094 4436 panis
3119 4364 3347 4432 singulis
3369 4365 3437 4419 ad
3466 4366 3636 4420 totius
3656 4363 3831 4421 hebdo-

565 4474 651 4530 bis
675 4476 913 4531 occurrit
936 4476 1118 4541 modo,
1141 4493 1160 4526 ι
1178 4483 1269 4528 aut
1284 4472 1486 4545 aliquid
1505 4473 1649 4529 aliud
1669 4473 1722 4529 in
1744 4474 1890 4530 hunc
1912 4475 2151 4541 modum,

2258 4459 2430 4513 madaa
2469 4457 2674 4514 victum
2720 4458 2871 4528 (164)
2932 4472 2961 4514 a
3016 4455 3189 4513 fratre
3239 4456 3473 4513 interius
3516 4456 3830 4513 consistente

564 4579 672 4635 quo
690 4566 1048 4621 temeritatem
1072 4565 1389 4621 assertionis
1405 4563 1554 4622 falsa:
1575 4564 1816 4621 funditus
1831 4564 2148 4620 declinaret.

563 4654 675 4710 Nec
722 4656 915 4711 minori
947 4669 1160 4726 quoque
1189 4656 1529 4712 observantia
1559 4654 1831 4724 veritatis,
1875 4654 2036 4727 sigilli
2067 4655 2149 4710 sui

564 4747 927 4802 reverentiam
979 4746 1252 4815 tuebatur,
1291 4748 1425 4804 nihil
1457 4763 1696 4821 unquam
1729 4762 1837 4803 non
1867 4762 2058 4802 verum
2094 4747 2149 4801 in

561 4837 781 4905 litteris,
832 4855 899 4896 eo
951 4840 1254 4911 signandis,
1304 4841 1573 4898 contineri
1629 4839 1978 4910 permittens.
2045 4838 2148 4897 Ubi

558 4933 698 4988 adeo
735 4932 1088 5003 scrupulosus
1119 4935 1242 5001 fuit,
1279 4934 1423 5004 quod
1466 4933 1627 5005 juxta
1657 4932 1842 4989 tritam
1874 4932 2147 4989 scribendi

561 5024 870 5091 formulam,
908 5041 1031 5081 cum
1070 5024 1347 5081 citatorias
1380 5023 1540 5081 alicui
1567 5023 1773 5092 ederet,
1815 5025 1870 5081 in
1919 5024 2000 5080 eis
2029 5023 2151 5079 nul-

560 5113 774 5170 latenus
807 5116 935 5188 poni
965 5116 1191 5183 sineret,
1229 5114 1600 5172 «Meminimus
1629 5114 1744 5171 ’nos
1780 5126 1830 5171 te
1859 5114 2147 5188 aliquando

560 5203 757 5265 citasse
796 5224 815 5257 ι
861 5220 930 5261 ne
977 5205 1140 5271 forte,
1172 5206 1316 5275 quod
1361 5206 1414 5262 in
1445 5221 1545 5263 sua
1575 5223 1681 5265 non
1710 5217 1831 5265 erat
1857 5207 2145 5274 memoria,

558 5293 614 5350 in
645 5308 709 5350 ea
737 5310 859 5351 esse
881 5309 979 5351 sua
1002 5295 1329 5351 mentiretur
1356 5296 1620 5354 chartula.
1982 5290 2009 5299 “
2107 5291 2143 5305 ”

629 5453 677 5525 (1
689 5452 780 5521 62,)
795 5452 1070 5525 Subducta
1093 5470 1200 5511 non
1224 5454 1484 5525 auctoris,
1497 5456 1591 5512 sed
1610 5448 2003 5510 abbreviatoris
2020 5462 2146 5510 sunt

556 5523 1018 5595 verlianmedatn
1056 5525 1126 5581 ob
1156 5524 1520 5595 prolixitatem
1540 5526 1859 5580 Dllllllelllis.

627 5592 782 5664 (165)
822 5591 961 5661 Ergo
999 5594 1109 5663 jam
1139 5591 1454 5664 quotidiana
1507 5595 1882 5650 celebrabatur
1930 5594 2093 5650 missa
2127 5614 2159 5661 ,ν

552 5666 748 5720 saltem
777 5663 1170 5732 conventuslis’
1194 5673 1245 5718 ct
1273 5663 1485 5732 publica
1513 5703 1529 5727 ,
1561 5664 1774 5732 qualem
1799 5672 1853 5720 et
1880 5665 2009 5721 olim
2041 5667 2146 5721 sub

550 5731 817 5809 Guigonis
840 5730 902 5800 V,
934 5741 1178 5812 tempore
1206 5730 1532 5790 celebratam
1555 5730 1720 5791 fuisse
1739 5735 1979 5819 quotidie
2007 5752 2141 5815 cou-

2254 4550 2621 4618 prtebebatur.
2664 4547 2820 4620 Saepe
2860 4557 3041 4604 tamen
3088 4548 3155 4604 de
3182 4547 3399 4604 licentia
3426 4548 3632 4618 prioris
3666 4565 3731 4604 es
3758 4561 3831 4603 eo-

2252 4641 2442 4711 phinn,
2494 4641 2611 4697 sive
2654 4656 2722 4697 ex
2768 4654 2938 4709 arca,
3002 4653 3109 4709 qua
3159 4640 3340 4694 missae
3392 4639 3766 4697 condebautur
3804 4650 3829 4691 a

2252 4734 2484 4790 fratrum
2525 4732 2681 4790 cellis
2726 4746 2820 4788 seu
2867 4747 2898 4786 a
2944 4728 3238 4787 refectorio
3268 4729 3535 4796 collectae,
3582 4729 3829 4788 crustula

2253 4827 2529 4892 duriores,
2574 4835 2630 4881 et
2669 4822 2929 4879 minutias
2968 4820 3400 4897 fragmentorum
3442 4839 3559 4897 pra:
3599 4826 3828 4884 ariditate

2245 4926 2359 4998 jam
2394 4925 2634 4983 torridas
2660 4925 2895 4996 propriis
2926 4923 3180 4980 manibus
3200 4919 3516 4991 colligebat,
3549 4933 3683 4983 non,
3710 4913 3830 4986 quod

2250 5017 2300 5074 ei
2327 5033 2458 5073 suus
2485 5018 2640 5094 panis
2666 5032 2774 5079 non
2800 5015 3091 5081 sufficeret,
3113 5012 3211 5070 sed
3237 5010 3732 5093 superabundaret,
3750 5004 3830 5061 sed

2251 5110 2368 5166 hare
2397 5110 2613 5171 dicebat
2640 5109 2943 5180 fragmenta
2979 5106 3082 5172 sibi
3115 5106 3389 5177 sapidiora
3420 5118 3588 5174 quam
3616 5101 3827 5157 solidum

2249 5217 2444 5273 panem
2473 5202 2663 5258 videri.
2709 5200 2923 5267 Revera
2964 5200 3182 5272 quidem
3215 5195 3696 5256 benedictionibus
3719 5207 3827 5247 con-

2249 5294 2360 5352 dita
2383 5296 2655 5366 iustorum
2696 5296 2909 5368 gratius
2955 5309 3091 5351 sano
3133 5292 3254 5364 ejus
3307 5291 3498 5366 palato
3538 5290 3823 5363 sapiebant.

2248 5458 2376 5511 stat,
2408 5450 2534 5505 licet
2556 5452 2781 5521 privatae
2813 5449 2988 5504 rarius
3012 5448 3234 5521 fierent.

2320 5522 2468 5592 (164)
2508 5513 2570 5577 In
2612 5523 2755 5592 hanc
2792 5536 2963 5591 usque
2988 5520 3131 5592 diem
3169 5513 3823 5592 idern__actit_atur_in_Car-

2248 5586 2501 5648 tlnisiauo
2545 5590 2737 5662 ordine
2766 5631 2783 5662 ,
2838 5586 2964 5646 dum
2996 5590 3152 5662 panis
3201 5587 3423 5662 cuilibet
3452 5586 3820 5662 distribuitur.

2247 5677 2354 5743 non
2385 5662 2452 5715 ad
2483 5653 2836 5743 hebdomada-
2863 5653 3090 5734 integra:
3116 5698 3133 5732 ,
3181 5658 3276 5719 sed
3325 5658 3393 5715 ad
3423 5656 3707 5739 sequentis
3729 5653 3827 5717 diei

2248 5733 2449 5794 victum
2478 5730 2773 5795 sufficiens.
2986 5730 3005 5734 ⁷
3117 5730 3124 5732 ⁷
3376 5774 3403 5795 ι

3675 5836 3753 5862 *ἣν

3446 5854 3454 5862 .
3638 5854 3702 5882 ,ς’
