3962 6428
145 374 273 431 I025

1483 367 1660 422 VITA.
1698 395 1764 408 —
1791 367 1917 424 LII}.
1962 369 2046 426 IV.

3261 378 3409 438 1026

139 481 415 544 Scutellas,
462 494 568 534 non
615 479 794 547 modo,
835 480 1032 550 quibus
1075 479 1351 550 pulmenta
1377 481 1426 535 ei
1474 479 1705 536 fuissent
1731 482 1781 542 Α
1811 481 2019 552 ignoro,
2048 497 2211 554 quam
2240 483 2328 553 pio
2349 481 2568 540 duceris
2585 484 2876 552 desiderio,
2903 477 2962 543 ut
2994 475 3264 560 suprema:
3289 495 3406 566 jam

141 573 460 636 ministrata,
494 569 588 625 sed
624 569 809 633 etiam,
842 583 980 638 quas
1024 568 1250 624 fortuitu
1293 567 1472 623 illotas
1509 567 1708 623 alicubi

140 664 440 734 reperisset,
467 661 860 718 delectabiliter
881 661 1151 731 gaudebat
1176 659 1416 727 abluere,
1450 669 1596 714 tanta
1618 673 1726 726 eas.

137 753 398 825 diligentia
430 752 679 808 manibus
709 751 996 824 digitisque
1019 752 1360 807 nitidissimis
1387 751 1532 806 intus
1559 759 1713 806 exte-

135 847 346 915 riusque
385 844 657 900 defricans
692 858 758 898 ac
799 843 1142 914 pollincieus,
1182 859 1246 899 ac
1267 844 1312 900 si
1341 843 1566 900 calicem
1595 843 1708 898 Do-

135 937 382 991 iuinicum
409 950 468 991 se
493 943 836 990 contrectare
863 942 1102 1004 putaret.

199 1030 263 1083 Et
283 1029 396 1098 ipse
415 1028 632 1098 quidem
647 1027 794 1083 omni
820 1037 1063 1098 tempore
1083 1025 1252 1083 semel
1277 1027 1327 1082 in
1346 1025 1706 1091 hebdomada,

133 1120 180 1174 id
210 1127 313 1183 est,
344 1119 433 1174 die
463 1119 675 1174 sabbati
706 1118 1010 1189 purissima:
1039 1117 1398 1174 confessionis
1432 1117 1706 1170 lavacrum

131 1209 519 1280 frequentabat.
552 1208 705 1276 Quod
733 1209 800 1264 de
838 1208 1128 1264 traditione
1164 1207 1465 1264 inviolabili
1495 1204 1705 1262 ordinis

128 1303 204 1358 sui
243 1315 570 1372 exsequens,
620 1300 933 1356 nullatenus
977 1299 1299 1366 omittebat,
1350 1298 1482 1370 quin
1535 1296 1705 1351 etiam

127 1391 364 1447 crebrius
405 1392 511 1447 hoc
537 1399 744 1461 ageret,
791 1407 918 1446 mox
959 1398 1020 1445 ut
1060 1390 1258 1460 aliquis
1284 1405 1351 1446 ex
1379 1401 1708 1460 quocunque

128 1484 282 1547 facto,
319 1483 489 1548 dicto,
531 1482 768 1553 cogitatu
792 1474 1080 1552 scrupulus
1105 1490 1303 1551 praeter
1337 1481 1557 1537 solitum
1587 1478 1706 1548 ejus

126 1575 298 1628 animo
327 1575 583 1630 subortus
626 1573 837 1630 fuisset.
882 1574 1220 1642 Frequenter
1247 1587 1465 1643 quoque
1495 1571 1696 1626 iterata

128 1666 417 1720 innumeris
441 1666 652 1721 vicibus
677 1665 1041 1732 confessione,
1080 1665 1344 1735 quidquid
1377 1665 1444 1718 ab
1474 1662 1702 1718 infantia

126 1770 178 1809 se
221 1756 535 1812 meminisse
580 1756 764 1812 delicti
811 1757 1152 1812 commisisse
1196 1764 1432 1826 poterat,
1480 1754 1704 1810 domino

1815 576 1939 630 vita:
1972 583 2074 628 tute
2119 573 2374 643 reliquias
2406 573 2549 628 inter
2589 585 2806 632 sanctos
2841 577 3164 648 Burgundiae
3203 587 3400 640 eremi-

1815 673 1896 718 tas
1924 665 2229 733 expendere
2260 663 2460 719 valeas.
2498 665 2695 721 Verum
2727 682 2812 722 me
2837 669 3017 739 potius
3043 679 3099 724 et
3133 675 3270 730 ratio
3299 692 3395 731 ur-

1813 762 1905 824 get
1926 765 1979 808 et
1994 754 2263 820 voluntas,
2297 764 2356 808 ut
2390 755 2440 808 id
2474 754 2648 826 ipsum
2673 771 2850 828 agam.
2889 778 2908 811 ›
2941 759 3198 815 Extracto
3230 762 3397 834 igitur

1811 845 2012 900 annulo
2032 845 2326 915 pontificali
2364 862 2392 900 a
2421 846 2610 917 digito,
2639 857 2692 902 et
2735 850 3016 906 accersitis
3051 852 3120 906 ad
3147 868 3206 908 se
3237 854 3400 909 cleri-

1811 937 1890 992 cis
1913 937 2049 1001 suis,
2076 936 2152 990 ait
2180 937 2261 992 eis
2291 954 2305 991 :
2335 956 2352 988 ι
2387 937 2464 993 Ite
2495 941 2840 1009 quantocius,
2866 950 2921 996 et
2949 943 3091 999 hunc
3137 945 3400 1000 annulum

1809 1026 2092 1082 vobiscum
2119 1026 2456 1091 deferentes,
2482 1043 2546 1084 ac
2575 1029 2877 1086 salutantes
2906 1032 3155 1089 dominos
3186 1045 3403 1092 nostros

1808 1118 2126 1183 Lincolnim,
2159 1119 2342 1174 verbis
2381 1122 2585 1176 llOsIl‘IS
2618 1122 2935 1178 denuntiate
2959 1123 3087 1191 illis,
3134 1137 3405 1196 quatenus

1809 1207 1911 1264 sibi
1942 1207 2108 1262 alium
2133 1209 2474 1277 provideant,
2499 1220 2553 1266 et
2579 1210 2781 1281 eligant
2807 1214 3138 1282 pontificem,
3165 1225 3222 1269 ut
3246 1218 3405 1272 nobis

1806 1299 1877 1354 de
1904 1309 2104 1355 caetero
2134 1300 2364 1354 amicam
2413 1300 2594 1358 fovere
2637 1304 2793 1359 liceat
2840 1305 3206 1362 solitudinem.
3233 1308 3407 1364 Nimis

1808 1389 1900 1444 diu
1932 1400 2039 1457 est,
2095 1406 2163 1446 ex
2204 1407 2312 1460 quo
2361 1392 2502 1447 inter
2543 1395 2844 1450 mundanos
2899 1412 3087 1452 versor
3138 1399 3405 1465 turbines,

1812 1491 2017 1536 sancta:
2045 1484 2474 1538 conversationis
2527 1484 2822 1550 dulcedini,
2862 1487 2914 1541 iu
2942 1503 3048 1558 qua
3078 1503 3107 1542 a
3137 1489 3406 1559 principio

1807 1571 1968 1635 calui,
2023 1588 2192 1629 vanas
2211 1583 2269 1628 et
2303 1589 2520 1628 amaras
2566 1576 2954 1645 occupationes
3003 1577 3164 1648 hujus
3218 1581 3405 1648 διεμυιί

1808 1679 1920 1719 non
1957 1672 2106 1720 recte
2138 1675 2492 1736 anteponens.
2530 1687 2550 1719 ι

1878 1756 2028 1811 Talia
2057 1772 2122 1812 eo
2150 1765 2531 1828 prosequente,
2554 1758 2744 1814 timere
2769 1761 2936 1829 etrapit
2960 1777 3024 1817 ac
3053 1770 3285 1818 tremere
3314 1764 3400 1817 vir

124 1846 356 1900 revelare
377 1886 392 1912 ,
452 1848 678 1919 ejusque
722 1849 951 1914 vicarii,
1001 1849 1088 1904 cui
1137 1849 1530 1913 confitebatur,
1581 1863 1700 1900 ora-
1736 1822 1776 1880 Β
1807 1847 1895 1903 ille
1923 1849 2350 1915 desideriorum,
2381 1865 2538 1919 quem
2564 1851 2794 1907 ducebat
2814 1869 2918 1909 non
2948 1853 3173 1909 dulcedo
3198 1855 3398 1909 natalis

125 1941 260 1992 tione
290 1939 502 1992 veniam
551 1941 799 1996 obtinere
832 1939 1132 2010 satagebat.
1161 1938 1328 2006 Quasi
1360 1953 1490 1993 vero
1521 1939 1701 1993 minus

121 2039 276 2096 esset,
325 2031 587 2102 quidquid
625 2033 794 2087 totius
837 2032 964 2086 anni
1005 2038 1244 2101 tempore
1279 2030 1330 2085 al
1354 2046 1415 2086 as
1459 2031 1700 2098 fecisset,

123 2131 240 2174 tune
285 2121 338 2175 in
368 2122 591 2178 auribus
635 2121 1044 2178 discretissimis
1093 2121 1484 2177 venerabilium
1521 2135 1702 2175 servo-

122 2228 229 2264 rum
256 2212 346 2268 Dei
379 2228 501 2268 cum
535 2214 738 2284 ingenti
769 2214 951 2270 cordis
982 2213 1311 2270 contritione
1335 2213 1388 2268 id
1411 2229 1574 2284 agere
1607 2215 1702 2268 im-

119 2303 330 2369 pensius
354 2303 601 2368 curabat,
629 2303 1000 2359 indesinenter
1027 2318 1368 2373 conquerens
1395 2304 1536 2373 quod
1561 2305 1701 2358 bona

119 2407 227 2457 sua,
258 2391 304 2446 si
335 2407 457 2461 qua:
502 2408 568 2448 ex
607 2393 752 2448 dono
780 2392 874 2448 Dei
919 2393 972 2446 in
997 2408 1057 2448 se
1085 2401 1290 2459 essent,
1318 2408 1385 2446 ex
1415 2407 1515 2447 suo
1547 2403 1697 2447 reatu

119 2484 278 2544 fieret,
301 2483 446 2550 quod
469 2497 601 2550 pura
625 2482 760 2536 satis
782 2496 890 2537 non
919 2482 1232 2552 prodirent;
1257 2470 1398 2537 mala
1424 2497 1550 2537 vero
1577 2497 1696 2550 sua,

121 2587 216 2624 non
245 2571 390 2626 aliud
415 2587 576 2641 quam
605 2586 740 2641 pura
775 2572 914 2626 mala
943 2571 1196 2627 fuissent.

713 2662 941 2720 CAPUT
979 2665 1096 2720 XII.

123 2751 350 2817 Qualiter
371 2755 540 2824 fratre
569 2755 820 2826 Eynardo
850 2757 905 2810 in
938 2756 1235 2825 arreptione
1257 2755 1466 2826 itineris
1501 2757 1697 2809 conati-

182 2835 315 2889 tuto,
373 2837 430 2879 ut
474 2825 818 2882 Withumiam
862 2826 1180 2896 relinquens,
1225 2825 1562 2879 Carfhusiam
1618 2843 1698 2878 re-

182 2906 392 2959 mearet,
439 2897 684 2950 reductus
727 2906 802 2950 est
840 2913 873 2950 a
908 2895 1058 2949 beato
1098 2895 1340 2966 Magone,
1382 2896 1511 2948 inito
1557 2899 1696 2948 inter

180 2982 262 3018 eos
286 2967 515 3036 vicissim
547 2967 758 3036 (cedere,
799 2967 938 3036 quod
964 2982 1056 3020 nec
1083 2966 1170 3020 ille
1202 2965 1574 3029 Witlmmiam,
1604 2981 1697 3018 nec

179 3037 269 3089 iste
294 3035 629 3090 Lincolnium
659 3035 912 3091 desereret
944 3037 999 3090 in
1028 3036 1289 3105 futurum.

181 3129 305 3183 Cum
351 3139 538 3186 autem
587 3129 837 3198 superius
887 3137 1222 3184 memoratus
1269 3128 1440 3181 frater
1479 3128 1691 3199 Eyuar-

120 3223 373 3294 (ωε-(165)
401 3221 519 3292 jam
546 3224 834 3277 admodum
861 3237 1030 3277 senex
1055 3229 1202 3277 esset
1226 3220 1472 3287 effectus,
1505 3229 1692 3290 utpote

118 3315 198 3383 qui
223 3315 372 3369 annis
399 3330 544 3383 pene
575 3324 791 3370 centum
821 3314 874 3369 in
896 3315 1140 3370 diversas
1173 3313 1356 3368 mundi
1387 3323 1570 3383 partes
1595 3327 1694 3383 pro

118 3408 456 3463 instituendis
501 3407 644 3463 illius
693 3407 903 3463 ordinis
949 3406 1199 3462 domibus
1229 3421 1260 3461 a
1304 3407 1419 3462 suis
1461 3403 1695 3461 Canthu-

114 3498 366 3553 sicusibus
406 3498 570 3570 longe
597 3497 812 3568 lateque
838 3498 1102 3563 directus,
1129 3498 1345 3552 demum
1366 3497 1479 3569 jam
1510 3501 1695 3554 decre-

117 3590 244 3657 pilus
290 3591 458 3661 hujus
499 3590 698 3661 negotii
747 3605 910 3645 causa
954 3599 1272 3660 pervenerat
1302 3589 1688 3657 Withamiam,

114 3683 170 3734 ad
226 3682 583 3737 Carthusiam
641 3682 820 3737 redire
877 3682 1150 3752 cupiebat.
1214 3681 1446 3739 Videbat
1501 3684 1692 3750 enim,

110 3774 383 3842 opitulante
417 3775 514 3829 Dei
577 3775 964 3837 misericordia,
1000 3773 1112 3843 jam
1149 3774 1323 3829 locum
1375 3776 1550 3844 ipsum
1584 3785 1693 3831 tam

112 3866 319 3921 interius
345 3881 522 3936 quam
549 3867 786 3922 exterius
813 3868 878 3922 ad
908 3867 1258 3937 perfectionis
1285 3867 1496 3924 culmen
1520 3867 1693 3925 felici-

111 3966 180 4012 ter
201 3962 490 4018 enituisse.
534 3958 864 4031 Disponebat
914 3959 1077 4030 igitur
1124 3959 1190 4014 ad
1234 3973 1362 4015 suos
1408 3961 1606 4027 redire,
1637 3968 1693 4017 et

109 4051 296 4107 cariosa
339 4053 468 4122 jam
516 4053 758 4109 membra
804 4053 978 4109 bustis
1038 4063 1372 4120 sanctorum,
1421 4054 1514 4126 qui
1565 4069 1689 4111 eum

111 4143 499 4201 adulescentem
549 4145 677 4200 olim
743 4146 1126 4212 educaverant,
1184 4147 1413 4204 sociare.
1466 4146 1686 4217 Verum,

115 4247 222 4287 cum
253 4244 505 4291 cerneret
553 4249 704 4290 suam
728 4237 794 4292 de
815 4236 903 4290 die
941 4235 994 4290 in
1019 4235 1160 4290 diem
1198 4236 1498 4293 rationibus
1523 4236 1690 4293 variis

113 4325 239 4380 eludi
282 4328 662 4393 intentionem,
721 4343 821 4383 nec
860 4329 974 4396 jam
1013 4326 1186 4384 ferret
1229 4343 1336 4398 quo
1389 4344 1544 4386 mens
1589 4344 1687 4387 sua

114 4420 358 4474 aestuabat
403 4420 662 4476 desiderii
693 4420 1118 4489 vehementiam,
1149 4408 1456 4479 valedicens
1499 4421 1686 4476 fratri-

1811 1939 1934 2005 soli,
1992 1941 2085 1996 sed
2122 1939 2362 2012 flagrans
2407 1957 2562 1997 amor
2587 1944 2719 2014 poli,
2745 1946 3002 2015 stetitque
3040 1947 3401 2016 stupefactus.

1802 2031 1954 2087 Tunc
1980 2031 2193 2088 clericis
2223 2048 2385 2102 super
2432 2032 2524 2088 tali
2571 2035 2871 2090 infortunio
2920 2037 3402 2108 conquerentbus,

1801 2137 1908 2191 quo
1938 2138 2034 2192 per
2053 2136 2177 2178 eum
2199 2139 2298 2178 suo
2335 2122 2512 2180 forent
2543 2137 2764 2196 pastore
2791 2127 3140 2193 destituendi,
3165 2138 3221 2184 et
3241 2143 3406 2198 exag-

1802 2213 2117 2282 gerantibus
2162 2216 2514 2272 vehementer
2564 2217 2970 2274 incommodum
3027 2219 3191 2290 hujus
3248 2222 3398 2286 mali,

1803 2304 1976 2358 frater
2005 2302 2098 2360 ille
2135 2304 2373 2360 suffusus
2429 2307 2688 2378 lacrymis
2726 2319 2782 2364 et
2826 2310 3187 2380 ingemiscens
3218 2312 3406 2381 gravi-

1803 2405 1905 2459 ter,
1939 2396 2162 2464 pedibus
2192 2399 2498 2454 advolvitur
2526 2402 2703 2456 saneti
2728 2401 2995 2471 praesulis.
3034 2401 3278 2470 Cumque
3302 2419 3400 2458 ore

1800 2486 2032 2542 facundo
2063 2502 2128 2541 ac
2173 2488 2488 2544 doetissimo
2542 2489 2712 2545 laicus
2738 2493 2839 2546 iste
2863 2490 3118 2561 episcopo
3141 2494 3410 2546 nizeretur

1805 2585 1912 2629 tum
1945 2578 2222 2647 precibus,
2255 2588 2368 2633 tum
2398 2580 2706 2635 rationibus
2734 2581 3086 2650 persuadere,
3136 2585 3262 2652 quia
3294 2598 3403 2637 non

1801 2667 1873 2721 ita
1900 2668 2002 2722 sibi
2040 2669 2232 2725 liceret
2251 2669 2513 2725 divinitus
2535 2673 2862 2728 commissas
2899 2673 3208 2744 relinquere
3241 2691 3393 2742 oves,

1801 2776 1899 2815 nec
1927 2761 2075 2816 illum
2098 2763 2202 2819 hoc
2228 2763 2388 2818 modo
2437 2762 2584 2818 flecti
2637 2764 3007 2834 conspiceret,
3059 2781 3232 2835 genua
3287 2769 3404 2837 ejus

1799 2852 2193 2921 complectitur,
2227 2854 2450 2908 dicens:
2487 2873 2504 2905 ι
2539 2854 2710 2918 Vere,
2741 2855 2838 2922 ait,
2879 2855 3117 2924 quandiu
3169 2858 3400 2926 spiritus

1799 2942 1982 2996 vitalis
2003 2950 2128 3012 aget
2151 2951 2208 2996 et
2235 2950 2385 3011 reget
2412 2942 2512 2998 hos
2533 2953 2703 3004 artus.
2735 2959 2842 2997 non
2869 2953 2921 2998 te
2945 2944 3251 3012 permittam
3268 2927 3395 3015 gre-

1798 3051 1917 3106 gem
1944 3045 2094 3089 tuum
2122 3036 2447 3106 relinquere,
2465 3048 2520 3092 et
2546 3037 2904 3108 plurimorum
2938 3038 3113 3092 salute
3147 3048 3397 3093 contem-

1800 3136 1912 3196 pta,
1939 3127 2014 3180 tui
2043 3130 2418 3185 tantummodo
2448 3144 2638 3200 gerere
2689 3145 2901 3184 curam.
2939 3129 3067 3184 Mihi
3098 3130 3290 3184 melius
3313 3138 3396 3184 est

1801 3218 1944 3273 enim
1966 3219 2019 3272 in
2048 3229 2191 3274 terra
2237 3222 2525 3291 peregrina
2577 3235 2748 3292 usque
2776 3221 2844 3276 ad
2878 3220 3041 3276 finem
3086 3221 3313 3287 morari,
3341 3229 3399 3278 et

1803 3310 2018 3366 tandem
2043 3321 2218 3367 morte
2261 3313 2423 3375 finiri,
2467 3329 2628 3382 quam
2679 3322 2960 3369 auctorem
3007 3314 3124 3370 fieri
3157 3314 3290 3370 tanti
3320 3315 3399 3371 di-

1799 3402 1976 3468 scidii,
2001 3402 2054 3456 id
2083 3411 2166 3457 est
2181 3403 2484 3459 divisionis.
2515 3404 2820 3462 Redeamus
2840 3421 2972 3477 ergo
3003 3405 3069 3460 ad
3095 3407 3282 3475 solita,
3304 3423 3396 3475 ne,

1798 3496 1924 3550 dum
1953 3495 2267 3564 quaerimus,
2309 3510 2429 3566 qua:
2463 3505 2590 3552 sunt
2640 3505 2848 3563 nostra,
2898 3498 3170 3570 negligere
3205 3499 3395 3570 culpe-

1798 3603 1921 3642 mur
1949 3603 2067 3659 qua:
2081 3599 2206 3642 sunt
2235 3587 2363 3644 Jesu
2392 3588 2614 3645 Christi.
2636 3608 2655 3641 ›
2687 3590 2784 3656 Ita,
2817 3607 2976 3661 quem
3001 3592 3070 3647 ab
3094 3573 3394 3647 intentione

1798 3679 2084 3735 recedendi
2117 3695 2146 3734 a
2183 3676 2302 3736 Ioco
2329 3681 2478 3750 prius
2501 3679 2719 3738 flectere
2750 3692 2994 3752 tempore
3022 3681 3190 3738 multo
3218 3682 3396 3737 nullus

1795 3769 2095 3840 praevaluit,
2141 3771 2426 3840 prudentia
2487 3772 2589 3826 viri
2653 3772 2828 3826 sancti
2861 3773 2916 3827 in
2953 3781 3231 3828 momento
3277 3787 3387 3827 non

1795 3864 1954 3918 modo
1978 3861 2167 3928 flectit,
2198 3863 2292 3918 sed
2321 3863 2508 3930 etiam,
2545 3872 2603 3918 ut
2624 3879 2690 3919 eo
2713 3863 2935 3919 minime
2981 3863 3291 3919 discedente
3336 3875 3391 3917 et

1795 3955 1910 4025 ipse
1931 3963 2145 4024 quoque
2167 3970 2271 4009 non
2295 3954 2621 4021 discederet,
2665 3969 2788 4009 cum
2835 3953 3138 4008 vehementi
3177 3953 3388 4008 instan-

1794 4049 1875 4102 tia
1896 4047 2068 4117 ipsum
2096 4061 2324 4102 exorare
2349 4047 2542 4118 coegit.
2568 4045 2708 4100 Inito
2731 4046 2916 4114 itaque
2941 4044 3181 4100 vicissim
3212 4044 3387 4100 ftedc-

1794 4155 1872 4206 re,
1902 4141 2045 4211 quod
2066 4140 2153 4196 ille
2171 4139 2524 4195 Withamiam
2551 4155 2660 4194 non
2692 4139 2987 4205 desereret,
3012 4152 3114 4194 nec
3140 4137 3241 4192 iste
3256 4136 3386 4191 Lin-

1790 4234 2043 4299 colniam,
2081 4233 2308 4289 redeunt
2335 4234 2545 4290 alacres
2587 4234 2810 4304 pariter,
2844 4231 3112 4303 gaudente
3155 4237 3385 4301 utroque

1789 4342 1848 4382 se
1883 4327 1950 4382 de
1979 4326 2244 4383 alterutro
2277 4326 2666 4397 triumphasse.

2380 4439 2608 4498 CAPUT
2653 4437 2788 4494 XIII.

113 4507 220 4573 bus,
249 4513 508 4567 tremulos
555 4510 747 4566 baculo
793 4519 1105 4574 sustentans
1132 4518 1303 4576 artus,
1322 4510 1473 4565 abire
1493 4511 1679 4580 coepit.

1802 4533 1864 4588 De
1892 4542 2099 4603 peracto
2123 4534 2335 4587 innoxie
2354 4530 2865 4603 eoquingincendio
2910 4529 2965 4581 in
2996 4527 3162 4581 nostri
3194 4520 3380 4596 Πυθο-

176 4600 241 4654 At
267 4599 563 4673 Episcopus
611 4600 786 4657 solitis
841 4609 970 4654 tunc
1014 4600 1066 4653 in
1118 4593 1253 4654 cella
1316 4615 1413 4654 sua
1456 4602 1686 4657 vacabat

113 4693 368 4748 exercitiis
445 4689 1024 4761 contemplationisque
1099 4687 1392 4744 dulcedini.
1453 4687 1685 4745 Caverat

112 4782 241 4839 Pnim
265 4801 423 4841 senex
453 4785 543 4842 ille
568 4785 817 4850 devotus,
843 4798 912 4838 ne
935 4784 1077 4853 quod
1105 4781 1430 4837 moliebatur
1453 4782 1500 4838 ei
1521 4783 1684 4838 citius

114 4872 480 4942 innotesceret,
509 4892 540 4930 a
564 4891 672 4946 quo
700 4889 759 4932 se
793 4873 1028 4930 maxime
1053 4873 1492 4943 pnepediendum
1539 4873 1680 4928 mul-

114 4963 174 5018 tis
195 4965 300 5034 jam
321 4968 656 5040 argumentis
681 4966 984 5024 certissime
1009 4967 1400 5036 praenoscebat.
1433 4965 1540 5022 Sed
1571 4981 1681 5023 non

114 5055 161 5110 in
188 5057 398 5131 longum
423 5077 514 5118 res
534 5061 704 5117 latere
735 5074 859 5116 eum
879 5069 1116 5132 poterat.
1144 5059 1268 5116 Mox
1292 5074 1423 5132 ergo
1459 5061 1555 5130 ita,
1587 5078 1682 5136 pe-

114 5147 256 5205 dibus
277 5168 446 5224 usque
479 5154 549 5208 ad
585 5154 842 5209 interiora
894 5153 1058 5210 vicini
1111 5154 1352 5216 nemoris
1377 5170 1500 5212 eum
1536 5157 1682 5213 inse-

115 5255 272 5311 cutus,
298 5248 382 5303 his
405 5248 555 5304 illum
583 5246 814 5305 affatur:
843 5267 862 5301 ε
897 5249 1114 5316 Pareat,
1139 5249 1333 5320 inquit,
1382 5253 1475 5308 tibi
1504 5253 1680 5315 omnia

113 5345 289 5399 potens
334 5339 499 5406 Deus,
549 5341 717 5396 frater
745 5340 1034 5412 Eynarde!
1067 5341 1206 5409 Quid
1235 5343 1381 5399 enim
1423 5352 1507 5399 est
1535 5344 1680 5414 quod

115 5438 260 5492 agere
289 5430 574 5488 decrevisti
597 5433 621 5486 ?
642 5433 770 5503 quid
786 5434 992 5504 absque
1030 5435 1249 5491 alumno
1279 5445 1370 5491 tuo
1400 5437 1676 5502 recedere,

114 5530 291 5588 meque
311 5523 507 5592 solum,
533 5535 589 5581 et
620 5526 763 5583 dulci
794 5529 1080 5584 nutritoris
1109 5530 1302 5585 solatio
1332 5531 1675 5595 destitutum,

113 5605 320 5666 interra
351 5615 528 5700 aliena
578 5619 885 5690 relinquere
910 5621 1234 5700 cogitasti?
1273 5623 1536 5694 Equidem
1568 5639 1675 5680 non

170 5790 308 5867 (I65)
348 5799 416 5855 De
437 5818 552 5876 quo
581 5804 746 5862 etiam
771 5805 947 5878 agitur
972 5804 1068 5864 lib.
1093 5821 1155 5875 ιι,
1188 5820 1236 5862 e.
1265 5805 1319 5861 5.

2113 4605 2194 4656 nis
2231 4600 2383 4670 ﬁnali
2427 4599 2491 4654 de
2525 4599 2814 4653 Withamia
2853 4612 3058 4651 recessu

1858 4693 2096 4765 Singulis
2121 4701 2298 4747 autem
2325 4691 2502 4756 annis,
2536 4698 2779 4759 tempore
2800 4686 3139 4758 potissimum
3165 4695 3380 4741 autum-

1786 4784 1917 4850 nali,
1943 4783 2129 4838 venire
2173 4781 2327 4851 Hugo
2359 4778 2715 4834 Withamiam
2766 4777 3086 4834 consuevit:
3113 4784 3380 4846 quatenus

1784 4882 1911 4936 dum
1932 4879 2016 4936 sui
2050 4877 2118 4933 ad
2147 4877 2330 4951 fruges
2359 4873 2681 4946 temporales
2723 4871 3052 4942 colligendas
3082 4869 3378 4926 studiosius

1785 4981 2062 5042 vacarent,
2104 4972 2197 5029 ille
2239 4970 2465 5026 dimissa
2495 4982 2717 5024 suorum
2772 4963 3078 5036 frequentia
3124 4963 3380 5020 domesti-

1780 5083 1968 5124 corum
1999 5067 2052 5121 in
2081 5065 2296 5136 propria
2314 5102 2330 5130 ,
2356 5077 2422 5118 eo
2448 5059 2681 5128 facilius,
2709 5056 3072 5128 quoliberius,
3091 5055 3377 5127 carpendae

1782 5169 1837 5217 et
1868 5160 1922 5215 in
1949 5159 2154 5214 intimis
2181 5157 2375 5213 animae
2395 5170 2508 5212 suae
2530 5153 2810 5224 apothecis
2849 5151 3207 5208 recondenda:
3235 5150 3378 5205 iuvi-

1780 5255 1974 5326 gilaret
2003 5267 2231 5308 arnionae
2260 5250 2502 5321 spiritus.
2531 5246 2686 5303 Nunc
2735 5255 2914 5304 autem
2937 5245 3068 5316 quid
3093 5246 3144 5301 in
3183 5243 3372 5299 ultimo

1783 5347 1930 5420 (166)
1951 5345 2068 5415 ejus
2083 5345 2151 5400 ab
2167 5344 2289 5399 inde
2307 5355 2526 5399 recessu
2542 5339 2740 5396 ibidem
2762 5339 3024 5396 acciderit
3047 5336 3363 5395 referemus.

1850 5440 2018 5495 Nocte
2040 5439 2204 5508 igitur
2223 5451 2344 5508 quae
2367 5435 2510 5491 diem
2549 5434 2699 5490 illum
2733 5433 2931 5491 clausit
2977 5447 3086 5504 quo
3118 5430 3368 5484 ultimum

1779 5529 2038 5586 fratribus
2074 5526 2348 5595 valcfecit,
2391 5541 2486 5582 eos
2517 5526 2744 5582 ulterius
2773 5523 3125 5595 corporaliter
3154 5536 3258 5577 non
3287 5520 3370 5576 vi-

1778 5638 1955 5688 surus,
1992 5621 2045 5678 id
2071 5620 2269 5677 accidit
2296 5620 2439 5694 qpod
2464 5619 2726 5690 sequitur.
2751 5617 2887 5674 Cum
2927 5615 3071 5670 enim
3105 5613 3221 5686 jam
3247 5612 3363 5670 sin-

1851 5805 1996 5882 (166)
2037 5803 2140 5875 Qui
2169 5802 2349 5864 evenit
2368 5801 2708 5878 circaﬁuem
2739 5796 2868 5856 anui
2895 5795 3060 5855 “99:
