3976 6292
569 316 709 411 «osi

1452 349 1512 405 s.
1550 343 1852 403 llUGONlS
1884 340 2095 399 EPlSC.
2135 338 2452 398 LlNCOLN.
2485 324 2651 398 uno.
2686 336 2943 395 csum.

554 467 801 540 galerum
856 463 1195 521 orationibus
1242 476 1318 525 se,
1373 458 1650 530 prannissa
1677 452 2018 511 confessione
2047 453 2130 509 vi—
2157 461 2206 520 Α
2236 464 2380 511 tecto
2401 453 2592 526 ipsius,
2615 451 2758 523 quod
2784 464 2853 506 es
2877 449 3044 507 aridis
3074 457 3197 506 crat
3215 448 3480 507 scindulis
3507 450 3792 515 confectum

555 539 739 616 cissim
784 558 951 629 petita
978 564 1033 611 et
1062 562 1333 627 percepta,
1387 562 1631 605 seorsum
1672 546 1823 617 prius
1868 546 1924 600 in
1956 539 2166 600 eorum

556 651 706 707 cellis
733 648 1188 711 commendasset,
1219 658 1283 699 ex
1310 654 1460 696 more
1490 639 1712 695 demum
1751 636 1805 692 in
1859 650 2149 693 commune

557 741 776 798 licentia
808 737 1070 812 postulata
1116 738 1171 791 et
1216 729 1441 791 solemni
1474 730 1726 786 omnibus
1751 728 1874 784 data
1927 727 2149 783 benedi-

556 830 758 897 ctione,
805 827 970 882 libato
1013 826 1179 881 etiam
1228 822 1374 892 pacis
1428 820 1637 886 osculo,
1686 818 1788 873 sub
1824 817 1914 873 bis
1942 815 2146 883 verbis,

557 935 681 992 quae
734 915 1000 988 frequenti
1045 924 1186 978 usu,
1241 919 1296 968 et
1346 925 1375 964 a
1419 910 1604 965 charis
1652 909 1766 965 suis
1807 908 2148 964 discessurus

559 1010 892 1083 proferebat,
923 1008 990 1061 ab
1032 1005 1114 1060 eis
1156 1002 1421 1060 recessit:
1448 1018 1468 1053 ι
1497 997 1675 1065 Nune,
1703 998 1974 1069 inquiens,
1998 1012 2148 1053 com-

559 1103 754 1158 mendo
785 1115 879 1154 vos
926 1097 1038 1153 Deo
1088 1105 1144 1152 et
1160 1094 1326 1151 verbo
1372 1092 1561 1166 gratia:
1581 1091 1720 1162 ejus.
1756 1107 1775 1142 ι
1806 1084 1946 1144 Hine
1970 1088 2037 1143 ad
2066 1088 2147 1143 di-

554 1190 792 1247 versoria
818 1189 1045 1244 fratrum
1088 1186 1371 1251 laieorum,
1401 1183 1490 1238 ubi
1538 1181 1729 1239 clerici
1751 1189 1809 1237 et
1848 1180 2147 1237 servientes

553 1282 635 1338 sui
664 1279 1100 1344 commanebant,
1133 1278 1205 1333 ibi
1235 1291 1393 1332 mane
1407 1274 1704 1331 crastinum
1736 1279 2147 1343 exspectaturus

553 1372 809 1428 accessit.
849 1370 967 1439 Quo
1002 1377 1126 1441 post
1166 1368 1406 1439 quietem
1448 1362 1516 1420 ad
1539 1361 1825 1419 solvendas
1852 1369 2146 1416 nocturnas

557 1464 665 1519 Deo
682 1463 866 1518 latides
893 1459 1180 1516 ecclesiam
1208 1456 1462 1529 ingresso
1487 1495 1503 1521 ,
1531 1469 1631 1525 per
1660 1453 1861 1509 vitreas
1900 1450 1967 1506 ab
2003 1449 2147 1506 occi-

551 1556 655 1609 dua
678 1553 901 1610 oratorii
955 1563 1113 1624 parte
1154 1549 1424 1607 fenestras
1477 1545 1656 1618 fulgor
1712 1542 1892 1601 subito
1945 1541 2147 1597 nimius

553 1644 750 1712 illuxit,
784 1644 860 1699 ita
891 1651 950 1698 ut
1002 1642 1136 1698 solis
1171 1640 1335 1713 jubar
1370 1637 1559 1694 ea‘dem
1596 1635 1875 1691 videretur
1923 1632 2146 1689 claritas

550 1736 871 1791 excessisse.
899 1733 1054 1790 Unde
1079 1732 1293 1789 attoniti
1323 1729 1562 1801 quidam,
1585 1727 1674 1798 qui
1698 1725 1873 1782 valvis
1895 1725 2144 1783 ecclesia:

2249 561 2317 603 ex
2372 542 2620 614 proximo
2670 539 3004 595 imminebat.
3033 537 3253 595 Bellula:
3312 548 3574 609 praeterea
3619 542 3791 613 Ιίειιωει

2249 649 2636 696 couversorum
2661 632 2847 689 usibus
2880 633 3170 702 deputata,
3192 632 3343 687 baud
3376 634 3562 705 procul
3585 635 3635 691 in
3656 639 3792 708 girqu

2248 737 2407 787 erant
2428 725 2720 798 dispositas.
2761 723 2868 795 Ipsi
2908 723 3262 780 nihilominus
3312 723 3559 780 ecclesize
3609 728 3796 789 vit-Euius

2249 820 2469 887 astanti,
2497 816 2904 888 circumpositis
2957 815 3196 885 undique
3244 815 3500 883 ollicinis,
3542 815 3794 887 iustissime

2251 907 2562 963 timebatur.
3741 904 3746 907 ’

2318 997 2560 1055 Gemens
2589 997 2773 1068 itaque
2802 995 2888 1051 vir
2907 994 3169 1067 providus
3194 993 3284 1052 bis
3298 995 3550 1054 omnibus
3573 998 3646 1051 sui
3664 1013 3793 1055 causa

2249 1081 2580 1151 inevitabile,
2601 1081 2706 1138 nisi
2754 1079 2937 1137 divina
2974 1079 3183 1137 virtute
3232 1088 3504 1145 arceatur,
3558 1082 3797 1139 imminere

2248 1171 2571 1244 periculum,
2609 1172 2793 1227 animo
2817 1182 3111 1241 parumper
3138 1176 3548 1236 consternatus,
3595 1172 3683 1228 sed
3704 1176 3795 1242 plu.

2246 1265 2444 1320 rituum
2494 1262 2566 1319 de
2598 1259 2902 1319 Salv’etoris
2939 1260 3187 1317 bonitate
3241 1258 3504 1328 conﬁsus,
3551 1261 3795 1321 salutifer:

2247 1353 2427 1411 crucis
2447 1353 2660 1425 signum
2696 1359 2887 1409 contra
2916 1351 3097 1423 ignem
3138 1349 3432 1421 aliquoties
3454 1352 3635 1408 edidit.
3656 1352 3793 1411 luter-

2247 1446 2471 1502 mitteus
2519 1456 2650 1502 vero
2697 1457 2916 1500 cursum
2961 1441 3297 1499 nocturnalis
3343 1440 3529 1510 ollieii,
3575 1445 3702 1514 quod
3741 1462 3796 1503 es

2246 1534 2535 1607 parteiam
2574 1534 2949 1601 inchoarent,
2977 1541 3109 1589 ante
3136 1547 3291 1589 aram
3346 1531 3672 1588 Dominicam
3699 1548 3797 1590 sese

2243 1628 2494 1703 protinus
2519 1629 2577 1685 in
2619 1614 2929 1684 orationem
2981 1623 3153 1682 dedit.
3205 1622 3322 1680 Nec
3362 1622 3519 1695 prius
3561 1623 3795 1680 destitit:

2245 1734 2407 1794 prece
2429 1735 2593 1791 quam
2625 1716 3013 1776 domunculam
3044 1714 3293 1772 funditus
3343 1722 3675 1784 absumptam
3693 1730 3794 1770 suc-

551 1825 775 1895 propius
834 1823 1140 1889 astiterant,
1198 1822 1393 1878 festiue
1440 1822 1752 1889 erumpunt,
1805 1827 2143 1889 cernuntque
2172 1841 2220 1902 Β
2247 1814 2507 1872 cubuisse
2527 1812 2782 1878 ﬂammis,
2810 1819 2867 1867 et
2906 1806 3158 1902 incendia
3188 1806 3431 1902 tepuisse
3453 1805 3799 1869 nuntiatur,“

549 1914 809 1981 culinam,
842 1914 892 1968 id
915 1922 1023 1978 est,
1053 1913 1373 1983 coquinam,
1429 1924 1550 1983 quae
1592 1909 1859 1980 proximis
1905 1910 2146 1982 undique

550 2002 801 2057 domibus
848 2014 986 2072 pene
1027 2000 1202 2058 fuerat
1244 2001 1524 2073 contigua,
1585 1999 1849 2071 porrectis
1882 1997 2039 2070 longe
2088 1999 2144 2055 in

550 2094 678 2148 aera
728 2092 962 2148 ﬂammis
1000 2093 1178 2149 exuri.
1202 2088 1355 2161 Quod
1404 2092 1691 2165 episcopus
1725 2107 2026 2165 agnoscens
2046 2105 2143 2147 ve-

549 2185 834 2240 hementer
856 2185 1099 2254 expavit,
1154 2192 1404 2241 metuens
1445 2182 1677 2249 scilicet,
1724 2198 1793 2240 ne
1818 2184 1871 2240 iu
1897 2182 2142 2255 proxima

550 2275 689 2332 forte
709 2276 937 2331 aedilicia
970 2276 1109 2332 edax
1166 2274 1477 2333 incendium
1521 2276 1826 2334 desteviret.
1857 2273 1969 2333 Nec
1997 2275 2142 2330 enim

551 2381 708 2423 secus
735 2364 977 2422 futurum
1006 2366 1144 2424 situs
1187 2374 1241 2423 ct
1274 2378 1450 2435 status
1497 2368 1691 2425 aedium
1718 2368 2146 2437 circumquaque

552 2452 948 2511 imminentium
983 2457 1237 2528 cuiquam
1284 2458 1525 2514 dictabat
1544 2459 2000 2530 praesumeudum.
2026 2456 2146 2527 Ipsa

552 2560 683 2603 vero
728 2542 977 2617 :edicnia,
1017 2550 1307 2606 occasione
1358 2549 1714 2605 servientium
1765 2562 1867 2604 nec
1934 2561 2041 2603 non
2093 2555 2151 2601 et

554 2637 826 2711 hospitum
855 2639 1115 2711 episcopi,
1135 2650 1198 2695 ut
1225 2655 1413 2696 eorum
1438 2640 1624 2696 usibus
1647 2639 1921 2711 pulmenta
1950 2651 2149 2708 eoque-

549 2741 738 2789 rentur
760 2734 813 2789 in
836 2748 923 2803 ea,
965 2733 1141 2790 fuerat
1197 2744 1532 2802 constructa,
1565 2742 1793 2806 eratque
1821 2748 1888 2791 ex
1918 2733 2145 2805 virgulis

551 2837 618 2881 ac
642 2826 890 2899 virgultis
918 2826 1094 2883 vicem
1150 2827 1417 2898 parietum
1460 2827 1834 2900 ‘supplentibus
1863 2833 2141 2893 contexta,

549 2916 749 2987 stipula
798 2917 901 2973 levi
929 2916 1145 2973 culmen
1170 2916 1340 2987 ipsius
1395 2924 1627 2989 tegente.
1691 2914 1824 2984 Quae
1887 2916 1956 2971 ab
2017 2915 2142 2971 aula

550 3006 801 3080 hospitali
825 3024 921 3066 sex
959 3017 1052 3065 aut
1092 3017 1299 3081 septem
1328 3008 1416 3065 vix
1442 3008 1638 3081 pedum
1666 3008 1843 3080 spatio
1865 3008 2141 3080 disparata

2250 1907 2470 1979 quidem
2506 1904 2646 1961 citra
2681 1903 3053 1977 cujuscunque
3074 1899 3151 1956 rei
3183 1899 3590 1966 detrimentum,
3615 1905 3805 1968 praten-

2251 2015 2415 2072 quam
2452 1998 2598 2054 illius
2628 1992 3213 2054 solummodotedilicii
3257 1991 3406 2064 quod
3435 1992 3617 2057 etiam,
3643 1992 3684 2046 si
3710 2000 3809 2047 ste-

2250 2089 2677 2158 tissetilla'sum,
2707 2088 2963 2144 manibus
2999 2086 3282 2143 hominum
3317 2085 3388 2141 de
3413 2082 3667 2140 industria
3690 2082 3810 2138 fuis-

2249 2195 2336 2242 set
2371 2182 2720 2240 diruendam.
2767 2179 2889 2238 Jam
2923 2180 3070 2236 enim
3112 2178 3313 2251 saepius
3340 2175 3582 2245 iusserat
3618 2176 3809 2231 adesus

2255 2278 2593 2336 necessarios
2624 2275 2894 2348 lapideum
2924 2291 2992 2332 ex
3042 2275 3306 2332 demolito
3357 2272 3560 2329 ibidem
3596 2273 3807 2328 construi

2249 2369 2606 2436 domicilium,
2634 2368 2738 2425 line
2766 2368 2981 2424 scilicet
3027 2368 3171 2438 quod
3200 2367 3363 2422 modo
3390 2365 3604 2429 accidit,
3630 2364 3809 2420 veritus

2250 2461 2376 2517 inde
2399 2460 2688 2531 provenire
2733 2458 3058 2530 periculum.
3111 2455 3280 2528 Citius
3322 2470 3493 2512 mane
3535 2455 3807 2511 incendium

2250 2565 2373 2606 cum
2401 2550 2641 2605 universi
2671 2550 3005 2605 mirarentur
3029 2547 3167 2603 adeo
3219 2546 3505 2602 exstitisse
3538 2545 3808 2608 innoxium,

2252 2641 2342 2698 ille
2365 2641 2419 2696 in
2444 2640 2676 2696 Domino
2701 2638 2983 2697 exsultans
3018 2638 3199 2695 aiebat
3223 2651 3243 2691 :
3275 2654 3296 2689 ι
3326 2637 3641 2691 Benedictus
3667 2637 3807 2699 Deus,

2249 2733 2339 2805 qui
2362 2748 2469 2790 non
2498 2731 2673 2790 solum
2704 2740 3026 2803 praesentem
3079 2731 3133 2785 in
3180 2729 3273 2784 tali
3301 2742 3439 2783 casu
3468 2729 3703 2782 timorem
3730 2742 3812 2780 no-

2244 2835 2421 2883 strum
2448 2823 2718 2882 consolari
2746 2822 2933 2890 voluit,
2956 2822 3051 2879 scd
3081 2831 3137 2878 et
3184 2820 3355 2876 futuri
3389 2827 3560 2874 metus
3586 2816 3814 2873 sollicitu-

2249 2917 2430 2973 dinem
2467 2916 2715 2973 submea
2753 2915 2974 2972 tandem
3021 2913 3314 2986 praiseutia
3364 2911 3608 2968 funditus
3642 2924 3813 2981 ampu-

2258 3006 2459 3062 tavit.)
3516 3024 3573 3043 ιε
3642 3030 3701 3053 ν;

1870 3166 2103 3237 Explicit
2127 3165 2261 3222 liber
2290 3126 2533 3238 quartus.

1675 3409 2097 3476 PROLOGUS
2128 3408 2345 3474 LIBRI
2392 3402 2694 3488 QUINTI.

623 3644 871 3750 Quatuor
889 3644 1002 3752 iam
1026 3666 1226 3738 libellis
1277 3680 1347 3739 de
1399 3674 1510 3736 vita
1536 3677 1712 3735 sancti
1745 3670 1925 3736 Patris
1971 3677 2145 3735 nostri
2171 3678 2221 3744 α
2250 3686 2402 3735 cana:
2438 3675 2703 3736 Ecclesiae
2742 3676 3102 3744 immunitate,
3151 3684 3260 3733 tam
3322 3685 3517 3735 contra
3546 3691 3723 3748 regem
3745 3630 3824 3736 lti-

554 3771 796 3844 llugonis
844 3770 1105 3828 antistitis
1152 3771 1381 3843 iuvante
1417 3767 1619 3825 Christi
1650 3767 1825 3840 gratia
1849 3774 2149 3841 ,utcunque

550 3863 859 3934 explicitis,
888 3864 956 3921 de
981 3862 1227 3943 ejusdem
1266 3861 1621 3933 opitulatione
1652 3860 1843 3918 confisi
1895 3860 2148 3933 quintum

551 3956 739 4028 (quem
764 3965 820 4013 et
850 3956 1099 4013 ultimum
1150 3955 1315 4035 hujus
1339 3953 1584 4026 opusculi
1630 3951 1749 4011 fore
1790 3953 2147 4026 disponimus)

553 4050 799 4106 subnexo
824 4048 1052 4105 inferius
1083 4048 1276 4106 ordine
1299 4047 1632 4105 tentabimus
1654 4042 1881 4104 adoriri.
1909 4046 1969 4105 lu
1994 4045 2150 4117 cujus

555 4139 699 4195 serie
732 4139 879 4195 nulla
900 4140 1119 4211 penitus
1147 4147 1398 4195 retexere
1449 4134 1811 4207 decrevimus,
1837 4137 1941 4194 nisi
1970 4150 2036 4195 ea
2061 4153 2152 4195 so-

556 4229 851 4300 lummodo,
876 4231 1075 4303 quibus
1094 4228 1535 4302 {praesentialiter
1564 4228 1938 4300 interfuimus,
1967 4238 2057 4285 aut
2083 4224 2151 4285 ea

555 4337 796 4394 quoque,
830 4338 953 4394 qua:
999 4337 1127 4378 mox
1170 4330 1324 4395 gesta
1369 4337 1468 4394 per
1518 4337 1668 4388 eum,
1698 4319 1855 4377 nobis
1902 4321 2151 4377 intimala

557 4413 726 4472 fuisse
744 4415 1026 4471 evidenter
1052 4412 1345 4471 recolimus
1391 4414 1561 4486 (l67).
1597 4413 1700 4470 Hie
1727 4428 1859 4470 vero
1884 4414 2153 4470 narratio-

559 4506 647 4562 nis
667 4511 915 4585 sumetur
941 4504 1161 4585 initium
1188 4519 1220 4560 a
1246 4503 1508 4577 singulari
1545 4503 1851 4573 devotione,
1874 4519 1978 4575 qua
2011 4519 2155 4576 prmo

559 4597 706 4654 ditus
733 4596 834 4652 fuit
886 4582 1013 4668 erga
1043 4584 1281 4653 studium
1320 4593 1613 4667 sepultura:
1635 4598 1970 4651 mortubrum
2008 4612 2023 4650 :
2064 4595 2152 4653 cui

560 4689 777 4746 demum
798 4688 1162 4746 conclusionis
1202 4696 1368 4745 causa
1395 4688 1651 4743 succedet
1708 4696 2043 4757 postremum
2085 4689 2154 4744 de

561 4781 972 4852 incomparabili
1014 4781 1302 4852 sepulturae
1341 4779 1503 4835 simul
1544 4787 1596 4835 et
1639 4780 2021 4851 exsequiarum
2048 4778 2150 4837 ho-

562 4898 696 4941 nore
719 4892 777 4939 et
796 4884 1011 4950 decore,
1048 4884 1245 4954 quibus
1288 4881 1504 4959 caelitus
1537 4880 1729 4938 donari
1775 4874 1997 4948 meruit,
2030 4896 2152 4952 per-

2253 3770 2544 3839 chardum,
2589 3785 2752 3842 quam
2780 3770 2983 3841 contra}
3010 3769 3127 3839 eius
3142 3769 3507 3841 justitiarium
3538 3773 3825 3842 proprium-

2250 3875 2358 3933 que
2412 3876 2571 3918 suum
2604 3860 2777 3932 ipsius
2823 3860 3331 3931 metropolitanum,
3379 3861 3614 3919 viriliter
3657 3863 3829 3917 dear-

2251 3953 2416 4010 tantlo
2445 3951 2785 4024 feliciterque
2838 3952 2951 4009 Deo
2996 3961 3318 4024 protegente
3361 3953 3696 4025 superando,
3725 3953 3829 4024 plu-

2250 4045 2449 4103 rimum
2491 4046 2807 4115 desudasse,
2869 4054 3035 4118 atque
3093 4048 3159 4102 ad
3219 4056 3556 4118 postremum
3593 4050 3693 4121 ipsi
3731 4048 3829 4118 regi

2251 4148 2459 4210 Suoque
2507 4137 2844 4210 persecuturi
2870 4178 2888 4203 ,
2932 4136 3225 4208 sepultura:
3266 4138 3664 4194 humanitatem
3693 4139 3831 4194 exhi-

2250 4228 2429 4287 bendo
2456 4229 2742 4301 insigniter
2772 4229 3158 4299 triumphasse.
3188 4226 3283 4284 His
3302 4243 3521 4300 quoque
3542 4229 3678 4297 alia,
3707 4228 3830 4286 scitu

2252 4320 2414 4391 digna
2451 4320 2518 4377 de
2569 4320 2795 4377 exordio
2852 4320 3003 4390 regni
3041 4318 3267 4376 Joannis
3318 4320 3469 4391 (168)
3499 4362 3516 4388 ,
3543 4337 3694 4377 nunc
3734 4321 3829 4392 jam

2250 4404 2393 4468 anno
2423 4412 2593 4484 ipsius
2640 4420 2837 4483 quarto
2862 4411 3075 4467 decimo
3098 4410 3269 4484 (169),
3299 4425 3490 4468 mense
3512 4413 3701 4477 tertio,
3732 4412 3834 4483 plu-

2252 4497 2450 4560 rimum
2492 4503 2819 4571 fatiscentis,
2876 4504 3212 4574 sensimque,
3260 4513 3321 4559 ut
3369 4504 3461 4560 ille
3512 4505 3835 4576 prtedixerat

2251 4594 2517 4662 futurum,
2573 4594 2877 4650 deficientis
2939 4594 3194 4650 videntur
3248 4593 3610 4665 subjicienda.
3638 4593 3835 4665 .Conse-

2251 4697 2477 4760 quenter
2500 4701 2652 4754 vero,
2682 4685 2763 4741 uti
2815 4686 2933 4756 ipse
2984 4685 3353 4750 Carthusiam,
3380 4694 3435 4742 et
3464 4686 3573 4741 alia
3598 4686 3722 4742 loca
3756 4701 3833 4741 re-

2249 4777 2450 4852 ligione
2477 4777 2830 4836 celeberrima
2860 4777 3076 4844 adierit,
3122 4786 3373 4833 reversus
3400 4792 3623 4849 quoque
3646 4779 3703 4834 in
3733 4778 3834 4833 An-

2249 4872 2413 4946 gliam
2440 4870 2596 4943 apud
2645 4868 2976 4937 Londonias,
3019 4870 3087 4926 ad
3114 4871 3308 4942 gaudia
3335 4882 3589 4940 superna:
3625 4869 3836 4926 Jerusa-

561 4985 687 5031 acto
740 4975 1023 5047 prasentis
1074 4975 1198 5049 vita:
1250 4988 1443 5045 agone.
1490 4973 1663 5031 Media
1699 4974 1840 5029 inter
1893 4972 2010 5029 haec
2058 4972 2145 5029 illa
2178 5043 2211 5049 _
2252 4964 2357 5020 lem
2410 4962 2554 5020 felici
2589 4961 2784 5019 beatus
2812 4974 3043 5019 excessu
3087 4961 3357 5034 migrat-it,
3398 4961 3737 5018 tentabimus
3753 4976 3835 5017 ex-

559 5043 866 5138 pnesertim
904 5043 1507 5138 continebuutpquibus
1564 5066 1790 5122 docetur
1834 5074 1934 5139 pro
1958 5065 2146 5140 Angli-
2178 5043 2225 5100 D
2247 5067 2471 5141 plicare.

633 5180 784 5251 (l6?)
821 5180 879 5235 lu
905 5180 1011 5251 hoc
1037 5176 1352 5251 igitt‘trlibro
1370 5194 1424 5244 v,
1441 5179 1610 5245 refert
1625 5186 1821 5251 auctor
1850 5179 2094 5251 quaedam
2125 5217 2145 5246 ,

562 5247 907 5325 quibuslipse
936 5247 1198 5325 interfuit,
1222 5257 1283 5325 et
1305 5249 1408 5325 alia
1435 5264 1556 5325 qua:
1586 5247 1805 5325 abaliis
1827 5247 2052 5304 audivit.

638 5320 787 5391 (168)
814 5318 1059 5391 ‘Juauues
1088 5324 1183 5391 ἱβρξί
1212 5318 1416 5390 Anglia:
1450 5318 1677 5374 Loudini
1702 5328 1994 5391 coronatur
2037 5333 2135 5391 au-

571 5388 657 5447 ao'
670 5395 691 5446 l
703 5388 824 5457 l99,
843 5389 899 5443 iu
916 5388 1024 5455 die,
1044 5397 1135 5444 aut
1152 5388 1438 5446 Dominica:
1450 5391 1593 5446 intra
1612 5398 1831 5445 octavas
1849 5388 2138 5445 Ascensiu-

2254 5182 2341 5241 nis
2368 5179 2603 5245 Domini,
2632 5180 2774 5250 apud
2802 5156 3400 5250 Westmouasterium:
3418 5248 3431 5250 _
3722 5245 3756 5250 η
3928 5226 3929 5243 ξ

2516 5244 2955 5333 Auno-uidelicet
2983 5244 3184 5331 Christi
3213 5247 3371 5309 12B.
3399 5248 3641 5305 durante
3671 5245 3834 5302 adhuc

2355 5336 2408 5378 ιο
2481 5329 2911 5378 antuarrensrum
2940 5330 2996 5377 et
3016 5319 3244 5377 alterum
3928 5354 3929 5378 ι

2244 5319 2408 5384 exilio
2434 5319 2911 5379 Cantuariensium
2940 5330 2996 5377 et
3016 5319 3244 5377 aliorum

1948 5527 2177 5601 Explict't
2202 5527 2469 5599 prologus.
