3962 6432
174 380 302 443 θυεερ

205 568 2944 601 ~——-———-———-——-————--————-—-——————————-——--,—————-n

1521 376 1702 432 VlTA.
1743 407 1812 420 —-
1849 376 1979 433 LIB.
2021 376 2084 433 γ.

1263 716 1623 806 LIBER.
1714 714 2291 820 QUINTUS.

671 1016 898 1074 CAPUT
937 1015 1227 1073 PRIMUM.

171 1140 240 1207 De
261 1149 607 1207 immensitate
628 1150 818 1203 divinis
845 1147 916 1202 ad
938 1148 1172 1202 homines
1202 1146 1518 1214 dilectionis,
1546 1162 1665 1217 qua:
1691 1148 1747 1203 in

231 1222 513 1293 sepultum:
542 1221 797 1293 humanae
819 1219 984 1293 ofﬁcio
1014 1218 1312 1293 notabiliter
1331 1219 1742 1293 demonstratur,

230 1288 362 1375 etde
385 1290 554 1346 nostri
582 1288 824 1360 [lagonis
848 1290 990 1344 circa
1033 1288 1195 1361 hujus
1223 1288 1447 1361 ofﬁcium
1470 1288 1745 1358 affectione

226 1380 293 1420 tm
300 1377 499 1417 mensa.

228 1470 544 1528 Memoriam
596 1468 944 1526 abundantia:
1002 1467 1293 1525 suavitatis
1361 1466 1561 1524 divinae
1615 1482 1743 1538 erga

159 1578 326 1633 genus
345 1562 642 1618 humanum
666 1560 908 1616 suaviter
926 1569 1204 1627 eructans,
1233 1558 1443 1616 intimis
1462 1575 1493 1613 a
1515 1560 1746 1616 secretis

159 1653 362 1724 Deique
395 1651 605 1709 amicus
630 1649 808 1724 litigo,
862 1650 981 1706 haec
1007 1658 1063 1706 et
1089 1650 1174 1706 his
1202 1649 1424 1716 similia,
1470 1663 1591 1720 qua:
1612 1647 1743 1704 sub-

161 1743 468 1812 iul‘erimus,
522 1742 640 1799 suis
685 1741 985 1813 saepissime
1012 1740 1068 1798 in
1088 1741 1311 1799 odorem
1348 1741 1633 1797 suavitatis
1662 1740 1744 1795 in-

153 1834 374 1904 gerebat
419 1832 781 1891 auditoribus.
820 1829 983 1897 Cum,
1028 1830 1172 1889 sicut
1221 1832 1427 1899 aiebat,
1456 1834 1743 1888 innumera

152 1938 269 1993 qua:
295 1922 494 1981 divinae
531 1925 603 1989 ad
658 1922 932 1980 hominem
968 1923 1275 1981 dilectionis
1324 1923 1605 1996 declarant
1636 1924 1739 1979 im-

154 2014 516 2082 mensitatem,
543 2031 608 2073 ea
634 2031 798 2087 quam
847 2015 1087 2073 maxime
1128 2017 1275 2075 inter
1296 2027 1497 2091 caetera
1538 2031 1742 2087 praero-

150 2108 384 2176 gativam
442 2108 736 2180 singularis
773 2107 1110 2166 excellentiae
1154 2118 1457 2166 noscuntur
1480 2094 1740 2180 praeferre

149 2212 264 2267 quae
282 2198 369 2252 vel
395 2206 521 2254 ante
544 2188 780 2254 hominis
807 2208 1013 2264 ortum,
1041 2198 1123 2255 vel
1145 2208 1269 2271 post
1293 2199 1464 2271 ipsius
1480 2210 1737 2255 occasmn

148 2276 349 2343 homini
382 2304 493 2346 non
527 2289 1015 2347 desinitconl‘erre.
1048 2289 1118 2347 Ut
1134 2291 1280 2352 enim
1304 2288 1734 2354 dc‘bominibus,

148 2379 233 2446 qui
265 2381 427 2436 modo
476 2381 729 2437 oriuntur
777 2389 835 2438 et
893 2382 1150 2438 occidunt
1175 2397 1349 2454 pauca
1384 2380 1736 2452 attingamus,

149 2480 268 2525 ante
305 2470 568 2541 cujusque
610 2478 822 2536 ortum,
865 2485 980 2527 suae
1004 2486 1103 2542 pro
1160 2486 1225 2527 eo
1255 2472 1448 2528 mortis
1498 2473 1737 2542 pretium

150 2558 284 2616 Deus
314 2556 409 2617 Dei
442 2558 613 2619 Filius
652 2560 820 2627 dedit,
871 2560 1016 2616 Deus
1053 2559 1217 2616 Pater
1275 2559 1527 2618 eumdem
1576 2576 1734 2618 suum

151 2652 338 2710 Filium
367 2655 426 2710 in
455 2657 736 2727 mundum,
765 2668 826 2713 ut
846 2668 944 2729 pro
966 2652 1195 2715 homine
1215 2662 1542 2722 moreretur,
1565 2655 1734 2724 misit,

151 2743 283 2798 Deus
310 2743 548 2814 Spiritus
577 2747 813 2817 seipsum
837 2746 1003 2805 etiam
1032 2747 1087 2803 in
1126 2747 1327 2821 pignus
1351 2740 1563 2804 eﬁudit.‘
1598 2744 1733 2802 Tota

147 2832 298 2887 etiam
327 2833 494 2890 simul
530 2835 794 2904 Trinitas,
817 2851 959 2894 unus
1001 2838 1171 2904 Deus,
1205 2846 1573 2901 sacramenta,
1607 2834 1734 2909 qui-'-

146 2921 239 2978 bus
265 2939 386 2980 mox
442 2937 601 2984 natus
623 2938 680 2984 et
708 2930 1003 2987 mundetur
1029 2939 1086 2987 et
1116 2929 1397 2986 muniatur
1417 2937 1469 2986 et
1512 2931 1735 2987 roboreé

146 3021 245 3076 tur,
278 3013 525 3070 instituit
553 3032 570 3073 :
604 3032 670 3073 ac
697 3017 833 3089 legis
865 3032 983 3075 suae
1026 3018 1354 3075 adminicula
1374 3058 1391 3085 ,
1422 3019 1619 3090 quibus
1644 3032 1733 3075 res

142 3112 290 3173 gatur
315 3114 367 3161 et
396 3106 708 3176 erudiatur,
747 3110 1039 3177 concessit,
1063 3110 1281 3181 aliaque
1325 3111 1462 3167 satis
1500 3110 1733 3182 inexplie

142 3190 604 3278 cubilimttlilitati
644 3198 813 3270 ipsius
852 3200 1091 3256 hominis
1141 3200 1516 3273 multipliciter
1544 3202 1761 3273 profu»

142 3295 273 3353 tura,
313 3288 569 3348 indulsit.
623 3291 797 3361 Quem
854 3301 978 3365 post
1017 3294 1141 3350 vitm
1170 3293 1441 3352 instabilis
1478 3308 1724 3363 cursum,

138 3388 317 3433 occasu
353 3391 700 3451 praeventum
744 3382 891 3453 (cum
921 3397 953 3438 a
982 3383 1098 3439 suis
1120 3423 1137 3449 ,
1181 3382 1313 3440 olim
1361 3383 1723 3451 charissimis,

138 3481 232 3521 non
265 3469 419 3536 _sine
472 3472 634 3529 taedio
679 3474 919 3544 quodam
971 3475 1250 3546 recipitur,
1303 3473 1435 3531 dum
1491 3477 1726 3548 propriis

134 3560 385 3626 quondam
431 3562 638 3621 mdihus
656 3565 819 3620 auxia
838 3565 1071 3637 quadam
1091 3574 1375 3638 parentum
1411 3574 1468 3623 et
1488 3566 1723 3624 ﬁliorum

1734 1087 1740 1091 1
1772 1017 1821 1078 Α
1850 1012 2048 1077 cernis,
2098 1008 2477 1065 assistentibus
2501 1010 2915 1082 obsequentium
2950 1014 3213 1080 catervis,
3247 1032 3442 1089 quam-

1848 1104 1932 1156 vis
1987 1100 2287 1171 jacentcm,
2336 1104 2560 1157 ambite.
2596 1102 2789 1160 lterata
2848 1115 3111 1175 praeterea
3168 1108 3291 1165 Filii
3339 1111 3444 1168 mei

1845 1180 2028 1247 votiva
2061 1191 2428 1249 immolatione
2446 1192 2753 1249 convivium
2780 1192 3190 1268 pinguissimum
3221 1198 3444 1255 instrui-

1846 1289 1918 1347 te,
1941 1295 2049 1365 quo
2070 1289 2124 1337 et
2150 1282 2375 1353 spiritus
2403 1283 2655 1351 anhelus,
2671 1299 2744 1365 ac
2770 1285 2837 1340 de
2870 1286 3283 1344 concertatione
3301 1303 3446 1345 utor-

1845 1362 2071 1429 talitatis
2097 1372 2318 1440 inolitae,
2347 1375 2439 1430 sed
2459 1374 2572 1445 jam
2602 1362 2882 1445 ιιιῲοδίιω,
2917 1377 3094 1432 adhuc
3116 1377 3443 1447 irrequietus

1843 1472 1899 1519 et
1948 1462 2122 1545 fessus
2153 1464 2206 1520 in
2232 1464 2399 1520 robur
2437 1465 2705 1536 reapiret;
2737 1480 2864 1521 caro
2889 1481 3110 1536 quoque
3136 1466 3444 1524 habitatore

1842 1555 2075 1626 pristino
2102 1555 2318 1611 interim
2345 1564 2577 1612 vacuata
2594 1596 2611 1621 ,
2640 1565 2807 1626 atque
2832 1559 3021 1614 matris
3055 1569 3212 1614 terrae
3236 1559 3443 1626 gremio

1842 1645 2071 1702 subinde
2120 1647 2476 1713 confovendo,
2516 1642 2952 1702 sanctiﬁcatione
3000 1648 3261 1720 irrigetur
3311 1665 3438 1720 gra-

1843 1736 2072 1805 tissima,
2099 1747 2368 1807 quatenus
2391 1732 2495 1793 Sub
2516 1738 2603 1794 die
2631 1732 2847 1805 ultima,
2886 1739 3285 1806 contubernali,
3313 1741 3441 1794 «ιιὶιιι

1842 1830 2199 1901 praecognita,
2252 1829 2649 1885 delectabiliter
2695 1819 2987 1897 socianda,
3034 1830 3291 1887 alacriter
3353 1847 3442 1887 re.

1839 1906 2051 1989 ﬂoreat,
2080 1922 2355 1978 viriditate
2379 1930 2582 1977 aeterna
2610 1920 2844 1977 feliciter
2869 1920 3164 1977 induenda.
3202 1943 3221 1975 ι

1911 2012 2226 2086 llujusmodi
2282 2013 2609 2070 sententiam
2670 2028 2766 2083 per
2818 2012 3028 2077 singula
3062 2012 3220 2082 p‘ena
3275 2012 3440 2067 verba

1838 2104 1906 2158 de
1934 2103 2151 2176 benigni
2173 2103 2483 2161 Conditoris
2512 2104 2659 2158 circa
2686 2101 2974 2158 defunctos
2993 2102 3284 2158 clementia
3316 2117 3441 2171 pro-

1839 2183 2040 2265 ierens,
2068 2197 2155 2254 hic
2180 2196 2297 2268 ejus
2338 2196 2760 2273 dispensationis
2789 2196 2843 2250 in
2881 2194 3064 2250 multis
3094 2195 3348 2251 conscius
3384 2207 3441 2251 et

1839 2274 2014 2365 ﬁdelis
2035 2287 2325 2360 interpres,
2353 2288 2629 2344 evidenter
2667 2288 2801 2342 satis
2849 2285 3206 2356 prudentibus
3245 2287 3427 2341 innue-

1772 2379 1816 2435 B
1842 2379 1934 2436 bat
1953 2395 2187 2451 quonam
2235 2378 2454 2439 affectu.
2485 2392 2661 2448 quove
2692 2386 2964 2448 respectu,
2996 2386 3057 2432 ut
3098 2386 3302 2432 tantatn
3357 2393 3439 2434 sc-

1840 2458 2104 2543 pelicndis
2152 2474 2339 2526 curam
2367 2471 2672 2537 exhiberet,
2706 2469 3017 2525 duceretur.
3072 2467 3322 2525 Generali
3362 2470 3438 2525 si-

1838 2561 2057 2633 quidem
2111 2560 2439 2616 iuhibitione
2493 2566 2762 2615 statuerat
2815 2571 2884 2613 ne
2917 2574 2969 2612 tn
3002 2556 3163 2626 villis,
3196 2559 3284 2635 ubi
3323 2560 3437 2630 ipse

1836 2652 2077 2724 prtesens
2119 2650 2328 2719 fuisset,
2362 2651 2618 2708 sacerdos
2639 2637 2979 2722 'parocltialis
3020 2651 3314 2720 quemlibet
3342 2653 3438 2707 des

1835 2732 2101 2811 iunctum,
2141 2744 2443 2817 praesertim
2490 2742 2666 2798 aetatis
2685 2739 2796 2812 jam
2825 2741 3042 2807 adultae,
3074 2742 3315 2797 traderet
3346 2758 3437 2798 sc-

1834 2831 2084 2909 pultnrae,
2112 2834 2222 2891 'nisi
2249 2833 2410 2898 forte,
2442 2831 2623 2903 aliquo
2663 2831 2916 2888 obstante
2942 2831 3306 2899 incommodo,
3336 2832 3433 2887 illo

1832 2920 1887 2980 id
1908 2923 2256 2994 exsequinou
2280 2921 2610 2992 valcnteJde
2633 2934 2729 2975 sua
2753 2921 2856 2976 hoc
2878 2921 3051 2992 ipsum
3074 2919 3432 2991 perlnissione

1832 3014 2173 3090 adimpleret.
2200 3013 2278 3070 De
2311 3012 2511 3069 adultis
2535 3026 2665 3069 vero
2684 3012 2959 3091 praecipue
2986 3010 3205 3068 volebat
3241 3010 3429 3067 obscr»

1831 3122 1970 3173 vart,
1998 3108 2122 3178 quia
2146 3103 2251 3172 his,
2277 3105 2321 3160 si
2348 3100 2690 3159 laudabiliter
2715 3100 3001 3168 vixissent,
3018 3101 3427 3174 propensiorem

1831 3211 2037 3256 sctenat
2083 3196 2271 3255 deberi
2328 3193 2843 3273 honoriﬁcentiam;
2882 3209 2967 3249 stu
3030 3201 3210 3249 autem
3257 3192 3426 3249 vitam

1829 3288 2119 3349 duxissent
2146 3282 2496 3361 culpabilem,
2541 3296 2770 3347 noverat
2821 3303 2917 3346 eos
2947 3286 3249 3346 uberiorem
3282 3287 3425 3344 desi-

1824 3382 2023 3440 derare
2052 3380 2466 3439 intervcutionis
2491 3380 2830 3437 instantiam.

1824 3474 1828 3478 ’
1895 3471 2013 3532 lbat
2072 3476 2236 3548 igitur
2285 3474 2488 3547 passim
2518 3474 2587 3532 ad
2608 3472 3149 3546 unlversos,eisque,
3202 3482 3263 3529 ut
3305 3487 3425 3531 mos

1834 3568 2004 3641 exigit
2061 3567 2499 3637 ecclesiast’cus,
2553 3583 2677 3625 cum
2731 3578 2941 3624 summa
2988 3567 3269 3623 alacritate
3322 3568 3422 3624 ob-

131 3645 481 3708 fcstinatiolte
533 3653 873 3727 propellitur)
909 3656 1338 3725 gratissimaDei
1364 3657 1449 3713 sui
1474 3658 1723 3731 benignis
1823 3661 2074 3733 sequium
2118 3659 2408 3729 exhibens,
2474 3660 2804 3732 pauperibus
2843 3659 3133 3716 luminaria
3177 3659 3263 3717 vel
3311 3674 3420 3716 cac-

135 3748 209 3794 tas
230 3741 365 3811 sola,
436 3758 468 3799 a
530 3744 746 3803 caeteris
801 3746 1141 3818 despectum,
1199 3762 1311 3805 non
1374 3758 1716 3821 aspernatur.
1746 3733 1792 3796 (ἶ
1828 3763 1943 3811 tera
1992 3755 2047 3811 in
2103 3751 2385 3810 funeribus
2425 3752 2729 3810 desiderata
2782 3768 2879 3824 per
2933 3752 3419 3824 eleemosynarium

139 3829 407 3904 Extemplo
439 3849 706 3907 namque,
735 3853 843 3894 non
889 3839 1064 3895 solum
1092 3839 1317 3912 spiritus
1348 3841 1622 3913 angelieas
1665 3843 1721 3900 in

142 3925 438 3988 praesidium
469 3927 690 3997 animm,
712 3930 786 3986 ad
816 3945 973 3987 suum
1003 3931 1289 3989 Fautorem
1320 3933 1613 3991 remeantis
1637 3934 1723 3990 di-

141 4013 275 4084 rigit,
311 4032 504 4075 verum
549 4021 721 4079 etiam
760 4023 968 4093 primos
1010 4037 1075 4080 ac
1122 4025 1448 4096 praecipuos,
1472 4040 1617 4097 quos
1664 4027 1718 4083 in

140 4108 287 4165 terris
314 4109 503 4175 habet,
534 4112 841 4183 ministros,
875 4115 1189 4172 sacerdotes
1208 4116 1461 4174 videlicet
1474 4127 1534 4174 et
1560 4118 1717 4187 alios,

135 4193 188 4248 iu
214 4201 381 4258 sacris
408 4200 705 4261 ordinibus
752 4206 985 4276 positos,
1029 4206 1084 4262 iu
1103 4206 1457 4278 :obsequium
1514 4208 1720 4267 funeris

137 4286 309 4346 mittit.
324 4291 414 4349 Eis
428 4294 598 4349 etiam
610 4297 1185 4367 quodatnmododicit:
1207 4317 1225 4352 ‹
1242 4298 1503 4367 Cernitis,
1518 4300 1714 4372 inquit,

135 4389 165 4429 ο
185 4383 496 4441 sacerdotes
529 4386 657 4451 mei,
678 4395 735 4442 et
775 4392 1042 4457 meorum,
1066 4406 1189 4461 qua:
1238 4391 1291 4448 in
1333 4392 1538 4449 mundo
1564 4403 1713 4461 sunt,

134 4470 447 4536 palatiorum
490 4479 694 4545 aeditui,
719 4482 945 4537 cernitis
987 4482 1253 4541 iacturam
1286 4501 1499 4553 meam,
1548 4500 1712 4558 quam

134 4575 335 4634 semper
352 4571 557 4636 amavi,
579 4585 680 4641 pro
706 4588 812 4642 qua
853 4572 993 4629 Filio
1032 4590 1156 4632 meo
1177 4576 1462 4647 Unigenito
1491 4591 1599 4633 non
1619 4594 1714 4648 pe-

134 4655 290 4723 Perci,
327 4662 422 4717 sed
457 4677 581 4719 eam
614 4662 1039 4721 immortalitatis
1065 4666 1235 4737 ipsius
1256 4675 1313 4723 et
1361 4669 1555 4724 mortis
1582 4684 1713 4739 par-

134 4743 337 4814 ticipem
383 4751 528 4810 feci?
580 4755 833 4822 cernitis,
875 4756 1121 4829 inquam,
1173 4758 1290 4815 suis
1336 4759 1477 4816 hanc
1521 4761 1715 4818 amicis

134 4840 391 4900 ‘lttondam
421 4854 478 4900 et
502 4847 827 4902 necessariis
846 4846 1099 4904 ell‘ectum
1126 4849 1304 4915 oneri,
1337 4850 1478 4906 hanc
1498 4865 1713 4921 quoque

134 4925 196 4979 ab
226 4929 303 4985 eis
327 4935 483 5003 quasi
515 4936 880 4994 turbulentant
908 4938 1037 5011 ejici
1062 4948 1120 4996 et
1143 4940 1379 5012 expelli?
1404 4938 1527 5010 Eia,
1559 4940 1708 4999 festic

132 5028 316 5077 nanter
355 5028 581 5096 currite,
601 5038 658 5087 et
681 5031 951 5088 occurrite
978 5032 1044 5087 ad
1071 5048 1159 5089 me
1184 5033 1542 5105 confugienti,
1574 5033 1710 5089 ima-‘-

133 5108 301 5176 ginem
328 5116 422 5175 lilii
443 5120 570 5188 mei,
595 5137 696 5194 pro
718 5137 784 5180 ea
813 5124 1082 5194 cruciﬁxi,
1104 5139 1228 5182 cum
1251 5126 1708 5198 thymiamateriis

129 5207 182 5289 et
197 5206 368 5264 cereis
388 5212 679 5281 assumite,
714 5213 974 5273 Ecclesiae
1002 5231 1137 5274 metu
1190 5216 1345 5289 signa
1374 5217 1430 5272 in
1466 5216 1709 5275 solemne

132 5287 405 5381 classicum
428 5304 724 5373 concutite,
755 5305 980 5365 vocibus
1001 5287 1322 5381 Itymnidieis
1352 5307 1554 5366 clarius
1579 5324 1708 5366 con-

138 5394 369 5486 crepate,
398 5393 641 5486 basilicae
655 5413 793 5455 mea:
816 5396 963 5457 fores
985 5411 1043 5457 et
1067 5402 1251 5459 abdita
1281 5400 1540 5459 interiora
1575 5417 1705 5473 pan-

130 5471 255 5571 dite,
284 5485 621 5561 nec‘longius
646 5492 716 5548 ab
740 5507 835 5549 ara
864 5493 986 5552 Filii
1009 5495 1127 5571 mei,
1147 5510 1347 5568 corpus
1372 5471 1703 5562 continente,

130 5565 460 5640 iratrisillius
484 5593 579 5640 aut
602 5588 807 5646 sororis
824 5587 1035 5660 lipsana
1049 5565 1333 5662 deponite;
1356 5589 1534 5663 palliis
1562 5606 1702 5664 quo-

130 5682 227 5765 ‘l'lc
249 5673 485 5749 denique
532 5686 786 5756 pretiosis
823 5674 1067 5765 ltetltiam
1099 5689 1241 5749 illius
1283 5706 1429 5749 nunc
1482 5694 1699 5748 demum

129 5763 499 5840 triumphantis
526 5781 798 5852 redimite,
829 5783 1026 5855 stipate
1048 5770 1386 5859 lampadibus
1420 5796 1581 5859 atque
1610 5776 1696 5843 lu-

1824 3857 1985 3900 suum
2059 3843 2404 3900 abundanter
2452 3841 2861 3899 subministrari
2931 3842 3281 3912 procumbat.
3358 3843 3417 3898 Si

1820 3933 2057 4005 quando,
2085 3933 2212 3991 dum
2242 3932 2347 3990 iter
2375 3938 2583 4004 ageret,
2611 3941 2669 3989 et
2709 3933 2871 3989 funus
2922 3933 2973 3989 in
3003 3932 3283 4004 quodlibet
3305 3946 3417 3990 cm»

1821 4026 2130 4093 meterium,
2158 4036 2219 4082 ut
2242 4024 2458 4081 humari
2482 4024 2724 4093 deberet,
2754 4024 3021 4097 perlatum
3052 4026 3414 4097 conspiceret,

1816 4117 2105 4174 confestim
2148 4124 2296 4189 equo
2352 4115 2742 4182 descendebat,
2789 4126 2847 4174 et
2872 4118 2939 4173 ad
2971 4108 3413 4187 feretrumaccc-

1818 4208 1975 4275 tleus,
2003 4222 2071 4264 ac
2094 4207 2490 4280 aliquantisper
2510 4223 2697 4294 orans,
2731 4209 2774 4265 si
2805 4208 3003 4265 librum
3058 4224 3163 4266 non
3191 4209 3416 4266 haberet

1812 4311 2239 4371 competentem,
2258 4301 2316 4358 in
2334 4316 2446 4373 quo
2470 4299 2734 4361 inotl‘ensc
2766 4301 2972 4373 legeret
3000 4301 3146 4372 (cum
3167 4300 3281 4371 jam
3307 4296 3416 4357 cir-

1810 4407 1878 4448 ca
1905 4392 2113 4449 dierum
2136 4394 2254 4466 ejus
2281 4404 2527 4451 extrema
2558 4394 2762 4466 aliquid
2790 4394 2934 4451 soliti
2981 4394 3251 4451 acumian
3279 4408 3412 4450 ocu-

1814 4484 1881 4541 lis
1908 4485 2082 4557 ipsius
2124 4489 2474 4561 deperiisset)
2506 4487 2731 4557 junctus
2779 4490 3097 4560 presbytero
3122 4489 3347 4560 exsequi
3383 4505 3413 4546 s

1814 4575 2134 4642 celebranti,
2166 4576 2406 4646 psalmos
2433 4593 2557 4633 cum
2600 4594 2667 4635 eo
2714 4579 3043 4634 deeantabat
3068 4588 3124 4633 et
3157 4578 3412 4637 collectas

1813 4668 2091 4726 inchoauit
2120 4668 2203 4726 vel
2228 4668 2551 4740 eomplentl,
2590 4683 2748 4725 amen
2778 4679 2836 4725 et
2866 4669 2971 4733 alia
3011 4672 3409 4741 respondendo,

1805 4762 1986 4818 vicem
2013 4759 2221 4828 clerici,
2278 4777 2348 4817 ne
2371 4761 2690 4828 dixerimus,
2738 4762 2939 4831 idiotas,
2976 4762 3325 4833 adimplcbat.
3350 4763 3408 4820 Si

1813 4865 1920 4908 non
1951 4850 2214 4908 defuisset
2236 4852 2409 4908 codex
2462 4851 2708 4922 idoneus,
2738 4853 2874 4924 ipse,
2910 4853 3055 4923 quod
3110 4854 3409 4912 sacerdotis

1812 4953 1950 5011 erat,
1981 4942 2430 5016 prosequebatur,
2474 4947 2756 5003 orationes
2800 4948 3180 5017 pronuntians,
3210 4963 3405 5019 aquam

1813 5036 2158 5093 benedictum
2202 5050 2497 5109 aspcrgens
2520 5077 2538 5106 ,
2587 5039 2922 5096 thuribulum
2990 5039 3405 5105 circumferens,

1813 5139 2017 5187 terram
2036 5141 2199 5200 super
2220 5126 2454 5197 iaciens,
2485 5144 2551 5184 ac
2581 5128 2787 5202 reliqua
2812 5129 2955 5186 illius
2982 5122 3143 5186 cilicii
3175 5131 3407 5188 sollicite

1808 5217 2084 5305 complens
2134 5225 2192 5274 et
2242 5224 2367 5290 post
2420 5219 2818 5279 absolutionem
2863 5237 2989 5279 cum
3026 5222 3404 5300 benedictione

1806 5319 1912 5377 iter
1934 5326 2171 5391 emptum
2206 5328 2531 5391 peracturus
2560 5319 2767 5378 adibat.

1877 5413 2207 5485 Plerumque
2229 5422 2410 5469 autem
2440 5412 2494 5468 in
2550 5414 2766 5487 magnis
2799 5415 3105 5472 consistens
3151 5412 3399 5485 urbibus,

1807 5507 1935 5563 dum
1962 5506 2029 5561 ad
2050 5520 2218 5561 unum
2261 5504 2558 5576 quemlibet
2600 5508 2967 5579 sepeliendum
3022 5506 3397 5578 processisset,
3502 5552 3505 5555 ι

1808 5597 2204 5655 nuntiabantur
2235 5597 2285 5653 ei
2317 5596 2408 5653 alii
2433 5606 2596 5669 atque
2648 5600 2761 5666 alii,
2784 5600 2984 5671 passim
3033 5613 3128 5669 per
3155 5590 3399 5654 divetsas

1811 5691 2081 5750 ecclesias
2103 5689 2426 5762 sepeliendi;
2460 5692 2551 5762 qui
2596 5707 2789 5764 magna
2822 5707 2943 5748 cum
2964 5691 3247 5749 alacritate
3270 5693 3394 5748 unis

1807 5800 1994 5857 versos
2032 5783 2235 5857 adibat,
2266 5781 2535 5846 universis
2579 5783 2891 5856 singillatim
2943 5783 3183 5859 debitum
3237 5798 3393 5867 sepe;
