3962 6402
511 347 616 406 105
627 350 648 406 1

1399 347 1459 402 s.
1495 346 1798 404 llUGONiS
1827 347 2046 403 EPISC.
2085 347 2406 406 LINCOLN.
2439 351 2606 411 onn.
2638 338 2904 414 canrn‘.

3669 363 3802 422 1053

502 467 674 526 liendi
701 463 938 522 ollicium
969 463 1163 518 devote
1220 461 1554 532 impendens.
1587 461 1699 517 Nec
1725 462 1895 532 prius,
1945 469 2102 531 quot-
2131 469 2177 520 Α
2205 463 2477 534 publicqu
2513 481 2770 538 aggerem
2817 470 3068 532 cominus
3099 475 3466 544 prospexisse.
3511 477 3636 546 Quo
3683 483 3796 537 diti.

511 561 642 616 libet
675 559 764 614 isti
793 556 1044 622 fuissent,
1073 570 1106 610 a
1139 563 1302 610 tanta:
1337 553 1696 610 humanitatis
1737 567 1963 610 munere
2007 553 2105 608 de-

510 652 670 718 stitit,
693 665 856 720 quam
888 649 1092 706 nullum
1119 661 1402 718 superesse
1429 645 1520 716 qui
1559 645 1884 716 sepeliretur
1908 659 2110 718 cegno-

508 744 606 796 vit.
637 741 1020 810 Querebantur
1047 753 1453 808 nonnunquam,
1477 747 1528 792 et
1561 739 1978 792 murmurahant
2004 751 2104 807 po-

511 843 688 890 tentes
711 833 938 902 quilibet
968 831 1089 897 viri,
1123 845 1248 884 cum
1273 843 1340 884 eo
1369 829 1574 899 pariter
1593 828 1912 893 comesturi,
1943 829 2106 899 quod,

511 933 638 986 dum
673 932 790 986 haec
845 929 1050 983 diutius
1095 934 1301 996 ageret,
1339 925 1471 980 hora
1505 923 1716 995 prandii
1759 921 1874 992 jam
1905 924 2108 979 dudum

511 1024 832 1091 praeteriret.
881 1021 1074 1074 Verum
1126 1019 1217 1072 ille
1261 1031 1562 1086 nunquam,
1587 1029 1682 1070 seu
1709 1015 2006 1085 ipsos'ipse
2029 1015 2110 1070 in-

510 1113 751 1173 vitasset,
775 1127 869 1165 seu
903 1111 970 1164 ab
999 1111 1078 1164 eis
1108 1109 1197 1163 ille
1223 1117 1370 1164 esset
1414 1107 1480 1162 ad
1512 1105 1798 1176 prandium
1827 1105 2105 1172 invitatus,

511 1203 624 1257 sive
655 1201 812 1268 hujus
841 1201 916 1254 rei
962 1200 1078 1254 sive
1109 1199 1334 1254 alterius
1365 1195 1736 1267 cujuscunque
1777 1195 1982 1265 negotii
2011 1195 2110 1250 ob-

513 1299 686 1355 tentu,
718 1290 878 1360 hujus
905 1288 1196 1344 omittebat
1225 1288 1444 1357 pietatis
1480 1301 1618 1357 opus
1645 1300 1926 1353 exercere,
1953 1283 2106 1349 dum,

509 1379 598 1433 ubi
625 1385 905 1434 exerceret
931 1378 1174 1448 reperire
1200 1385 1384 1447 posset
1413 1375 1587 1446 (170).

581 1468 688 1523 Sed
714 1483 905 1538 parum
933 1477 1020 1524 est
1047 1467 1190 1538 quod
1243 1467 1358 1521 haec
1375 1466 1441 1520 de
1463 1465 1768 1521 minoribus
1817 1464 2108 1522 referimus

507 1560 775 1630 personis.
838 1559 1066 1614 Constat
1117 1557 1262 1613 enim
1307 1557 1435 1626 quia
1461 1565 1517 1611 et
1541 1571 1570 1610 a
1597 1556 1816 1627 regibus
1845 1557 2106 1612 invitatus

506 1651 574 1704 ad
599 1665 842 1706 mensam
907 1650 1050 1706 idem
1095 1647 1358 1704 effecerit.
1385 1647 1520 1702 Nam
1563 1657 1620 1703 et
1669 1650 1942 1718 posterius
1961 1647 2105 1720 apud

509 1739 936 1811 liothomagum-
965 1755 996 1794 a
1053 1753 1180 1810 rege
1215 1737 1489 1794 Richardo
1521 1739 1694 1810 (171),
1721 1748 1776 1794 et
1799 1740 1952 1810 prius
1969 1741 2100 1797 olim

2213 555 2428 626 gentius
2453 559 2658 626 notato,
2693 559 2982 616 confestim
3011 561 3276 632 substitit,
3321 567 3660 640 mittensque
3683 587 3796 640 pro-

2213 648 2359 704 tinus
2382 648 2449 704 ad
2489 649 2778 715 ruricolas,
2815 652 3033 708 eminus
3062 665 3246 712 aratro
3295 656 3522 714 humum
3563 665 3798 730 ιποςιὶιιο

2211 739 2424 806 dentes,
2449 741 2636 797 didicit
2667 743 2952 814 cujusdam
2983 747 3294 804 homunculi
3319 751 3564 806 ostiatim
3599 755 3800 822 pridem

2211 835 2570 892 mendicantis
2597 836 2908 892 alimoniam
2939 839 3138 894 ibidem
3191 840 3348 896 busta
3379 845 3682 900 contineri.
3715 845 3804 900 Dc-

2209 921 2432 980 fuuctus
2459 939 2696 995 namque
2721 926 2862 981 idem
2907 943 3108 998 egenus
3143 929 3196 984 in
3237 934 3496 1002 pauperis
3521 933 3802 1003 cujusdam

2211 1032 2306 1072 rus
2329 1018 2636 1088 proximum
2666 1020 2952 1075 incolentis
2979 1023 3158 1090 dumo,
3183 1031 3240 1078 et
3261 1041 3290 1078 a
3317 1040 3354 1094 p
3383 1027 3652 1098 esbytero
3673 1029 3802 1084 ilius

2210 1113 2483 1180 parochias
2509 1114 2580 1168 ob
2600 1113 2834 1170 inediam
2881 1116 3181 1187 neglectus,
3213 1133 3280 1174 eo
3297 1118 3418 1176 loco
3471 1123 3802 1192 sepultura

2211 1208 2444 1274 accepit,
2477 1203 2630 1272 dum,
2663 1221 2694 1261 a
2719 1222 2829 1277 quo
2853 1217 3164 1276 portaretur
3181 1211 3252 1264 ad
3273 1213 3684 1278 cmineterium,
3705 1231 3802 1270 non

2212 1295 2420 1352 habuit.
2458 1296 2578 1364 Quo
2629 1299 2716 1352 vir
2754 1300 3032 1370 piissimus
3071 1303 3258 1358 audito
3305 1303 3474 1360 altius
3521 1305 3800 1377 ingemuit,

2211 1401 2444 1458 moxque
2470 1390 2524 1444 in
2554 1389 2720 1460 pedes
2751 1391 2982 1462 abjequo
3005 1393 3344 1450 descendens
3371 1407 3608 1468 accepto
3629 1403 3800 1468 (quem

2210 1479 2328 1535 fere
2347 1495 2561 1551 semper
2585 1497 2772 1538 secum
2823 1484 3084 1554 habebat)
3107 1485 3300 1541 codice
3345 1489 3642 1545 orationes
3691 1507 3800 1546 cunt

2209 1571 2454 1641 psalmis,
2483 1587 2620 1643 quos
2647 1574 2870 1629 recitari
2899 1589 3028 1630 usus
3051 1575 3286 1632 instituit
3333 1580 3670 1648 sepulturae,
3693 1582 3802 1638 diﬁ-

2210 1671 2400 1730 geutcr
2421 1678 2519 1733 pro
2545 1677 2611 1719 eo
2653 1679 2719 1720 ac
2743 1663 2938 1720 devote
2977 1667 3266 1735 percurrit.
3301 1667 3506 1724 Postea
3535 1685 3676 1725 vero
3711 1671 3798 1728 luci

2209 1753 2464 1823 episcopo
2489 1755 2750 1810 attentius
2783 1757 2996 1811 orando
3018 1755 3304 1826 suggessit,
3330 1769 3612 1827 quatenus
3637 1760 3692 1814 in
3717 1779 3800 1817 sa.

508 1833 578 1886 ab
604 1831 722 1900 ejus
749 1833 990 1903 genitore
1039 1829 1210 1903 (172),
1257 1841 1480 1902 rogatus
1531 1833 1600 1888 ad
1639 1833 2096 1900 convescendum,
2134 1817 2178 1874 Β
2203 1817 2478 1898 cerdotem
2509 1841 2662 1896 illum
2690 1843 2884 1898 durius
2931 1817 3382 1915 adverteret,qui
3409 1848 3630 1903 homini
3659 1850 3800 1906 Chri-

508 1932 692 1986 taudiu
715 1933 782 1988 ad
822 1933 1076 2001 palatium
1107 1931 1318 1987 distulit
1355 1933 1558 1998 venire,
1600 1934 1838 2003 quandiu
1871 1935 1925 1990 in
1965 1935 2100 1992 urbe

505 2033 729 2102 reperit,
749 2047 886 2102 quos
924 2031 1196 2102 potuisset
1219 2031 1470 2104 sepelire.
1505 2029 1658 2088 Unde
1687 2048 1865 2105 regem
1891 2043 2101 2090 utrum-

503 2141 610 2194 que
634 2141 756 2180 cum
787 2125 1164 2195 optimatibus,
1193 2124 1278 2179 vel
1309 2133 1422 2179 tota
1453 2124 1615 2180 simul
1641 2125 1868 2192 familia,
1901 2125 1954 2181 in
1981 2127 2100 2181 lon-

512 2231 636 2285 gum
663 2216 921 2284 compulit
940 2214 1147 2284 jejunia
1179 2215 1616 2286 protelare,dutn
1645 2215 1959 2286 religiosum
1989 2217 2100 2273 olli-

503 2309 647 2364 .cium
703 2323 804 2362 nec
851 2321 946 2376 per
987 2307 1194 2362 aulicos
1253 2307 1576 2374 accersitus,
1634 2307 2098 2378 contemplatione

503 2399 782 2470 dignitatis
805 2415 900 2454 seu
927 2399 1222 2454 voluntatis
1245 2399 1515 2464 humanm,
1539 2397 1850 2454 nullatenus
1877 2401 2100 2470 acquie-

507 2492 582 2544 vit
625 2491 898 2544 omittere.
945 2489 1275 2559 Urgeutibus
1331 2504 1460 2544 vero
1511 2489 1777 2546 ministris
1825 2491 2011 2560 curim,
2040 2499 2100 2548 ut

503 2579 834 2636 acceleraret
878 2580 945 2634 ad
1002 2593 1182 2650 regem
1243 2587 1639 2650 expectantem,
1669 2590 1725 2636 et
1751 2597 1933 2638 moras
1954 2597 2100 2652 aegre

502 2672 792 2737 ferentem,
839 2671 1164 2740 quantocius
1195 2671 1384 2726 venire
1433 2670 1524 2725 ille
1578 2671 1715 2727 nihil
1748 2670 2097 2731 festinantius

502 2779 690 2835 agens,
748 2763 968 2818 aiebat:
1003 2779 1020 2814 ι
1053 2759 1169 2816 Non
1217 2775 1354 2830 opus
1377 2770 1481 2828 est,
1524 2761 1722 2832 inquit,
1767 2771 1826 2818 ut
1873 2777 1972 2819 nos
2000 2777 2096 2819 rex

500 2864 800 2928 exspectet,
823 2863 1076 2913 vescatur
1103 2854 1156 2909 in
1179 2853 1398 2908 nomine
1425 2853 1657 2909 Domini.
1683 2873 1702 2908 ι
1730 2853 1855 2910 Suis
1881 2869 2096 2926 quoque

501 2947 861 3002 familiaribus
887 2945 1106 3002 dicebat
1128 2961 1143 2999 :
1174 2964 1194 2996 ι
1209 2944 1441 3014 Expedit
1460 2944 1708 3015 magisyt
1727 2961 1822 3001 rex
1849 2953 2096 3003 terrenus

500 3043 708 3111 absque
735 3040 891 3096 nobis
915 3039 1354 3110 prandeatquam
1380 3037 1694 3092 mandatum
1715 3039 1904 3094 atterni
1931 3037 2094 3112 Regis

503 3139 687 3188 nostra
717 3130 998 3220 humilitas
1026 3127 1365 3220 itgtespletum
1410 3133 1721 3220 praetereat.
1753 3145 1773 3179 ι
1813 3127 1954 3220 liinc
1984 3129 2094 3220 for-
2120 3154 2170 3220 ο

503 3221 665 3276 tassis
713 3218 1072 3274 animadverti
1107 3218 1234 3274 licet
1261 3217 1520 3274 divinitus
1569 3217 1620 3272 ei
1666 3232 1775 3273 non
1819 3217 2092 3278 immerito

503 3314 672 3368 fuisse
721 3313 1072 3376 retributum,
1107 3319 1186 3376 ut,
1215 3310 1306 3380 qui
1332 3309 1470 3366 duos
1514 3325 1674 3382 reges
1699 3311 1770 3366 ob
1799 3325 2100 3384 pauperum

500 3401 837 3473 sepulturam
895 3400 1232 3472 neglexerat,
1256 3401 1372 3472 ipsc
1418 3400 1636 3455 demum
1662 3401 1716 3456 in
1758 3401 1966 3459 funeris
2013 3393 2099 3460 sui

501 3494 846 3564 obsequium,
872 3507 995 3548 cum
1025 3493 1157 3548 viris
1196 3493 1523 3550 sublimibus
1547 3492 1754 3560 multis,
1785 3509 1942 3565 reges
1963 3493 2100 3552 duos

501 3587 648 3658 (I75)
693 3583 920 3639 haberet
967 3583 1251 3639 adunatos.
1307 3583 1510 3639 Verum
1561 3584 1678 3640 haec
1733 3601 1833 3642 suo
1871 3585 2098 3644 inferius

499 3679 618 3734 loco
648 3677 868 3744 dicturi,
894 3676 1113 3730 interim
1139 3685 1318 3744 empta
1351 3687 1761 3746 prosequamur.

1131 3766 1362 3824 CAPUT
1399 3767 1466 3822 II.

501 3863 577 3920 De
618 3863 892 3933 cujusdam
921 3859 1180 3933 pauperis
1205 3859 1476 3933 sepultura
1503 3861 1568 3933 in_
1599 3857 2010 3933 Northpmquia,
2046 3871 2096 3917 et

569 3929 856 4004 plurimum
899 3929 954 3986 in
999 3929 1292 3996 Lincobtiu,
1341 3939 1390 3985 et
1436 3929 1648 4000 prwlati
1698 3931 1982 4002 cujusdam
2039 3934 2098 3987 in

569 4004 967 4058 Bermundesia.

569 4095 834 4161 Quoniam
884 4095 1026 4166 apud
1097 4094 1542 4164 Rothomagum,
1591 4091 2092 4149 Northmannorum

497 4188 707 4244 scilicet
751 4185 1116 4256 metropolim,
1161 4199 1263 4240 nec
1305 4196 1487 4240 tamen
1513 4199 1542 4238 a
1567 4183 1722 4240 nobis
1755 4185 1872 4239 visa
1919 4185 2094 4256 (174),

496 4279 596 4336 sed
633 4277 900 4334 veraciter
957 4276 1165 4342 audita,
1207 4275 1514 4338 retulimus,
1559 4275 1791 4340 libet,ut
1828 4275 1882 4330 in
1922 4290 1982 4331 re
2018 4275 2094 4331 si-

497 4371 635 4436 mili,
675 4369 818 4439 quod
855 4369 909 4424 in
933 4367 1124 4422 eadem
1149 4366 1430 4438 provincia
1463 4366 1564 4436 ipsi
1587 4367 1656 4421 ab
1685 4367 1877 4424 eodem
1907 4377 2090 4424 actum

2201 1933 2399 1997 stiano,
2427 1941 2648 2004 propter
2681 1933 2826 1990 illius
2849 1935 3107 2005 inopiam,
3137 1935 3480 2006 sepulturam
3509 1949 3800 2011 negaverat

2199 2023 2587 2081 Christianam.
2811 2049 2814 2052 λ

2273 2161 2519 2217 Vidimus
2547 2159 2654 2216 alio
2682 2169 2926 2230 tempore
2954 2159 3123 2234 (177),
3149 2177 3273 2218 cum
3297 2163 3444 2234 apud
3461 2163 3796 2221 Lincoluiatn

2201 2253 2256 2308 in
2279 2253 2522 2310 crastino
2550 2251 2756 2308 Natalis
2788 2252 3000 2308 Domini
3023 2253 3091 2310 de
3119 2252 3356 2325 glorioso
3386 2255 3602 2311 Christi
3627 2267 3798 2328 proto-

2201 2355 2439 2417 tnartyre
2461 2345 2739 2416 Stephano
2762 2345 2986 2400 missam
3004 2344 3354 2400 devotissime
3375 2345 3794 2412 celebrasset,ut

2201 2449 2485 2510 rogaretur
2527 2453 2558 2492 a
2602 2439 2838 2508 quodam
2884 2439 3257 2504 carmentario,
3313 2440 3408 2510 qui
3469 2440 3528 2496 in
3597 2440 3792 2496 fabrica

2199 2531 2443 2587 ecclesiae
2487 2529 2804 2596 desudahat,
2855 2540 3125 2600 quatenus
3177 2530 3372 2588 fratris
3401 2533 3492 2588 sui
3535 2533 3792 2598 animam,

2197 2620 2522 2694 prmcedenti
2543 2631 2704 2678 nocte
2729 2622 2893 2678 rebus
2921 2623 3172 2679 humanis
3199 2633 3540 2694 exemptam,
3567 2625 3792 2680 auctori-

2199 2723 2312 2770 tate
2363 2714 2655 2784 pontiﬁcali
2695 2730 2726 2768 a
2757 2715 2998 2785 peccatis
3019 2715 3325 2772 absolveret
3347 2716 3698 2786 Dominoque
3717 2717 3794 2772 de-

2196 2807 2417 2864 votione
2441 2806 2699 2876 peculiari
2740 2807 3168 2863 commendaret.
3207 2805 3362 2874 Quod
3405 2809 3600 2862 statim
3633 2789 3790 2864 nam:

2195 2897 2370 2969 plens,
2390 2897 2669 2967 inquirere
2719 2897 2890 2966 coepit
2935 2904 3118 2952 utrum
3149 2896 3267 2965 ejus
3293 2896 3476 2952 adhuc
3503 2913 3792 2968 corpuscu-

2197 2988 2310 3044 lum
2336 2990 2622 3046 humatum
2669 2988 2884 3044 fuisset.
2932 2987 3088 3058 Quod
3139 2989 3191 3043 in
3245 2989 3532 3044 remotiori
3569 2989 3790 3044 ecclesia

2199 3087 2428 3158 necdum
2455 3086 2726 3158 sepultum
2760 3085 2988 3142 audiens
3015 3083 3248 3150 servari,
3279 3083 3450 3154 jussit
3477 3101 3612 3140 mox
3635 3102 3790 3140 unum

2201 3181 2330 3250 sibi,
2357 3182 2524 3238 alium
2567 3195 2666 3238 suo
2699 3180 2985 3252 capellano
3030 3187 3085 3234 et
3129 3178 3350 3236 tertium
3401 3177 3638 3246 famulo,
3703 3179 3790 3249 qui

2201 3281 2330 3330 ante
2361 3287 2488 3328 eum
2517 3272 2762 3342 equitare
2795 3279 3186 3336 consueverat,
3239 3269 3516 3324 caballum
3579 3271 3788 3326 adduci.

2201 3365 2532 3422 Decreverat
2563 3363 2710 3418 enim
2751 3377 2876 3416 cum
2925 3361 3013 3416 his
3053 3370 3262 3416 tantum
3295 3361 3476 3416 tribus
3521 3361 3594 3415 ad
3639 3361 3790 3416 funus

2203 3453 2524 3526 procedere.
2545 3451 2654 3510 Sed
2681 3466 2806 3507 cum
2836 3449 3098 3506 defuisset
3120 3464 3292 3520 equus
3329 3464 3456 3504 cum
3487 3451 3788 3520 capellano,

2197 3546 2468 3603 caballum
2517 3543 2808 3602 servientis
2853 3557 2978 3598 eum
3023 3542 3280 3613 praecepit
3343 3543 3720 3598 conscendere
3741 3551 3792 3598 et

2199 3637 2350 3694 illum
2397 3633 2692 3706 praeeundo
2737 3633 2806 3690 ad
2853 3633 3183 3690 destinatum
3236 3631 3418 3688 locum
3467 3635 3790 3702 quantocius

2199 3743 2520 3802 properare.
2555 3727 2755 3796 Sicque
2801 3725 3010 3780 duobus
3047 3733 3256 3779 tantum
3285 3733 3589 3782 contentus
3617 3726 3788 3796 equis,

2197 3817 2680 3876 solummodouno
2711 3815 2979 3872 monacho
3003 3823 3058 3872 et
3084 3813 3296 3870 duobus
3338 3815 3530 3885 pueris
3561 3818 3790 3872 comita-

2199 3920 2309 3978 tus,
2335 3909 2585 3981 pervenit
2629 3908 2700 3966 ad
2725 3923 2923 3978 corpus
2963 3907 3226 3966 defuncti.
3255 3911 3376 3978 Quo
3404 3921 3574 3967 terra:
3603 3913 3792 3966 matris

2195 4004 2406 4074 gremio
2427 4009 2652 4074 paterna
2687 4001 3049 4060 sollicitudine
3099 4004 3502 4068 commendato,
3553 4005 3790 4074 quinque

2197 4092 2454 4162 deinceps
2482 4093 2598 4164 ipsa
2625 4092 2713 4148 die
2743 4093 2810 4166 (si
2849 4108 2949 4150 nos
2980 4093 3242 4150 memoria
3265 4109 3372 4150 non
3403 4094 3568 4164 fallit)
3617 4097 3672 4150 in
3713 4095 3790 4148 di-

2195 4187 2371 4242 versis
2430 4187 2740 4244 successive
2789 4187 3130 4242 caameteriis-
3163 4186 3414 4257 sepelivit
3441 4184 3668 4254 funera,
3697 4201 3788 4256 per

2193 4278 2438 4350 ipsorqu
2463 4279 2670 4336 amicos
2727 4277 2828 4334 sibi
2873 4279 3166 4350 assignant.
3204 4280 3340 4334 Cum
3391 4293 3529 4335 vero
3558 4278 3680 4348 jam
3731 4293 3786 4332 se

2195 4369 2330 4424 hora
2357 4367 2563 4424 tardior
2607 4369 2972 4439 protraheret,
3027 4368 3250 4438 ipseque
3295 4382 3426 4422 cum
3449 4367 3588 4422 cieri
3635 4377 3788 4438 parte

495 4463 730 4520 vidimus
759 4459 932 4532 (175),
957 4459 1195 4515 breviter
1222 4457 1588 4514 absolvamus.
1637 4459 1735 4514 Die
1759 4458 1925 4529 igitur
1953 4475 2088 4529 qna-
2117 4499 2166 4556 Β
2197 4475 2304 4516 non
2325 4460 2536 4516 modica
2581 4461 2648 4515 ab
2675 4461 3060 4516 archidiacono
3097 4459 3486 4515 Bedcfordensi
3521 4459 3676 4531 (178)
3711 4461 3786 4512 ia-

494 4557 642 4621 dam,
667 4554 771 4610 iter
789 4561 984 4624 agente
1030 4565 1188 4608 servo
1209 4549 1326 4615 Dei,
1363 4549 1758 4621 contigitillum
1789 4565 1896 4606 non
1931 4550 2088 4622 longe

495 4665 526 4704 a
559 4655 762 4712 castro,
817 4646 962 4714 quod
1019 4644 1316 4716 Argentum
1355 4643 1506 4715 (176)
1545 4651 1790 4709 vocatur,
1821 4641 2087 4698 tumulum

494 4753 684 4796 recens
707 4739 900 4810 sepulti
925 4736 1168 4802 immani,
1191 4745 1250 4790 ut
1277 4733 1592 4800 videbatur,
1624 4733 1908 4790 cadaveris
1939 4733 2086 4790 circa

566 4919 716 4990 (170)
751 4917 1026 4990 Hnjusirei
1045 4915 1604 4990 esemplumpraebuit
1629 4913 1783 4990 [iugo
1807 4921 1992 4970 noster
2013 4913 2084 4990 ab

493 4985 877 5044 archidiacono
925 4987 1308 5045 Bedefordeusi
1361 4985 1648 5052 invitatus,
1705 4985 1783 5040 nti
1831 4987 2083 5055 sequenti

495 5060 672 5128 capite
701 5060 950 5114 refertur.

529 5125 718 5199 -(171)
759 5129 913 5182 Anno
953 5129 1118 5192 1197,
1159 5135 1250 5182 aut
1277 5127 1430 5182 H98.
1475 5125 1717 5199 Utroque
1755 5125 1900 5199 enim
1937 5141 2081 5181 anno

495 5195 653 5270 litigo
691 5195 869 5270 regem
899 5199 952 5270 in
995 5199 1372 5270 transmarinis
1407 5197 1684 5264 accessit,
1747 5195 1826 5251 uti
1865 5205 2082 5252 constat

495 5287 562 5327 cx
587 5267 636 5325 ὁ.
663 5271 720 5335 8,
752 5267 910 5335 hujus
941 5268 1085 5324 libri.

568 5340 716 5413 (ιη)
757 5337 919 5394 Forte
941 5339 990 5394 id
1031 5337 1226 5413 accidit
1251 5339 1443 5413 primo
1473 5347 1567 5394 aut
1597 5337 1771 5394 altero
1793 5337 2081 5413 episcopa-

496 5407 588 5470 tus
611 5407 866 5468 sui'anno
897 5448 912 5474 ,
941 5423 1049 5478 quo
1075 5409 1216 5478 apud
1251 5407 1539 5464 lleuricum
1575 5423 1758 5478 regem
1785 5409 1956 5466 fuisse
1990 5407 2080 5466 le-

495 5483 908 5558 gitttqlib._nt._,_
931 5495 982 5536 c.
1009 5481 1062 5536 9.

495 5547 527 5558 '
567 5553 718 5624 (173)
755 5551 962 5620 Anglia:
1007 5560 1064 5606 et
1113 5547 1310 5606 Scotiae
1335 5587 1352 5614 ,
1412 5550 1490 5604 uti
1544 5550 1775 5608 habetur
1804 5549 1947 5607 infra
1973 5551 2078 5610 hoc

491 5625 651 5680 libro.
683 5637 800 5680 can.
829 5623 920 5678 27.

517 5639 651 5684 11)1’0,
683 5639 800 5684 cap.
830 5639 920 5678 ΖΙ.

567 5637 1168 5767 colligere
1189 5690 1314 5767 licet
1343 5689 1511 5746 relata
1541 5689 1718 5767 capite
1746 5697 2076 5762 praecedenti

493 5765 562 5825 de
577 5760 860 5823 Richardo
891 5779 1014 5838 rege
1042 5760 1314 5822 accidisse
1343 5777 1488 5820 anno
1535 5760 1704 5826 1197,
1737 5760 1844 5834 (luo
1883 5776 2074 5824 auctor

2193 4553 2416 4618 vitatus,
2439 4553 2508 4608 ad
2529 4552 2716 4622 epulas
2743 4552 3012 4608 solemnes
3045 4551 3236 4607 venire
3255 4549 3532 4618 ὤσει-τοι,
3563 4563 3780 4623 rogatur

2193 4660 2225 4700 a
2255 4643 2465 4710 multis,
2491 4653 2549 4700 et
2575 4643 2644 4701 ab
2673 4645 2790 4714 ipso
2821 4643 3040 4699 tandem
3099 4641 3193 4712 qui
3229 4657 3390 4697 suum
3427 4643 3478 4698 ei
3505 4653 3780 4698 mortuum

2189 4736 2624 4802 denuntiaverat,
2647 4743 2914 4807 quatenus
2931 4749 3032 4806 pro
3065 4732 3308 4790 defuncti
3351 4732 3540 4790 anima
3595 4735 3782 4788 tantis-

2189 4919 2430 5046 nondulm
2451 4917 2631 4976 fuerat
2653 4915 2795 4990 apud
2817 4915 3121 4986 Hugonem,
3145 4913 3389 4984 exceptis
3415 4912 3628 4970 ultimis
3655 4913 3780 4970 anni

2189 5007 2359 5046 IllellSI
2404 5005 2486 5044 US.

2187 5005 2486 5046 mensums.

2257 5061 2407 5133 (175)
2444 5059 2640 5133 Narrat
2670 5067 2860 5133 auctor
2883 5057 2988 5111 hoc
3015 5071 3137 5133 cap.
3163 5071 3284 5133 qua:
3309 5054 3520 5133 ultimis
3541 5055 3786 5126 Hugonis

2185 5126 2362 5196 annis,
2387 5126 2596 5200 'quibus
2629 5130 2744 5200 ipse
2770 5129 3026 5198 episcopo
3045 5127 3298 5190 adhaesit,
3335 5126 3716 5200 contigerunt.

2253 5197 2574 5273 (176)]dem
2603 5197 2770 5273 cum_t
2797 5197 3196 5273 Argeutomago
3223 5215 3242 5248 ι
3261 5211 3364 5273 seu
3391 5213 3412 5246 ι
3443 5197 3784 5273 Argentono,

2253 5211 2574 5273 (176)1dem
2603 5215 2725 5256 cum
2751 5219 2770 5252 ‹
2797 5211 3196 5268 Ατεθιιιοιιιειεο
3223 5215 3242 5248 ι
3265 5211 3364 5276 seu
3391 5213 3412 5246 ι
3443 5211 3784 5320 argentum,

2181 5275 2606 5346 Argentomove,
2648 5290 2676 5346 ε
2700 5271 2848 5326 circa
2871 5267 3230 5346 .quod__casus
3259 5266 3350 5346 hic
3383 5279 3508 5346 acet
3547 5267 3784 5346 ithanno

2183 5335 2322 5400 1198
2355 5357 2487 5413 quo,
2514 5351 2572 5397 ut
2594 5335 2883 5413 infra_c_ap.
2907 5335 2978 5413 *7,
3009 5338 3254 5404 dicetur,
3299 5335 3458 5407 Hugo
3491 5337 3554 5390 in
3590 5335 3685 5393 die
3725 5337 3782 5390 S.

2179 5409 2466 5486 Augustini
2490 5411 2722 5486 accessit
2743 5409 3085 5486 iliéhardum
3109 5421 3316 5478 regem.

2251 5475 2402 5556 (177)
2426 5483 2598 5556 iAnno
2629 5481 2883 5556 videlicet
2901 5475 3204 5556 prmntisso}
3245 5493 3354 5556 quo
3379 5475 3696 5556 juxtacap.
3727 5477 3784 5538 9,

2180 5547 2276 5612 rei
2304 5547 2625 5625 ab'l-lugone
2659 5547 2944 5608 duodecim
2981 5547 3085 5606 sibi
3119 5549 3266 5603 tnitti
3301 5549 3463 5618 petiit
3495 5547 3732 5606 ditiores
3755 5559 3786 5602 ο

2180 5628 2390 5699 gremio
2419 5625 2677 5699 E_c_clesi:e
2707 5637 2838 5699 suat.

2253 5695 2402 5769 (178)
2442 5689 2544 5763 Qui
2567 5709 2686 5766 cap.
2711 5695 2766 5764 4,
2792 5691 3091 5764 appellatur
3111 5687 3462 5746 Laurentius.
