3962 6404
182 352 329 413 1053

1537 357 1717 419 VlTA.
1747 389 1818 402 -—
1854 358 1986 420 LIB.
2023 361 2092 418 Υ.

3327 390 3464 448 1031

176 484 280 541 per
324 467 534 576 orando
561 478 620 576 et
649 470 1005 576 absolutionis
1035 452 1366 576 suffragium
1417 474 1768 576 porrigendo,
1803 477 1846 536 Α
1877 473 2193 576 inferemus.
2219 479 2276 536 in
2304 491 2402 541 nos
2427 484 2594 543 etiam
2617 488 2927 562 aliquorum
2974 495 3114 556 forte
3164 501 3470 576 indignatio
3525 537 3539 569 .-

176 576 301 618 eam
332 561 580 618 Creatori
620 565 1028 621 commendaret
1055 574 1113 620 ιιι
1138 565 1208 620 ad
1233 564 1492 637 fatigatos
1521 566 1636 636 jam
1663 583 1774 638 prae

177 654 385 710 diutina
411 657 823 725 exspectatione
846 657 1042 713 saltem
1070 665 1193 729 post
1217 673 1402 714 moras
1431 658 1772 730 longissimas

176 750 364 806 venire
389 749 617 806 ulterius
642 764 749 806 non
778 749 1044 807 tardaret.
1069 750 1174 819 Qui
1213 751 1315 807 sibi
1344 753 1448 807 ista
1478 767 1773 824 suggeren-

173 841 322 898 tibus
349 857 455 899 non
503 841 628 897 sine
670 841 957 913 cujusdam
987 843 1429 913 reprehensionis
1477 845 1772 916 asperitate

120 944 136 952 ‘
175 933 478 1003 respondit,
531 936 587 990 c't
618 948 813 1004 quare,
841 934 1042 1005 inquit,
1091 951 1198 991 non
1257 937 1544 993 advertitis
1581 952 1770 994 vocem

174 1021 392 1080 Domini
445 1026 621 1082 nostri
675 1041 772 1082 ore
815 1043 975 1084 sacro
1019 1028 1298 1100 loquentis
1330 1046 1344 1083 :
1383 1049 1401 1081 ι
1430 1029 1581 1085 Meus
1616 1030 1771 1088 cibus

171 1123 282 1180 est,
302 1123 363 1171 ut
392 1114 593 1174 faciam
620 1116 959 1174 voluntatem
1020 1119 1204 1176 Patris
1255 1121 1388 1187 mei,
1412 1122 1504 1192 qui
1531 1122 1583 1176 in
1614 1121 1770 1182 caelis

169 1207 290 1266 ea?
320 1226 336 1260 ι
373 1206 556 1280 (Joan.
595 1224 668 1275 tv,
691 1209 809 1282 34.)
845 1211 956 1267 Nec
978 1211 1133 1283 plura
1175 1213 1410 1279 locutus,
1459 1214 1770 1288 intermisso

169 1295 347 1353 instar
384 1299 561 1356 sancti
603 1300 788 1355 Tobia:
833 1303 1089 1372 prandio,
1114 1303 1323 1366 maluit,
1355 1313 1415 1357 ut
1453 1313 1635 1358 monet
1665 1303 1769 1359 Sa-

167 1388 344 1458 piens,
379 1407 398 1442 ι
436 1390 515 1445 ire
541 1389 607 1445 ad
638 1391 858 1446 domum
881 1392 1079 1460 luctus,
1109 1410 1271 1464 quam
1302 1395 1369 1449 ad
1391 1394 1609 1450 domum
1636 1410 1769 1450 con-

165 1481 295 1536 vivii
326 1481 524 1553 (Eccle.
542 1499 638 1548 vu,
663 1484 738 1555 5).
755 1504 774 1537 ι
804 1483 905 1539 lvit
929 1486 1112 1556 igitur,
1137 1486 1536 1557 plurimumque
1557 1505 1624 1544 ex
1645 1504 1771 1543 san-

165 1571 376 1628 ctitatis
435 1589 547 1630 suae
597 1576 886 1645 praesentia
937 1575 1182 1648 lugentes
1247 1577 1588 1643 consolatus,
1642 1594 1768 1634 cum

164 1663 459 1732 scpeliens,
511 1665 602 1734 qui
653 1665 960 1737 lugebatur,
994 1682 1024 1720 a
1054 1667 1226 1730 luctu.
1280 1678 1336 1722 ut
1369 1669 1459 1740 pie
1505 1669 1766 1735 creditur,

162 1752 390 1810 Christo
427 1757 744 1825 miserante,
761 1757 971 1813 orando
1007 1757 1263 1814 absolvit.

1875 571 2260 640 concitabitur,
2285 580 2647 636 assercntinm
2677 585 2823 653 quod
2853 585 3150 649 inhumane
3169 571 3340 654 cladis
3367 599 3470 655 hu-

1874 675 2073 729 manae,
2104 666 2268 723 sortis
2316 669 2654 729 moribundae
2677 713 2692 738 ,
2742 690 3089 736 communem
3129 697 3427 745 aerumnam
3452 729 3470 757 ,

1875 767 2042 847 quam
2083 759 2509 828 conspeximus,
2563 765 2798 833 publicis
2853 770 3077 828 auribus
3133 775 3468 847 ingeramus.

1874 845 2164 912 Caeterum,
2191 852 2316 920 quia
2340 869 2404 908 ex
2431 854 2516 910 his
2540 869 2805 929 susceptae
2832 861 3108 922 relationis
3150 845 3331 938 portio
3355 889 3474 927 ma-

1873 953 1978 1009 gna
2011 941 2300 1010 dependet,
2344 955 2698 1019 nostramque
2749 951 2802 1007 in
2847 953 2934 1010 his
2985 957 3166 1025 potius
3212 960 3473 1020 deflemus

1872 1031 2152 1123 miseriam
2175 1051 2336 1106 quam
2353 1039 2542 1096 alienae
2563 1042 2884 1114 calamitati,
2911 1050 3054 1120 quod
3079 1050 3221 1108 Deus
3237 1064 3468 1123 avertat,

1874 1120 2220 1216 insultamus,
2244 1128 2515 1194 audiatur,
2556 1133 2623 1187 ad
2662 1136 2904 1192 omnium
2958 1139 3272 1209 utilitatem,
3320 1120 3472 1216 quod

1873 1214 2123 1271 dicimus.
2163 1217 2247 1274 Sit
2276 1231 2460 1276 notum
2492 1223 2820 1292 viventibus,
2853 1229 2918 1284 ad
2950 1229 3270 1290 humilitatis
3293 1214 3472 1306 profe-

1871 1313 2044 1373 ctum,
2072 1311 2214 1378 quod
2239 1311 2472 1367 innotuit
2500 1314 2554 1369 in
2579 1315 2836 1374 defuncto
2866 1321 2934 1376 ad
2984 1322 3229 1381 horroris
3282 1343 3472 1384 cumu-

1868 1396 2004 1453 lum.
2031 1398 2115 1454 Sit
2141 1403 2468 1474 quandoque
2497 1408 2662 1462 etiam
2715 1413 3129 1484 exstinguendis
3159 1418 3224 1472 ad
3253 1419 3470 1476 virtutis

1871 1489 2274 1546 temulationem
2306 1493 2565 1563 id,‘quod
2597 1499 2736 1554 vivis
2787 1503 2932 1556 circa
2977 1505 3328 1574 defunctum,
3382 1510 3472 1564 cui

1871 1578 2197 1667 propitietur
2229 1580 2390 1644 licus,
2426 1584 2494 1638 ad
2518 1584 2833 1643 intuendum
2876 1592 3123 1650 exhibuit
3168 1604 3467 1667 stuporem.

1953 1665 2134 1725 Visum
2161 1672 2455 1742 estjacens
2497 1678 2550 1732 in
2582 1678 2783 1735 feretro
2829 1683 3063 1740 cadaver
3111 1665 3469 1752 exstinctum.

1875 1775 2026 1816 more
2043 1763 2262 1831 quidem
2289 1769 2649 1835 quorumdam
2678 1772 2829 1828 vultu
2862 1775 3147 1842 nudatum,
3177 1779 3273 1833 sed
3299 1796 3469 1850 super

239 1847 486 1916 Quodam
516 1850 711 1906 iterum
747 1858 991 1922 tempore
1013 1852 1161 1924 (179)
1191 1852 1474 1908 Londonia
1498 1854 1564 1910 ad
1593 1870 1758 1925 gene-
1789 1841 1838 1904 Β
1871 1851 2164 1909 carbonem
2194 1855 2556 1928 denigratum.
2599 1862 2732 1918 Erat
2778 1879 2912 1922 sane
2959 1882 3156 1938 corpus
3202 1841 3470 1940 reliquum

166 1939 284 1994 rale
313 1939 641 2012 colloquium
665 1943 943 1999 accersitis
967 1943 1206 2014 praelatis
1227 1953 1282 2000 et
1316 1947 1634 2016 proceribus
1656 1947 1771 2003 An-

162 2030 310 2103 glire,
330 2031 726 2088 Lincolniensis
744 2033 1030 2105 episcopus
1051 2048 1116 2088 eo
1144 2035 1350 2104 pariter
1380 2035 1775 2106 advenit.Age-

162 2121 295 2174 bant
323 2135 536 2192 quoque
579 2121 729 2176 illum
761 2123 1146 2192 urgentissima
1171 2138 1282 2178 suae
1318 2124 1574 2181 Ecclesia:
1606 2141 1774 2197 nego-

165 2209 267 2276 tia,
285 2226 450 2282 super
473 2212 670 2282 quibus
692 2213 999 2268 necessario
1021 2223 1139 2268 erat
1160 2229 1282 2269 cum
1308 2216 1497 2276 amicis
1522 2217 1655 2281 suis,
1678 2216 1768 2286 qui

163 2304 234 2358 ad
253 2304 426 2357 locum
444 2301 842 2370 confluxerant,
882 2311 1235 2360 tractaturus.
1253 2304 1490 2380 Contigit
1505 2322 1633 2363 vero
1649 2323 1773 2376 pro-

162 2395 311 2450 xima
344 2394 432 2449 die
475 2409 597 2465 quae
632 2403 896 2450 statutum
949 2405 1246 2452 conventus
1296 2397 1441 2454 illius
1492 2401 1770 2469 praecessit

161 2491 331 2559 diem,
362 2491 651 2561 quemdam
679 2507 745 2547 ex
775 2477 1035 2562 prmlatis,
1084 2491 1176 2560 qui
1228 2502 1620 2561 convenerant,
1670 2509 1767 2549 su~

159 2583 272 2639 bita‘
301 2583 588 2654 prmveniri
636 2583 976 2654 aegritudine,
1035 2599 1198 2654 quam
1254 2600 1381 2642 mox
1427 2587 1594 2643 citato
1645 2588 1769 2644 vitae

165 2675 484 2730 terminavit
508 2675 636 2730 fine.
666 2673 742 2729 De
771 2689 881 2744 quo
911 2688 940 2728 a
970 2673 1156 2729 multis
1178 2672 1459 2730 ferebatur
1478 2676 1602 2746 quia
1633 2676 1768 2733 fuis-

162 2775 247 2823 set
269 2765 408 2838 gulre
431 2766 702 2822 illecebris
724 2766 843 2837 plus
864 2782 1026 2836 quam
1053 2768 1186 2822 satis
1211 2768 1480 2825 obnoxius
1506 2780 1561 2825 et
1593 2771 1644 2826 in
1671 2786 1768 2842 po-

164 2859 372 2914 tatione
418 2857 691 2928 superﬂua
746 2856 910 2913 nimis
959 2857 1234 2913 assiduus.
1287 2856 1452 2928 Cujus
1523 2858 1765 2915 discessu

162 2950 372 3015 audito,
396 2949 523 3006 licet
552 2949 601 3005 ei
631 2964 820 3020 parum
845 2957 1006 3005 notus
1047 2950 1373 3014 exstitisset,
1409 2950 1765 3007 nihilominus

163 3045 370 3108 intima:
400 3043 618 3114 pietatis
642 3043 944 3099 visceribus
969 3043 1144 3098 eidem
1167 3043 1467 3109 condoluit,
1496 3051 1550 3097 et
1575 3059 1674 3114 pro
1699 3058 1765 3099 eo

162 3134 308 3205 apud
346 3133 637 3188 Dominum
663 3131 985 3203 suppliciter
1015 3131 1342 3187 intercessit.
1382 3131 1642 3187 Protinus
1683 3143 1765 3187 ta-

162 3242 288 3282 men
319 3225 590 3298 explorari
616 3225 781 3297 jussit
810 3239 1049 3296 quonam
1075 3223 1204 3291 loci,
1251 3224 1388 3278 vela
1416 3226 1614 3295 quibus
1639 3241 1761 3296 per-
1802 3221 1824 3258 ’³

159 3320 312 3377 sonis
341 3320 482 3375 idem
505 3318 731 3375 deberet
762 3317 1016 3374 tumulari
1043 3357 1060 3384 ,
1089 3326 1146 3374 et
1166 3317 1509 3373 renuntiatur
1533 3317 1582 3372 ei
1635 3318 1763 3388 quia

157 3413 216 3469 in
245 3412 506 3469 Ecclesia.
530 3411 748 3468 Domini
794 3420 851 3468 et
893 3409 1194 3467 Salvatoris
1240 3409 1412 3465 nostri
1449 3411 1593 3481 apud
1635 3410 1766 3465 Ber-

161 3504 505 3562 mundesiam
530 3504 680 3577 (180)
702 3505 848 3584 foret
869 3503 1196 3568 humandas,
1221 3503 1315 3558 sed
1345 3501 1525 3557 nullus
1547 3502 1762 3573 episco-

155 3613 356 3669 porum
378 3599 494 3655 sive
521 3598 780 3654 abbatum
808 3595 928 3667 ejus
957 3596 1273 3653 crederetur
1301 3595 1588 3667 exsequias
1619 3595 1762 3652 cele-

153 3692 438 3750 braturus.
467 3689 659 3746 Nullus
698 3689 1004 3746 vicinorum
1057 3689 1219 3743 etiam
1270 3697 1366 3743 aut
1410 3687 1759 3744 familiarium

154 3799 259 3841 seu
283 3783 576 3838 cbarorum
605 3781 684 3836 illi
709 3781 985 3851 quondam
1030 3778 1256 3852 praelato
1298 3780 1493 3835 abesse
1543 3779 1760 3835 volebat

153 3876 280 3931 sive
315 3874 546 3930 audebat
576 3872 806 3928 solemni
830 3872 1142 3935 conventui,
1191 3871 1283 3940 qui
1333 3871 1420 3926 die
1463 3870 1762 3940 sepultura:

153 3967 310 4024 illius
341 3968 483 4037 apud
511 3955 1058 4022 Westmonasterium
1083 3961 1270 4020 debuit
1317 3963 1554 4017 aduniri.
1605 3962 1758 4031 Quod

148 4060 448 4131 episc0pus
498 4057 723 4114 audiens
745 4097 760 4122 ,
793 4075 812 4108 ι
841 4055 1011 4112 noluit
1031 4055 1192 4119 Deus,
1244 4055 1436 4125 inquit,
1465 4056 1606 4124 quod
1641 4055 1760 4114 talis

147 4165 420 4223 persona,
461 4159 537 4206 tot
561 4150 796 4205 modoin
835 4149 937 4204 hac
961 4147 1168 4217 pariter
1194 4147 1329 4201 urbe
1369 4146 1518 4218 (181)
1577 4147 1758 4203 consi-

147 4241 432 4298 steutibus
467 4239 725 4312 praelatis,
755 4239 808 4293 in
841 4238 944 4294 hac
972 4252 1225 4308 suprema
1252 4237 1584 4292 necessitate
1605 4238 1760 4293 dese-

148 4342 318 4389 ratur
340 4333 406 4386 ab
437 4332 690 4388 omnlbus
726 4330 903 4386 nobis.
933 4329 1050 4384 Non
1084 4329 1158 4384 ita
1203 4328 1464 4384 faciemus
1509 4329 1758 4398 proximo
1787 4325 1791 4332 ’

147 4433 371 4487 nostro,
403 4437 501 4478 nec
526 4422 671 4477 enim
698 4422 801 4478 hoc
825 4420 927 4476 sibi
955 4420 1074 4490 quis
1099 4419 1213 4474 fieri
1240 4419 1401 4474 vellet
1419 4420 1487 4475 ab
1511 4419 1634 4476 alio.
1661 4438 1680 4472 ι

231 4512 531 4584 Dispositio
560 4512 744 4582 igitur,
778 4519 840 4566 ut
867 4510 1131 4580 quosdam
1163 4525 1230 4564 ex
1256 4509 1369 4563 suis
1408 4509 1651 4564 mitteret
1689 4509 1756 4563 ad

147 4606 397 4672 curiam,
424 4605 514 4676 qui
539 4614 594 4660 et
624 4618 778 4659 suam
804 4602 1022 4658 interim
1061 4608 1390 4657 excusarent
1431 4600 1758 4665 absentiam,

149 4711 326 4754 mane
349 4695 490 4752 facto
519 4695 762 4766 perrexit
788 4693 857 4748 ad
884 4691 1249 4749 exhibendam
1291 4690 1549 4746 defuncto
1581 4690 1762 4762 sepul-

150 4799 364 4844 turam.
395 4787 494 4844 Ubi
525 4787 613 4843 die
636 4787 773 4857 ipsa,
807 4785 852 4841 si
875 4799 939 4840 ea
968 4798 1090 4856 quae
1119 4783 1260 4846 visu,
1288 4782 1370 4838 vel
1397 4798 1518 4852 quae
1541 4783 1606 4837 de
1625 4782 1762 4838 olfa-

146 4889 276 4946 ctu,
306 4880 584 4936 hausimus
605 4879 659 4934 in
689 4878 927 4934 medium
955 4875 1324 4948 proferremus
1357 4873 1538 4948 [Cod.,
1581 4873 1761 4945 profe-

148 4970 374 5045 ramus]
405 5012 420 5038 ,
463 4971 743 5028 horrorem
803 4983 935 5024 sane
985 4975 1040 5023 et
1085 4975 1361 5037 stuporem
1419 4966 1761 5024 audientibus

234 5111 386 5179 (I79)
425 5109 482 5164 In
511 5109 691 5164 annal.
722 5106 981 5179 Ecclesiae
1005 5105 1251 5179 Winton.
1286 5104 1719 5179 apudWhar-tou
1740 5143 1757 5169 ,

147 5175 309 5252 part.
344 5175 380 5245 ιζ
409 5181 570 5252 Augl.
601 5181 726 5252 Sac.
751 5195 808 5249 p.
845 5176 985 5252 505,
1000 5177 1066 5231 ad
1098 5192 1300 5230 annum
1329 5175 1487 5252 1188,
1519 5175 1756 5252 legitur:

155 5247 176 5303 ἱ
222 5252 375 5308 Obiit
415 5247 601 5307 Simon
644 5247 810 5304 abbas
854 5251 920 5304 de
958 5249 1187 5303 Pcrsora
1235 5248 1375 5316 apud
1417 5247 1755 5301 Bermunde—

149 5325 336 5377 sciam
370 5338 420 5377 Iv
465 5322 587 5376 ldus
618 5320 762 5375 Maii.
804 5339 822 5372 ι
852 5319 919 5374 Ει
953 5320 1146 5374 iterum
1174 5319 1243 5372 ad
1269 5317 1518 5371 eumdem
1553 5331 1756 5369 annum

154 5395 217 5467 iu
240 5394 432 5467 annal.
464 5392 737 5467 \Yigorn.,
765 5406 818 5460 p.
852 5389 988 5467 478;
1021 5407 1040 5440 ι
1091 5389 1281 5467 Simon
1316 5386 1759 5467 abbasfersora:

150 5465 325 5524 obiit.
359 5457 643 5518 Anselm'us
686 5457 967 5524 succedit,
993 5470 1048 5515 et
1090 5459 1428 5516 benedicitur
1465 5457 1761 5528 Wigorniae

153 5534 253 5589 die
283 5532 536 5588 Omnium
575 5531 920 5588 Sanctorum.
958 5550 976 5583 ι
1004 5531 1083 5584 Ex
1113 5545 1231 5600 quo,
1248 5529 1438 5600 colligi
1479 5527 1642 5583 datur
1671 5527 1759 5584 hic

153 5605 338 5659 relata
367 5605 613 5658 evenisse
648 5617 790 5658 anno
817 5602 980 5665 1198,
1005 5598 1189 5655 mense
1216 5598 1378 5654 Maio.

237 5675 388 5799 (1802
427 5675 746 5730 Cmnobium
775 5673 826 5726 in
853 5689 982 5743 :tgro
1009 5671 1369 5742 Surregiensi,
1389 5671 1535 5727 circa
1557 5684 1761 5750 annum

237 5746 328 5799 8'2.
382 5747 570 5799 ululari
616 5751 873 5799 coeptum.
914 5742 1122 5795 ordinis
1165 5742 1574 5799 Cluuiacensis.
1604 5754 1759 5799 cuius

164 5742 328 5806 108'2,
359 5742 570 5799 fundari
616 5751 873 5814 emptum,
895 5742 1122 5814 ordinis
1165 5742 1540 5814 Cluniacensis
1560 5783 1574 5806 ,
1604 5742 1759 5808 cujus

159 5818 546 5872 bencl'actores
577 5831 682 5869 una
702 5811 829 5868 cum
862 5813 1067 5868 chartis
1101 5811 1423 5882 quibusdam
1457 5812 1525 5866 ad
1556 5826 1758 5866 annum

538 5909 815 5967 Ριτιιοι.
857 5904 1043 5967 CLlll
1057 5949 1072 5964 .

1793 4543 1840 4599 D

1878 1943 1999 2000 alba
2023 1946 2371 2012 sacerdotali,
2397 1951 2492 2006 sed
2509 1962 2566 2008 et
2589 1955 2774 2010 casula
2803 1956 3073 2024 indutum,
3116 1959 3211 2014 sed
3237 1973 3348 2027 prae
3381 1970 3469 2016 tu—

1878 2051 2029 2092 more
2055 2039 2223 2096 nimio
2260 2041 2346 2096 vix
2374 2044 2578 2100 eisdem
2609 2046 2902 2102 inclusum.
2933 2048 3090 2115 Nam,
3125 2066 3250 2107 cum
3290 2053 3469 2108 adhuc

1867 2124 2076 2182 .dudum
2107 2131 2456 2199 vegetabatur
2482 2134 2700 2204 spiritu,
2728 2136 2804 2191 ita
2828 2139 3076 2208 grossitie
3097 2141 3472 2198 vehementior

1879 2221 2123 2277 tumebat
2165 2233 2224 2278 ut
2254 2223 2344 2279 vix
2374 2226 2588 2296 spirare
2639 2230 2924 2298 potuisset.
2981 2230 3102 2286 Jam
3131 2247 3279 2298 vero,
3311 2244 3466 2304 post-

1875 2323 2037 2378 quam
2064 2313 2455 2380 exSpiraverat,
2491 2315 2628 2373 adeo
2659 2318 2872 2374 interna
2913 2321 3094 2377 sanies
3139 2331 3192 2377 et
3242 2324 3465 2378 torrid-ae

1873 2404 2077 2458 mstatis
2105 2403 2257 2474 ignea
2287 2405 2638 2477 intemperies
2666 2409 3006 2466 distendebat
3035 2414 3366 2479 exanimem,
3402 2424 3468 2469 ut

1872 2494 2219 2550 cernentibus
2264 2497 2632 2568 prodigiosum
2668 2500 2968 2557 videretur.
2997 2500 3198 2558 Verum
3221 2505 3366 2575 quod
3393 2506 3469 2560 ita

1869 2580 1945 2638 ibi
1970 2582 2264 2640 luminibus
2286 2587 2529 2656 patebat,
2559 2588 2838 2646 tolerabile
2867 2590 3081 2657 fuisset,
3112 2595 3155 2650 si
3187 2609 3286 2652 suo
3307 2611 3469 2654 nares

1869 2673 2138 2743 supplicio
2168 2691 2358 2732 carere
2381 2679 2703 2746 potuissent.
2736 2681 2952 2750 Caneri,
2978 2701 3115 2756 quos
3139 2685 3341 2742 feretro
3370 2689 3459 2742 in-

1871 2768 2082 2824 terdum
2112 2771 2494 2840 approximare
2515 2772 2593 2828 rei
2615 2775 2749 2829 ordo
2770 2777 3053 2844 poscebat,
3087 2794 3268 2847 nares,
3311 2781 3469 2837 thure

1867 2857 2133 2926 immisso,
2165 2861 2354 2918 aliisve
2399 2865 2734 2920 aromatibus
2761 2867 2866 2922 sibi
2892 2869 3314 2938 praecludebant,
3346 2884 3466 2926 ma-

1867 2951 2029 3007 nibus
2055 2967 2271 3024 quoque
2295 2969 2461 3010 suave
2494 2955 2794 3028 fragrantia
2843 2961 3090 3030 quedam
3135 2964 3218 3034 ori
3269 2964 3467 3034 sapius

1867 3042 2183 3111 apponenda
2207 3043 2478 3100 tenebant.
2501 3043 2662 3102 Solus
2677 3047 2984 3120 episcopus,
3013 3065 3120 3122 quo
3143 3033 3321 3107 t’amen
3346 3033 3467 3108 nul.

1869 3132 2327 3192 liusinveniretur
2348 3153 2480 3196 nare
2509 3142 2778 3212 sagacior,
2808 3152 2863 3199 et
2885 3143 3065 3201 nullus
3107 3146 3233 3202 tetri
3259 3146 3465 3204 nidoris

1865 3229 2228 3299 aspernatior,
2260 3231 2332 3286 ita
2357 3239 2536 3288 tamen
2564 3233 2759 3290 horum
2785 3235 2919 3290 nihil
2946 3236 3090 3308 (qum
3135 3237 3317 3296 levare
3345 3248 3466 3294 arte

1864 3317 2042 3374 solent
2067 3320 2212 3376 aeris
2235 3323 2623 3395 corruptelam)
2649 3325 2967 3392 admittens,
2993 3326 3199 3394 iacenti
3225 3330 3462 3392 astabat,

1865 3421 1922 3465 et
1949 3411 2361 3477 obambulabat,
2399 3429 2468 3469 ac
2498 3414 2543 3469 si
2577 3430 2683 3470 non
2710 3416 2764 3470 in
2787 3416 3010 3483 feretro,
3059 3419 3157 3475 sed
3195 3418 3250 3475 in
3303 3419 3464 3475 cunis

1863 3511 2336 3572 agentemmater
2381 3507 2666 3576 parvulum
2715 3523 2874 3565 suum
2922 3510 3153 3566 fovendo
3176 3512 3461 3568 circuiret.

1863 3594 1994 3652 Post
2020 3595 2155 3662 haec,
2189 3610 2310 3652 cum
2342 3598 2410 3653 ad
2437 3614 2595 3654 suum
2644 3615 2704 3656 se
2755 3601 3074 3659 contulisset
3121 3603 3414 3674 hospitium
3442 3644 3459 3666 ,

1862 3687 2085 3756 quidam
2109 3701 2176 3742 ex
2204 3687 2320 3743 suis
2372 3688 2755 3758 formidantes,
2809 3706 2879 3746 ne
2929 3690 3072 3747 forte
3098 3707 3166 3747 ex
3199 3690 3463 3761 inspirata

1863 3779 2007 3835 aeris
2027 3781 2279 3852 contagio
2307 3781 2438 3851 quid
2461 3783 2609 3837 illius
2629 3783 2944 3853 praecordiis
2967 3783 3270 3847 indidisset,
3297 3797 3461 3853 super

1863 3873 1967 3930 hoc
1993 3874 2332 3944 interrogare
2361 3885 2669 3946 eruperunt.
2701 3875 2849 3944 Quos
2875 3877 2991 3946 ipse
3031 3875 3320 3946 reputabat
3365 3889 3460 3930 er-

1864 3978 2009 4028 rare,
2041 3979 2140 4020 nec
2171 3965 2469 4035 quidquam
2513 3979 2611 4022 eos
2659 3967 2884 4022 insuave
2936 3965 3136 4022 ibidem
3187 3966 3459 4027 hausisse.

1863 4057 1953 4113 ubi
2007 4058 2239 4127 ipsemet
2293 4061 2425 4129 (quo
2471 4057 2652 4115 nullus
2678 4073 2866 4114 eorum
2917 4059 3200 4114 subtiliore
3241 4059 3463 4130 vigebat

1860 4148 2112 4218 odoratu)
2145 4147 2218 4202 nil
2242 4149 2396 4204 triste
2417 4149 2631 4220 spirans
2655 4149 2710 4204 in
2734 4149 2853 4205 loco
2875 4148 3157 4204 sensisset.
3189 4147 3458 4202 Nimirum

1862 4239 2067 4296 Christi
2090 4243 2265 4298 bonus
2294 4243 2448 4309 odor,
2477 4243 2568 4314 qui
2597 4243 2697 4299 sibi
2727 4257 2916 4300 revera
2950 4241 3055 4298 fuit
3074 4242 3212 4298 odor
3230 4241 3372 4305 vitae,
3402 4242 3458 4297 in

1862 4332 1974 4386 vita
2005 4333 2180 4404 ipsum
2212 4333 2445 4391 faciebat
2469 4335 2659 4391 mortis
2690 4345 2938 4406 putorem
2964 4335 3181 4406 penitus
3207 4350 3310 4391 non
3337 4350 3462 4390 sen-

1865 4422 1982 4477 lire.
2818 4444 2820 4446 ν

2064 4505 2069 4509 ’
2499 4517 2730 4572 CAPUT
2768 4517 2851 4571 Ill.

1866 4625 1943 4679 De
1999 4626 2330 4680 contentione
2379 4628 2516 4681 inter
2568 4628 2735 4696 ipsum
2765 4637 2816 4681 et
2869 4627 3109 4681 comitem
3150 4625 3460 4696 Leycr’slriw

1936 4711 2094 4764 super
2132 4711 2267 4764 pago
2305 4698 2535 4766 quodam
2588 4695 2904 4766 Leycestria:
2929 4695 3340 4766 contigua-41:1
3379 4707 3457 4750 est

1935 4766 2032 4820 hoc
2061 4767 2116 4820 in
2139 4765 2328 4833 magna
2364 4766 2484 4821 Vita
2508 4767 2604 4822 sub
2624 4765 2854 4836 capitulo
2865 4765 3114 4824 secundo.

1935 4876 2034 4932 Die
2061 4878 2308 4947 sequenti
2335 4877 2482 4948 (182)
2520 4891 2644 4932 cum
2672 4876 2910 4931 venisset
2947 4877 3014 4931 ad
3041 4876 3269 4943 curiam,
3303 4880 3457 4949 gravi

1862 4969 2027 5040 coepit
2043 4968 2246 5040 pulsari
2264 4968 2535 5024 calumnia
2557 4983 2652 5038 per
2672 4967 2924 5024 comitem
2940 4967 3088 5041 (185)
3106 4967 3456 5042 Leycestrizs,

1863 5120 2047 5178 usque
2076 5106 2212 5161 1117
2264 5113 2652 5178 eminueruntur
2699 5105 2751 5178 in
2793 5102 3090 5160 Monastico
3138 5105 3442 5178 Anglicano

1864 5175 1997 5231 tom.
2031 5176 2072 5241 Ι,
2104 5192 2225 5247 pag.
2259 5176 2362 5231 659
2389 5186 2444 5231 et
2469 5175 2772 5246 sequentib.

1865 5303 1872 5308 ,
1931 5247 2077 5319 (181)
2120 5246 2470 5319 Londineusi,
2500 5264 2529 5300 a
2557 5263 2661 5318 qua
2687 5247 3090 5319 Bermuudseia.
3116 5255 3232 5311 aut,
3264 5256 3325 5304 ut
3359 5249 3446 5305 hic

1861 5317 2141 5382 scribitur,
2177 5317 2694 5373 Bermundesia'uon
2725 5318 2883 5386 longe
2913 5317 3171 5372 distabat.

1934 5388 2083 5458 (182)
2125 5387 2254 5443 Post
2291 5389 2496 5458 praelati
2533 5389 2661 5444 dicti
2691 5389 3044 5458 sepulturam.
3090 5386 3242 5443 Unde
3277 5387 3452 5457 conji—

1861 5458 2003 5514 citur
2047 5459 2211 5512 etiam
2246 5459 2370 5512 illud
2394 5460 2645 5530 generale
2665 5458 2990 5529 colloquium
3014 5458 3362 5530 prielatorum
3398 5468 3457 5514 et

1861 5543 2147 5598 procerum
2179 5545 2322 5584 anno
2352 5529 2490 5585 H98
2514 5573 2528 5597 ,
2565 5533 2616 5586 iu
2652 5531 2791 5585 Maio
2825 5530 2997 5584 fuisse
3029 5529 3306 5593 habitum,
3335 5543 3445 5598 quo

1861 5599 2059 5671 soluto.
2090 5599 2240 5671 Hugo
2270 5602 2638 5657 transfretavit
2663 5604 2730 5656 ad
2751 5615 2974 5671 regent._

1955 5669 2082 5738 185)
2121 5670 2289 5738 Cujus
2333 5675 2707 5741 progenitores
2759 5668 3129 5724 fundaveruut
3179 5668 3454 5741 abbatiam

1861 5741 2296 5814 apudEtouiam
2336 5740 2394 5796 in
2439 5740 2574 5814 agro
2619 5741 2996 5814 Warwicensi,
3036 5751 3093 5800 et
3143 5740 3454 5814 caenohium

1866 5811 2200 5869 Lulfeldense
2248 5814 2298 5866 iu
2332 5829 2461 5883 agro
2484 5811 3003 5877 'Nortbamtonensi,
3038 5822 3174 5866 teste
3221 5812 3450 5877 Monast.

3022 5903 3100 5964 33
