3962 6400
566 381 710 443 M35

1448 367 1506 423 Β.
1549 360 1855 423 H'UGONIS
1887 353 2104 416 EPISC.
2135 344 2457 414 LINCOLN.
2493 349 2656 410 0RD.
2711 349 2968 408 CARTH.

3623 352 3717 411 W36

568 493 878 571 qni‘pag'nm
903 489 1190 561 optimum,
1217 483 1391 540 eidem
1419 479 1908 571 urbicon‘tigttnm,
1939 476 2042 547 ipsi
2071 476 2152 571 ni:
2179 480 2231 538 Α
2327 470 2798 571 futatim—.El
2811 471 3045 571 tertium.
3077 457 3350 571 capitulum
3373 467 3424 523 in
3443 485 3598 571 magna
3625 470 3726 571 Vitr.

572 565 1054 645 tebatur’auferre.
1075 573 1460 648 Suggerebant
1489 570 1655 626 etim
1703 569 1961 638 episcopo
1994 565 2155 621 amici

2334 565 2431 622 Die
2454 566 2687 637 quadarn
2711 563 2861 636 (186)
2897 563 3222 618 consistente
3245 563 3474 634 episcopo
3495 565 3540 618 in
3557 567 3727 622 manetis

572 688 629 736 et
665 671 964 733 consiliarii
997 669 1169 740 ipsius
1199 672 1468 738 quatenus
1513 677 1635 718 cum
1689 659 2006 716 adversario
2058 657 2158 712 sub
2256 658 2397 731 juris
2423 658 2530 724 sui,
2561 656 2708 727 quod
2732 655 3065 711 Bukkcdena
3104 665 3445 726 nuncupatur,
3468 668 3719 715 venerant:

567 770 726 842 pacis
755 767 926 822 forma
959 762 1315 830 transigeret,
1363 763 1726 828 proponentes
1770 752 1933 807 multa
1986 765 2164 806 causa:

579 875 710 923 sum,
740 853 1154 928 quamvisxsatis
1185 849 1367 919 justas,
1399 844 1757 902 formidanda.
1796 842 1898 911 Qui
1925 842 2168 913 pertina-

579 948 958 1010 ciam‘comitis
976 957 1142 1016 atque
1171 940 1516 998 insolentiam
1559 937 1782 992 nimiam
1819 942 2164 1004 aspernatus,

578 1041 832 1098 omnibus
872 1033 1200 1094 consiliariis
1249 1031 1362 1087 suis
1409 1043 1534 1085 cum
1586 1039 1814 1097 magna!
1851 1021 2168 1079 assertionis

581 1132 774 1189 fiducia
801 1130 976 1185 dixit:
1012 1144 1033 1178 ο
1067 1124 1265 1181 Sciatis
1288 1137 1387 1193 pro
1407 1119 1717 1189 certoquia
1749 1131 1837 1171 me
1867 1117 1918 1170 in
1950 1115 2054 1170 hac
2088 1114 2174 1168 lu-

581 1239 646 1279 ce
676 1221 968 1292 superstite
997 1219 1102 1274 iste
1145 1216 1453 1270 nullatenus
1489 1212 1650 1280 hujus
1699 1225 1811 1266 sua:
1853 1206 2172 1263 intentionis

579 1330 763 1385 prava:
800 1311 1057 1366 sortietur
1094 1307 1363 1364 effectura.
1396 1303 1606 1358 Habeat
1629 1316 1760 1370 ergo
1787 1299 1855 1354 ad
1879 1313 1993 1354 sua:
2040 1311 2170 1352 suo-

583 1421 811 1476 rumque
833 1402 1195 1459 danmationis
1217 1398 1490 1454 cumulum
1514 1410 1722 1464 gnerrae
1741 1393 2014 1463 quondam
2036 1401 2171 1446 tem-

581 1511 714 1566 pore
738 1502 952 1550 extorta
995 1491 1260 1546 violenter
1289 1489 1646 1542 instrumenta
1697 1485 2041 1548 chartarum;
2078 1497 2175 1538 nos

499 1575 504 1610 ί
589 1596 779 1641 autem
804 1582 1190 1655 patrimonium
1223 1579 1454 1634 dominae
1479 1585 1698 1641 nostrae,
1731 1575 1943 1630 tuitioni
1975 1582 2175 1629 nostrae

584 1677 875 1739 creditum,
932 1674 1045 1742 ipsa
1075 1670 1386 1740 adiuvante,
1427 1669 1553 1723 dum
1601 1668 1987 1732 advixerimus,
2033 1666 2175 1722 inte-

586 1781 745 1837 grum
773 1763 1146 1828 retinebimus,
1186 1769 1242 1815 et
1285 1761 1338 1814 in
1386 1759 1533 1815 nullo
1567 1758 1780 1828 penitus
1827 1757 2171 1812 diminutum.

3735 793 3773 869 /

2263 753 2414 809 illum
2438 752 2666 823 quidam
2692 750 2965 816 monachi,
3000 751 3382 820 praesentantes
3419 752 3466 807 ei
3501 753 3556 808 ad
3582 753 3715 811 bened

2266 846 2495 904 cendum
2528 853 2709 900 vestes
2736 841 3122 908 sacerdotaies,
3150 849 3206 896 et
3233 841 3442 898 calicem
3467 857 3600 898 unum
3632 846 3728 900 vste,

2265 938 2594 1011 speciosum.
2617 935 2917 1007 Episcopus
2943 943 3074 990 tunc
3095 951 3125 990 a
3149 934 3412 1006 sepultura
3426 933 3702 1003 cujusdam:

2266 1033 2465 1089 vientis
2479 1029 2764 1086 Laurentii
2797 1027 3219 1086 Bedefordcnsis
3260 1027 3583 1086 archidiaconi
3613 1033 3653 1087 in
3680 1049 3696 1090 ς

2268 1125 2491 1182 clesiam
2520 1131 2748 1180 venerat
2777 1137 2934 1179 sacra
2962 1122 3249 1178 missarum
3278 1121 3512 1178 solemnia
3530 1124 3685 1179 celebra

2271 1231 2383 1272 rus.
2425 1215 2558 1271 Erat
2577 1228 2708 1268 vero
2759 1211 3080 1277 Sabbatum,
3113 1226 3222 1282 quo
3259 1227 3458 1283 semper
3483 1213 3570 1281 die,
3586 1216 3620 1270 si
3643 1231 3686 1269 ra
3711 1246 3723 1269 ,η

2271 1317 2375 1374 ret,
2426 1307 2494 1362 de
2553 1306 2708 1360 beata
2753 1302 2846 1360 Dei
2901 1303 3162 1375 genitrice
3203 1303 3367 1358 Maria
3417 1315 3509 1359 tam
3561 1306 3675 1360 dium

2273 1414 2435 1470 quam
2469 1407 2793 1454 nocturnmn
2819 1395 3056 1452 ofﬁcium
3081 1396 3289 1452 solebat
3310 1395 3571 1453 celebrare.
3591 1398 3679 1470 Λᾶ(

2273 1506 2488 1563 quoque
2520 1491 2620 1546 sub
2640 1490 2727 1545 die
2757 1489 2847 1545 illo
2869 1489 3050 1560 plures
3077 1485 3314 1560 undique
3336 1489 3653 1544 confluxerant

2275 1584 2397 1649 rici,
2430 1581 2815 1639 ecclesiasticis
2848 1581 3151 1636 redditibns
3209 1580 3481 1635 admodum
3505 1581 3643 1636 ditati.

2276 1692 2407 1732 vero
2430 1676 2482 1730 in
2511 1674 2752 1731 Ecclesia
2772 1673 2886 1744 jam
2914 1673 3272 1743 praesentibus
3307 1674 3565 1744 episcopus
3595 1673 3666 1729 cali

2278 1769 2527 1839 superius
2582 1774 2940 1822 memoratum
2995 1765 3048 1819 in
3107 1764 3376 1833 manibus,
3413 1773 3468 1819 ut
3504 1780 3666 1821 consen

530 1888 532 1890 τ
583 1854 898 1928 Cuiusmodi
928 1853 1160 1908 assertio
1187 1853 1458 1923 plerisque
1495 1861 1622 1906 tunc
1658 1851 1793 1905 viris
1819 1848 2174 1921 prudentibus
2203 1838 2251 1898 Β
2278 1838 2424 1927 eum,
2459 1861 2674 1916 “nebat
2701 1860 2982 1914 nudatum,
3014 1857 3185 1925 Quem
3214 1873 3436 1915 cernens
3469 1858 3656 1923 meum),

573 1949 764 2004 minus
793 1947 1141 2003 considerate
1187 1947 1471 2002 videbatur
1515 1946 1735 2010 emissa,
1790 1960 1913 2000 cum
1942 1952 1998 2000 et
2032 1943 2177 1999 colo-

583 2053 702 2092 rem
741 2036 1013 2106 tequitalis
1041 2035 1324 2106 prteferret
1376 2037 1520 2091 actio
1574 2036 1906 2106 impetentis,
1952 2033 2019 2090 et
2066 2043 2176 2090 tam

585 2127 730 2198 regis
755 2141 915 2197 quam
948 2141 1090 2197 pene
1113 2127 1278 2182 totius
1304 2125 1471 2181 curiae
1496 2125 1647 2181 favor
1671 2127 1723 2180 in
1745 2126 1964 2182 comitis
1987 2125 2178 2181 crede-

585 2227 737 2274 retur
766 2226 890 2273 vota
921 2232 1270 2273 concurrere.
1300 2217 1591 2272 Praevaluit
1635 2226 1816 2272 tamen
1857 2217 1962 2271 viri
2003 2198 2176 2272 sancti

587 2322 790 2375 sermo,
821 2308 1120 2379 eugitatum
1151 2323 1308 2364 suum
1340 2307 1652 2378 plenissime
1675 2306 1937 2378 jactantis
1989 2308 2042 2362 in
2073 2306 2177 2363 Do-

585 2399 757 2456 mino.

661 2491 739 2546 De
766 2505 874 2561 quo
921 2491 1088 2547 etiam
1129 2491 1376 2562 pluribus
1433 2492 1563 2548 illud
1618 2493 1815 2548 mirum
1872 2491 2173 2557 videbatur.

575 2583 714 2651 .qnia
746 2598 1019 2654 nunquam
1062 2598 1214 2640 more
1241 2583 1598 2640 celeberrimo
1654 2584 1756 2640 fori
1808 2585 2034 2652 laicalis,
2089 2583 2178 2640 ubi

586 2674 712 2732 lites
731 2675 838 2731 illa:
861 2675 1229 2744 agitabantur,
1261 2691 1320 2731 se
1343 2691 1443 2745 per
1467 2675 1858 2730 internuntium
1886 2674 1953 2730 de
1977 2674 2180 2745 impos-

586 2765 849 2823 sibilitate
901 2766 957 2820 in
1003 2765 1210 2836 judicio
1273 2765 1621 2833 comparandi
1669 2765 1836 2820 voluit
1891 2780 2176 2832 excusare,

583 2865 1010 2928 quantocunque
1051 2865 1340 2929 urgeretur
1371 2857 1686 2912 discrimine
1736 2872 1802 2913 ex
1852 2856 2178 2928 litigantium

577 2949 954 3020 improbitate,
983 2944 1054 3006 ne
1079 2948 1164 3004 vel
1195 2949 1428 3020 speciem
1465 2949 1732 3004 mendacii
1790 2949 2067 3006 videretur
2093 2949 2179 3004 in-

589 3034 850 3090 currisse.
878 3033 1009 3088 Post
1041 3031 1160 3101 ejus
1183 3048 1311 3088 vero
1343 3033 1627 3093 deceisum
1660 3032 1808 3105 (184)
1857 3049 2038 3090 comes
2061 3035 2182 3103 qui-

587 3124 715 3184 dem
740 3140 964 3196 pagum,
998 3138 1162 3194 quem
1208 3125 1448 3194 petebat,
1476 3126 1736 3193 obtinuit,
1778 3126 1874 3182 sed
1909 3126 1962 3180 in
2013 3126 2182 3182 conti-

579 3191 928 3285 ,nenti'leprte
955 3191 1280 3285 contagione
1320 3191 1630 3285 percussus,
1661 3191 1785 3271 mox
1819 3215 2068 3287 corporis
2085 3230 2182 3272 va-
2208 3191 2251 3249 θ

590 3306 855 3371 letudine,
875 3314 932 3362 et
959 3306 1108 3362 brevi
1138 3315 1260 3375 post
1278 3307 1444 3363 etiam
1479 3308 1589 3363 vita
1631 3323 1844 3374 carens,
1878 3309 2087 3380 absque
2112 3308 2179 3365 li-

593 3398 744 3456 beris
765 3397 1021 3454 decessit.
1041 3398 1183 3453 Ante
1199 3398 1354 3468 cujus
1367 3401 1582 3456 obitum
1596 3416 1720 3456 cum
1744 3401 1968 3457 fratrem
1992 3402 2182 3472 ipsius,

592 3488 906 3560 episcopum
941 3488 1195 3544 videlicet
1235 3487 1294 3544 S.
1321 3490 1555 3546 Andreae
1580 3493 1649 3547 de
1702 3491 1910 3560 Scotia,
1965 3493 2183 3564 plurimi

591 3585 930 3634 conarentur
981 3576 1035 3631 in
1065 3577 1381 3632 cathedram
1411 3579 1513 3634 viri
1545 3579 1664 3644 Dei,
1707 3581 1800 3650 qui
1829 3580 1942 3650 jam
1974 3583 2183 3652 pridem

593 3671 662 3726 ad
699 3668 988 3724 Dominum
1015 3667 1711 3740 migraverat,‘subrogare,
1747 3672 1926 3728 visum,
1967 3682 2052 3729 est
2083 3691 2183 3731 no-

595 3773 682 3820 cte
706 3762 943 3834 quadam
991 3775 1090 3832 per
1139 3776 1392 3834 soporem
1441 3763 1607 3820 nobili
1663 3765 1877 3820 cuidam
1923 3765 2186 3838 religiosae

595 3863 882 3917 matronae,
921 3852 1065 3923 quod
1093 3860 1346 3910 cerneret
1387 3853 1704 3924 praedictum
1760 3855 1854 3912 Dei
1903 3856 2182 3927 famulum,

592 3943 904 4012 pontificem
930 3955 1316 4012 memoratum,
1341 3947 1651 4003 ambitionis
1671 3960 1804 4004 testu
1837 3964 2181 4020 succensum,

592 4035 722 4088 dum
763 4049 920 4090 suum
960 4035 1226 4092 niteretur
1284 4039 1650 4094 conscendere
1703 4039 1983 4109 thronum,
2032 4045 2184 4114 virga

591 4125 1071 4194 pastoralidurius
1093 4129 1431 4198 percussisse
1482 4130 1585 4186 sub
1636 4141 1882 4200 pectore,
1915 4134 1988 4188 ita
2017 4144 2076 4190 ut
2107 4136 2188 4191 vi-

598 4217 840 4282 deretnr,
857 4219 950 4286 qui
975 4219 1142 4274 ictum
1179 4229 1486 4290 receperat,
1529 4223 1820 4291 resupinus
1866 4225 1919 4279 in
1983 4233 2184 4282 terram

597 4305 871 4362 corruisse
931 4307 1104 4380 (185).
1154 4307 1325 4365 Facto
1358 4326 1542 4380 mane,
1593 4329 1716 4370 cum
1763 4316 1852 4371 illa
1913 4318 2182 4373 somnium

595 4397 709 4454 suis
735 4411 1062 4467 enarrasset,
1105 4415 1234 4459 ecce
1261 4414 1452 4460 assunt
1478 4407 1699 4477 quidam
1749 4419 1977 4466 mortem
2007 4412 2185 4468 homi-

2276 1950 2540 2024 plitudins
2566 1960 2622 2007 et
2648 1949 3044 2006 artificiositate
3075 1950 3444 2020 conspicuum,
3474 1948 3616 2019 ipsum
3637 1949 3675 2004 al

2280 2043 2380 2098 tari
2409 2042 2462 2097 in
2491 2044 2718 2097 chorum
2754 2039 2970 2106 detulit,
3001 2039 3364 2110 omnibusque
3385 2039 3574 2095 clericis
3592 2054 3679 2108 pra

2277 2149 2399 2191 eum
2430 2135 2693 2192 exhibens
2722 2134 3200 2200 considerandum,
3235 2134 3472 2214 devotam
3496 2133 3678 2189 virorum

2278 2227 2595 2296 ligiosorum
2638 2225 2784 2280 circa
2816 2224 2984 2279 divini
3039 2223 3330 2280 ministerii
3383 2222 3562 2280 cultum
3600 2234 3680 2279 et'

2279 2317 2619 2374 collaudabat
2655 2316 2949 2380 solertiam,
2987 2311 3093 2370 illis
3127 2316 3434 2372 econtrario
3486 2316 3680 2386 impropn

2279 2409 2422 2480 quod
2455 2407 2638 2464 multis
2685 2406 3038 2463 ecclesiarum
3071 2407 3375 2466 redditibus
3413 2405 3630 2476 opulenti,
3665 2404 3674 2457 i

2278 2517 2380 2558 nec
2400 2502 2553 2558 libris
2583 2516 2684 2558 nec
2709 2502 2875 2565 vasis,
2913 2502 3007 2558 sed
3039 2498 3297 2563 necialiis
3335 2499 3615 2556 necessariis
3635 2514 3665 2552 π

2281 2592 2672 2651 convenienter
2718 2591 3056 2656 excolerent,
3111 2591 3209 2648 sed
3259 2591 3344 2648 his
3373 2591 3592 2648 omnibus
3627 2604 3658 2653 et

2280 2687 2483 2743 Christi
2507 2686 2758 2743 basilicas
2779 2684 3012 2758 spoliare
3049 2685 3233 2758 potius
3261 2701 3418 2758 quam
3466 2701 3627 2744 ornare

2281 2787 2490 2851 gerent.

2351 2872 2481 2928 Post
2505 2872 2620 2929 haec
2648 2872 2924 2944 ingressus
2952 2871 3018 2926 ad
3049 2871 3245 2939 altare,
3278 2871 3487 2928 missam
3511 2868 3668 2926 devotis

2280 2972 2361 3019 est
2389 2977 2546 3019 orsus
2571 2962 2867 3018 celebrare.
2903 2961 3148 3033 Cumque
3179 2963 3396 3019 caneris
3424 2962 3524 3034 jam
3548 2962 3627 3016 rite
3661 2976 3667 3010 ν

2281 3052 2384 3109 ctis
2411 3053 2479 3108 ad
2515 3067 2637 3110 eum
2665 3053 3004 3124 pervenisset
3035 3052 3241 3121 locum,
3270 3054 3358 3110 ubi
3386 3053 3614 3109 elevatam
3637 3049 3664 3105 it

2285 3144 2398 3196 tu‘m
2420 3141 2655 3198 hostiam
2679 3141 3004 3198 benedicere
3030 3143 3198 3199 moris
3245 3151 3349 3211 est,
3401 3157 3514 3199 mox
3559 3140 3601 3196 in
3638 3154 3672 3192 Vt

2285 3233 2484 3289 Christi
2518 3249 2716 3306 corpus
2770 3235 3004 3308 mystica
3059 3237 3489 3294 sanctificatione
3536 3248 3679 3292 convet

2284 3321 2432 3390 dam,
2455 3323 2735 3395 cujusdam
2764 3324 2947 3382 clerici
2979 3341 3216 3397 superna
3240 3327 3512 3383 clementia
3535 3327 3684 3396 dignae

2285 3413 2472 3470 oculos
2506 3416 2743 3488 aperire,
2776 3417 2935 3488 eique
2961 3417 3064 3473 sub
3110 3419 3296 3490 specie
3324 3418 3532 3474 Infantis
3555 3415 3668 3488 (187)

2285 3506 2394 3562 vuli
2421 3506 2703 3563 Christum
2735 3523 2892 3564 suum
2921 3508 3317 3565 demonstravit
3346 3505 3660 3564 mundissimis
3674 3515 3762 3558 seut

2286 3597 2533 3667 praesulis
2555 3598 2736 3670 digitis
2756 3599 3199 3655 reverentissime
3220 3597 3551 3657 contrectari.
3571 3596 3671 3652 Erat
3684 3605 3764 3645 rem

2288 3689 2430 3744 idem
2470 3703 2605 3759 puer
2643 3690 2816 3745 forma
2868 3691 3088 3762 quidem
3133 3693 3494 3763 permodicus,
3529 3690 3608 3746 sed
3647 3684 3765 3740 divino

2287 3777 2524 3847 quodam
2560 3779 2740 3835 nitore
2771 3789 2933 3850 atque
2977 3783 3216 3838 candore
3262 3798 3425 3854 super
3459 3777 3764 3836 :estimatimen

2289 3868 2525 3925 hominis
2552 3869 2777 3925 nimium
2810 3873 3056 3928 decorus.
3087 3873 3352 3939 Clericus,
3381 3874 3466 3944 qui
3493 3871 3588 3928 brec
3611 3869 3765 3924 rident.

2286 3963 2426 4018 mira
2455 3965 2740 4020 devotione
2769 3964 2891 4035 (nec
2918 3964 3138 4036 mirum)
3187 3981 3496 4032 succensus,
3539 3959 3766 4034 plurimum-

2287 4069 2393 4126 que
2420 4067 2796 4127 compunctus,
2849 4067 3059 4128 tempus
3092 4072 3257 4114 omne
3287 4055 3609 4116 continuabat
3648 4053 3685 4106 in
3721 4047 3768 4101 ιιι

2287 4147 2491 4219 crymis
2517 4149 2661 4219 quod
2685 4149 2994 4205 intercessit
3017 4151 3084 4206 ab
3123 4151 3211 4206 illa
3243 4152 3551 4216 elevatione,
3574 4152 3768 4216 usqtli'tluo

2287 4239 2485 4294 iterum
2513 4253 2634 4296 eam
2666 4239 2832 4295 levari
2875 4249 3122 4296 cerneret
3160 4241 3525 4314 frangendam,
3549 4239 3638 4310 jam
3658 4242 3696 4289 et
3713 4245 3768 4284 su-

2288 4335 2540 4389 mendam
2589 4336 2690 4391 sub
2728 4335 2868 4390 trina
2900 4335 2982 4391 sui
3042 4336 3355 4407 partitione.
3403 4335 3456 4391 ln
3501 4347 3588 4405 qua
3627 4339 3769 4383 rursum

2287 4424 2587 4481 elcvatione
2615 4425 2714 4481 sub
2740 4425 2948 4493 eadem,
2985 4441 3090 4496 qua
3119 4427 3292 4497 prius,
3319 4427 3540 4498 imagine
3562 4429 3700 4478 natum
3721 4415 3770 4468 ῑηο

595 4488 1002 4599 nfi‘s_i‘lli_us‘.‘non
1027 4491 1401 4599 sine‘stupore
1422 4497 1780 4599 audientium,
1814 4501 1991 4599 palam
2025 4522 2184 4599 _nun-
2215 4543 2262 4599 ι)
2291 4522 2474 4569 tuetur
2497 4515 2562 4570 de
2593 4515 2814 4586 Virgine
2841 4488 3039 4572 Filium
3067 4488 3354 4585 Altissimi,
3386 4488 3596 4587 seipsum
3616 4507 3771 4599 oﬂertlt'

586 4581 813 4649 Itiantes.
845 4580 1048 4639 Horum
1079 4583 1248 4656 igitur
1293 4587 1431 4643 adeo
1483 4586 1798 4658 illustrium,
1834 4592 1970 4650 adeo
2023 4595 2183 4666 hujus

594 4672 784 4728 mundi
810 4670 1034 4731 ﬂoribus
1058 4677 1423 4742 vernantium,
1453 4685 1562 4733 tam
1614 4677 1857 4750 abjectus
1883 4693 1940 4739 et
1969 4695 2075 4739 tam
2102 4701 2184 4742 re-

586 4761 849 4832 .peutinus
865 4763 1149 4832 interitus,
1179 4765 1308 4836 quid
1334 4766 1480 4824 aliud
1511 4769 1627 4826 haec
1657 4772 1953 4830 scientibus
2009 4777 2186 4833 innuit

593 4865 760 4923 quam
787 4851 912 4920 jura
960 4853 1329 4911 Eeclesiarum
1360 4867 1606 4914 evertere
1640 4875 1938 4931 servosque
1970 4863 2182 4921 Domini

596 4939 797 5020 injuste
822 4943 1093 5002 lacessere
1113 4961 1276 5018 supra
1309 4948 1527 5003 modum
1569 4951 1856 5008 esitiosum
1885 4957 2043 5010 esse?

1223 5057 1451 5116 CAPUT
1492 5060 1578 5116 IV.

599 5170 676 5245 De
706 5170 1012 5257 reuelatione
1040 5177 1227 5257 clerico
1257 5179 1546 5257 insinuata,
1581 5182 1670 5252 qui
1700 5181 1840 5257 inter
1855 5200 2042 5257 manus
2071 5189 2181 5257 epi-

603 5259 608 5268 τ
641 5243 643 5245 ’
669 5242 813 5311 scopi
843 5242 1147 5301 celebranti:
1174 5248 1399 5318 formam
1423 5242 1548 5306 vidit
1572 5242 1727 5322 pueri
1756 5256 1851 5308 sub
1876 5256 2047 5309 hostia
2098 5242 2186 5312 sa-

595 5434 811 5508 Anglic.
835 5442 969 5508 tom.
996 5459 1036 5503 ι,
1064 5453 1117 5508 p.
1147 5438 1251 5494 518
1275 5449 1332 5496 et
1355 5442 1482 5498 520.

563 5571 566 5577 ,
670 5504 820 5582 αξξ)
859 5505 915 5582 [d
937 5515 1014 5563 est
1043 5504 1168 5578 post
1193 5509 1252 5566 S.
1277 5511 1516 5582 Hugonis
1540 5527 1793 5572 mortem.

669 5573 818 5658 (135)
858 5573 1127 5658 corruere
1148 5589 1244 5636 aut
1269 5573 1611 5658 moridebuit
1644 5587 1823 5658 hieS.
1859 5591 2086 5651 Androm
2115 5595 2186 5651 de

597 5645 1114 5722 Scotia'episcopus
1159 5666 1302 5709 anno
1330 5653 1487 5718 1201,
1525 5665 1617 5710 aut
1665 5657 1824 5722 1202,
1868 5645 2185 5722 conﬁunt;

595 5718 844 5790 sequenti
871 5719 925 5774 in
952 5718 1262 5790 episcopatu
1295 5724 1658 5784 Lincolniensi
1698 5718 2020 5789 successerit
2049 5718 2186 5790 Wil-

597 5787 811 5854 lelmus,
841 5803 908 5844 ex
933 5787 1264 5862 priccen'tore
1292 5795 1516 5854 electus.

2287 4615 2396 4661 tem
2425 4605 2575 4662 Patri
2611 4622 2710 4678 pro
2733 4609 2968 4663 humana
2999 4609 3190 4666 salute.
3219 4611 3350 4669 Post
3386 4611 3511 4673 haec,
3531 4607 3625 4680 jam
3648 4597 3769 4669 expir-

2289 4700 2358 4755 tis
2379 4700 2630 4756 omnibus
2663 4715 2783 4772 quae
2806 4699 2860 4755 in
2891 4701 3120 4758 ecclesia
3149 4701 3363 4760 fuerant
3409 4697 3683 4775 peragenda.
3705 4688 3773 4742 δέ*

2287 4793 2454 4861 ricus,
2484 4796 2576 4866 qui
2608 4795 2711 4852 ista
2738 4806 3119 4867 conspexerat,
3154 4798 3418 4855 accedens
3456 4795 3516 4852 ad
3543 4802 3690 4849 verum
3709 4783 3772 4836 θοι

2287 4886 2419 4942 mini
2474 4890 2836 4954 sacerdotem,
2896 4889 3081 4945 taliter
3111 4890 3161 4945 ei
3192 4891 3449 4947 secretius
3481 4896 3555 4944 est
3597 4884 3770 4938 locutus:

2293 4999 2311 5032 ς
2345 4981 2572 5038 Domine
2601 4981 2787 5048 Pater,
2819 4983 2991 5047 vobis,
3019 4984 3216 5054 inquit,
3239 4983 3412 5040 habeo
3431 4980 3588 5051 aliqua
3619 4972 3770 5030 referre,

2287 5087 2408 5142 quae
2430 5079 2686 5142 vestram,
2714 5074 2758 5130 si
2792 5074 2992 5145 placet,
3017 5077 3360 5132 sanctitatem
3383 5071 3652 5147 diligentius
3671 5072 3771 5131 opu!“

2289 5170 2400 5218 teat
2426 5164 2634 5220 audire.
2678 5184 2698 5218 ι
2731 5164 2978 5236 Cumque
3001 5165 3154 5222 flexis
3185 5167 3406 5238 genibus
3444 5166 3535 5221 ista
3559 5169 3700 5218 (suam
3731 5163 3771 5202 eo

2288 5267 2406 5314 erat
2429 5269 2772 5331 prosecutus,
2797 5265 2878 5318 vir
2895 5263 3105 5328 Domini
3127 5279 3249 5320 cum
3269 5279 3336 5322 eo
3354 5262 3588 5321 secedens
3605 5272 3630 5311 a
3650 5249 3770 5308 ωτδίυ

2291 5536 2294 5538 γ
2323 5533 2336 5538 _
2360 5461 2516 5538 (l8?!)
2550 5463 2708 5538 Auno
2737 5463 2899 5538 1194,
2924 5473 3018 5538 aut
3045 5467 3308 5538 sequenti,
3341 5480 3446 5538 quo
3475 5461 3595 5518 visio
3607 5457 3693 5538 hac

2287 5530 2440 5598 eidit,
2473 5530 2715 5606 ﬂuberto
2746 5536 2859 5606 jam
2892 5530 3158 5593 existente
3196 5530 3602 5606 archiepiscopo,
3637 5533 3679 5577 ει
3708 5530 3768 5568 ³⁸³⁸

2289 5602 2607 5678 ctorejitje
2631 5602 2872 5678 nondum
2898 5606 3106 5678 iiugoni
3133 5602 3416 5664 existente.

2359 5651 3462 5752 ominsessaeaga'stringam.
3488 5685 3592 5733 cum
3613 5651 3766 5739 πιπτειο

2289 5760 2450 5816 supra
2481 5745 2701 5803 calicem
2727 5751 3168 5820 reprtcsentandi.

3869 3477 3871 3520 ἲ
