3962 6400
255 359 402 416 103⁸1

1622 358 1801 414 “TA.
1837 383 1911 398 ·--
1935 358 2066 414 LIB.
2095 358 2159 414 Υ.

3372 366 3512 440 ωδε

409 478 416 486 ’
460 491 494 532 11
520 491 680 534 secus
698 475 869 533 altare
897 476 1118 555 resedit,
1140 475 1296 545 eique
1323 475 1568 546 proferre
1595 489 1713 544 qum
1734 489 1828 528 vo-
1853 478 1903 538 Α
1931 482 2080 529 esset
2112 473 2489 544 prosequendo
2512 473 2742 532 locutus.
2776 475 3024 534 Sciebam
3050 479 3198 535 enim
3231 479 3510 542 neminem

467 567 659 623 leniter
692 567 999 639 imperavit.
1026 567 1163 622 Tum
1190 566 1278 622 ille
1310 583 1323 620 :
1368 584 1388 619 r
1408 565 1466 621 ln
1495 565 1730 621 crastino
1753 564 1831 635 (id

446 661 862 732 .tridie),inquit,
875 659 1187 716 festivitatis
1206 655 1458 714 Omnium
1481 655 1827 722 Sanctorum,

445 767 496 807 rc
531 751 645 821 ipsa
671 751 969 820 septimana
1004 750 1277 806 celebrata
1325 757 1434 815 est,
1465 763 1588 804 cum
1625 745 1832 802 Psalte-

442 857 475 896 n
512 843 745 913 quadam
772 841 1002 898 ecclesia
1041 840 1387 897 decantarem
1420 851 1520 909 pro
1548 836 1832 892 animabus

442 949 490 992 at
519 934 895 998 defunctorum
916 933 1079 1005 (sicut
1107 934 1220 1002 ipsa
1246 932 1336 989 die
1367 931 1625 987 solemnis
1677 929 1832 985 exhi-

445 1043 583 1084 irum
615 1027 881 1082 memoria
909 1025 1068 1093 solet)
1094 1039 1197 1081 vox
1223 1023 1470 1094 quaedam
1513 1023 1697 1079 subito
1729 1037 1828 1078 au-

444 1118 562 1173 neis
589 1119 779 1187 illapsa
809 1125 914 1182 est,
945 1131 1068 1186 qua:
1095 1114 1276 1170 verbis
1305 1111 1722 1170 absohitissimis
1747 1103 1832 1166 di-

427 1229 438 1262 ;
469 1207 660 1278 Surge.
695 1209 966 1280 inquiens,
998 1206 1096 1271 fili,
1120 1215 1176 1261 et
1195 1218 1357 1276 perge
1387 1204 1495 1260 cito
1521 1202 1588 1258 ad
1615 1199 1831 1258 Lincol-

441 1317 490 1355 m
507 1301 843 1371 episcopum,
861 1299 1118 1369 ilicesque
1149 1298 1198 1354 ei
1220 1313 1289 1354 ex
1318 1304 1468 1366 parte
1489 1295 1604 1360 Dei,
1641 1302 1830 1365 quate-

429 1400 626 1447 noneat
682 1390 989 1461 diligentius
1041 1387 1488 1446 Cantuariensem
1554 1383 1826 1456 archiepi-

423 1482 670 1554 m(l88),
707 1492 766 1537 ut
794 1483 999 1552 pariter
1049 1495 1234 1537 secum
1284 1479 1462 1541 subito
1514 1477 1828 1550 vigilantius

403 1572 495 1628 dat
507 1573 576 1628 ad
592 1572 970 1642 corrigendum
992 1580 1192 1628 statum
1209 1570 1343 1627 cleri
1365 1581 1422 1626 et
1438 1569 1826 1626 Ecelesiarum.

393 1680 419 1720 s
446 1665 590 1720 enim
640 1664 929 1720 offenditur
962 1664 1140 1719 divina
1179 1661 1436 1730 maiestas
1475 1675 1575 1732 per
1611 1675 1673 1718 ea
1708 1674 1830 1730 qu:e

386 1757 620 1814 sinenter
655 1757 791 1812 fiunt
825 1771 858 1811 a
889 1756 1192 1812 rectoribus
1241 1754 1606 1812 Ecclesiarum
1645 1761 1698 1808 et
1738 1766 1830 1807 ea-

1931 573 2129 640 praeter
2172 579 2259 621 me
2284 565 2532 622 cominus
2565 568 2710 622 circa
2737 566 2916 623 locum
2950 568 3124 640 ipsum
3175 572 3508 629 constitisse.

1929 653 2100 725 igitur
2117 671 2238 711 cum
2269 664 2389 726 post
2413 655 2570 727 longa
2602 658 2806 726 pavidae
2835 659 3182 730 cogitationis
3230 662 3507 719 volumina

1931 743 2082 799 vocis
2109 755 2387 802 auctorem
2413 747 2774 817 nequivissem
2803 749 3074 807 ullatenus
3099 752 3510 822 deprehendere

1930 833 2256 905 consignans
2306 835 2572 906 mcipsum
2619 837 2842 895 salutari
2891 842 3072 897 crucis
3115 841 3290 914 signo,
3339 843 3510 900 inter—

1930 923 2111 980 missze
2137 925 2398 982 orationis
2423 930 2658 985 studium
2687 930 3100 1000 vehementiori,
3128 947 3291 1004 quam
3330 929 3504 1005 prius,

1928 1014 2198 1072 desiderio
2221 1015 2469 1088 repetere
2495 1021 2655 1092 crepi.
2684 1019 2796 1078 Nec
2822 1038 3003 1091 mora;
3034 1033 3091 1080 et
3114 1025 3306 1082 iterum
3345 1026 3507 1084 audio

1927 1121 2120 1162 vocem
2174 1108 2363 1165 eodem
2408 1126 2543 1168 sono
2595 1113 2910 1186 eisdemque
2963 1115 3185 1188 syllabis
3248 1117 3500 1174 eamdem

1927 1214 2090 1270 quam
2121 1198 2271 1270 prius
2315 1194 2622 1272 exprimere
2659 1208 3005 1264 sententiam.
3051 1207 3203 1265 Tunc
3231 1224 3352 1282 ego,
3380 1224 3508 1266 cum

1927 1303 2029 1343 nec
2055 1288 2250 1343 stantis
2275 1305 2584 1360 personam,
2627 1309 2725 1350 nec
2751 1295 2911 1361 illius,
2968 1297 3056 1353 cui
3111 1313 3291 1354 sermo
3344 1299 3509 1356 fiebat

1927 1380 2355 1451 iste,potuissem
2369 1384 2674 1450 advertere,
2700 1387 3000 1444 cedendum
3029 1390 3148 1448 leco
3173 1391 3504 1458 existimavi,

1928 1473 1982 1530 id
2015 1483 2221 1530 tantum
2255 1491 2465 1532 mecum
2495 1487 2770 1548 reputans,
2794 1480 2922 1550 quia
2954 1481 3159 1552 aliquid
3191 1483 3508 1539 sacratioris

1927 1570 2170 1640 mysterii
2195 1570 2392 1627 ibidem
2415 1571 2711 1641 agitaretur
2733 1572 2802 1628 ab
2837 1572 3128 1645 aliquibus,
3149 1591 3378 1646 quorum
3406 1591 3518 1646 ego.

1927 1661 2177 1732 indignus
2201 1664 2488 1719 existerem
2511 1663 2725 1720 arcanis
2747 1663 3035 1720 interesse.
3060 1666 3300 1722 Adorato
3326 1668 3509 1737 itaque

1929 1752 2178 1820 Domino,
2206 1754 2426 1824 signans
2453 1755 2582 1808 mihi
2611 1753 2843 1811 frontem
2871 1770 2902 1810 a
2937 1755 3057 1812 loco
3077 1755 3344 1814 discessi..

401 1846 681 1903 ministris.
711 1845 1031 1902 Sacerdotes
1051 1846 1196 1903 enim
1221 1854 1277 1900 et
1304 1844 1530 1900 aliorum
1559 1843 1820 1914 graduum
1854 1827 1899 1888 Β
1996 1843 2238 1915 Cumque
2269 1845 2632 1916 pervenissem
2660 1847 2727 1900 ad
2755 1845 2940 1901 valvas
2967 1844 3234 1913 ecclesiae,
3264 1848 3507 1903 occurrit

388 1953 508 2002 me.
535 1938 844 1995 omnimodo
877 1938 1128 1994 vitiorum
1157 1951 1372 2008 genere,
1406 1935 1643 1990 maxime
1669 1934 1822 1989 luxu-

388 2031 644 2097 .ordibus,
669 2031 878 2094 fredati,
907 2030 1260 2088 sacramentis
1291 2029 1490 2084 divinis
1509 2043 1578 2083 ex
1605 2027 1823 2099 indigno

386 2137 470 2176 ssu
494 2121 735 2192 iniuriosi
751 2121 1070 2184 existentes,
1088 2135 1150 2176 ea
1179 2120 1540 2175 irreverenter
1559 2119 1823 2173 sumendo

385 2229 413 2268 e
442 2213 740 2276 tractando,
770 2222 1033 2281 quantum
1075 2212 1127 2266 in
1159 2225 1219 2266 se
1254 2219 1374 2274 ,est,
1424 2208 1661 2281 polluere
1715 2223 1821 2264 non

380 2314 521 2359 ntur.
551 2304 681 2374 Ipsae
704 2303 960 2360 Ecclesia:
988 2301 1223 2375 indignis
1245 2312 1306 2359 .et
1332 2302 1441 2358 Deo
1477 2303 1548 2357 ob
1583 2301 1822 2371 perditos

388 2412 428 2453 es
449 2397 636 2470 invisis
658 2397 862 2466 passim
895 2397 962 2451 ad
995 2398 1287 2466 regendum
1318 2394 1607 2449 traduntur
1635 2406 1822 2463 perso-

385 2501 411 2539 a
432 2486 624 2555 quibus
646 2500 786 2554 saepe
809 2500 957 2542 more
986 2483 1323 2540 szccularium
1354 2483 1674 2552 praediorum
1700 2481 1821 2536 aliis

380 2592 408 2632 e
429 2576 547 2631 aliis
567 2576 937 2646 relinquuntur
953 2576 1019 2629 ad
1047 2575 1280 2639 firmam,
1300 2589 1462 2643 quam
1483 2571 1822 2643 emphitheo—

374 2663 460 2718 alii
478 2670 807 2732 nuncupant,
832 2671 996 2730 utque
1012 2660 1145 2714 viles
1171 2659 1426 2724 tabernae,
1449 2658 1529 2714 sic
1553 2656 1820 2721 ecclesiae,

381 2757 424 2811 is
465 2755 598 2811 lucri
630 2755 805 2827 gratia
861 2754 962 2809 sub
1009 2767 1188 2808 annuo
1236 2767 1402 2808 censu
1450 2751 1697 2806 locantur
1753 2749 1821 2805 ad

382 2859 529 2902 stum.
563 2846 629 2902 Et
658 2848 740 2902 his
761 2846 832 2901 de
855 2861 982 2902 cura
1016 2844 1340 2910 animarum,
1363 2852 1418 2900 et
1439 2844 1505 2898 de
1535 2840 1823 2912 indigenti-

380 2939 740 2996 sustentandis
779 2955 843 2994 ex
868 2937 1133 2993 fructibus
1165 2937 1341 2992 nullus
1391 2945 1477 2991 est
1504 2950 1702 2999 sermo,
1726 2931 1822 2989 sed

395 3031 546 3089 endis
569 3031 861 3096 crumenis,
915 3046 1050 3102 quas
1086 3029 1172 3084 vel
1212 3028 1370 3084 luxus
1430 3035 1676 3092 evacuet,
1735 3022 1822 3082 vel

389 3125 477 3180 ':tia
516 3123 855 3180 solummodo
888 3121 1111 3196 aerugini
1141 3120 1529 3194 contingendas
1559 3119 1817 3184 includat,

409 3217 740 3274 idesinenter
767 3217 1023 3273 aviditate
1053 3215 1262 3271 inhiare
1290 3230 1396 3270 non
1425 3221 1663 3271 cessant.
1693 3211 1821 3269 llaec

435 3310 525 3366 ilia
577 3319 850 3367 rectorum
893 3308 1048 3377 vitia,
1099 3309 1152 3366 in
1197 3309 1461 3381 regendos
1509 3305 1822 3378 contagiosa

425 3403 590 3458 itione
645 3400 940 3468 transfusa,
974 3401 1216 3458 omnium
1246 3399 1361 3457 fere
1403 3409 1510 3456 tam
1549 3398 1822 3455 minorum

245 3539 334 3565 η.-.
445 3495 706 3566 majorum
737 3493 1049 3565 praecordiis
1093 3493 1457 3550 dominantur.
1492 3490 1632 3548 Hinc
1659 3505 1824 3563 gran-

241 3585 332 3642 dis
358 3584 506 3641 furor
533 3595 588 3642 et
613 3587 690 3641 ira
723 3586 815 3642 Dei
843 3585 1090 3642 imminet
1121 3593 1231 3641 tam
1257 3584 1456 3656 populo
1485 3599 1646 3656 quam
1699 3583 1822 3639 nni-

240 3671 419 3728 versis
433 3672 635 3742 pariter
654 3683 809 3746 terrae
833 3672 990 3742 hujus
1009 3670 1424 3728 habitatorlbus.
1448 3670 1544 3726 His
1566 3668 1819 3726 festinum

244 3760 508 3821 inferetur
530 3763 775 3828 exitium,
805 3771 860 3818 et
900 3762 1045 3833 genti
1080 3762 1206 3818 huic
1235 3765 1470 3828 miserae,
1502 3762 1546 3818 si
1578 3776 1685 3818 non
1719 3775 1821 3815 an-

245 3854 434 3925 ticipet
473 3854 797 3910 acceleratio
832 3863 888 3908 et
920 3852 1223 3909 accelerata
1268 3851 1559 3916 correctio,
1595 3849 1820 3921 jamjant

244 3943 518 4014 impendet
558 3941 828 4013 flagellum
873 3941 1111 3998 crelestis
1140 3940 1409 3997 vindictae.
1449 3960 1469 3994 1
1515 3938 1611 3996 llis
1635 3939 1818 4007 dictis,

244 4049 346 4090 vox
379 4049 497 4102 qua:
523 4033 840 4090 audiebatur
863 4032 1030 4089 siluit.

316 4124 427 4198 Ego
447 4125 736 4197 siquidem.
762 4125 1077 4197 priusquam
1116 4124 1235 4181 haec
1273 4125 1536 4191 audirem,
1564 4122 1820 4196 psalterio

236 4217 352 4288 jam
377 4233 610 4275 excurso
633 4234 800 4289 usque
825 4220 892 4274 ad
923 4218 1272 4275 centesimum
1302 4218 1534 4290 primum
1551 4217 1820 4289 psalmum

244 4311 398 4366 ﬂexis
426 4312 652 4382 genibus
677 4327 859 4367 coram
886 4311 1044 4367 altari
1069 4319 1271 4367 sanctze
1300 4311 1394 4367 Dei
1424 4309 1718 4366 Genitricis
1762 4305 1816 4364 in

243 4403 491 4459 oratione
536 4403 776 4458 animum
829 4403 1179 4458 vehementer
1223 4400 1587 4456 intenderam.
1618 4399 1820 4456 Oborta

1924 1935 2056 1992 mihi
2091 1936 2240 2009 virgo
2266 1937 2534 2006 quaedam,
2560 1935 2813 2004 religiosa
2844 1935 3018 2005 valde,
3046 1952 3168 2007 quae
3199 1938 3428 1995 Domino
3452 1939 3509 1995 in

1917 2023 2136 2095 jejuniis
2161 2035 2216 2082 et
2241 2026 2594 2092 orationibus,
2651 2027 2707 2082 in
2739 2026 2944 2098 frigore
2992 2039 3047 2084 et
3094 2029 3361 2098 nuditate,
3419 2031 3510 2085 die

1922 2125 2192 2188 noctuque
2215 2115 2550 2183 deserviens,
2600 2117 2669 2172 ab
2697 2117 2926 2174 ecclesia
2961 2118 3151 2174 eadem
3205 2117 3509 2182 rarissime,

1923 2211 1992 2268 ab
2021 2211 2137 2282 ejus
2164 2227 2292 2268 vero
2309 2212 2468 2268 atriis
2495 2227 2768 2283 nunquam
2818 2227 2957 2284 pene
2995 2211 3304 2268 recedebat.
3358 2210 3507 2271 llaec,

1921 2320 2046 2362 cum
2071 2305 2388 2360 audirentur
2410 2305 2688 2376 praedicta,
2712 2306 2766 2359 in
2791 2313 3000 2362 remoto
3025 2305 3274 2361 ecclesia:
3311 2300 3511 2374 angulo

1921 2394 2099 2451 solitis
2125 2395 2794 2478 vacaveratgorationihus.
2825 2393 2956 2462 Qua:
2976 2392 3366 2466 genibusmcis
3406 2390 3510 2445 ad-

1920 2487 2102 2543 voluta
2138 2486 2698 2558 rogabatinstantius,
2721 2496 3010 2556 quatenus,
3060 2486 3110 2543 si
3138 2485 3256 2543 fieri
3297 2494 3511 2558 posset,

1922 2579 2100 2652 aliqua
2123 2581 2228 2636 sibi
2262 2596 2326 2636 ex
2358 2581 2443 2636 his
2493 2597 2613 2652 quae
2637 2581 2888 2650 interius,
2935 2590 2993 2638 ut
3017 2583 3318 2649 asserebat,
3374 2580 3512 2638 mihi

1921 2672 2065 2728 dicta
2120 2681 2483 2742 cognoverat,
2529 2675 2931 2731 communicare
2978 2674 3328 2732 studuissem.
3375 2672 3510 2737 Sed.

1921 2762 2045 2832 quia
2066 2761 2282 2818 nescius
2306 2777 2454 2832 eram
2479 2762 2660 2818 adhuc
2685 2764 2902 2820 cuinam
2934 2763 3081 2820 dicta
3107 2772 3368 2820 essentea
3387 2777 3520 2833 quas.

1921 2852 2222 2916 audieram,
2269 2852 2414 2908 illam
2439 2853 2558 2908 vice
2585 2868 2746 2908 versa
2771 2853 2953 2924 potius
2991 2854 3121 2909 duxi
3151 2853 3520 2918 exorandam,

1921 2953 2190 3014 quatenus
2221 2944 2359 3014 ipsa,
2390 2959 2511 3014 qua:
2536 2943 2750 3015 dignior
2775 2959 2862 3000 me
2888 2952 3036 3000 esset
3059 2944 3248 3001 audire
3273 2953 3330 3000 et
3346 2959 3510 3002 nomo

1923 3024 2182 3107 mysteria
2209 3035 2440 3100 interna,
2467 3036 2600 3092 mibi
2628 3034 2869 3092 revelare
2893 3036 3227 3108 dignaretur,
3250 3036 3393 3106 quod
3433 3036 3505 3092 de

1922 3128 2072 3184 vocis
2091 3126 2398 3193 crelitus,ut
2429 3127 2697 3184 fatebatur
2723 3127 2863 3198 ipsa,
2885 3127 3085 3184 emissa
3109 3128 3381 3185 sententia
3405 3144 3509 3201 ego

1926 3219 2145 3275 minime
2179 3219 2553 3276 advertissem.
2602 3218 2684 3274 Ad
2735 3219 2851 3275 haec
2900 3217 3025 3275 illa:
3054 3239 3074 3272 ι
3103 3218 3232 3276 Scio
3255 3219 3511 3290 equidem

1921 3311 2007 3368 bis
2035 3309 2236 3366 factum
2263 3323 2569 3367 sermonem
2599 3324 2630 3364 a
2665 3309 2895 3366 Domino
2941 3310 3039 3366 tibi
3084 3309 3264 3382 aliqua
3316 3311 3515 3382 praeci-

1920 3403 2182 3474 pientem,
2214 3416 2335 3472 quae
2363 3415 2464 3471 ego
2482 3400 2699 3471 quidem
2729 3403 2908 3456 minus
2937 3400 3169 3468 adverti,
3211 3403 3328 3468 sed,
3380 3401 3522 3472 quia.

1923 3494 2020 3550 tibi
2041 3493 2446 3565 μαίνει-111111,
2472 3500 2626 3548 certo
2654 3492 2858 3549 certius
2881 3491 3144 3549 intellexi.
3171 3513 3191 3546 1
3211 3491 3507 3566 Tuncogo:

1927 3603 1948 3639 ι
1979 3585 2112 3653 Ora,
2148 3586 2390 3657 inquam,
2433 3599 2590 3640 soror
2614 3584 2834 3650 dilecta,
2889 3593 3157 3655 quatenus
3207 3586 3354 3642 circa
3410 3599 3510 3642 nos

1921 3673 2321 3745 beneplacitum
2368 3688 2525 3730 suum
2573 3672 2834 3729 Dominus
2881 3673 3176 3744 adimplere
3236 3675 3508 3744 dignetur.

1923 3765 2099 3837 Super
2128 3765 2322 3821 talibus
2348 3777 2498 3831 vero,
2529 3779 2649 3834 quae
2675 3765 2834 3820 modo
2859 3765 3235 3834 prosequeris,
3257 3779 3359 3835 ego
3387 3780 3509 3820 cer-

1923 3857 2207 3916 titudinem
2236 3856 2434 3912 nullam
2459 3856 2694 3927 percepi.
2731 3875 2750 3908 1
2806 3855 2900 3912 llis
2935 3872 2965 3911 a
2997 3871 3083 3913 me
3127 3856 3290 3913 dictis
3334 3855 3512 3913 ecc|e~

1921 3952 2058 4008 siam
2086 3950 2202 4022 ipse
2226 3950 2510 4022 egredior;
2541 3949 2630 4004 illa
2652 3950 2720 4005 ad
2749 3958 3008 4008 consueta
3043 3950 3352 4007 orationum
3381 3965 3512 4008 sua-

1922 4058 2044 4099 rum
2075 4040 2294 4097 lalibula
2326 4041 2621 4096 introrsum
2650 4041 2978 4113 regreditur.
3519 4091 3524 4096 .

1993 4134 2122 4192 Post
2151 4134 2274 4199 hoc,
2301 4132 2606 4190 cubiculum
2634 4133 2852 4203 hospitii
2871 4134 2973 4190 mei
3002 4133 3280 4206 ingressus
3306 4132 3520 4202 ibidem,

1921 4241 2092 4300 usque
2119 4227 2186 4281 ad
2213 4239 2492 4296 vesperam
2506 4225 2650 4282 diem
2667 4225 2722 4281 in
2740 4225 3076 4282 orationibus
3095 4225 3310 4296 jejunus
3327 4227 3522 4299 exegi..

1921 4320 2024 4388 Qui
2055 4326 2266 4374 tantum
2288 4316 2488 4374 lectulo
2514 4324 2799 4388 exceptus,
2854 4317 2982 4373 dum
3034 4318 3203 4373 variis
3251 4325 3512 4374 aestuaret

1922 4408 2138 4463 animus
2168 4407 2363 4464 horum
2390 4407 2586 4478 gratia,
2627 4421 2749 4476 quae
2805 4404 3067 4476 prtemisi,
3121 4405 3512 4477 cogitationum

243 4511 479 4567 namque
517 4495 693 4552 fuerat
728 4497 778 4551 in
804 4507 986 4552 mente
1013 4510 1130 4549 mea
1157 4503 1380 4565 repente
1423 4494 1686 4548 memoria
1721 4508 1818 4564 pa-
1842 4507 1898 4569 ι)
1921 4497 2197 4562 fluctibus,
2218 4511 2406 4553 vocem
2438 4503 2660 4567 repente
2679 4495 2861 4550 audivi
2918 4495 3150 4566 idipsum
3186 4495 3301 4565 jam
3324 4495 3508 4559 tertio,

245 4589 347 4644 tris
367 4589 468 4644 mei
493 4599 617 4643 ante
649 4602 755 4643 non
782 4585 978 4642 multos
1014 4601 1184 4641 annos
1211 4585 1265 4640 in
1296 4594 1438 4640 terra
1466 4581 1818 4654 Jerosolymi-

243 4688 397 4745 tana,
421 4693 527 4752 quo
551 4677 823 4749 religionis
835 4677 1013 4733 studio
1039 4683 1371 4747 perrexerat,
1386 4673 1619 4732 defuncti
1644 4673 1816 4747 (l89);

243 4769 475 4840 indeque
500 4779 680 4827 tantus
702 4770 881 4826 subito
905 4767 1336 4841 compunctionis
1360 4767 1542 4823 fervor
1569 4767 1821 4840 spiritum

245 4878 425 4917 meum
451 4863 827 4931 absorbuit,ut
853 4863 1054 4919 omissa
1079 4861 1296 4932 penitus
1318 4859 1614 4932 psalmodia
1645 4860 1821 4917 omni-

245 4967 352 5024 que
373 4953 600 5023 strepitu
642 4953 907 5009 labiorum
934 4967 1243 5024 suppresso,
1263 4952 1507 5007 undatim
1539 4953 1821 5010 ruentibus

244 5058 312 5100 ex
343 5044 513 5100 oculis
537 5045 897 5117 lacrymarum
926 5045 1079 5110 rivis,
1121 5044 1563 5115 praecordialibus
1611 5054 1820 5102 tantum

242 5134 386 5191 votis
409 5135 636 5192 Domino
665 5135 994 5193 effunderem
1032 5152 1241 5207 preces.
1272 5136 1470 5192 Audita
1510 5137 1675 5206 igitur
1721 5138 1822 5195 hac

242 5241 400 5294 voce,
430 5243 549 5298 qua:
575 5243 603 5282 a
635 5229 881 5298 proximo
908 5227 1067 5284 altari
1096 5228 1385 5284 videbatur
1432 5229 1658 5292 emissa,
1710 5229 1821 5284 vim

243 5317 702 5387 compunctionis,
743 5333 864 5389 quae
912 5334 1001 5374 me
1044 5319 1146 5374 sibi
1209 5327 1378 5374 totum
1430 5320 1827 5387 vindicaverat,-

245 5407 446 5462 horror
471 5409 690 5479 quidam
719 5419 941 5480 stupore
980 5410 1173 5467 mistus
1201 5410 1484 5466 confestim
1529 5411 1821 5478 interdicit,

241 5499 496 5570 cmpique
517 5502 780 5560 attonitus
809 5517 1020 5559 mecum
1052 5504 1310 5559 admirari
1339 5505 1462 5574 quis
1492 5515 1550 5561 et
1580 5505 1666 5561 cui
1695 5505 1823 5561 talia

258 5700 291 5712 ψ
318 5631 804 5712 (l88)_liubert_um_
827 5679 844 5704 ,
877 5639 969 5710 qui
1014 5655 1155 5696 anno
1194 5643 1360 5706 H95,
1391 5657 1452 5698 111
1485 5641 1602 5696 Kal.
1655 5641 1823 5709 Junii,

236 5700 530 5780 electusin
571 5700 1029 5780 archiepiscopum
1054 5751 1068 5771 .
1103 5721 1158 5766 et
1194 5700 1547 5768 anno'eodem
1583 5728 1654 5766 vn
1702 5700 1825 5769 ldus

234 5772 565 5832 hovembris
610 5772 1007 5835 intbroniza'tus
1037 5781 1156 5847 fuit,
1198 5792 1336 5852 part.
1384 5797 1400 5836 I
1446 5783 1602 5855 Angl.
1637 5782 1820 5851 Sacr.,

1921 4589 2065 4660 quod
2094 4587 2269 4658 primo
2295 4595 2350 4642 et
2371 4587 2615 4643 secundo
2643 4586 2928 4653 intulerat,
2981 4585 3354 4656 replicantem,
3405 4587 3509 4644 hac

1923 4691 2100 4738 tamen
2120 4680 2400 4754 praemissa
2430 4679 2816 4744 insinuatione,
2847 4679 2993 4737 unde
3037 4679 3171 4734 mihi
3210 4687 3507 4740 constaret.

1920 4771 2046 4842 quia
2074 4771 2143 4826 ad
2172 4783 2260 4827 me
2284 4784 2590 4826 sermonem
2621 4770 2870 4826 haberet.
2889 4769 2982 4826 Ait
3010 4783 3246 4840 namque
3284 4784 3300 4824 :
3336 4787 3356 4822 ι
3387 4769 3514 4826 Tibi

1921 4865 2062 4932 dico,
2094 4864 2186 4927 fili,
2220 4863 2312 4935 qui
2342 4863 2413 4918 ibi
2439 4875 2680 4933 praesens
2702 4861 2962 4932 quiescis,
3013 4876 3176 4933 perge
3208 4876 3373 4932 quam
3415 4875 3508 4918 ce-

1920 4954 2140 5010 lerrime
2176 4954 2244 5009 ad
2276 4952 2454 5008 virum
2488 4950 2873 5015 venerabilem,
2903 4950 3344 5008 Lincolniensem
3389 4951 3510 5024 epi-

1921 5060 2166 5117 scopum,
2195 5045 2352 5115 eiqne
2376 5044 2560 5100 omnia
2583 5043 2700 5097 htec
2745 5056 2866 5112 quze
2890 5041 2984 5097 tibi
3035 5040 3091 5096 in
3139 5039 3368 5098 ecclesia
3419 5056 3510 5098 se-

1923 5138 2099 5195 eundo
2119 5137 2371 5209 praecepi,
2398 5151 2466 5192 ex
2495 5143 2650 5208 parte
2694 5133 3092 5206 Omnipotentis
3120 5135 3372 5191 nuntiare
3400 5148 3510 5191 non

1923 5229 2160 5286 din‘eras.
2185 5249 2204 5282 1
2239 5228 2338 5286 Cui
2362 5228 2548 5284 statim
2578 5227 2652 5282 ita
2675 5225 2926 5298 respondi
2952 5243 2967 5280 :
2999 5245 3018 5280 ι
3040 5226 3110 5282 Et
3127 5227 3398 5298 quemodo
3426 5226 3512 5281 vir

1925 5330 2089 5377 tanta:
2123 5320 2463 5376 auctoritatis
2517 5319 2678 5374 fidem
2723 5317 2944 5375 habebit
2985 5319 3165 5375 verbis
3195 5320 3349 5383 meis,
3381 5331 3509 5374 cum

1923 5429 2026 5485 ego
2051 5423 2104 5469 et
2133 5421 2292 5468 :etate
2337 5423 2392 5467 et
2441 5412 2653 5467 ratione
2696 5410 2963 5468 infirmior
3009 5411 3096 5466 vix
3125 5410 3418 5482 quidquam
3455 5423 3510 5467 ct

1927 5504 2074 5577 loqui
2115 5505 2324 5562 sciam?
2352 5524 2371 5558 1
2415 5504 2570 5560 Tunc
2594 5503 2639 5558 is
2685 5503 2778 5574 qui
2809 5502 3131 5574 loquebatur
3174 5501 3242 5557 ad
3275 5502 3377 5557 hoc
3415 5513 3506 5558 ro-

2180 5711 2337 5768 Anno
2382 5710 2588 5784 scilicet
2628 5709 2798 5776 119ος
2851 5722 2961 5784 quo
2998 5721 3173 5784 cruce
3200 5707 3402 5784 signati
3449 5706 3508 5765 in

1929 5777 2273 5856 expeditione
2300 5792 2490 5840 contra
2522 5781 2853 5837 Sarracenos
2868 5777 3092 5852 plurimi
3125 5777 3396 5835 obierunt.
