3976 6292
399 1941 418 1956 '
515 1935 740 1992 calicem
771 1949 801 1988 a
824 1933 980 1988 vobis
1005 1931 1298 1996 elevatum,
1331 1930 1565 2001 indignis
1591 1930 1716 1984 licet
1743 1931 1937 1994 oculis,
1995 1931 2107 1984 evi-

1366 361 1423 417 S.
1467 352 1772 416 llUGONlS
1811 349 2034 407 EPlSC.
2085 343 2406 402 LINCOLN.
2449 343 2611 400 ORD.
2655 341 2912 398 CAR'I‘H.
3635 347 3748 404 toto

2274 462 2430 524 dotis,
2476 469 2522 514 et
2552 457 2616 530 de
2648 459 2904 530 sententia
2946 457 3202 530 mirabili
3240 441 3408 514 nostri
3441 458 3662 530 {lagonis
3697 468 3751 520 ad

2275 532 2542 586 visendum
2567 529 2701 583 illud
2731 529 3044 602 miraculum
3061 531 3306 602 invitati.
3351 559 3424 570 -ι
3457 528 3518 582 Et
3537 528 3610 585 est
3637 539 3754 602 rapi.

2277 603 2444 656 mlunt
2467 611 2712 672 quartum
2744 601 2797 654 in
2829 616 3019 670 magna
3061 599 3204 654 Vita.

507 369 646 428 1059

506 483 788 555 spondeus
815 479 919 536 ista
959 475 1190 548 subjecit
1221 494 1234 528 :
1271 495 1292 526 ‹
1313 471 1502 528 Fidem
1535 469 1714 526 verbis
1743 465 1852 521 tuis
1883 463 2098 520 indubi-
2125 465 2177 524 Α

505 585 678 630 tatam
706 572 849 628 idem
871 571 957 626 vir
983 569 1234 628 habebit,
1255 581 1376 620 cum
1432 565 1479 617 ei
1535 577 1634 631 pro
1680 555 1994 627 intersignis
2035 569 2099 609 ea

507 665 879 721 insinuaveris
908 677 1028 732 qua:
1055 673 1218 728 super
1244 657 1412 710 altare
1441 669 1624 710 coram
1653 665 1718 707 eo
1740 648 1971 714 videbis,
1995 661 2100 717 qua
3235 648 3538 732 DM'LHJA-e

507 710 877 721 ...-........-.._
911 710 1026 732 τη,
1056 710 1207 728 ,-,.--
1959 710 1966 714 ,
2013 710 2025 717 _

505 755 746 824 primum
771 751 858 806 die
880 751 946 804 ad
972 749 1120 802 illum
1151 744 1473 815 perveniens
1503 742 1676 812 ipsum
1701 739 1992 792 missarum
2013 749 2102 791 so-

2279 713 2354 768 De
2375 712 2589 768 viviiico
2619 720 2796 765 autem
2841 719 3204 767 sacrosancta:
3233 710 3586 768 Eucharistize
3607 727 3758 770 sacra-

2432 805 2603 824 _t..____
2645 802 2844 824 μη---
2898 802 3150 824 ﬁcum
3187 817 3295 824 _--
3347 802 3560 824 se.-.”

507 802 1120 897 ieriiiii—ancrelebrantem
1151 802 1493 889 lintueberis.
1522 802 1620 885 ’ΝΘ
1673 829 1838 900 igitur
1885 825 2103 882 dill'eras
2203 815 2390 862 πιθηίο
2427 805 2608 900 mihi"?
2645 802 3154 900 fefeiﬂfuquiddflfti
3187 817 3298 858 ιιοη
3347 802 3562 900 γὶξιθιυτ
3598 806 3754 862 inocu-

2207 913 2422 969 gruum,
2467 895 2610 966 quod
2651 896 2706 950 in
2753 895 2926 950 Gallia
2965 895 3232 951 accidisse
3259 895 3448 952 multis
3491 905 3574 952 est
3617 901 3757 954 mani.

2209 989 2405 1046 festum
2433 988 2602 1060 (192).
2637 987 2814 1055 Quod,
2841 987 2970 1043 licet
2997 989 3294 1044 multorum
3331 988 3522 1044 notitia
3557 989 3756 1046 ﬁdelium

2207 1081 2544 1137 aestimemus
2579 1079 2983 1148 dignissimum,
3027 1080 3286 1150 pmsenti
3333 1087 3516 1140 tamen
3555 1079 3756 1136 historia

2211 1173 2262 1228 id
2299 1188 2330 1228 a
2356 1173 2514 1228 nobis
2545 1171 2772 1228 minime
2809 1171 2994 1228 luisset
3039 1172 3330 1236 insertum.
3361 1171 3412 1228 si
3441 1186 3548 1228 non
3583 1172 3642 1226 ad
3679 1175 3758 1230 hoc

2213 1265 2570 1320 inserendum
2601 1265 2748 1320 illius
2771 1279 2872 1320 nos
2904 1275 3126 1336 urgeret
3161 1263 3460 1330 sententia,
3493 1264 3560 1320 de
3591 1281 3644 1321 re
3671 1267 3762 1337 ipsa

2211 1355 2536 1412 mirabiliter
2557 1355 2786 1426 prolata,
2813 1355 2904 1424 qui
2933 1356 3126 1410 horum
3153 1354 3423 1420 omnium,
3455 1369 3572 1425 qua:
3591 1357 3762 1426 pagina:

2213 1447 2340 1502 huic
2393 1447 2732 1512 inseruntur,
2777 1444 3004 1500 materia
3045 1453 3132 1500 est
3171 1451 3228 1501 et
3277 1458 3466 1500 causa.
3509 1443 3604 1498 llic
3635 1443 3764 1515 igitur

2213 1540 2446 1610 quodam
2479 1549 2724 1610 tempore
2759 1537 2908 1610 (195)
2953 1553 2984 1592 a
3011 1538 3404 1596 Parisiensium
3431 1538 3686 1610 digressus
3707 1541 3766 1596 ci-

505 947 706 1004 parere
733 930 962 1000 eloquiis
993 927 1149 992 meis,
1197 923 1317 988 sed,
1348 937 1470 994 qua:
1497 921 1754 994 praecipio
1791 917 1910 982 tibi,
1939 919 2104 972 devo-

509 1035 598 1079 tus
621 1035 939 1093 exsequere.
981 1017 1078 1074 llis
1111 1017 1270 1072 dictis
1299 1031 1406 1070 vox
1445 1013 1716 1084 loquentis
1764 1011 1948 1066 ablata
1999 1019 2101 1066 est.

507 1117 580 1170 At
601 1131 702 1185 ego
735 1115 801 1167 ad
827 1109 1236 1181 exsequendum
1275 1109 1542 1179 imperata
1572 1105 1866 1178 plurimum
1898 1104 2107 1158 anima-

512 1219 618 1272 tus,
671 1205 884 1261 modico
931 1199 1218 1273 prmlibato
1239 1216 1463 1268 somno,
1520 1203 1587 1256 de
1637 1207 1797 1255 nocte
1849 1197 2105 1262 surrexi,

509 1299 756 1370 clamque
777 1297 940 1354 sociis
967 1295 1104 1350 meis
1135 1295 1239 1350 iter
1261 1295 1327 1348 ad
1357 1309 1455 1349 vos
1487 1291 1870 1362 inquirendum
1895 1289 1970 1344 ita
2013 1305 2110 1359 pe-

508 1389 665 1444 dibus
685 1389 824 1444 meis
855 1385 1122 1456 assumpsi
1159 1383 1330 1456 (l90).
1371 1383 1490 1439 Huc
1516 1391 1698 1438 autem
1748 1389 1878 1436 ante
1927 1380 2108 1436 missae

507 1478 790 1534 introitum
825 1475 988 1548 paulo
1029 1485 1157 1531 ante
1203 1475 1350 1540 veni,
1401 1483 1458 1529 et
1513 1473 1878 1528 celebrantem
1923 1469 2107 1524 divina

510 1571 858 1625 sanctitatem
899 1577 1136 1623 vestram
1195 1566 1424 1622 devotus
1475 1565 1781 1620 observavi.
1821 1561 2110 1617 lntendens

511 1677 732 1733 quoque
793 1660 1081 1716 sollicitius
1133 1659 1200 1712 ad
1263 1673 1506 1712 mensam
1551 1655 1886 1712 Dominicam
1925 1667 2108 1710 coram

2219 1633 2406 1697 vitate,
2438 1633 2564 1688 dum
2593 1632 2796 1688 Trecas
2823 1639 3058 1702 peteret,
3095 1631 3394 1687 metatione
3423 1631 3598 1703 prima
3621 1631 3769 1704 hospi-

510 1753 688 1820 vobis,
721 1753 852 1808 etin
883 1749 1136 1806 manibus
1183 1749 1381 1804 vestris
1433 1763 1630 1818 corpus
1685 1746 1898 1801 Domini
1933 1745 2105 1801 nostri

2219 1733 2364 1780 tatus
2391 1733 2475 1780 est
2507 1725 2558 1778 in
2583 1723 2712 1778 villa
2737 1723 2968 1794 quadam
2997 1720 3080 1778 Joi
3105 1721 3258 1794 (194)
3288 1731 3612 1794 nuncupata.
3635 1721 3768 1780 lloris

511 1813 864 1901 JcsuChristi
913 1843 1013 1897 sub
1063 1841 1244 1911 specie
1294 1813 1762 1909 infantis-parvuli
1813 1837 1897 1892 bis
1943 1853 2107 1908 supra

2219 1831 2348 1872 vero
2377 1815 2452 1870 illi
2483 1815 2606 1880 fuit,
2641 1815 2950 1884 ubicunque
2983 1813 3276 1884 hospitium
3317 1827 3442 1870 sese
3485 1813 3768 1884 excepisset,

2213 1911 2590 1982 presbyterum
2619 1908 2990 1980 parochiaiem
3029 1923 3154 1964 cum
3195 1906 3454 1963 Ecclesia:
3483 1906 3618 1962 illius
3642 1907 3770 1960 mini-

2213 2003 2343 2058 stris
2393 2001 2458 2058 ad
2491 2015 2644 2058 suam
2699 2001 2930 2056 invitare
2977 2015 3252 2066 mensam,
3301 2001 3472 2056 verbo
3501 1999 3770 2071 frequenter

2215 2103 2372 2147 utens
2391 2107 2512 2148 cum
2541 2091 2750 2146 liberali
2775 2091 3012 2161 quadam
3025 2089 3370 2159 iucunditate
3387 2090 3456 2146 ad
3483 2105 3631 2144 suum
3651 2085 3774 2158 dapi-

2216 2185 2411 2250 lerum,
2436 2199 2544 2254 quo
2573 2199 2720 2256 saepe
2743 2183 2872 2240 olim
2901 2197 3031 2238 usus
3051 2191 3136 2238 est
3165 2182 3430 2238 Dominus
3451 2183 3520 2238 ad
3547 2181 3770 2237 llebm-oo

2215 2291 2336 2332 rum
2363 2275 2616 2348 populum
2645 2295 2658 2330 :
2701 2296 2720 2328 ι
2755 2275 2872 2332 Non
2897 2275 3144 2341 deseras,
3173 2274 3450 2345 inquiens,
3475 2273 3674 2338 levitas,
3699 2275 3774 2344 qui

2217 2369 2360 2425 inter
2383 2379 2571 2440 portas
2599 2369 2840 2426 civitatis
2863 2379 2970 2424 tute
2997 2377 3124 2424 sunt
3149 2367 3336 2438 (Deut.
3363 2382 3480 2434 xiv,
3504 2366 3612 2435 27).
3637 2385 3654 2418 ι

515 2029 705 2084 denter
744 2025 1024 2096 conspexi.
1075 2023 1210 2092 Quia
1239 2037 1370 2078 vero
1423 2024 1652 2093 idipsum
1695 2034 1750 2078 et
1801 2038 1895 2078 vos
1941 2023 2112 2078 multo

513 2117 905 2190 perspicacius,
935 2116 1062 2188 quia
1104 2125 1162 2172 et
1186 2115 1386 2170 diutius
1438 2124 1494 2170 et
1523 2113 1752 2170 vicinius
1774 2123 1828 2168 et
1851 2115 1984 2168 satis
2031 2114 2114 2168 di-

515 2209 675 2281 gaius
697 2207 1073 2280 perspexistis,
1097 2221 1206 2262 non
1238 2215 1324 2261 est
1351 2205 1758 2277 ambigendum.
1793 2223 1810 2256 ι
1855 2203 1982 2258 ilice
2005 2203 2113 2258 ric-

513 2301 662 2357 ricus
697 2301 789 2357 ille
813 2299 1106 2356 liuentibus
1125 2313 1222 2370 per
1245 2311 1414 2368 genas
1441 2297 1699 2368 lacrymis
1731 2307 1816 2352 cst
1855 2311 2112 2366 prosccu-

515 2403 622 2450 tus.
653 2393 747 2448 V'ir
770 2405 984 2463 quoque
1015 2390 1230 2446 Domini
1261 2389 1496 2444 ubertim
1529 2389 1671 2443 inter
1703 2387 1820 2442 huic
1845 2387 2026 2441 nebat.

585 2483 836 2554 Cumque
867 2482 1070 2552 pariter
1099 2479 1412 2552 aliquandiu
1441 2477 1633 2534 ﬂentes
1657 2479 1924 2550 superbis
1949 2477 2114 2534 verba

514 2574 746 2645 plurima
767 2573 1198 2638 conseruissent,
1249 2571 1536 2642 episcopus
1562 2571 1844 2640 utriusque
1871 2585 2038 2642 genas
2063 2579 2117 2626 et

518 2666 729 2730 oculos,
767 2682 895 2723 suos
927 2665 1182 2721 videlicet
1213 2676 1268 2720 et
1299 2664 1480 2720 clerici
1515 2664 1677 2731 illius,
1715 2663 1886 2718 sacris
1935 2673 2118 2718 exter-

515 2773 652 2830 gens
678 2757 880 2830 digitis,
907 2756 1190 2812 osculatus
1237 2763 1323 2810 est
1368 2769 1512 2809 eum.
1567 2753 1698 2810 Erat
1748 2763 1927 2808 autem
1975 2754 2116 2808 idem

515 2848 750 2904 clericus
776 2861 1044 2902 annorum
1085 2845 1318 2901 circiter
1341 2843 1532 2916 viginti
1558 2843 1819 2914 quinque.
1856 2843 2120 2914 Przccepit

512 2955 646 2996 vero
671 2941 720 2996 ei
750 2949 1020 3011 quatenus
1050 2940 1168 2994 haec
1199 2947 1514 2994 reverenter
1553 2937 1732 2994 celare
1763 2939 2117 2994 meminisset.
2225 2943 2354 3006 tius,
2383 2951 2443 2997 ut
2473 2942 2590 3011 ejus
2633 2941 2974 2997 orationibus
3021 2955 3142 2996 sese
3193 2940 3422 2995 Domino
3449 2937 3776 2994 commendari

513 3034 788 3091 Praeterea
825 3031 1141 3102 diligentius
1173 3045 1300 3084 cum
1330 3030 1608 3086 adhortari
1637 3030 1868 3095 studuit,
1919 3037 1978 3084 ut
2001 3029 2122 3084 reli-
2223 3036 2517 3091 obtineret.
2559 3035 2720 3090 venit
2751 3035 2942 3098 etiam,
2979 3041 3038 3087 ut
3060 3033 3110 3087 ei
3141 3047 3256 3088 rem
3287 3031 3447 3086 valde
3479 3031 3779 3102 stupendum,

517 3125 694 3197 gionis
723 3123 972 3178 habitum
1001 3123 1286 3191 suscipere
1315 3129 1372 3175 et
1397 3119 1668 3191 religiosis
1720 3119 1962 3175 moribus
2016 3119 2122 3186 Do-
2151 3173 2193 3197 η
2226 3141 2346 3196 qum
2377 3125 2478 3180 sibi
2519 3125 2718 3182 dudum
2747 3123 2895 3196 (l95)
2927 3124 3250 3195 contigerat,
3283 3123 3352 3178 de
3389 3123 3656 3178 adorando
3687 3135 3778 3176 cor-

517 3173 692 3197 υ-ν---ς
723 3173 972 3178 ---------
1002 3173 1276 3191 -η-τντ
1326 3173 1369 3175 -κ
1400 3173 1663 3191 κτησηψ-
1722 3173 1731 3174 κ
1785 3173 1827 3175 η
1864 3173 1885 3174 η
1942 3173 1955 3175 -
2072 3173 2106 3186 η
2229 3173 2346 3196 τη..
2377 3173 2478 3180 -.-σ-
2748 3173 2869 3196 (η-
2931 3173 3250 3195 --η--υν---ν
3289 3173 3349 3178 η
3390 3173 3649 3178 “vim-

515 3215 669 3271 mino
693 3211 902 3270 servire
927 3228 996 3270 ex
1023 3213 1239 3285 integro
1289 3219 1609 3266 maturaret.
1656 3209 1954 3266 Asscrebat
1975 3209 2120 3264 enim
2150 3173 2195 3234 C
2228 3217 2377 3288 poris
2409 3217 2672 3273 Dominici
2706 3173 3050 3273 sacramento
3099 3223 3155 3272 et
3203 3213 3388 3271 verbis
3419 3223 3716 3286 exponeret,
3741 3223 3780 3266 ct

521 3322 634 3362 non
665 3322 786 3364 esse
811 3305 1142 3362 conveniens
1165 3311 1246 3369 ut,
1273 3301 1364 3372 qui
1395 3303 1520 3356 talia
1550 3301 1779 3356 vidisset
1831 3309 1884 3356 et
1933 3301 2123 3356 altilis-
2224 3309 2293 3362 ad
2321 3309 2607 3364 videndam
2635 3309 2807 3378 ipsam
2835 3323 2974 3376 rem,
2999 3307 3102 3363 sub
3121 3307 3294 3363 oculis
3315 3307 3498 3362 adhuc
3521 3305 3570 3360 in
3591 3305 3782 3360 ecclesia

517 3407 624 3466 set,
663 3400 718 3454 in
747 3397 932 3454 saeculi
961 3397 1205 3452 vanitate
1233 3394 1463 3449 ulterius
1507 3393 1732 3463 spatiari
1776 3392 1958 3446 vellet.
2013 3391 2116 3458 Qui
2225 3413 2322 3453 sua
2352 3397 2608 3467 positam,
2641 3413 2766 3454 eum
2793 3398 3072 3454 invitaret.
3107 3397 3243 3452 Erat
3279 3397 3430 3452 enim
3457 3397 3596 3452 idem
3629 3409 3783 3452 sacer-

518 3491 706 3546 ntatim
719 3489 876 3546 hisse
891 3487 1250 3544 libentissime
1263 3485 1800 3555 monitispariturnm
1823 3483 2118 3552 respondit.
2226 3491 2324 3546 dos
2364 3491 2474 3562 jam
2505 3489 2826 3562 grandaevus
2869 3499 2926 3545 ct
2951 3499 3172 3562 aspectu
3205 3489 3563 3554 reverendus,
3597 3505 3786 3560 corpore

592 3581 722 3638 Post
743 3581 859 3636 haec
885 3581 1064 3636 aulam
1091 3578 1204 3650 jam
1233 3593 1534 3650 pransurus
1566 3576 1872 3646 ingreditur
1910 3576 2126 3646 episco-
2226 3581 2391 3636 etiam
2423 3589 2558 3646 toto,
2586 3595 2690 3635 non
2721 3589 2830 3634 tam
2873 3595 2986 3651 prae
3021 3589 3182 3635 aztate
3209 3595 3374 3650 quam
3405 3595 3520 3652 pra:
3547 3580 3784 3636 abstinen-

519 3687 642 3742 pus.
688 3671 928 3727 Plurima
971 3671 1156 3741 itaque
1205 3671 1436 3740 stipatus
1483 3667 1889 3724 convivantium
1923 3668 2076 3722 turba
2101 3708 2120 3734 ,
2229 3673 2336 3741 tim,
2371 3683 2430 3728 ut
2455 3673 2757 3740 dicebatur,
2793 3673 2974 3744 rigore
3000 3673 3418 3744 prtemarcidus,
3452 3683 3508 3728 et
3535 3683 3652 3728 cute
3673 3671 3786 3727 ossi-

521 3765 709 3821 hilaris
739 3773 795 3820 et
822 3765 976 3821 belus
1009 3763 1314 3831 discubuit,
1337 3764 1598 3820 clericum
1647 3763 1810 3819 toties
1853 3777 2124 3817 memora-
2229 3763 2330 3821 bus
2387 3765 2662 3822 insidente
2710 3766 3017 3838 pcraridus.
3069 3765 3172 3832 Qui
3223 3774 3518 3835 postquam
3571 3764 3786 3820 salutavit

522 3867 634 3913 tum
665 3858 718 3913 in
747 3873 875 3913 area
926 3871 1034 3913 non
1083 3857 1244 3929 longe
1273 3872 1304 3912 a
1331 3857 1450 3913 loco
1479 3857 1739 3912 sessionis
1774 3871 1885 3912 sua:
1933 3855 2126 3926 prteci-
2226 3857 2568 3927 episcopum,
2597 3873 2704 3912 non
2744 3858 2918 3929 potuit
2964 3873 3078 3928 prae
3115 3857 3466 3924 verecundia,
3497 3857 3636 3928 quod
3655 3867 3786 3928 opta-

518 3951 678 4021 piens
721 3949 884 4006 simul
927 3951 1268 4008 recumbere.
1297 3949 1400 4018 Qui
1433 3949 1520 4006 die
1567 3957 1782 4020 postera
1829 3947 1898 4004 ab
1931 3949 2124 4005 eodem
2228 3949 2306 4004 vit
2359 3949 2434 4004 illi
2478 3947 2762 4005 declarare
2809 3965 2908 4020 per
2961 3951 3220 4020 seipsum,
3269 3951 3364 4006 sed
3409 3951 3716 4021 quibusdam
3738 3965 3787 4004 ex

521 4055 644 4094 cum
700 4041 1082 4097 benedictione
1134 4041 1390 4098 dimissus
1414 4082 1428 4106 ,
1481 4049 1536 4096 et
1571 4041 1641 4096 ad
1695 4041 1984 4112 quemdam
2022 4039 2124 4096 sibi
2227 4043 2342 4099 suis
2368 4043 2614 4100 seriatim
2643 4043 2760 4099 haec
2781 4043 3035 4114 exposuit
3069 4043 3121 4097 in
3157 4044 3302 4100 hunc
3331 4043 3552 4098 modum
3585 4061 3602 4098 :

521 4129 844 4186 familiarem
869 4131 1196 4187 monachum
1221 4131 1595 4196 transmissus,
1617 4131 1920 4186 monachus
1939 4129 2122 4199 etipse
2304 4154 2323 4186 ι
2355 4134 2492 4192 Cum
2519 4151 2696 4192 essem
2734 4135 2972 4206 juvenis,
3001 4135 3201 4206 inquit,
3225 4147 3280 4191 et
3309 4135 3540 4206 gradum
3565 4133 3790 4192 sacerdo-

523 4221 636 4276 eito
663 4227 848 4292 postea
872 4221 1120 4290 ell'eetus,
1152 4221 1406 4293 religiose
1453 4221 1748 4276 admodum
1773 4229 1858 4278 est
1887 4235 2108 4278 conver-

2230 4228 2314 4295 tii,
2349 4243 2447 4283 nec
2477 4229 2635 4283 annis
2678 4227 2878 4294 adhuc,
2912 4243 3012 4284 nec
3053 4228 3301 4284 moribus
3335 4227 3475 4283 meis
3511 4236 3657 4282 tanto
3679 4225 3788 4298 τῳίεὶ

524 4321 698 4369 ⁸³ί¹¹³ο
743 4313 842 4369 Oili
893 4315 1126 4385 Plurima
1177 4329 1398 4384 (ιιιοίιιιθ
1448 4313 1810 4384 spiritualium
1851 4313 2122 4369 ViSiOINIm
2227 4322 2386 4394 digne
2423 4319 2899 4394 respondentibus,
2925 4321 3391 4386 conscendissem,
3431 4319 3661 4392 contigit
3686 4317 3790 4372 insi-

523 4405 782 4476 mysteria
813 4407 1159 4477 postmodum
1191 4405 1362 4461 fuisse
1397 4405 1636 4461 revelata
1691 4405 1994 4462 certissime
2023 4421 2108 4462 ex-

2227 4415 2413 4471 dianle
2439 4415 2570 4471 mihi
2599 4417 2754 4470 hoste
2780 4413 3028 4486 antiquo,
3059 4423 3121 4468 ut
3147 4413 3356 4470 crimen
3386 4413 3656 4485 quoddam
3679 4424 3791 4466 mor-

522 4497 662 4566 perti
689 4511 899 4564 sumus,
928 4513 994 4553 ex
1026 4497 1222 4567 quibus
1253 4511 1361 4552 non
1394 4511 1564 4568 pauca
1590 4497 1786 4553 litteris
1829 4498 2030 4552 dudum
2057 4499 2108 4554 dt

2232 4507 2452 4564 tiferum
2483 4507 2855 4569 incurrissem,
2900 4521 2928 4560 a
2976 4504 3130 4574 cujus
3158 4504 3390 4560 necdum
3431 4504 3680 4574 contagio
3719 4509 3791 4556 aut

527 4588 784 4645 mandato
807 4589 980 4644 sane“
1014 4587 1264 4659 Ρτπευιίε
1295 4589 1494 4644 “alii”
1526 4589 1701 4660 (191).
1725 4587 1884 4659 Ιοηεθ
1906 4587 2122 4659 latemus
2229 4599 2490 4664 remedio,
2519 4597 2857 4672 paenitentia:
2885 4607 2978 4652 aut
3016 4595 3377 4652 confessionis
3401 4596 3622 4654 lavacro
3664 4609 3788 4649 mun-

527 4681 740 4754 νυιεειιι
773 4690 1093 4738 ηοεουηῑυτ·
1124 4681 1170 4736 Α
1189 4679 1344 4754 cuius
1379 4683 1546 4738 etiam
1571 4697 1668 4738 οτθ
1699 4681 1814 4736 hinc
1839 4683 1974 4752 ipsa:
2003 4695 2125 4750 ‘lua:
2227 4691 2411 4756 datus,
2441 4691 2536 4756 ita,
2557 4698 2618 4743 ut
2641 4703 2816 4756 cram,
2834 4687 2999 4744 corde
3025 4685 3258 4760 pollutus
3285 4695 3340 4743 et
3367 4701 3620 4758 corpore,
3639 4693 3788 4741 mente

527 4779 689 4836 mOdO
713 4778 1020 4847 retulimus,
1045 4777 1364 4849 fchueuter
1396 4777 1726 4834 audivimlls-
2228 4783 2449 4852 insuper
2475 4795 2650 4836 caecus
2672 4789 2728 4834 et
2753 4780 2858 4834 lide
2889 4778 3144 4834 infirmus
3192 4778 3362 4850 (quod
3403 4777 3554 4832 dictu
3591 4778 3788 4832 horrcn-

549 4875 556 4882 '
1152 4869 1384 4927 CAPUT
1413 4869 1480 4924 V.
2226 4875 2353 4929 dum
2399 4873 2501 4944 est)
2549 4874 2616 4928 ad
2645 4873 2788 4928 sacri
2821 4871 3013 4928 altaris
3053 4871 3418 4928 ministerium
3450 4871 3723 4942 impudens
3745 4875 3788 4923 et

529 4969 606 5042 De
635 4983 888 5056 ³ηφρεέηιρ
909 4983 1058 5039 valde
1085 4983 1347 5056 miram“,
1383 4983 1523 5054 quod
1565 4983 1622 5037 ίη
1657 4979 1901 5056 ιζνηῃεδη⁸
1923 4981 1988 5036 de
2011 4997 2122 5036 ιον-
2228 4963 2550 5019 temerarius
2594 4963 2856 5020 accedere
2885 4963 3164 5018 consuevi.
3191 4961 3439 5056 Cumque
3457 4961 3546 5056 die
3567 4959 3788 5056 quadarn

2291 2481 2436 2536 Illius
2475 2491 2652 2536 tamen
2685 2482 2786 2537 loci
2809 2481 3098 2554 presbyter
3128 2493 3156 2534 a
3183 2480 3452 2536 ministris
3484 2493 3628 2534 more
3647 2477 3774 2533 solita

2221 2583 2466 2638 vocatus,
2498 2575 2567 2628 ad
2601 2587 2844 2628 mensam
2883 2573 3120 2644 episcopi
3145 2572 3334 2628 venire
3359 2573 3674 2628 obstinatius
3709 2585 3774 2625 re-

2220 2663 2465 2728 cusavit;
2517 2663 2668 2718 venit
2695 2673 2875 2718 autem
2918 2673 3041 2733 post
3069 2663 3360 2734 prandium
3411 2662 3636 2718 invisere
3657 2677 3774 2716 eum.

2223 2753 2384 2812 Venit
2411 2771 2650 2827 quoque,
2689 2771 2797 2811 non
2846 2755 3042 2820 solum,
3075 2765 3135 2810 ut
3163 2754 3424 2826 episcopo
3449 2751 3774 2810 celeberrima

2221 2848 2493 2918 opinionis
2516 2848 2840 2919 obsequium
2877 2847 3160 2903 exhiberet
3209 2845 3574 2910 salutationis,
3597 2845 3678 2900 sed
3701 2859 3776 2914 po-

599 5051 731 5126 pore'
759 5053 951 5110 Christi
978 5057 1267 5125 contigerat
1305 5051 1442 5108 inter
1473 5069 1663 5108 manus
1697 5051 1902 5124 indigni
1946 5067 2122 5106 sacer-

547 5227 554 5236 ·
597 5210 746 5283 (190)
781 5209 984 5283 Itinere
1019 5209 1180 5283 unius
1219 5219 1312 5283 aut
1347 5210 1574 5268 alterius
1611 5211 1720 5266 diei
1763 5228 1792 5265 a
1839 5211 1992 5274 loco,
2029 5213 2118 5266 ubi

530 5279 760 5408 garrulo
785 5282 950 5347 facta,
981 5281 1050 5336 ad
1069 5279 1266 5346 locum,
1291 5281 1346 5338 in
1377 5298 1484 5354 quo
1513 5283 1831 5338 morabatur
1853 5283 1913 5338 S.
1941 5283 2116 5355 llugo,

570 5369 614 5408 ts
643 5369 708 5406 an
737 5367 788 5407 e.

570 5363 788 5408 tstante.

602 5423 750 5494 (191)
791 5421 870 5475 Ex
901 5421 1006 5494 hoc
1037 5419 1160 5476 loco
1193 5421 1466 5494 colligitur
1495 5424 1756 5494 visionem
1787 5423 1932 5479 hanc
1968 5425 2114 5482 acci-

531 5491 675 5551 diose
701 5493 990 5564 antequam
1027 5500 1216 5548 auctor
1255 5491 1388 5548 Vita:
1422 5495 1482 5548 S.
1508 5493 1718 5564 linguai
1751 5496 1941 5549 astitit.

608 5563 758 5636 (192)
799 5561 990 5636 Nescio
1017 5578 1082 5636 an
1109 5571 1340 5636 eventus
1380 5564 1489 5636 ille,
1523 5561 1619 5632 qui
1656 5565 1744 5636 hic
1771 5565 1969 5620 dicitur
2003 5583 2118 5620 ma-

534 5631 756 5708 nifestus
779 5631 1082 5708 multis,_sit
1103 5633 1184 5708 ab
1211 5631 1391 5708 aliquo
1423 5631 1862 5708 alio’evulgatus.

603 5695 756 5776 (195)
795 5703 948 5776 Anno
971 5695 1135 5768 1290,
1168 5695 1543 5776 quo-Parisiis
1574 5712 1628 5758 et
1655 5695 1708 5758 in
1741 5703 1912 5762 Gallia
1947 5705 2118 5764 fuisse

531 5773 810 5844 nugonem
841 5787 908 5829 ex
933 5775 1035 5830 hoc
1059 5773 1244 5844 capite
1267 5781 1498 5826 constat.

2226 5055 2402 5114 sacris
2448 5057 2762 5114 assisterem
2807 5057 2988 5112 missa:
3029 5055 3292 5122 secretis,
3336 5063 3394 5110 et
3421 5053 3664 5110 criminis
3705 5048 3786 5106 mei

2292 5217 2442 5288 (191)
2480 5217 2616 5274 Cum
2649 5213 2772 5272 villa
2803 5215 2918 5271 htce
2942 5214 3089 5288 inter
3117 5213 3357 5288 Parisios
3383 5211 3656 5288 et'l‘recas
3671 5217 3782 5288 sita.

2225 5282 2332 5344 una
2375 5282 2490 5343 sive
2537 5288 2731 5358 prima
2763 5287 3089 5358 metatione,
3104 5286 3352 5358 dicatur,
3379 5283 3638 5358 viderint
3671 5282 3786 5336 Ioco-

2225 5376 2344 5414 rum
2373 5353 2572 5440 vicini,
2603 5373 2672 5414 an
2709 5356 2838 5414 facti
2877 5356 3038 5426 hujus
3068 5353 3282 5413 ibidem
3325 5355 3510 5410 adhuc
3555 5353 3786 5408 habeatur

2223 5445 2507 5486 memoria.
2755 5473 2762 5476 η

2293 5501 2442 5572 (195)
2483 5499 2622 5572 Fore
2643 5499 2794 5572 inter
2819 5513 2995 5554 annos
3023 5497 3160 5553 1160
3185 5505 3238 5554 et
3269 5496 3430 5572 1179,
3461 5495 3590 5551 dum
3629 5503 3784 5572 sacer-

2221 5561 2319 5627 dos
2375 5561 2582 5642 llugoni
2635 5569 2837 5642 factum
2893 5583 3168 5642 narrans,
3221 5568 3547 5642 grandaevus
3593 5561 3782 5634 quidem

2221 5643 2442 5706 dicitur,
2462 5637 2582 5696 ‘sed
2632 5639 2808 5712 magis
2851 5655 2963 5710 prae
3000 5640 3177 5710 rigore
3217 5637 3600 5704 abstinentiae,
3653 5645 3786 5706 quam

2219 5727 2330 5784 prae
2359 5719 2537 5768 aetate.
