3976 6292
196 367 345 424 ιιι-ιιι

1557 367 1734 424 VITA.
1772 399 1841 412 —-
1876 368 2005 425 [ΑΒ.
2049 368 2112 423 ιτ.

3324 380 3466 437 1042

196 484 588 540 enormitatem
622 484 673 537 iu
705 482 818 551 ipSa
868 482 1059 537 hostiae
1092 482 1347 537 salutaris
1379 482 1788 536 consecratione
1818 487 1866 545 Α
1965 483 2055 537 Sic
2077 483 2257 552 itaque
2285 499 2314 537 a
2345 486 2620 555 proposito
2651 484 2879 540 curiosa:
2904 486 3127 545 visionis
3157 490 3279 549 illos
3308 507 3467 549 coer-

197 582 385 630 mente
410 574 747 629 revolvercm
773 573 958 637 tacita,
988 573 1130 627 inter
1149 573 1283 629 alias
1309 573 1579 628 tenebrosi
1606 581 1787 641 pecto-

198 669 279 722 ris
320 665 704 737 cogitationes,
746 664 830 718 hac
857 677 1068 718 mecum
1111 664 1468 718 versabantur
1498 663 1550 718 in
1581 662 1783 719 corde:

197 759 465 824 Putasne,
497 755 641 813 illius
668 771 865 826 corpus
892 766 950 810 et
983 756 1206 826 sanguis
1230 755 1321 811 hic
1346 770 1376 809 a
1409 769 1495 810 me
1519 753 1786 810 sordidis-

199 854 345 904 simo
366 855 662 918 peccatore
689 845 954 899 veraciter
978 845 1287 908 conﬁcitur,
1330 852 1387 898 et
1413 850 1698 909 tractatur,
1723 856 1789 897 ac

200 940 462 1006 sumitur,
491 939 584 1010 qui
613 939 815 994 candor
835 936 972 993 lueis
997 947 1213 993 aeterna;
1237 951 1358 992 esse
1381 936 1710 992 describitur
1732 944 1789 991 et

201 1031 485 1102 speculum
511 1030 630 1086 sine
653 1029 911 1085 macula?
940 1030 1075 1085 Dum
1111 1028 1228 1084 hmo
1268 1036 1326 1083 et
1362 1027 1467 1083 alia
1495 1027 1582 1084 his
1609 1027 1788 1083 minus

200 1122 402 1179 stolida
433 1137 711 1179 versarem
742 1122 797 1178 in
825 1121 1030 1188 animo,
1073 1128 1397 1193 perventum
1428 1127 1513 1175 est
1539 1118 1607 1173 ad
1653 1118 1785 1184 hoc,

201 1223 265 1270 ut
315 1213 612 1285 frangenda
662 1219 810 1268 esset
865 1211 1130 1267 trifariam
1187 1223 1341 1267 more
1374 1207 1556 1264 debito
1610 1207 1786 1263 hostia

208 1314 591 1363 sacrosancta.
648 1304 822 1372 Quam
844 1313 901 1359 ut
925 1319 1021 1375 per
1044 1304 1281 1361 medium
1310 1299 1466 1373 fregi,
1489 1313 1795 1356 moxcruor

202 1396 601 1467 liquidissimus
631 1410 730 1466 per
758 1394 1059 1452 fracturam
1081 1394 1303 1453 efﬂuere
1332 1392 1521 1471 εῳρίι,
1552 1390 1647 1465 qui
1674 1405 1788 1446 me-

200 1488 354 1545 diam
382 1487 576 1544 hostia:
597 1496 833 1559 partem,
857 1501 1021 1561 quam
1046 1485 1209 1541 manu
1235 1486 1506 1551 tenebam,
1531 1487 1585 1542 in
1604 1482 1788 1543 carnis

202 1581 388 1651 specie
416 1579 597 1636 subito
625 1595 968 1645 conversam,
1018 1578 1215 1634 rubore
1261 1579 1555 1650 sanguineo
1577 1578 1784 1635 infecit.

200 1671 417 1739 Quibus
454 1685 556 1741 ego
589 1669 723 1727 visis
759 1685 872 1740 pra:
901 1669 1092 1725 timore
1121 1676 1268 1725 totus
1304 1668 1528 1740 dirigui,
1561 1678 1616 1724 et
1646 1682 1787 1739 pene

198 1761 457 1820 exsensis
479 1761 706 1818 effectus
753 1761 964 1833 perdito
995 1761 1223 1817 rationis
1247 1760 1495 1828 consilio,
1525 1760 1784 1833 quidquid

1888 576 2021 645 cuit,
2048 584 2104 629 et
2147 576 2214 630 ad
2239 576 2587 631 excitandum
2616 576 2921 632 devotionis
2952 588 3228 646 aspectum
3259 583 3466 652 pariter

1886 674 1944 719 et
1989 664 2329 736 amplexum,
2386 666 2453 722 ad
2501 666 2619 722 haec
2666 665 2833 721 verba
2867 675 2923 720 et
2959 666 3167 724 viviﬁca
3220 671 3465 728 cordiutn

1889 755 2167 824 alimenta,
2195 766 2405 812 mentes
2427 756 2762 813 audientium
2784 757 3039 813 erudivit.
3071 758 3149 814 Ex
3176 762 3469 830 prtemissis

1888 862 2044 913 vero,
2070 865 2277 905 necnon
2316 860 2371 908 et
2397 867 2465 906 es
2514 852 2637 909 aliis
2687 852 2804 923 ejus
2842 855 3021 912 verbis
3071 856 3275 912 certius
3310 852 3469 915 nobis

1888 954 2208 1010 persuasum
2253 951 2496 999 tenemus
2560 946 2687 1015 quia
2745 961 2850 1002 non
2908 947 3077 1003 semel
3143 958 3373 1015 tantum,
3410 962 3469 1006 ut

1889 1045 2051 1100 supra
2074 1039 2353 1089 ostensum
2378 1036 2630 1113 est,,imo
2664 1038 2827 1093 etiam
2862 1027 3196 1116 frequenter,
3237 1041 3314 1097 illi
3341 1057 3469 1098 eon-

1890 1136 2102 1189 cessum
2127 1122 2218 1188 sit,
2277 1124 2513 1181 revelata
2559 1126 2796 1184 hominis
2839 1129 3115 1186 interioris
3163 1129 3321 1198 facie,
3378 1131 3466 1189 illa

1889 1211 2237 1282 singulariter
2256 1212 2323 1268 de
2347 1214 2450 1270 hoc
2478 1227 2826 1274 sacramento
2850 1220 2971 1276 visu
3012 1221 3246 1292 quodam
3278 1221 3470 1277 intimo

1887 1303 2217 1373 perspicere,
2244 1319 2364 1375 quae
2392 1306 2545 1362 nobis
2574 1308 2862 1366 invisibilia
2885 1312 3141 1369 docemur
3159 1325 3349 1370 onmes
3380 1326 3472 1384 pa-

1890 1396 2026 1455 riter
2055 1395 2160 1453 tide
2187 1394 2475 1468 purissima
2511 1400 3066 1462 credendoretinere.

2499 1509 2727 1566 CAPUT
2770 1513 2859 1573 Vl.

1891 1628 2131 1695 Qualiter
2165 1623 2318 1699 fingo
2350 1633 2525 1683 noster
2549 1639 2697 1683 suum
2717 1626 2968 1699 corripuit
2994 1630 3471 1699 metropolitanum,

1956 1709 2003 1755 et
2025 1716 2184 1770 quam
2206 1696 2463 1754 sollicitus
2490 1712 2602 1754 erat
2642 1703 2709 1756 de
2754 1696 2987 1767 moribus
3022 1696 3372 1759 subditorum.
3402 1696 3473 1741 -ἒ

1965 1770 2035 1846 βξ
2082 1780 2158 1824 est
2211 1772 2309 1825 hoc
2361 1770 2650 1840 capitulth
2696 1771 2937 1842 quintum
2981 1774 3039 1828 in
3089 1775 3220 1830 serie
3266 1785 3471 1846 utagmt:

201 1854 272 1909 de
308 1854 480 1923 ipsius
520 1853 879 1909 sacramentis
923 1853 983 1919 in
1022 1854 1273 1911 manibus
1309 1851 1579 1921 tenebam,
1616 1852 1670 1907 in
1700 1867 1788 1909 sa-
1819 1833 1864 1893 Β
1974 1837 2125 1896 Vill?-

200 1958 359 1999 crum
378 1942 615 1999 .calicetn
643 1943 896 1999 decidere
924 1945 1168 2014 permisi.

284 2053 303 2088 ι
339 2033 469 2089 Erat
521 2044 650 2090 tunc
682 2034 754 2088 ibi
780 2032 984 2098 videre,
1029 2034 1401 2111 quod_usque
1444 2034 1499 2088 in
1547 2048 1789 2111 praesens

202 2128 471 2193 cernitur,
530 2126 740 2182 saeculis
789 2126 1041 2182 omnibus
1089 2110 1411 2197 stupendum
1443 2110 1785 2193 miraculum,

199 2222 393 2275 vinum
422 2218 680 2276 videlicet
706 2219 760 2273 in
787 2218 1106 2289 sanguinem
1129 2227 1184 2274 et
1231 2233 1424 2289 panem
1466 2218 1518 2273 in
1547 2233 1783 2283 carnem,

190 2312 383 2367 inedia
430 2311 512 2369 sui
553 2316 707 2381 parte
734 2324 1020 2375 conversa,
1067 2326 1180 2366 rem
1206 2311 1411 2380 pariter
1435 2309 1787 2379 sacramenti,

202 2414 258 2462 et
291 2405 544 2467 formam,
578 2403 893 2473 signiﬁcans
923 2403 1171 2459 videlicet
1198 2414 1254 2460 et
1272 2404 1657 2476 signiﬁcatum,
1688 2405 1789 2458 sub

184 2495 421 2565 -gemina
440 2494 625 2564 specie
646 2492 1085 2550 manifestissime
1108 2493 1387 2564 prxferre.
1413 2492 1544 2559 Quae
1573 2500 1633 2546 ut
1655 2490 1787 2557 vidi,

186 2588 308 2642 .has
350 2585 561 2655 species
605 2583 1099 2641 ineonversibilitcr
1149 2582 1409 2648 retinere,
1456 2596 1520 2637 ea
1577 2572 1792 2651 penitus

184 2678 525 2749 .contingere
552 2691 657 2733 non
706 2690 1061 2746 praesumens,
1110 2675 1331 2731 calicem
1363 2681 1580 2744 patena,
1605 2681 1663 2727 et
1696 2687 1793 2743 pa-

182 2780 391 2826 .tenam
420 2784 578 2825 sacra
608 2768 753 2839 palla
781 2767 1059 2837 cooperui,
1089 2776 1145 2823 et
1175 2767 1356 2823 missa:
1397 2763 1632 2820 ofﬁcium
1670 2777 1794 2835 per-

204 2862 442 2917 eantavi.
475 2860 633 2926 Hinc,
663 2857 871 2930 populo
899 2858 1144 2927 dimisso,
1176 2858 1400 2913 calicem
1435 2872 1559 2911 cum
1595 2856 1792 2921 sacris,

205 2970 331 3023 qua:
363 2954 417 3007 in
450 2969 518 3009 eo
545 2952 725 3009 adhuc
752 2950 914 3005 hodie
960 2950 1331 3014 continentur,
1376 2948 1498 3005 loco
1547 2961 1792 3018 congruo

206 3060 366 3099 secus
391 3044 562 3103 altare
588 3043 804 3115 reposui
827 3042 1006 3099 debita
1029 3040 1330 3096 reverentia
1350 3038 1790 3096 custodiendum.

185 3137 341 3192 tPost
384 3137 489 3193 hoc
553 3136 753 3191 summi
784 3134 1059 3208 pontificis
1106 3130 1251 3188 adivi
1304 3131 1670 3203 praesentiam,
1715 3129 1791 3184 rei

209 3230 375 3300 hujus
397 3230 594 3286 seriem
634 3229 708 3285 illi
748 3229 1031 3300 praemissa
1071 3226 1413 3283 confessione
1466 3234 1649 3278 reatus
1687 3222 1793 3278 mei

208 3322 462 3391 exposui,
494 3330 549 3376 et
589 3319 944 3376 absolutionis
988 3317 1334 3382 beneﬁcium,
1362 3313 1619 3383 ,iujuncta
1661 3312 1794 3366 mihi

208 3410 587 3476 satisfactione
609 3410 937 3479 competenti
990 3409 1059 3465 ab
1085 3409 1202 3478 ipso
1241 3405 1536 3478 reportavi.
1568 3403 1647 3458 Ad
1681 3403 1797 3459 lure

209 3518 343 3558 vero
366 3502 638 3573 magnalia
666 3502 759 3557 Dei
787 3499 1202 3571 praesentialiter
1224 3498 1529 3555 contuenda
1553 3512 1582 3550 a
1614 3495 1795 3573 multis

211 3595 321 3649 huc
355 3608 454 3663 per
483 3594 769 3649 circuitum
814 3593 948 3649 locis
974 3592 1174 3663 passim
1212 3608 1243 3646 a
1287 3590 1536 3651 ﬁdelibus
1566 3571 1798 3644 concur-

212 3687 380 3751 ritur,
406 3701 437 3740 a
462 3685 664 3755 quibus
691 3701 814 3741 cum
845 3699 1059 3741 suntme
1082 3684 1384 3740 reverentia
1417 3682 1798 3754 magniﬁcatur

174 3810 179 3815 -
210 3780 380 3844 Deus,
396 3780 489 3849 qui
508 3778 639 3837 facit
660 3780 924 3835 mirabilia
949 3779 1116 3836 solus.
1143 3777 1289 3843 ﬂare,
1314 3785 1502 3833 sancte
1522 3776 1794 3846 episcope,

176 3922 185 3935 ,
209 3869 575 3941 vobis'cupio,
602 3869 723 3926 iStis
745 3870 1127 3935 mediantibus,
1159 3868 1424 3933 iutimari,
1451 3882 1558 3939 quo
1579 3877 1634 3922 et
1653 3866 1799 3921 illius

170 4009 179 4015 .
209 3977 430 4017 merear
460 3977 563 4033 ego
587 3961 927 4019 orationibus
948 3963 1089 4032 apud
1110 3963 1277 4017 Deum
1313 3959 1579 4029 adjuvari,
1602 3967 1656 4014 et
1681 3959 1799 4029 ipse

178 4106 181 4109 .
210 4068 338 4108 cum
370 4052 486 4109 suis
505 4053 739 4113 sociisin
765 4053 995 4109 Domino
1012 4054 1210 4119 valeat,
1234 4067 1356 4108 cum
1383 4052 1482 4108 ista
1507 4064 1799 4127 perspexe-

166 4184 181 4194 .
210 4145 302 4209 rit,
333 4145 572 4215 amplius
592 4143 904 4214 iucundari.
940 4162 958 4197 ι
1358 4211 1362 4214 ⁴

280 4236 414 4293 llazc
434 4237 601 4308 igitur
627 4237 928 4295 referentes
955 4238 1234 4308 episcopo,
1261 4233 1459 4306 quibus
1486 4232 1802 4287 innotucrat

206 4347 239 4385 ιι
273 4330 614 4401 presbytero,
643 4331 937 4401 sperabant
960 4330 1133 4395 illum,
1156 4343 1263 4385 non
1291 4327 1408 4384 sine
1434 4325 1589 4382 avida
1616 4324 1801 4380 cordis

210 4424 532 4491 devotione,
560 4424 630 4487 ad
659 4439 722 4483 ea
748 4439 872 4481 mox
900 4423 1130 4481 videnda
1162 4435 1566 4492 processurum.
1595 4416 1799 4473 Verum

1962 1952 2095 2020 Sed,
2121 1954 2247 2010 dum
2273 1951 2433 2009 solito
2469 1954 2733 2011 crebrius.
2764 1955 3238 2026 metropolitanum
3289 1970 3469 2020 suum,

1889 2046 2158 2118 solitoque
2187 2046 2477 2102 instantius
2499 2047 2583 2101 vir
2609 2046 2728 2114 Dei,
2752 2055 2874 2118 post
2918 2047 3119 2103 factam
3147 2046 3249 2103 sibi
3276 2044 3475 2100 divini-
3556 2028 3561 2035 ’

1892 2152 1978 2198 tus
2026 2141 2465 2202 admonitionem,
2506 2140 2772 2206 hortatur,
2817 2148 3084 2212 quatenus
3128 2137 3346 2196 omissis
3375 2130 3473 2208 pa-

1891 2247 2110 2303 rumper
2131 2232 2330 2303 quibus
2360 2230 2664 2288 indefessus
2690 2231 2997 2288 adhaerebat
3024 2230 3171 2287 curis
3194 2227 3471 2286 saeculari-

1884 2325 2013 2389 bus,
2042 2323 2223 2380 studio
2247 2322 2428 2393 potius
2451 2322 2750 2395 indulgeret
2774 2321 3097 2393 pontiﬁcalis
3124 2320 3287 2378 ofﬁcii
3309 2333 3475 2389 quam

1892 2414 2203 2486 reipublicae
2226 2414 2706 2478 administrationi,
2748 2413 2988 2466 animum
3018 2411 3136 2481 ejus
3163 2408 3232 2463 ad
3252 2422 3474 2478 gravem

1890 2513 2080 2560 contra
2095 2519 2157 2559 se
2174 2503 2434 2558 excitavit
2458 2504 2787 2559 simultatem
2798 2540 2812 2555 .
2827 2501 2951 2556 Suae
2964 2513 3095 2556 vero
3108 2496 3477 2569 jurisdictioni

1892 2594 2161 2660 subditos,
2196 2605 2304 2650 tam
2336 2595 2565 2651 clericos
2588 2609 2750 2665 quam
2779 2592 3149 2664 presbyteros,
3188 2590 3305 2661 ipse
3351 2588 3479 2645 totis

1882 2685 2102 2742 .viribus
2151 2702 2248 2757 per
2274 2688 2536 2758 seipsum,
2565 2694 2619 2743 et
2662 2700 2759 2757 per
2785 2683 3040 2740 olliciales
3071 2696 3223 2749 suos,
3256 2678 3325 2735 ad
3350 2678 3479 2736 vita

1893 2776 2147 2834 rectioris
2174 2778 2444 2834 tramitem
2462 2788 2517 2833 et
2538 2776 2831 2855 disciplina:
2857 2771 3039 2846 regula
3049 2772 3480 2828 rishonestaletn

1895 2872 2190 2926 revocavit.
2217 2870 2360 2937 Nihil
2388 2870 2534 2925 enim
2563 2869 2631 2923 de
2668 2876 2893 2938 paterna
2933 2863 3295 2922 sollicitudine
3318 2860 3480 2919 omit-

1897 2970 2037 3027 tens,
2067 2962 2337 3034 languidis
2364 2961 2777 3018 commissorum
2807 2958 2909 3014 sibi
2953 2957 3198 3013 moribus
3227 2953 3480 3012 infunde-

1894 3050 1991 3108 bat
2017 3051 2193 3109 oleum
2240 3061 2298 3107 et
2324 3051 2529 3115 vinum,
2577 3059 2635 3104 ut
2679 3049 2940 3105 severitas
2974 3057 3251 3103 coerceret
3295 3043 3481 3101 distri-

1897 3140 2115 3205 ctionis,
2145 3155 2281 3210 quos
2304 3152 2501 3194 curare
2524 3150 2631 3193 non
2670 3137 2841 3208 potuit
2874 3135 3069 3191 lenitas
3093 3134 3330 3206 pietatis.

1966 3231 2238 3300 Quantum
2286 3244 2416 3285 vero
2471 3228 2772 3294 sudaverit,
2821 3236 3151 3298 quantumve
3184 3221 3480 3295 profecerit

1896 3324 1966 3378 ad
2008 3323 2401 3378 correctionem
2448 3319 2789 3379 subditorum
2825 3318 2880 3374 in
2918 3319 3021 3373 bac
3047 3316 3259 3388 gemina
3304 3313 3479 3372 eccle-

1897 3413 2130 3469 siastica:
2160 3411 2577 3484 dispensationis
2601 3409 2959 3476 exhibitione,
2989 3424 3097 3463 non
3131 3415 3217 3464 est
3250 3405 3480 3463 faculta-
3534 3469 3540 3474 ι

1900 3507 1967 3563 tis
1995 3516 2212 3574 nostrae,
2242 3514 2402 3577 prout
2434 3504 2657 3589 digntum
2684 3509 2854 3568 esset,
2889 3515 3184 3573 exponere,
3214 3513 3337 3554 cum
3362 3497 3481 3554 bare

1896 3596 2351 3668 peritissimorum
2396 3587 2804 3667 etiam—ingenia
2830 3593 2917 3648 vix
2961 3590 3147 3648 multis
3173 3587 3481 3646 sufficerent

1872 3736 1873 3741 η
1898 3688 2234 3744 voluminum
2257 3687 2656 3763 prolixitatibus
2686 3685 2947 3741 enodare.
2972 3680 3244 3738 Ecclesias
3265 3692 3481 3751 quoque

1896 3777 2156 3833 ditecesis
2200 3792 2314 3834 sua:
2346 3778 2401 3831 in
2452 3774 2704 3832 omnibus
2734 3790 2836 3846 pro
2876 3786 3034 3844 posse
3061 3785 3159 3827 suo
3182 3769 3250 3825 ad
3277 3776 3481 3824 statum
3569 3773 3577 3781 ‘

1868 3930 1873 3935 _
1899 3870 2113 3929 curavit
2146 3869 2391 3926 debitum
2413 3869 2642 3939 erigere.
2671 3865 3008 3922 Admittebat
3037 3860 3182 3920 enim
3206 3860 3392 3918 sedqu
3412 3860 3482 3915 ad

1898 3977 2086 4018 earum
2104 3961 2345 4033 regimen
2369 3961 2515 4016 viros
2540 3957 2765 4015 scientia
2782 3956 2961 4013 etvita
2984 3952 3445 4012 commendabiles
3464 3990 3479 4017 ,

1899 4055 1985 4110 bis
2014 4069 2143 4109 vero
2193 4053 2483 4110 destitutos
2520 4051 2589 4107 ab
2632 4064 2821 4106 earum
2869 4047 3116 4120 ingresSu
3146 4059 3245 4117 pro
3274 4043 3483 4100 viribus

1900 4145 2220 4218 repellebat.
2244 4145 2300 4200 In
2326 4159 2434 4215 qua
2459 4143 2717 4199 nimirum
2750 4141 3070 4206 intentione,
3095 4146 3299 4210 quanto
3322 4136 3485 4194 duce-

1900 4247 2055 4294 retur
2074 4237 2217 4305 zelo,
2237 4251 2302 4291 ex
2336 4236 2506 4306 ipsius
2526 4232 2706 4290 verbis
2725 4231 2922 4288 melius
2965 4228 3341 4302 perpenditur,
3367 4227 3487 4298 qui-

1900 4329 2003 4384 bus
2023 4329 2089 4384 de
2112 4329 2293 4400 seipso
2334 4327 2410 4383 ita
2451 4325 2751 4397 saepissime
2781 4322 3090 4383 fatebatur:
3135 4339 3154 4373 ι
3193 4318 3488 4385 Miror,in-

1901 4420 2037 4490 quit,
2068 4415 2354 4491 quosdam,
2410 4425 2470 4471 ut
2512 4414 2736 4483 dicitur,
2788 4413 3024 4485 gaudere
3052 4451 3069 4477 ,
3120 4425 3244 4466 cum
3292 4417 3489 4463 vacant

206 4513 304 4569 ille
333 4515 405 4569 ad
435 4515 627 4571 audita
653 4513 941 4572 confestim
977 4514 1067 4587 ita.
1099 4511 1384 4582 respondit
1409 4527 1424 4564 :
1463 4529 1481 4562 ι
1509 4509 1678 4573 Bene,
1719 4507 1800 4563 in-
1826 4524 1878 4584 ι)
1896 4510 2202 4583 ,ρτωιιθιιᾱαξ
2223 4520 2319 4564 aut
2339 4507 2612 4573 ecclesiae,
2637 4520 2772 4576 quas
2798 4500 2896 4575 pro
2922 4502 3077 4559 lihitu
3101 4500 3310 4571 possint
3332 4500 3488 4555 novis

158 4647 173 4655 -
204 4607 352 4678 quit,
391 4607 447 4662 in
476 4607 698 4671 nomine
728 4606 940 4673 Domini
978 4606 1218 4673 habeant
1253 4602 1356 4659 sibi
1386 4602 1538 4673 signa
1572 4598 1801 4655 inﬁdeli-

206 4703 344 4757 tatis
365 4716 494 4757 succ.
531 4684 671 4768 Quid
696 4700 762 4754 ad
799 4715 898 4759 nos
935 4700 1004 4755 de
1036 4699 1149 4753 bis?
1174 4697 1311 4752 Num
1342 4695 1606 4749 miramur
1628 4690 1802 4761 parti-

204 4794 429 4850 culares
466 4794 728 4864 imagines
778 4791 943 4863 hujus
975 4790 1143 4847 divini
1186 4787 1451 4851 muneris,
1483 4784 1577 4856 qui
1632 4794 1800 4839 totum

205 4899 270 4943 et
304 4887 581 4955 integrum
610 4886 714 4940 hoc
742 4884 961 4953 cmlcste
991 4880 1320 4939 sacriﬁcium
1358 4877 1599 4949 quotidie
1630 4875 1807 4930 intue-

207 4994 342 5034 mur
392 4976 711 5043 ﬁdelissimo
758 4984 978 5047 aspectu
1041 4973 1276 5030 mentis?
1330 4971 1612 5027 lntueatur
1660 4968 1804 5021 illius

204 5071 447 5142 exiguas
497 5069 866 5140 portiunculas
941 5068 1062 5122 visu
1127 5077 1416 5134 corporeo,
1480 5061 1578 5131 qui
1632 5067 1804 5114 totum

158 5238 161 5241 Δ
212 5180 328 5220 non
362 5162 603 5217 intuetur
631 5161 753 5217 ﬁdei
781 5169 1071 5231 conspectu
1113 5160 1351 5213 interno.
1393 5176 1412 5209 ι
1449 5142 1572 5212 llaec
1597 5152 1805 5219 dicens,

209 5252 694 5315 commendantem
742 5270 800 5312 se
851 5253 1189 5317 orationibus
1239 5250 1357 5322 eius
1402 5251 1805 5327 presbyterum,
1840 5240 1870 5253 "

154 5358 161 5365 ‘
211 5351 351 5405 data
382 5350 431 5403 ei
463 5348 866 5414 benedictione,
908 5348 1062 5404 abire
1095 5346 1363 5418 permisit.
1398 5344 1634 5401 Suorum
1677 5357 1809 5398 vero

152 5508 159 5511 _
210 5446 597 5503 curiositatem
650 5444 1004 5516 redarguens,
1056 5445 1109 5498 in
1162 5442 1286 5498 ﬁdei
1335 5440 1609 5496 soliditate
1660 5438 1808 5507 ipsos

213 5554 329 5595 non
366 5537 542 5593 solum
600 5537 896 5601 roboravit,
953 5520 1099 5589 imo,
1138 5534 1342 5590 certius
1385 5547 1447 5586 ea
1501 5545 1623 5601 quae
1675 5527 1809 5582 ﬁdes

212 5628 548 5709 prinscribit,
579 5643 741 5696 quam
768 5641 833 5682 ea
864 5643 986 5696 quae
1015 5626 1103 5680 lux
1150 5626 1254 5680 ista
1284 5622 1511 5678 visibilis
1549 5619 1819 5683 ostendit,

154 5719 168 5728 ’
214 5710 397 5775 teneri
432 5736 460 5772 a
497 5718 746 5774 fidelibus
797 5716 996 5774 debere
1019 5725 1073 5773 et
1103 5714 1327 5786 intelligi
1380 5710 1809 5797 luculentissime

212 5810 545 5870 declaravit.
1140 5809 1148 5816 ”

1903 4599 2309 4672 possessoribus
2329 4597 2596 4655 conferre.
2622 4596 2762 4652 Vera
2785 4595 2928 4650 enim
2953 4594 3018 4649 de
3040 4595 3247 4661 mcipso
3272 4592 3485 4660 loquor,

1904 4693 2033 4762 quia
2059 4691 2194 4747 nihil
2227 4704 2466 4760 unquam
2491 4689 2549 4744 in
2576 4688 2680 4744 hac
2711 4688 2820 4741 vita
2846 4685 3085 4744 animum
3115 4685 3187 4745 ita
3220 4682 3408 4744 afﬂixit
3432 4698 3491 4741 ιιι

1904 4785 2065 4841 anxia
2087 4783 2392 4863 sollicitudo
2415 4796 2676 4865 personas
2716 4779 2937 4839 ulmeas
2987 4782 3217 4854 eligendi
3269 4797 3334 4837 ac
3374 4781 3491 4834 dis-

1866 4940 1871 4947 .
1906 4876 2183 4942 cernendi.
2233 4874 2430 4945 quibus
2458 4888 2704 4955 congrue
2729 4877 2897 4947 possit
2916 4877 3153 4946 regimen
3181 4873 3488 4929 vacantium

1906 4968 2320 5043 praebendarlun
2345 4982 2440 5026 aut
2461 4970 2782 5042 dignitatum
2815 4960 3070 5023 Ecclesiae
3110 4962 3315 5020 nostrae
3339 4980 3490 5047 cinn-

1908 5060 2072 5120 tnitti.
2105 5059 2215 5119 Nec
2240 5062 2534 5133 quidquam
2560 5061 2894 5116 mundanum
2942 5057 3078 5114 adeo
3117 5073 3204 5112 me
3251 5070 3489 5128 unquam

1860 5168 1866 5175 ‘
1910 5156 2257 5213 contristavit
2303 5161 2366 5210 ut
2394 5166 2551 5210 error
2589 5151 2700 5219 ille,
2751 5164 2859 5222 quo
2893 5149 2962 5206 ad
3009 5148 3301 5215 multorum
3347 5161 3491 5217 εωρο

1910 5247 2434 5306 commendationem
2473 5244 2672 5303 talibus
2704 5242 3078 5300 ecclesiastica
3113 5241 3353 5298 concessi
3394 5238 3491 5294 be-

1911 5340 2127 5406 neﬁcia,
2157 5354 2293 5410 quos
2318 5338 2521 5394 frustra
2564 5335 2766 5393 credidi
2808 5335 2863 5390 in
2894 5333 3172 5391 canonicis
3195 5330 3491 5401 disciplinis

1860 5438 1865 5447 '
1910 5447 2033 5490 esse
2063 5431 2333 5497 strenuus,
2367 5418 2496 5487 dum
2520 5420 2622 5488 eos
2658 5426 3028 5503 postmodum,
3057 5422 3309 5480 Ecclesia
3333 5421 3489 5476 bonis

1858 5516 1869 5523 ﬂ
1912 5524 2114 5582 ditatos
2134 5538 2342 5580 morum
2359 5524 2690 5595 perversitas
2709 5515 3186 5587 osten‘deritfuisse
3200 5516 3439 5586 ignavos.
3465 5531 3485 5565 ι

1911 5617 1980 5673 Ει
2009 5618 2062 5671 in
2086 5617 2229 5672 hunc
2253 5614 2472 5686 quidem
2501 5613 2719 5669 modum
2755 5611 2857 5667 sibi
2887 5625 2917 5664 a
2948 5606 3275 5678 quibusdam
3308 5600 3489 5656 fuisse

1913 5707 2227 5775 subreptum
2256 5719 2361 5758 non
2388 5705 2506 5758 sine
2530 5701 2734 5770 gemitu
2764 5698 3113 5769 querebatur.

1988 5795 2244 5852 Novimus
2273 5810 2401 5850 vero
2427 5808 2549 5849 eum
2570 5806 2671 5863 pro
2694 5788 2853 5858 hujus
2875 5786 2956 5842 rei
2969 5797 3159 5842 errore
3180 5777 3497 5871 diligentius
