3962 6394
167 375 310 438 1013

1528 373 1705 432 νιίἈ.
1736 403 1808 415 —-
1844 373 1973 430 LIB.
2015 374 2082 430 Υ.

3303 375 3444 434 1056

169 497 373 553 riensis
436 494 721 566 episcopus
778 493 1071 549 confcstim
1138 491 1501 563 proscribitur
1560 491 1752 564 (202).
1786 495 1833 555 Α
1863 491 1999 548 Nolo
2023 492 2188 564 igitur
2217 501 2274 546 ut
2306 507 2403 563 pro
2431 507 2539 558 me,
2567 492 2652 548 cui
2677 492 2811 548 adeo
2841 500 2930 548 rex
2966 494 3246 562 irascitur,
3278 501 3442 554 verba

167 589 523 658 Veniensque
552 588 618 642 ad
651 599 832 656 regem
862 593 981 657 post
1015 585 1239 656 injurias
1263 593 1318 640 et
1343 584 1564 648 damna,
1590 593 1757 653 atque

169 681 490 736 vexationes
533 688 589 732 et
640 677 904 748 plurimas
958 676 1350 742 contumelias,
1401 675 1490 730 vix
1539 675 1756 730 tandem

169 773 408 828 maxima
434 769 674 842 pecunia:
701 783 911 825 stumna
943 783 1129 838 pacem
1159 776 1212 823 et
1235 768 1606 840 possessiones
1633 783 1760 825 suas

171 863 426 919 redemit.
479 862 534 917 in
568 877 657 918 res
686 875 816 917 vero
853 869 908 916 et
939 860 1312 930 possessiones
1366 860 1760 918 Liucolniensis

168 953 409 1025 episcOpi
460 965 622 1007 nemo
649 951 996 1023 praesumpsit
1045 966 1239 1006 manus
1266 951 1586 1016 extendere,
1630 951 1760 1006 dum

172 1053 236 1101 et
273 1042 532 1100 offensam
555 1041 675 1114 ejus
698 1040 1268 1106 metuuntincurrere,
1297 1041 1590 1096 anathema
1619 1053 1754 1096 vero

174 1136 324 1192 illius
347 1135 529 1192 subire
574 1149 684 1190 non
735 1133 896 1189 aliter
941 1147 1104 1204 quam
1157 1132 1392 1204 capitale
1434 1131 1760 1203 supplicium

172 1229 566 1286 formidabant.

245 1317 592 1374 Protraiiitur
621 1316 764 1372 inter
788 1316 905 1371 inec
931 1323 1145 1387 tempus
1171 1331 1200 1371 a
1232 1315 1370 1373 festo
1393 1317 1566 1372 sancti
1592 1315 1760 1372 Nico-

172 1412 249 1467 iai
277 1425 419 1483 pene
461 1421 632 1478 usque
676 1409 750 1463 ad
769 1407 1052 1480 Kalendas,
1081 1407 1416 1478 Septembris
1449 1407 1601 1479 (205)
1637 1423 1766 1478 rege

177 1503 376 1557 e'ebro
423 1499 716 1555 mandante
763 1507 822 1553 ut
871 1499 1302 1569 proscriberetur
1350 1499 1672 1569 episcopus,
1709 1508 1766 1556 et

175 1594 342 1665 regiis
361 1591 776 1648 exsecutoribus
811 1591 864 1646 id
892 1591 1114 1661 exsequi
1141 1591 1288 1646 nulla
1325 1593 1544 1647 ratione
1559 1607 1768 1662 praesu-

177 1683 472 1739 mentibus.
510 1682 751 1762 Tandem
808 1697 939 1737 vero
985 1691 1165 1738 motus
1199 1683 1486 1754 precibus,
1530 1685 1766 1741 maxime

176 1789 365 1830 eorum
401 1789 538 1845 quos
563 1774 707 1830 dicta
733 1773 1001 1843 urgebant
1027 1773 1249 1844 regalia,
1275 1784 1330 1828 ut
1363 1789 1451 1829 res
1480 1775 1624 1830 illius
1641 1775 1764 1845 jure

183 1863 300 1920 fisci
325 1838 679 1934 occuparent,
725 1838 1115 1917 transfretavit'
1127 1863 1194 1917 ad
1221 1877 1424 1932 regem.
1464 1864 1619 1934 Apud
1641 1838 1765 1918 'Ro-
1795 1838 1838 1898 Β

180 1958 494 2026 thomagum
536 1970 668 2010 vero
717 1964 1068 2013 accesserunt
1115 1955 1185 2010 ad
1233 1969 1356 2009 eum
1405 1954 1514 2009 duo
1561 1954 1767 2012 nobiles

179 2050 305 2113 viri.
361 2063 546 2106 comes
601 2048 849 2105 videlicet
897 2048 1204 2104 Willelmus
1255 2056 1614 2117 cognomento
1655 2046 1769 2102 Ma-

179 2141 488 2198 resscaleus
535 2140 711 2213 (204),
741 2150 797 2196 et
840 2155 1027 2197 comes
1054 2139 1123 2195 de
1161 2139 1449 2194 Albamara
1483 2137 1658 2212 (205).
1701 2138 1767 2194 lii

177 2233 416 2302 quidem,
433 2247 532 2304 per
553 2240 790 2302 quantas
817 2232 1044 2304 injurias
1071 2230 1224 2288 furor
1247 2231 1390 2302 regis
1411 2231 1466 2286 in
1489 2231 1766 2286 dominum

178 2325 646 2382 Sarisburiensem
699 2325 1060 2391 ell’erbuisset,
1095 2333 1329 2395 quantas
1355 2324 1521 2379 etiam
1553 2322 1772 2380 Lincois

177 2419 356 2474 niensi
382 2418 620 2473 minatus
659 2417 852 2474 fuisset
895 2426 1234 2488 exponentes
1261 2417 1357 2484 illi,
1395 2416 1770 2486 supplicabant

179 2518 450 2580 quatenus
490 2509 596 2578 eis,
627 2524 748 2579 quae
770 2509 1084 2566 viderentur
1113 2509 1371 2579 expedire
1410 2509 1478 2564 ad
1509 2507 1768 2577 suiipsius

181 2601 548 2670 commodum,
582 2601 697 2671 regi
752 2615 851 2672 per
899 2615 996 2658 eos
1043 2600 1364 2664 intimanda,
1411 2599 1494 2654 ad'
1524 2599 1768 2654 animum

180 2692 300 2762 ejus
325 2691 680 2763 mitigandum
707 2691 776 2747 de
800 2705 964 2747 causa
987 2706 1084 2747 sua
1117 2691 1200 2746 vel
1242 2689 1458 2762 negotio
1490 2690 1771 2746 insinuare

182 2785 530 2855 dignaretur.
562 2782 898 2839 Irsserebant
935 2784 1080 2840 enim
1129 2783 1232 2838 sub
1260 2781 1617 2854 jurejurando
1643 2783 1772 2852 quia

185 2873 406 2928 uiallent
432 2874 562 2929 totis
611 2871 932 2930 facultatum
981 2888 1202 2928 suarum
1251 2873 1458 2928 viribus
1505 2887 1694 2944 pacem
1719 2873 1771 2928 ei

185 2965 500 3029 redemisse,
533 2979 696 3035 quam
741 2965 1004 3032 eveniret,
1053 2974 1114 3020 ut
1153 2964 1310 3034 juxta
1341 2973 1547 3020 motum
1572 2965 1773 3020 furoris

183 3055 268 3112 sui
306 3056 452 3127 regia
505 3056 558 3111 in
598 3071 722 3112 eum
775 3056 1090 3111 immanitas
1153 3055 1537 3112 debaccharet.
1593 3074 1613 3108 ι
1663 3054 1774 3111 Nec

1864 584 2042 655 aliqua
2080 584 2314 650 faciatis,
2345 601 2433 649 ne,
2463 585 2507 640 si
2540 585 2692 641 vobis
2740 586 2957 641 duriora
2991 590 3351 658 responderit,
3387 591 3442 645 in

1861 674 1979 743 ejus
2011 675 2274 744 obsequio
2315 676 2618 731 reddamini
2651 677 2949 746 segniores,
2992 688 3106 744 aut,
3136 681 3180 734 si
3225 696 3317 738 vos
3345 696 3444 752 pro

1863 781 1950 820 me
1973 767 2304 833 exaudierit,
2346 783 2404 822 se
2428 781 2525 838 pro
2557 765 2709 824 vobis
2761 783 3019 840 magnum
3063 772 3189 841 quid
3214 774 3447 844 gessisse

1863 867 2108 929 reputet,
2168 869 2224 914 et
2282 859 2349 914 ad
2408 859 2811 915 retribueudum
2873 861 3029 918 vobis
3081 864 3261 935 bona,
3329 880 3448 936 qua:

1863 949 2170 1013 moremini,
2205 949 2320 1018 ipse
2349 949 2656 1005 inveniatur
2696 949 3034 1021 aliquatenus
3064 954 3361 1011 remissior.
3392 956 3448 1010 id

1865 1049 2098 1106 tantum,
2128 1042 2173 1097 si
2201 1041 2438 1109 videtur,
2469 1041 2651 1098 dicere
2679 1043 2728 1100 ei
2758 1045 3024 1114 poteritis,
3057 1047 3205 1116 quia,
3245 1056 3302 1103 ut
3324 1063 3446 1104 eum

1863 1131 2240 1200 inviseremus,
2271 1133 2326 1189 iu
2355 1143 2538 1204 partes
2558 1136 2697 1192 istas
2723 1136 2988 1192 venimus.
3013 1137 3113 1192 Cui
3147 1139 3190 1192 si
3229 1134 3451 1196 libuerit

1863 1233 1924 1281 ut
1946 1223 2124 1296 ipsum
2166 1225 2472 1293 videamus,
2525 1241 2624 1298 per
2672 1227 2971 1298 quemlibet
3011 1243 3076 1283 ex
3128 1231 3242 1286 suis
3292 1231 3452 1288 nobis

1865 1315 2137 1389 significet
2162 1333 2268 1389 quo
2294 1317 2394 1374 ioci
2426 1319 2722 1375 debeamus
2756 1335 3044 1378 occurrere
3066 1323 3137 1377 ei.
3173 1341 3194 1376 ι

1939 1407 2035 1465 llis
2058 1409 2127 1465 ab
2147 1423 2212 1465 eo
2238 1407 2420 1475 dictis,
2453 1410 2662 1483 nobiles
2683 1411 2757 1467 illi
2789 1414 2889 1467 viri
2918 1412 3260 1483 prudentiam
3286 1407 3446 1471 simul

1867 1509 1921 1554 et
1971 1499 2471 1573 magnanimitatem
2552 1482 2671 1570 ejus
2730 1482 3063 1560 admirantes
3120 1503 3452 1574 plurimum,

1868 1592 2120 1647 abierunt
2147 1592 2220 1646 ad
2240 1591 2520 1648 dominum
2571 1607 2754 1657 suum,
2787 1593 2904 1648 haec
2945 1594 2994 1649 ei
3023 1595 3207 1650 omnia
3256 1609 3455 1652 renun-

1870 1683 2091 1738 tiantcs.
2121 1681 2223 1748 Qui
2255 1691 2310 1737 et
2335 1682 2449 1752 ipse
2473 1696 2581 1738 non
2624 1697 2817 1754 parum
2843 1682 2986 1738 illius
3008 1684 3170 1738 verba
3201 1684 3454 1749 miratus,

1870 1782 1925 1830 et
1962 1773 2147 1828 animo
2184 1788 2280 1844 per
2305 1773 2484 1827 omnia
2529 1771 2642 1828 fere
2668 1788 2796 1844 erga
2821 1771 2973 1828 iilum
3005 1783 3230 1844 repente
3273 1773 3458 1830 divino

1869 1871 2001 1918 nutu
2061 1862 2403 1926 immutatus,
2465 1861 2622 1932 jubet
2677 1863 2728 1918 ei
2796 1863 3133 1929 renuntiari,
3187 1871 3459 1934 quatenus

1868 1953 2115 2024 sequenti
2169 1953 2256 2008 die
2305 1952 2464 2008 tertia
2517 1952 2658 2023 apud
2698 1967 2897 2008 novum
2961 1953 3243 2009 castellum
3286 1951 3458 2024 Rupis

1869 2047 1937 2102 de
1965 2045 2158 2100 Andeii
2178 2043 2329 2117 (206)
2361 2043 2765 2100 occur-reretei.
2794 2043 2876 2098 Ad
2901 2058 3064 2115 quem
3095 2051 3281 2100 noster
3298 2041 3457 2115 Hugo

1871 2136 2208 2192 confidenter
2238 2135 2492 2200 accessit,
2538 2123 3120 2206 reperiensqueillum
3168 2133 3226 2190 in
3253 2133 3458 2206 capella

1869 2228 1976 2285 loci
2021 2227 2167 2282 illius
2221 2224 2532 2283 audientem
2603 2226 2894 2282 missarum
2945 2224 3211 2282 solemnia
3263 2227 3318 2281 in
3371 2227 3459 2282 die

1871 2320 2108 2377 doctoris
2138 2319 2324 2375 eximii
2363 2318 2550 2374 sancti
2572 2317 2880 2390 Augustini,
2911 2319 3172 2374 continuo
3201 2316 3464 2374 salutavit

1871 2427 2015 2470 eum.
2044 2410 2238 2468 Stabat
2271 2425 2403 2467 vero
2435 2410 2552 2480 ipse
2591 2423 2685 2464 rex
2723 2423 2882 2464 secus
2912 2408 3200 2464 introitum
3245 2407 3372 2464 ostii
3401 2406 3460 2465 in

1870 2505 2009 2566 solio
2063 2503 2254 2574 regali,
2304 2511 2360 2558 et
2398 2502 2508 2557 duo
2561 2500 2827 2570 episcopi,
2871 2498 3249 2555 Duveiniensis
3303 2497 3459 2570 (207)

1869 2595 2120 2652 videlicet
2143 2603 2199 2651 et
2221 2593 2488 2650 Heiiensis
2511 2590 2662 2663 (208)
2685 2592 2908 2648 stabant
2934 2604 3098 2647 secus
3124 2590 3291 2661 pedes
3317 2589 3459 2674 ejus.

1870 2688 2008 2746 Cum
2039 2701 2172 2758 ergo
2218 2687 2512 2742 salutasset
2547 2699 2672 2740 eum
2699 2683 3010 2754 episcopus,
3062 2682 3181 2753 ipse
3226 2697 3322 2737 rex
3352 2697 3462 2737 non

1871 2779 2152 2849 respondit
2192 2777 2243 2832 ei
2290 2775 2539 2842 verbum,
2593 2774 2726 2842 sed,
2775 2787 2903 2829 cum
2954 2771 3106 2828 illum
3163 2785 3464 2842 parumper

1873 2872 2045 2927 torvis
2070 2870 2244 2928 oculis
2271 2869 2464 2925 fuisset
2513 2866 2766 2932 intuitus,
2792 2864 2990 2922 faciem
3035 2864 3106 2919 ab
3130 2879 3199 2920 eo
3238 2862 3461 2918 avertit.

1872 2961 1971 3019 Cui
2018 2960 2305 3031 episcopus
2359 2967 2675 3015 constanter
2723 2956 2845 3011 ait:
2890 2973 2910 3007 ι
2945 2953 3024 3010 Da
3061 2953 3215 3017 mihi,
3262 2953 3461 3024 inquit,

1873 3053 2137 3118 osculum,
2171 3052 2386 3108 domine
2414 3064 2533 3106 rex.
2558 3069 2578 3102 ι
2619 3048 2723 3117 Qui
2749 3047 2922 3119 magis
2950 3047 3149 3102 avertit
3183 3054 3469 3114 aspectum

184 3148 384 3214 solum,
412 3148 688 3220 inquiunt,
708 3148 834 3218 quia
862 3162 958 3204 vos
985 3147 1298 3204 fidelissime
1320 3145 1615 3218 diligimus,
1642 3147 1771 3203 talia
1799 3185 1843 3243 ο
1877 3153 1944 3206 ab
1969 3148 2086 3215 ilio,
2120 3146 2440 3216 vultumque
2479 3153 2534 3200 et
2556 3151 2722 3214 caput
2773 3143 2833 3197 in
2859 3149 3069 3213 partem
3109 3140 3272 3243 aliam
3301 3139 3471 3242 decli-

187 3239 589 3311 prosequimur,
607 3254 795 3295 verum
824 3239 989 3295 etiam
1010 3241 1138 3310 quia
1159 3248 1270 3295 tam
1298 3237 1534 3295 nobis-et
1551 3238 1772 3296 domino

187 3340 379 3387 nostro
413 3331 526 3402 regi
569 3332 771 3388 etsuis
807 3333 1062 3388 omnibus
1088 3347 1194 3387 non
1225 3331 1572 3387 mediocriter
1589 3330 1643 3387 in
1671 3331 1775 3388 hoe

182 3437 318 3478 casu
353 3421 628 3478 timemus.
658 3419 799 3478 Nulli
833 3423 979 3479 enim
1025 3422 1246 3479 dubium
1276 3438 1397 3479 esse
1436 3430 1616 3492 potest
1641 3423 1773 3493 quin

186 3515 364 3585 ipsum
424 3529 586 3585 quam
617 3513 903 3571 celerrime
948 3515 1188 3571 caelestis
1237 3514 1370 3571 uitio
1419 3513 1696 3585 perceliet,
1725 3515 1774 3570 si

186 3617 428 3662 vestram
478 3607 648 3677 (quod
685 3608 825 3663 Deus
877 3606 1158 3678 avertat!)
1207 3607 1446 3678 indignis
1494 3605 1775 3678 exagitare

189 3698 409 3769 injuriis
457 3700 863 3770 praesumpserit
917 3699 1286 3763 sanctitatem,
1327 3699 1640 3767 erimusque
1678 3711 1776 3752 nos

187 3801 249 3847 et
300 3791 460 3847 amici
512 3791 685 3847 nostri
766 3791 820 3846 in
884 3790 1235 3861 opprobrium
1308 3800 1360 3846 et
1415 3788 1775 3858 direptionem

191 3883 578 3940 dimicantibus
603 3884 896 3938 adversum
931 3897 1028 3938 nos
1049 3881 1284 3937 inimicis
1309 3881 1530 3937 nostris.
1562 3900 1582 3933 ι

265 3973 417 4029 Talia
447 3974 898 4044 prosequentibus
929 3974 1212 4044 episcopus
1241 3973 1425 4027 statim
1455 3971 1731 4042 respondit
1758 3986 1774 4025 :

195 4087 220 4120 ι
266 4065 484 4123 Gratias
534 4067 751 4136 quidem
801 4066 1095 4122 immensas
1153 4065 1571 4130 benevolentiae,
1613 4080 1777 4136 quam

191 4157 408 4213 habetis
457 4170 587 4225 erga
647 4172 767 4224 nos,
803 4157 1088 4212 referimus
1147 4165 1262 4211 toto
1314 4155 1510 4212 mentis
1561 4153 1776 4212 affectu.

189 4247 412 4320 Optime
451 4263 582 4304 vero
604 4248 727 4304 novi
756 4250 882 4318 quia
913 4248 1263 4320 pne-caeteris
1290 4248 1342 4303 in
1383 4262 1492 4303 sua
1525 4249 1778 4319 praesenti

191 4342 505 4406 vexatione,
533 4340 622 4396 cui
651 4341 784 4396 satis
806 4341 1170 4412 compatimur
1204 4339 1428 4397 domino
1450 4349 1637 4396 nostro
1664 4339 1778 4410 regi

194 4433 334 4488 estis
363 4433 679 4488 necessarii.
713 4433 858 4489 Bene
904 4434 1066 4488 etiam
1115 4434 1238 4488 novi
1294 4434 1419 4503 quia
1467 4433 1622 4488 vobis
1668 4449 1780 4504 prae

1875 3241 2043 3296 navit.
2089 3235 2248 3292 Tune
2304 3235 2460 3307 [iugo
2511 3234 2803 3305 episcopus
2846 3240 3054 3288 vestem
3109 3229 3255 3286 illius
3313 3230 3464 3286 circa

1873 3310 2067 3406 pectus
2120 3331 2338 3387 fortiter
2400 3327 2827 3398 constringens,
2879 3325 3025 3381 hunc
3075 3323 3461 3380 vehementius

1875 3424 2171 3490 concussit,
2219 3423 2418 3479 iterum
2465 3419 2697 3475 dicens:
2728 3437 2748 3472 ι
2800 3417 3058 3476 Osculum
3089 3416 3222 3472 mihi
3276 3416 3464 3478 debes,

1877 3518 2074 3590 inquit,
2100 3515 2358 3587 quoniam
2384 3514 2458 3570 de
2477 3512 2771 3583 longinquo
2791 3510 2860 3567 ad
2889 3519 2943 3567 te
2961 3511 3142 3567 venio.
3187 3528 3207 3562 ι
3241 3507 3361 3563 Rex
3385 3507 3456 3560 ad

1877 3613 1992 3668 haec
2015 3610 2093 3665 ait
2121 3629 2134 3665 :
2167 3628 2186 3661 ι
2216 3607 2336 3664 Νοιι
2380 3605 2627 3662 meruisti
2656 3614 2716 3660 ut
2743 3605 2964 3662 osculer
2987 3611 3059 3659 te.
3092 3623 3112 3656 ι
3143 3599 3463 3670 Qnifortius

1877 3701 2198 3760 concutiens
2232 3714 2358 3754 eum
2406 3712 2505 3769 per
2527 3711 2782 3766 cappam,
2811 3711 2974 3766 quam
3022 3695 3214 3750 stricta
3243 3691 3468 3746 tenebat

1879 3809 2072 3858 manu,
2115 3791 2459 3848 confidenter
2515 3789 2632 3844 ait:
2679 3804 2699 3840 ι
2741 3788 2874 3855 imo,
2907 3786 3176 3857 inquiens,
3207 3783 3401 3840 merui.
3428 3800 3469 3834 'r

1878 3884 2216 3955 Et_adjecit:
2253 3901 2271 3934 ι
2301 3882 2561 3938 Osculum
2583 3897 2687 3939 me.
2723 3899 2742 3935 ι
2773 3881 2928 3936 Tunc
2956 3895 3052 3935 rex
3085 3879 3361 3934 admirans
3401 3876 3467 3929 fi-

1880 3974 2095 4031 duciam
2141 3971 2465 4029 constantia:
2513 3970 2630 4042 ejus
2674 3970 2989 4043 paululum,
3042 3968 3466 4036 subridensque,

1879 4065 2158 4121 osculatus
2173 4072 2268 4137 gest
2291 4078 2438 4120 eum.
3149 4063 3151 4065 ’
3432 4074 3437 4079 ’

1952 4159 2195 4216 Aderant
2239 4169 2422 4214 autem
2474 4157 2549 4214 ibi
2602 4157 2710 4213 duo
2759 4152 3152 4226 archiepiscopi
3198 4151 3370 4222 (209),
3413 4161 3470 4206 et

1882 4253 2122 4325 episcOpi
2153 4250 2524 4322 quinque,qui
2556 4250 2698 4306 inter
2726 4249 2921 4306 solium
2973 4247 3117 4318 regis
3166 4254 3221 4301 et
3266 4245 3470 4316 gradus

1883 4345 2074 4400 altaris
2096 4344 2482 4400 constiterant.
2510 4341 2612 4410 Qui
2636 4355 2742 4395 non
2769 4339 3010 4411 procula
3030 4354 3157 4410 rege
3184 4338 3286 4392 hoc
3313 4336 3472 4416 modo

1883 4436 2174 4508 prmsulem
2207 4435 2277 4491 de
2305 4449 2432 4506 rege
2479 4434 2589 4504 jam
2635 4432 3060 4501 triumphantem
3108 4430 3252 4483 inter
3277 4442 3338 4483 se
3375 4425 3470 4481 ac-

193 4527 414 4582 czetcris
437 4527 503 4580 ad
520 4526 1018 4597 compensationem
1041 4533 1254 4582 tenetur
1272 4525 1498 4596 impensi
1512 4525 1781 4582 beneficii.
1814 4527 2078 4588 D-cersiri
2103 4526 2407 4598 cupientes,
2437 4523 2617 4578 locum
2649 4523 2700 4577 ei
2731 4521 2992 4576 sessionis
3021 4517 3291 4574 fecerunt.
3323 4515 3472 4583 Quos

273 4679 518 4750 (202)7ln
559 4677 758 4734 Annal.
792 4678 1064 4750 Winton.,
1094 4693 1150 4748 p.
1189 4676 1333 4744 505,
1369 4675 1445 4732 ita
1478 4676 1687 4750 legitur
1713 4678 1782 4734 ad

197 4748 329 4805 anu.
358 4749 522 4804 “98:
557 4768 576 4801 ι
613 4750 909 4820 Episcopus
948 4749 1166 4820 Surum,
1185 4748 1778 4820 etc.,#possessionibu_s

201 4821 317 4878 suis
343 4818 1074 4901 desseisatus_transfretavit
1097 4833 1282 4873 mense
1306 4818 1618 4901 Ifebruariil.‘
1653 4837 1672 4871 ι
1715 4818 1784 4874 Ει

196 4899 324 4962 post
351 4903 571 4961 pauca:
613 4907 633 4942 ι
678 4889 978 4972 Herbertus
1015 4904 1221 4960 pauper
1259 4887 1782 4972 episcopus-Sarum

196 4959 991 5086 ιῖνξάῗὲειὲἓὶἓῗηὴιωηωθ,
1017 4969 1151 5029 etc.,
1170 4959 1508 5030 applicuttnn
1534 4958 1784 5031 Angliam

196 5047 258 5092 γι
291 5045 411 5086 Iuns
439 5045 638 5086 Junii.)

273 5101 425 5172 (203)
465 5102 510 5172 ᾼ
540 5109 691 5161 sexta
713 5100 918 5172 scilicet
940 5099 1254 5172 Decembris
1281 5099 1586 5172 anni_ll97
1614 5117 1784 5172 usque

197 5170 443 5227 ari-diem
470 5170 530 5227 S.
556 5171 844 5239 Augustini
878 5173 1005 5226 anni
1044 5170 1225 5242 ᾕρεε,
1253 5185 1364 5242 quo
1394 5170 1547 5242 [iugo
1586 5171 1655 5227 ad
1692 5170 1784 5226 re-

197 5256 322 5311 gem
345 5243 512 5308 venit,
543 5250 602 5298 et
627 5243 698 5299 ab
733 5255 800 5298 eo
827 5242 879 5298 in
908 5256 1073 5314 pace,
1103 5241 1200 5299 sed
1244 5241 1353 5297 non
1395 5241 1672 5310 diuturna,
1701 5243 1786 5298 di-

197 5311 404 5372 missus
430 5313 550 5372 fuit.

197 5321 404 5369 IlliSSllS
430 5321 550 5369 linit.

277 5381 426 5456 (204)
466 5383 850 5456 Magna2_apud
887 5397 1045 5456 reges
1081 5381 1288 5456 Anglia:
1327 5381 1785 5456 auctoritatis,“

203 5451 425 5524 tandem
461 5451 644 5510 comes
673 5451 1063 5510 Pembrociiiae.
1112 5451 1194 5524 De
1226 5452 1545 5524 quo_plura.
1579 5453 1637 5513 in.
1669 5451 1785 5524 M0:

203 5531 353 5577 nast.
380 5523 614 5591 Augiic.,
642 5535 682 5580 t.
710 5525 751 5587 l,
773 5539 825 5594 p.
849 5524 976 5589 725,
1001 5523 1132 5594 etin
1164 5521 1434 5580 Chronico
1462 5523 1686 5579 Trivetti
1714 5521 1784 5577 ad

203 5607 409 5654 annum
462 5595 630 5660 l2i9,
679 5593 788 5665 quo
849 5595 983 5649 obiit
1051 5593 1342 5648 Londonize
1388 5594 1530 5663 apud
1585 5608 1781 5650 novum

205 5665 466 5731 templum
496 5665 547 5718 in
573 5667 814 5720 crastino
836 5665 1183 5720 Ascensionis
1216 5665 1475 5731 sepultus.

285 5679 317 5716 n
361 5679 466 5718 tum
496 5681 547 5718 tn
573 5679 814 5720 crastino
836 5679 1183 5720 Ascensmnts
1216 5679 1475 5731 sepultus.

282 5679 431 5805 (£05)
448 5734 773 5806 _Wille|ntns
795 5736 1032 5806 nomine,
1062 5734 1382 5806 cognomine
1405 5736 1478 5806 tle
1502 5733 1777 5806 Fortibns,

205 5803 309 5885 εει*
341 5803 622 5880 coniugem
664 5821 818 5868 suam
848 5803 1351 5871 l'lavisiamrcomes
1384 5805 1450 5861 de
1484 5805 1776 5863 Albemarl,

1885 4680 2055 4750 Hujus
2075 4676 2332 4750 meminit
2359 4676 2426 4731 ad
2454 4689 2653 4730 annum
2678 4670 3142 4750 l22l_'[riveuus..
3243 4737 3255 4750 ο
3331 4737 3343 4750 .

1960 4698 1967 4735 Ι
1993 4698 2055 4735 us
2085 4698 2332 4734 memtnlt
2359 4698 2426 4731 au
2454 4698 2653 4730 illllllllll
2678 4698 2810 4726 Ill!
2846 4698 3142 4731 succuum.

1960 4698 2120 4824 8206)Δ
2151 4747 2304 4805 Unde
2346 4760 2540 4817 magna
2567 4786 2582 4811 ,
2627 4757 2771 4824 anno
2789 4741 2943 4824 .H_97
2971 4781 2986 4806 ,
3023 4737 3295 4824 dissensio
3330 4737 3473 4824 inter

1885 4810 2217 4878 Riéhardum
2255 4810 2518 4888 regem'et
2561 4810 3028 4888 archiepiscopum
3061 4810 3470 4888 Ruthpmageu-

1885 4877 2002 4949 Sent
2047 4898 2234 4947 exorta
2257 4931 2289 4960 ,ί
2305 4877 2389 4960 uti
2430 4877 2768 4960 habetur_p§
2810 4877 2950 4960 $40,
2995 4888 3127 4936 tom.
3250 4877 3468 4960 collect.

1884 4948 2038 5020 nova:
2083 4961 2223 5031 apud
2259 4948 2893 5031 'Martene,.sed'sopita
2922 4948 3363 5031 ,-ut_coiligitur
3404 4964 3474 5005 ex

1884 5021 2506 5090 'l‘rivetti'Chronicoad
2533 5027 2678 5082 hunc
2707 5021 2932 5090 annum,
2955 5021 3230 5080 mediante
3255 5035 3473 5092 permu-

1885 5104 2089 5160 tatione
2116 5104 2370 5173 quadam.

1957 5173 2108 5243 (207)
2135 5161 2461 5243 'Legendum
2497 5162 2897 5243 Dunelmensis,
2923 5163 3016 5234 qui
3051 5169 3172 5243 erat
3193 5161 3474 5243 Philippus

1885 5230 2261 5309 Pictaviensis",
2285 5241 2350 5297 de
2372 5255 2480 5311 quo
2501 5239 2559 5294 in
2577 5235 2769 5309 Anglia
2791 5230 3122 5306 διαπέμπει.
3145 5250 3182 5300 ι,
3211 5230 3354 5305 pag;
3369 5230 3475 5286 726

1977 5329 2091 5370 Sed.

1884 5325 1941 5374 et
1977 5329 2091 5383 seq.
3160 5373 3172 5386 ⁸
3326 5373 3340 5385 θ

1957 5385 2109 5459 (208)
2147 5380 2668 5459 Eustachius,_an_no
2699 5375 2881 5459 ,ιιι-ι,
2911 5375 3116 5459 electus
3159 5389 3213 5430 tn
3256 5385 3468 5459 episco-

1884 5441 2034 5528 pum,
2063 5441 2273 5528 dequo
2297 5441 2770 5528 etiam_'in_Anglia
2795 5441 2964 5528 saera.
2986 5453 3127 5517 part.
3152 5460 3196 5526 ι2
3215 5460 3272 5515 p.

1917 5525 1920 5528 ’
1956 5517 2109 5599 (209)
2148 5517 2422 5599 Walterus
2447 5517 2923 5599 Rothgmiagensis‘,
2942 5517 3058 5599 jam
3087 5517 3199 5598 regi
3225 5517 3473 5599 reco‘nci:

1885 5581 2072 5665 iia‘tus,
2091 5581 2192 5664 let,
2219 5604 2280 5650 ιιι
2304 5595 2540 5666 videtur,
2569 5581 2844 5666 Htrbertus
2873 5581 3286 5666 Cantuariensis
3306 5601 3321 5636 :
3350 5581 3476 5666 Gal:

1887 5656 2069 5725 fridus'
2091 5656 2272 5724 eteuiu
2298 5656 2661 5724 Eboracensis
2689 5675 2754 5717 eo
2781 5672 2925 5719 anno
2968 5656 3024 5715 in
3063 5656 3325 5728 disgratia
3353 5661 3476 5710 erat

1886 5741 2028 5814 apud
2065 5753 2268 5809 regem.
