3976 6292
531 325 683 386 ΜΠ-

1434 325 1492 382 S.
1535 325 1839 390 HUGONIS
1875 322 2094 390 EPISC.
2131 322 2451 384 LINCOLN.
2485 322 2646 381 ΟΜ).
2684 323 2943 382 οΑιιΤιι.

3635 333 3756 398 mi

528 453 710 497 tamen
761 439 882 509 ipse
927 437 1136 496 directe
1184 436 1554 510 pertransivit,
1607 451 1674 492 ac
1725 450 1886 491 meus
1941 450 2113 492 cornu
2142 441 2192 500 Δ
2221 437 2453 496 redemit
2477 449 2694 498 cruore,
2723 435 2784 496 in,
2807 435 3110 492 .trcmendo.
3129 412 3300 508 ipsius
3326 436 3530 507 iudicio
3567 459 3747 518 πωροι.

529 532 723 590 altaris
785 546 1032 602 gressum
1098 531 1301 602 figens,
1355 527 1609 585 demissis
1673 526 2004 583 obstinatius
2059 527 2121 583 in

527 632 733 682 terram
755 621 1091 686 luminibus,
1134 620 1440 676 divinorum
1473 617 1850 674 tantummodo
1872 615 2116 672 celebra-

527 714 662 774 εἰοηὶ
695 711 1325 784 animumintendebat.
1381 710 1554 779 Quem
1600 711 1811 767 interea
1865 725 1964 767 rex
2008 725 2122 771 non.

528 825 724 882 parum
763 810 981 868 curioso
1011 815 1066 864 ct
1097 821 1240 878 pene
1283 805 1547 862 continuo
1593 812 1819 876 aspectu
1867 805 2118 862 conside-

529 903 710 958 rabat.
742 901 877 959 Cum
922 900 1088 970 igitur
1137 899 1206 954 ad
1254 897 1452 953 trinam
1503 897 1908 953 invocationem
1949 896 2114 969 Agni,

527 993 626 1064 qui
649 993 1016 1062 tollitpeccata
1035 989 1243 1058 mundi,
1269 986 1380 1060 iam
1407 987 1558 1059 pacis
1571 986 1816 1046 osculum
1864 987 2122 1044 sacerdos

529 1084 770 1139 dedisset
813 1082 1027 1140 cuidam
1055 1079 1490 1152 archiepiscopo,
1541 1080 1634 1150 qui
1673 1080 1789 1152 regi
1849 1079 1918 1135 de
1963 1093 2122 1135 more

528 1189 720 1246 pacem
747 1183 863 1230 erat
887 1172 1173 1240 allaturus,
1201 1188 1298 1230 rex
1322 1186 1494 1244 usque
1524 1173 1592 1244 ad
1613 1172 1818 1244 gradus
1852 1171 1904 1242 ei
1924 1173 2124 1230 obvius

527 1266 816 1335 processit,
858 1275 1240 1338 umptumque
1289 1271 1360 1326 ab
1383 1282 1452 1324 cu
1479 1267 1695 1338 signqu
1743 1273 1987 1336 acceptae
2019 1279 2118 1334 per

528 1354 960 1412 immolationem
1009 1355 1254 1414 celestis
1316 1357 1442 1429 agni
1489 1355 1682 1427 pacis,
1745 1369 1868 1410 cum
1927 1353 2120 1409 humili

529 1446 836 1501 reverentia
852 1446 1110 1518 episcopo
1131 1447 1500 1506 Lincolniensi
1524 1461 1622 1518 per
1644 1445 1758 1502 oris
1772 1445 1854 1500 sui
1875 1443 2120 1502 osculum

528 1538 794 1604 porrexit.
844 1537 922 1594 Ita
989 1539 1248 1610 princeps
1297 1538 1700 1594 illustrissimus
1747 1533 2125 1596 venerationis

529 1627 770 1700 signum,
793 1630 940 1701 quod
969 1631 1077 1686 sibi
1110 1630 1556 1702 archiepiscopus
1599 1627 1831 1700 parabat
1879 1626 2117 1694 deferre,

2219 527 2370 584 dere.
2433 525 2571 584 γυιο
2603 525 2790 598 igitur,
2839 525 2974 583 mihi
3002 525 3156 582 dicas
3210 527 3443 598 qualiter
3491 545 3548 588 se
3591 533 3748 600 habui

2218 629 2398 688 status
2431 619 2663 676 interior
2695 619 2895 676 anima
2929 631 3148 686 vestrae,
3182 627 3250 676 ut
3294 620 3346 676 ei
3398 623 3655 684 consilium
3681 633 3750 692 ut

2220 712 2506 778 auxilium,
2533 721 2696 783 prout
2721 725 2959 781 superna
2977 710 3184 782 iuverit
3203 711 3482 781 aspiratio,
3509 713 3748 781 enicaeiter

2215 805 2424 878 possim
2475 804 2754 861 adhibere.
2803 802 2924 860 iam
2971 805 3116 860 enim
3179 805 3338 864 unius
3390 807 3512 869 anni
3563 813 3752 882 spatia

2217 897 2462 970 elapsum
2486 905 2574 954 est
2609 895 2788 968 (2H),
2831 911 2902 952 ex
2925 911 3036 968 quo
3062 895 3218 956 vobis
3237 896 3375 953 alias
3407 896 3606 956 locutus
3623 901 3704 960 fui.
3729 925 3746 960 ι

2217 990 2318 1050 Cui
2339 1005 2464 1048 cum
2503 1003 2600 1048 rex
2647 989 2856 1046 diceret
2880 989 2932 1045 ei
2975 989 3373 1048 conscientiam
3421 991 3606 1050 bonam
3653 1011 3752 1058 ea.

2217 1083 2335 1151 fere
2361 1084 2415 1138 in
2440 1082 2720 1160 omnibus,
2752 1083 2858 1138 nisi
2887 1083 3032 1154 quod
3073 1082 3200 1152 odio
3235 1082 3510 1142 laboraret
3543 1085 3752 1160 hostium,

2219 1188 2361 1245 quos
2382 1159 2675 1242 iniuriosos
2701 1173 2806 1229 sibi
2837 1181 3136 1244 pateretur,
3165 1182 3224 1229 et
3261 1173 3515 1244 nequiter
3554 1159 3752 1250 infestos,

2217 1265 2506 1335 episcopus
2529 1262 2608 1318 ait
2635 1279 2652 1318 :
2692 1279 2716 1314 ι
2744 1261 2804 1318 Si
2833 1277 2930 1334 per
2963 1263 3144 1326 omnia
3169 1263 3542 1324 Dominatoris
3557 1269 3756 1326 omnium

2219 1357 2407 1430 gratia:
2433 1355 2735 1426 placueris,
2773 1355 2933 1412 facile
2967 1355 3066 1412 tibi
3094 1355 3352 1412 inimicos
3377 1367 3496 1414 tuos
3529 1367 3757 1432 autima-

2220 1459 2304 1506 tos
2331 1448 2549 1517 elliciet,
2572 1457 2668 1506 aut
2688 1456 3030 1519 expugnatos
3051 1447 3327 1519 subiiciet.
3361 1447 3552 1504 Verum
3571 1465 3758 1509 sumtuo-

2217 1552 2350 1611 pere
2371 1537 2466 1595 tibi
2503 1537 2808 1595 cavendum
2839 1545 2926 1592 est
2962 1552 3032 1592 ne
3088 1545 3146 1592 tu
3177 1536 3348 1614 (quod
3375 1537 3566 1610 absit!)
3583 1538 3760 1600 Λικιοή

2220 1642 2316 1698 tuo
2346 1631 2400 1686 in
2431 1629 2616 1701 aliquo
2645 1627 2944 1700 iniuriosus
2967 1627 3198 1692 existas.
3225 1637 3324 1682 aut
3347 1627 3509 1684 etiam
3535 1629 3581 1683 in
3609 1633 3754 1700 proxi-

528 1717 650 1788 ipse
675 1722 860 1790 potius
887 1721 1142 1799 episcopo
1181 1731 1374 1776 sancto
1416 1719 1628 1777 studuit
1657 1718 1937 1774 exhibere.
1979 1715 2115 1774 Nam
2145 1781 2191 1799 n
2220 1735 2341 1776 mos
2369 1719 2646 1792 quidpiam
2680 1719 2925 1790 iniquum
2953 1719 3286 1780 committas.
3320 1717 3470 1774 Dete
3496 1735 3634 1785 vero,
3649 1725 3760 1794 quod

533 1781 604 1866 ad
637 1781 816 1882 ipsum
859 1781 1119 1869 alacriter
1142 1813 1402 1884 perrexit,
1427 1821 1482 1869 et
1540 1812 1618 1867 nil
1657 1811 1768 1882 tale
1789 1809 2114 1882 suspicanti,
2145 1781 2194 1842 Β
2219 1781 2438 1886 quidem
2489 1781 2717 1868 incastos
2745 1781 2959 1895 loquor,
2984 1810 3100 1882 iam
3159 1811 3418 1884 publicus
3472 1781 3639 1870 mmor
3662 1781 3754 1880 .est.

531 1901 626 1966 scd
679 1905 944 1962 attentius
1003 1905 1224 1962 domino
1268 1905 1594 1976 supplicanti
1650 1905 1915 1971 honorem
1971 1903 2124 1974 (ipso

527 1991 758 2050 Domino
783 1993 833 2047 id
857 1995 1044 2065 utique
1075 1995 1425 2066 disponente)
1467 1997 1773 2066 impendit,
1824 2003 1886 2050 ut
1927 1994 2120 2066 imple-

529 2091 684 2142 retur
709 2084 854 2152 quod
892 2083 1157 2142 Dominus
1209 2086 1330 2142 ait:
1367 2085 1740 2158 Glorilicantes
1784 2103 1866 2141 me
1915 2085 2121 2158 gloriﬁ-

528 2173 659 2228 cabo
697 2173 753 2244 (I
778 2173 908 2251 Reg.
937 2190 1000 2242 tt,
1033 2174 1149 2248 30).

1126 2288 1360 2346 CAPUT
1390 2289 1522 2350 Ylll.

529 2397 774 2480 Qualiter
791 2404 974 2480 sedata
1019 2405 1155 2475 regis
1191 2405 1393 2480 offensa
1419 2409 1656 2480 θωμάζω
1691 2409 1964 2480 corripuit,
1987 2410 2122 2464 etab

601 2473 782 2528 eodem
821 2473 1110 2547 honoratus
1132 2473 1342 2547 recessit
1369 2493 1388 2542 ;
1428 2477 1514 2530 cui
1539 2479 1696 2533 etiam
1717 2473 1840 2547 post
1867 2473 2131 2534 recessum.

601 2545 1098 2670 ἔξυῧοηιὲηορηωω
1121 2545 1302 2603 tibide
1329 2547 1622 2618 hospitibus
1664 2545 1940 2604 uictoriam
1987 2567 2127 2605 nun,

679 2631 767 2670 υη.

528 2762 534 2768 ι
598 2726 869 2799 Explicito
893 2729 1060 2803 igitur
1101 2732 1358 2804 superius
1395 2741 1702 2794 memorato
1747 2736 1894 2792 sacri
1939 2735 2127 2794 altaris

528 2817 730 2886 nﬂicio,
775 2819 933 2892 ﬁngo
980 2823 1262 2896 ad-regem
1298 2826 1551 2893 accessit,
1583 2835 1640 2882 et
1673 2842 1838 2898 super
1882 2827 2128 2898 indigna-

529 2909 684 2968 tione
712 2911 834 2982 eius.
855 2921 1046 2974 contra
1085 2915 1313 2972 seeitra
1362 2915 1617 2972 meritum
1665 2932 1824 2974 suum
1867 2919 2133 2991 excitata,

528 3016 730 3072 pauca,
753 3004 848 3061 sed
895 3003 1062 3062 fortia
1085 3006 1474 3078 expostulavit,
1524 3018 1581 3066 et
1609 3009 1754 3080 quod
1785 3010 1839 3065 in
1869 3010 2016 3068 illum
2045 3012 2132 3066 ni-

523 3095 610 3192 hil
625 3097 839 3192 penitus
857 3097 1196 3169 deliquisset,
1218 3099 1626 3192 evidentissima
1648 3103 1862 3160 ratione
1881 3104 2130 3174 propala-
2154 3128 2202 3192 ο

525 3188 630 3245 vit.
661 3187 876 3258 Quibus
928 3205 1046 3256 rex,
1074 3205 1200 3250 cum
1231 3191 1286 3248 in
1332 3193 1670 3249 contrarium
1735 3195 1871 3251 nihil
1925 3195 2132 3252 referre

525 3279 820 3350 potuisset,
852 3281 1062 3338 crimen
1102 3281 1264 3353 huius
1307 3282 1530 3340 otl’ensze
1573 3284 1628 3342 in
1678 3285 2128 3346 Cantuarieusem

529 3369 759 3430 retorsit
813 3370 1304 3444 archiepiscopum,
1331 3374 1422 3444 qui
1451 3373 1551 3430 sibi
1581 3373 1862 3431 multoties
1907 3377 2128 3434 sinistra

532 3463 602 3518 de
625 3477 692 3520 eo
719 3462 1045 3535 litteratorie
1090 3468 1468 3539 suggessisset.
1513 3467 1646 3536 Quae
1687 3469 1850 3524 simul
1876 3470 2128 3527 universa

529 3555 764 3613 veritate
775 3569 942 3612 vacua
955 3556 1127 3624 fuisse
1148 3559 1556 3632 promptissima
1577 3561 1847 3628 rationum
1872 3562 2132 3632 facilitate

530 3649 864 3708 convincens
901 3652 1211 3724 episcopus,
1251 3653 1468 3719 (salvo,
1535 3657 1636 3722 ait,
1690 3655 1898 3720 honore
1943 3655 2038 3712 Dei
2070 3667 2132 3713 et

529 3739 709 3798 salute
733 3743 930 3800 anima:
954 3760 1090 3804 mea:
1113 3761 1180 3802 ac
1203 3755 1332 3814 tute,
1359 3747 1692 3805 utilitatibus
1717 3749 1826 3804 tuis
1851 3763 2128 3820 nunquam

461 3891 473 3904 ,
526 3846 758 3904 prorsus
789 3835 871 3892 vel
901 3837 956 3896 in
995 3837 1211 3896 modico
1250 3839 1489 3896 obviavi.
1521 3859 1540 3893 ι
1571 3839 1652 3896 Ita
1693 3839 1839 3912 regia
1883 3840 2132 3912 indigna-

534 3923 682 3982 tione
710 3927 916 3996 sedata,
945 3930 1112 4002 regiis
1165 3930 1346 3996 xeniis,
1388 3931 1680 4002 episcopus
1725 3933 2047 3998 honoratur.
2076 3941 2132 3990 et

533 4031 567 4068 a
599 4030 726 4086 rege
753 4017 1060 4090 hospitandi
1083 4021 1258 4093 gratia
1291 4021 1344 4077 in
1375 4022 1684 4088 castellum,
1728 4024 1873 4094 quod
1927 4024 2133 4082 vocita-

531 4105 629 4161 bat
677 4106 902 4166 Porum)
929 4112 1111 4182 gaudii
1154 4111 1328 4184 (210),
1353 4122 1412 4170 et
1439 4115 1583 4185 quod
1615 4123 1861 4172 recenter
1887 4124 2132 4172 constru-

537 4209 700 4256 xerat
739 4202 792 4256 in
821 4203 1057 4272 quadam
1089 4203 1264 4260 insula
1291 4219 1396 4260 non
1421 4205 1612 4276 procul
1643 4207 1772 4276 sita,
1802 4207 2128 4264 destinatur.

533 4288 781 4362 Rogabat
807 4306 960 4358 vero,
994 4302 1060 4350 ut
1086 4293 1252 4350 etiam
1283 4293 1372 4352 die
1403 4295 1656 4366 sequenti
1695 4298 1762 4351 ad
1777 4279 1846 4353 se
1889 4298 2128 4366 veniret,

535 4389 593 4435 et
612 4381 690 4436 ita
713 4397 840 4437 cum
869 4382 1043 4453 gratia
1066 4391 1124 4440 et
1151 4383 1341 4440 favore
1360 4384 1428 4440 ad
1451 4386 1690 4456 propria,
1712 4397 1836 4459 post
1870 4389 2128 4447 iteratum

2218 1903 2362 1974 quod
2391 1916 2491 1958 nec
2512 1900 2745 1972 propria:
2779 1901 2996 1974 coniugi
3028 1899 3297 1957 maritalis
3324 1900 3471 1956 thori
3505 1900 3646 1958 (idem
3665 1919 3760 1958 cou-

2219 2009 2407 2053 servas
2441 1992 2616 2064 (2η),
2656 2008 2760 2049 nec
2807 1992 3181 2050 Ecclesiarum
3217 1991 3504 2062 privilegia
3541 1993 3591 2048 in
3630 1996 3764 2062 praeli-

2221 2083 2432 2156 ciendis
2459 2083 2698 2140 maxime
2726 2083 2844 2140 sive
2867 2083 2939 2140 in‘
2961 2083 3229 2156 eligendis
3281 2098 3474 2139 earum
3520 2085 3767 2148 rectoribus

2223 2175 2428 2249 illibata
2471 2175 2734 2239 custodis.
2765 2175 2972 2245 Dicitur
2995 2181 3172 2248 enim,
3233 2175 3384 2246 quod
3409 2176 3564 2246 (quod
3582 2191 3688 2230 sane
3707 2179 3770 2232 ιιίε

2223 2269 2397 2330 inium
2423 2268 2700 2339 peculiare
2721 2269 2932 2324 crimen
2965 2269 3072 2341 est)
3102 2268 3354 2340 pecuniae
3385 2283 3481 2324 seu
3509 2267 3684 2324 favoris
3704 2269 3770 2329 its.

2225 2371 2476 2420 terventu
2505 2362 2770 2434 quosdam
2793 2361 2864 2417 ad
2889 2362 3130 2434 regimen
3165 2365 3481 2418 uitiatarum
3508 2376 3770 2432 promovere

2225 2455 2428 2526 soleas.
2451 2455 2604 2534 Quod
2635 2454 2826 2534 procul
2871 2455 3058 2522 dubio,
3093 2454 3142 2512 si
3170 2470 3364 2510 verum
3405 2463 3510 2520 est,
3538 2469 3632 2525 pax
3651 2454 3769 2510 tibia

2225 2548 2462 2611 Domino
2486 2531 2714 2604 concedi
2745 2561 2854 2602 non
2879 2553 3080 2618 potest.
3124 2565 3156 2610 λ
3177 2546 3255 2606 De
3289 2543 3379 2602 his
3409 2544 3586 2616 itaque
3623 2561 3770 2616 regem

2223 2657 2328 2715 pro
2356 2649 2601 2712 tempore
2631 2639 2974 2698 admonitum
3006 2637 3374 2709 diligenteret
3396 2638 3771 2703 instructum.“

2227 2735 2296 2796 de
2326 2734 2450 2792 aliis
2483 2735 2714 2807 quidem
2748 2749 2809 2796 se
2832 2732 3049 2804 penitus
3092 2739 3478 2803 excusantem,
3499 2731 3564 2788 de
3582 2731 3688 2788 aliis
3707 2732 3768 2786 in-

2223 2828 2580 2894 tercessionis
2605 2841 2896 2897 aucupem
2917 2824 3107 2893 sedqu
3133 2823 3500 2898 ﬂagitantem,
3519 2839 3633 2880 cum
3649 2824 3774 2880 beco-

2229 2921 2470 2978 dictione
2497 2919 2730 2990 dimisit,
2759 2927 2820 2976 et
2857 2917 2930 2986 ad
2970 2917 3267 2990 hospitium
3321 2917 3478 2990 regia
3515 2915 3610 2975 sibi
3633 2916 3774 2988 prori-

2219 3015 2386 3070 sione
2410 3011 2718 3086 delegatum
2741 3011 2898 3071 laetus
2920 3010 3167 3068 secessit.

2302 3104 2420 3173 Rex
2443 3105 2650 3162 interea
2689 3103 2760 3165 de
2785 3117 2854 3161 eo
2877 3118 3004 3162 cum
3047 3101 3166 3162 suis
3193 3101 3528 3174 loquens,“
3573 3099 3778 3158 virtutem

2231 3198 2399 3253 animi
2428 3196 2548 3266 eius
2575 3196 2746 3252 multa
2785 3211 2914 3252 cum
2947 3195 3110 3252 laude
3140 3193 3576 3254 concelebrans:
3603 3211 3621 3245 ι
3652 3189 3774 3256 ἵει-ε,

2233 3290 2432 3361 inquit,
2457 3290 2505 3348 si
2549 3289 2706 3358 tales,
2753 3288 2937 3360 qualis
2993 3289 3100 3346 iste
3137 3297 3246 3354 est,
3304 3294 3500 3345 essent
3541 3283 3714 3357 passim
3737 3293 3778 3340 et

2220 3381 2418 3444 ,επιετί
2449 3380 2714 3452 episcopi,
2763 3378 2945 3436 nullus
2975 3388 3168 3436 contra
3202 3394 3300 3436 eos
3327 3392 3525 3449 regum
3563 3385 3646 3447 aut
3669 3373 3779 3446 priu-

2231 3473 2409 3542 cipum
2447 3469 2696 3536 attollere
2733 3477 3086 3540 praesumeret
3120 3469 3418 3528 cervicem.
3439 3487 3468 3537 ι,

2217 3607 2224 3612 .
2306 3562 2456 3620 Tunc
2489 3561 2538 3618 ei
2571 3577 2602 3616 a
2625 3561 2740 3616 suis
2767 3559 3094 3616 consiliariis
3121 3568 3444 3631 suggestum
3511 3557 3626 3622 fuit,
3678 3573 3781 3627 ιιιιιε

2235 3664 2392 3712 tenus
2433 3667 2532 3722 per
2575 3665 2700 3708 eum
2755 3651 2810 3706 in
2859 3649 3109 3721 Angliam
3149 3649 3371 3706 litteras
3411 3648 3784 3722 dirigeret,cta.

2219 3745 2579 3816 ,magnatibus
2611 3754 2775 3816 terra;
2797 3741 3028 3813 alicuius
3070 3741 3216 3798 modi
3247 3741 3624 3804 subventionis
3663 3739 3780 3798 auxi.

2232 3833 2362 3888 lium
2392 3833 2688 3906 ﬂagitaret.
2738 3831 2886 3902 Quas
2914 3832 2982 3888 de
3005 3847 3068 3888 ea
3105 3847 3272 3890 causa
3301 3831 3463 3888 illum
3493 3831 3631 3889 ferre
3650 3830 3781 3902 potis-

2219 3923 2428 3993 simum
2478 3923 2858 3990 consulebant,
2911 3923 3040 3994 quia
3085 3923 3279 3994 procul
3343 3923 3517 3981 dubio
3545 3939 3578 3980 a
3613 3921 3783 3978 cunctis

2237 4015 2588 4072 favorabilius
2625 4015 3035 4086 exciperentur,
3085 4015 3136 4070 si
3162 4029 3262 4086 per
3296 4023 3514 4070 tantum
3560 4013 3653 4070 sibi
3673 4025 3780 4066 nuu-

2219 4109 2370 4176 tium
2401 4107 2580 4164 allatae
2608 4107 2858 4179 fuissent.
2907 4107 3162 4165 Nonnulli
3213 4108 3384 4172 etiam
3414 4108 3664 4166 libentius

2232 4199 2546 4270 episcopum
2576 4197 2871 4270 sperabant
2888 4210 3300 4266 exsecuturum,
3326 4207 3389 4255 ut
3420 4199 3548 4258 inde
3570 4199 3700 4271 regio
3723 4195 3790 4252 fa—.

2231 4289 2350 4347 vori
2396 4289 2626 4352 ulterius
2663 4289 3037 4352 commendari
3087 4291 3378 4363 potuisset.
3418 4290 3639 4357 Verum,
3657 4299 3708 4346 ut
3725 4289 3786 4358 ait

2234 4381 2502 4452 Sapiens:
2542 4401 2560 4434 ι
2597 4381 2819 4439 Frustra
2857 4382 3066 4454 iacitur
3123 4391 3244 4440 rete
3287 4392 3430 4442 aute.
3471 4383 3650 4442 oculos
3679 4395 3786 4454 pen:

537 4489 662 4531 cum
689 4489 756 4532 eo
775 4475 1127 4550 colloquium,
1176 4487 1470 4536 remearet.
1515 4478 1669 4548 Quod
1709 4481 1798 4546 ille
1854 4491 2135 4553 gratanter;

2235 4483 2500 4549 natorum.
2535 4473 2719 4548 (Prov.
2757 4489 2796 4544 ι,
2828 4475 2942 4546 17),
2981 4495 3002 4529 ι
3034 4475 3288 4548 protinus
3329 4476 3600 4547 siquidem
3619 4487 3784 4546 perre-

539 4567 790 4634 andiens,
819 4583 880 4625 se
905 4569 960 4625 in
991 4570 1234 4628 crastino
1268 4587 1616 4628 reversurum
1663 4575 1933 4644 promisit.

519 4733 522 4738 _
614 4656 810 4714 Verum
843 4664 900 4716 et
920 4657 989 4716 de
1017 4661 1192 4718 salute
1215 4661 1412 4719 anim’a‘.
1440 4664 1610 4734 ipsius
1638 4667 1892 4737 [naturali
1933 4665 2141 4731 sollici—

539 4749 732 4806 tudine
764 4750 854 4822 pic
901 4751 1175 4828 curiosus,
1211 4754 1550 4824 apprehensa
1596 4755 1713 4826 eius
1748 4771 1908 4831 manu
1945 4773 1974 4811 a
2004 4758 2142 4813 sede

539 4855 642 4895 sua
672 4841 848 4911 ipsum
875 4841 1120 4908 elevans,
1153 4847 1423 4914 protraxit
1451 4838 1696 4904 seorsum
1741 4863 1912 4920 usque
1948 4849 2017 4904 ad
2053 4849 2132 4909 lo-

533 4943 667 4988 ch
687 4945 856 5002 prope
876 4931 1070 4998 altare,
1119 4933 1446 5006 ibidemque.
1475 4951 1600 4992 eum
1639 4938 1830 4996 sudore
1879 4954 2128 5008 monens,

520 5025 667 5078 cum
699 5032 756 5076 et
789 5023 904 5092 ipse
926 5023 1135 5093 pariter
1167 5025 1408 5096 sederet,
1446 5028 1526 5084 sic
1555 5044 1681 5085 cum
1707 5031 1972 5094 secretius
1993 5031 2132 5096 allo-1

518 5111 772 5182 ,quitur:
807 5131 826 5164 ι
855 5111 1072 5180 Noster,
1120 5115 1321 5188 inquit,
1361 5116 1728 5187 parochia'nus
1778 5136 1862 5186 es,
1911 5123 2132 5180 domine

549 5219 670 5270 rex,
707 5206 972 5280 nobisque
991 5209 1260 5266 incumbit
1283 5210 1497 5266 ratione
1541 5213 1828 5282 pastoralis
1853 5229 1999 5269 curm
2030 5230 2139 5285 pro.

537 5297 720 5386 anima
771 5310 972 5369 vestra,
997 5317 1162 5374 quam
1207 5301 1576 5366 universitatis
1610 5304 1869 5361 Dominus
1913 5307 2132 5379 proprio

516 5443 519 5446 ’
613 5450 766 5582 (21οὶ
805 5443 1076 5526 ἷὼιωύι
1104 5455 1340 5522 videtur,
1387 5474 1512 5514 cum
1555 5460 1779 5515 castello
1807 5461 1875 5516 de
1907 5461 2128 5531 Andcli,

541 5541 668 5582 cum
708 5527 744 5582 il
769 5528 840 5582 ud
871 5543 1096 5582 novum.
1125 5535 1184 5582 et
1227 5525 1334 5582 hoc
1367 5539 1620 5582 recenter
1647 5542 2020 5582 constructum
2049 5533 2128 5582 di-

541 5523 668 5586 cum
708 5523 840 5583 illud
871 5523 1096 5597 novum,
1125 5535 1184 5582 et
1227 5525 1334 5582 hoc
1367 5539 1620 5585 recentcr
1647 5542 2020 5590 constructum
2049 5523 2149 5588 dil‘

543 5605 722 5652 catur.

623 5665 766 5740 git)
834 5665 912 5740 _Ex
969 5665 1398 5740 hocAcolligitur
1453 5669 1730 5740 llugoncnt
1779 5683 1938 5728 etiam
1991 5688 2132 5730 anno

546 5711 1077 5805 ίεὲῖεὶίιιιᾱῖοεὲἐὲίἷ
1089 5711 1272 5791 rasa:

2232 4568 2318 4640 gis
2342 4559 2671 4629 domesticos
2693 4568 2796 4626 sibi
2826 4568 3009 4630 omnia
3051 4564 3170 4634 huic
3202 4559 3583 4627 innatuerunt.
3623 4567 3784 4638 Sugge-

2235 4659 2482 4716 rentibus
2503 4669 2686 4715 autem
2736 4659 2841 4716 sibi
2883 4658 3120 4727 clericis,
3145 4667 3422 4730 quatenus
3445 4659 3504 4714 in
3529 4674 3588 4714 re
3613 4666 3708 4714 tam
3725 4653 3784 4720 fac

2233 4752 2328 4834 cili
2357 4761 2576 4828 pareret
2608 4751 2866 4826 alacriter
2885 4753 3048 4826 regia:
3071 4751 3356 4823 voluntati,
3381 4751 3476 4826 ille
3495 4766 3616 4807 cum
3630 4759 3787 4818 magna

2233 4845 2620 4916 aspernatione
2673 4843 2840 4902 verba
2891 4859 3080 4904 eorum
3135 4843 3366 4915 respuit.
3396 4841 3626 4904 dicens:
3665 4837 3780 4892 «Ab-

2209 4938 2330 5003 .sit,
2385 4936 2581 5008 inquit,
2608 4936 2710 4993 hoc
2737 4937 2929 4999 amet
2956 4934 3074 4992 Non
3118 4943 3210 5009 est
3253 4948 3460 5000 mm,
3505 4930 3783 5004 portitorem

2208 5028 2354 5107 .fieri
2403 5027 2669 5098 regalium
2707 5026 3036 5091 litterarum.
3075 5025 3190 5098 Nec
3231 5026 3378 5086 enim
3401 5018 3784 5097 proposito,setl

2208 5137 2413 5196 .neque
2457 5119 2633 5180 cilicio
2667 5137 2808 5188 meo,
2837 5137 3142 5195 congruere
3165 5121 3308 5178 istud
3349 5121 3550 5192 potest.
3579 5112 3790 5180 Nomina

2211 5217 2372 5287 .quit,
2403 5225 2718 5286 estinterim,
2771 5215 3120 5271 exactionum
3169 5211 3482 5283 huiusmodi
3509 5207 3594 5266 vel
3621 5207 3672 5262 in
3697 5214 3785 5264 uo-

2234 5293 2359 5363 dico
2407 5307 2650 5370 existere
2700 5315 3134 5384 cooperatorem.
3166 5303 3286 5384 lion
3339 5305 3474 5375 latet
3525 5313 3638 5374 vos,
3685 5291 3789 5365 ςυῑθ

2306 5466 2460 5538 (212)
2497 5465 2884 5538 Berengariam
2916 5464 3060 5538 regis
3088 5461 3344 5538 Navarra':
3375 5455 3541 5526 tiliam
3584 5450 3782 5538 {ficit}:

2235 5523 2361 5604 dus,
2385 5523 2530 5592 anno
2555 5523 2718 5605 “91",
2747 5523 3008 5605 duxitiri'
3041 5531 3362 5605 coniugem,
3395 5523 3557 5598 quam
3587 5523 3786 5605 [19501.

2237 5594 2424 5663 castro
2457 5594 2876 5678 Bcvafortieusi,
2913 5594 3232 5678 iuxta‘liliri
3258 5594 3560 5678 huiuscap.
3595 5594 3655 5650 i5
3677 5594 3787 5648 inti:

2236 5678 2332 5746 sit,
2358 5687 2415 5734 et
2442 5676 2754 5751 consolatus
2783 5669 2884 5732 fuit
2911 5669 3056 5733 anno
3081 5669 3236 5730 H99.
