3962 6440
190 381 336 446 loli?

1557 377 1741 438 YlTA.
1769 408 1842 422 -ο
1880 377 2010 436 LIB.
2050 379 2116 438 γ.

3337 380 3476 450 1050

187 513 412 571 semper
439 497 587 555 velut
613 495 816 555 nudato
841 495 1107 570 supplicat
1140 512 1272 555 ense
1311 496 1414 553 iste
1452 503 1691 565 potens;
1729 502 1787 549 et
1812 495 1863 558 Α
1890 495 2094 552 niensis
2139 495 2452 561 canonicos,
2501 509 2595 566 qm
2633 494 2947 568 innumeris
3001 496 3480 556 redditibuslocu-

188 591 312 647 hac
357 589 657 661 praesertim
710 596 977 659 potestas,
1033 603 1157 644 cum
1203 586 1405 658 iugiter
1458 585 1615 655 petit,
1649 597 1779 654 pre.

188 681 386 736 mitur.
436 679 596 751 Angli
645 679 816 736 nostri
862 679 1081 734 blandis
1115 678 1334 748 quidem
1383 673 1781 732 sollicitationi-

186 769 300 830 bus
325 769 500 847 primo
547 768 879 836 alliciuntnr,
921 769 1014 839 qui
1055 768 1272 824 demum
1316 766 1634 838 asperrimis
1682 779 1780 821 co-

185 860 523 926 sctionibus,
565 874 672 915 non
701 860 769 916 ad
794 861 938 931 quod
984 860 1086 932 ipsi
1111 860 1388 925 volebant,
1415 859 1511 914 sed
1543 858 1609 913 ad
1634 857 1780 928 quod

182 955 305 1027 regi
369 957 664 1028 placuerit,
732 956 1123 1014 conferendum
1187 957 1559 1027 impelluntur.
1626 956 1781 1028 Saepe

181 1049 354 1102 etiam
406 1048 560 1104 inviti
610 1049 664 1104 id
703 1050 923 1121 exsequi
974 1061 1275 1123 coguntur,
1308 1053 1452 1123 quod
1499 1050 1667 1107 semel
1700 1050 1784 1106 ul-

183 1147 430 1207 troneos,
459 1139 540 1195 vel
570 1139 714 1210 ipsos
737 1150 832 1196 aut
878 1155 1068 1198 eorum
1111 1143 1544 1213 prtedeccssorcs
1585 1141 1780 1199 fecisse

179 1241 473 1286 noverunt.
504 1230 617 1287 Non
647 1247 779 1303 ergo
808 1248 895 1288 me
937 1233 1216 1301 contingat
1259 1233 1458 1290 talibus
1487 1231 1779 1288 immisceri

179 1319 384 1390 quibus
405 1333 526 1374 cum
549 1321 830 1390 dispendio
845 1321 1079 1392 proximi
1103 1336 1331 1393 coopera
1341 1331 1428 1380 tur
1442 1321 1614 1394 gratia
1639 1321 1779 1392 regis

182 1415 426 1482 terreni,
475 1426 532 1471 ct
583 1416 885 1488 indignatio
935 1417 1255 1474 succederet
1307 1424 1365 1473 et
1407 1417 1782 1472 incurreretur

176 1509 566 1578 omnipotentis
607 1510 720 1565 Dei.
761 1529 780 1563 ι
812 1510 1018 1566 Monuit
1055 1510 1220 1582 igitur
1265 1511 1411 1582 regis
1435 1507 1778 1569 consiliarios

175 1600 490 1672 episcolms,
523 1611 579 1656 ut
621 1613 913 1672 procurent
955 1618 1022 1658 ne
1069 1603 1173 1658 sibi
1217 1603 1343 1658 talia
1393 1602 1776 1674 iniungantur,

180 1695 328 1749 unde
351 1695 777 1752 contradicendo
809 1696 970 1766 regia:
989 1695 1386 1762 deliberationi,
1403 1696 1571 1766 ipsius
1601 1696 1777 1751 denuo

177 1785 414 1854 gratiam
464 1786 634 1853 ipsam
685 1787 953 1842 demereri
1000 1801 1221 1844 necesse
1261 1787 1352 1842 sit.
1399 1787 1530 1854 Qua:
1558 1795 1618 1842 ut
1659 1786 1773 1857 regi

1887 584 2056 655 pletes
2083 585 2254 656 (2M),
2281 600 2414 640 auro
2439 586 2604 640 etiam
2632 585 2716 642 vel
2742 593 2969 657 argento
2996 587 3324 657 praedivites,
3340 590 3482 646 citra
3563 667 3565 669 ι

1885 675 2220 747 gravaminis
2269 675 2539 746 iacturam
2601 693 2710 730 non
2764 677 3003 733 modicas
3063 678 3319 748 pecunias
3367 679 3481 735 suis

1883 767 2185 837 quivissent
2205 767 2422 823 scriniis
2457 767 2680 822 inferre.
2714 787 2733 821 ι
2763 766 3077 834 llujusmodi
3108 784 3238 825 vero
3260 770 3480 842 ingenio

1881 873 1996 923 eas,
2051 857 2330 929 inquiunt,
2393 858 2552 916 facile
2596 861 2700 916 erit
2752 870 3077 930 extorquere
3124 861 3193 916 ab
3247 861 3474 918 eisdem.

1884 948 2102 1012 Scribat
2154 949 2414 1006 Dominus
2469 959 2654 1006 noster
2700 966 2794 1006 rex
2860 950 3234 1006 Cantuariensi
3299 950 3478 1006 archi-

1881 1037 2137 1108 episcopo
2183 1039 2352 1109 (215),
2383 1048 2440 1094 ut
2461 1040 2528 1094 de
2557 1040 2762 1110 gremio
2790 1039 3184 1096 Lincolnicnsis
3221 1040 3478 1096 Ecclesia:

1882 1131 2169 1192 duodecim
2207 1131 2354 1188 viros
2397 1132 2681 1202 prudentia
2707 1141 2762 1188 et
2802 1133 3030 1188 consilio
3069 1133 3473 1203 praeminentes,

1881 1226 2190 1297 eloquentia
2215 1226 2379 1282 etiam
2403 1229 2658 1298 prmditos
2684 1232 2844 1300 (quos
2879 1230 2995 1298 ipse
3016 1230 3228 1304 noverit
3254 1228 3478 1286 servitio

1878 1328 2066 1377 .veStro
2079 1332 2198 1374 esse
2213 1319 2456 1388 idoneos)
2474 1320 2540 1374 ad
2560 1336 2654 1376 vos
2665 1322 2938 1377 destinare
2955 1321 3288 1392 festinet,qui
3313 1320 3476 1377 rebus

1881 1410 2201 1481 opportunis
2233 1410 2569 1466 suilicienter
2616 1413 2864 1470 instructi
2904 1424 3085 1482 vestra
3115 1415 3325 1484 possint
3378 1428 3477 1469 ne-

1881 1502 2046 1572 gotia,
2083 1501 2317 1572 propriis
2340 1502 2550 1563 illorum
2589 1505 2916 1573 sumptibus,
2942 1505 2995 1560 in
3020 1504 3182 1562 Curia
3208 1505 3475 1569 Romana,

1877 1591 1939 1647 in
1967 1591 2286 1647 Alemannia
2317 1601 2480 1663 atque
2509 1591 2788 1662 llispania,
2832 1609 3040 1650 necnon
3094 1602 3149 1652 et
3178 1594 3331 1658 alibi.
3367 1609 3477 1665 quo

1881 1696 1976 1738 eos
2005 1683 2329 1739 censueritis
2377 1683 2751 1749 destinandos,
2779 1685 3109 1754 competenti
3139 1683 3360 1742 solertia
3381 1698 3478 1738 ex-

1877 1772 2090 1842 pedire.
2142 1773 2282 1839 Quid
2324 1772 2567 1843 pluribus
2611 1773 3012 1828 immoremur?
3052 1771 3214 1844 Venit
3259 1773 3475 1829 tandem

176 1877 556 1944 innutucntnt,
585 1880 770 1935 statim
823 1880 1098 1935 ntatidavit
1129 1882 1178 1935 ei
1208 1889 1480 1951 quatenus
1505 1882 1574 1936 ad
1617 1894 1764 1935 suam

1883 1863 2107 1920 nuntius
2127 1864 2517 1935 archiepisc0pi
2557 1865 2626 1920 ad
2661 1866 3000 1935 episcopum,
3043 1873 3384 1936 praesentalis
3425 1865 3477 1921 ei

175 1985 306 2024 eum
333 1969 422 2026 Dei
461 1969 836 2027 benedictione
888 1971 1180 2027 l-Icelesiam
1217 1973 1575 2040 rediret,'.iec
1617 1985 1764 2028 vitent

1879 1955 2164 2019 duodecim
2201 1956 2352 2025 paria
2402 1955 2730 2022 litterarum,
2784 1957 3011 2011 totidem
3061 1955 3320 2010 Ecclesia:
3365 1970 3477 2010 sua

177 2059 360 2116 altero
414 2060 481 2116 ad
519 2076 581 2117 se
641 2063 923 2128 veniendi,
976 2075 1034 2119 nt
1085 2065 1474 2130 eondixerant,
1532 2063 1764 2119 laborem

1876 2049 2129 2120 personis
2166 2065 2234 2104 ex
2286 2050 2740 2105 eminentioribus
2788 2048 3146 2120 porrigenda.
3185 2047 3361 2119 sigillo
3387 2062 3470 2102 ar-

179 2163 512 2217 assnmerct,
547 2154 642 2208 scd
676 2169 774 2223 pro
798 2171 865 2210 eo
887 2154 953 2208 ad
996 2155 1282 2210 Dominum
1316 2156 1458 2209 bono
1481 2153 1666 2208 animo
1693 2153 1764 2207 in—

1872 2139 2258 2211 cbiepiscopali
2282 2140 2508 2197 inclusa.
2529 2140 2726 2196 Attulit
2745 2141 2912 2196 etiam
2939 2139 3205 2211 speciales
3219 2139 3476 2211 episcopo

174 2240 494 2297 desinenter
539 2251 744 2298 oraret.
789 2240 882 2297 Sic
911 2241 1064 2314 llugo
1117 2244 1168 2298 in
1225 2243 1442 2298 nomiite
1486 2241 1698 2297 Domini
1741 2255 1774 2296 a

169 2331 468 2388 curialium
517 2333 726 2404 laqueis
769 2333 1048 2400 liberatus,
1092 2336 1258 2390 Deum
1289 2337 1578 2407 magnifice
1603 2335 1768 2391 benc-

168 2422 366 2479 dicens
389 2439 512 2480 cum
563 2425 678 2482 suis
729 2427 983 2484 omnibus
1028 2427 1096 2482 ad
1135 2442 1234 2484 sua
1269 2442 1394 2483 cum
1437 2415 1633 2499 gaudio
1683 2441 1771 2482 re-

171 2515 398 2570 meavit.

249 2606 350 2663 Vix
376 2619 556 2664 autem
595 2610 849 2683 episcopo
874 2610 927 2667 in
956 2611 1205 2684 Angliam
1239 2626 1479 2679 reverso,
1511 2627 1636 2668 cum
1670 2625 1773 2668 nec

176 2700 249 2757 ad
293 2700 590 2758 Ecclesiam
648 2718 802 2760 suam
849 2708 1208 2776 pervenisset,
1257 2706 1400 2762 idem
1440 2721 1537 2762 rex
1579 2713 1770 2762 contra

173 2807 359 2863 regem
405 2793 739 2852 Francorum
783 2796 936 2869 (9J5)
989 2811 1158 2869 prope
1208 2796 1516 2854 Gisorcium
1550 2797 1768 2868 impetu

170 2885 343 2952 facto,
373 2901 430 2943 et
451 2889 624 2960 captis
654 2890 899 2962 pluribus
937 2891 1107 2963 ipsius
1134 2893 1479 2962 optimatum,
1508 2892 1684 2962 ipsum
1714 2891 1766 2946 in

171 2977 358 3051 fugam
385 2981 512 3054 egit.
545 2982 701 3040 Tunc
738 2985 903 3040 etiam
952 2997 1136 3042 comes
1163 2983 1535 3040 Niverniensis
1575 2985 1629 3039 in
1659 2982 1771 3039 fos-

173 3081 351 3130 satum
373 3075 577 3132 castelli
617 3075 882 3146 deiectus,
920 3078 1076 3148 aquis
1097 3087 1321 3134 enectus
1349 3077 1575 3133 interiit.
1599 3074 1769 3145 linjus

172 3168 638 3240 antemtriumpbi
688 3170 886 3227 seriem
929 3187 1024 3228 rex
1061 3187 1185 3228 mox
1233 3171 1597 3228 Lincolnicnsi
1651 3171 1761 3240 epi-

169 3275 338 3332 scopo
359 3262 696 3332 significans,
727 3273 799 3333 et,
826 3273 886 3320 ut
908 3281 1006 3336 pro
1033 3281 1119 3332 eo,
1149 3265 1290 3322 sicut
1317 3275 1580 3337 coeperat,
1606 3281 1764 3322 orare

168 3355 486 3426 dignaretur
525 3358 840 3428 suppliciter
883 3373 1153 3427 exorans,
1201 3360 1417 3415 nomina
1465 3372 1680 3430 quoque
1708 3369 1765 3415 et

168 3463 454 3504 munerum
481 3449 724 3506 virorum
751 3451 988 3519 fortium,
1019 3466 1158 3522 quos
1207 3459 1467 3520 cmperat,
1497 3450 1766 3504 litterato.

166 3539 250 3602 rie
270 3543 559 3612 expressit,
586 3544 829 3599 scribens
859 3543 1002 3600 inter
1025 3553 1219 3600 caetera
1251 3553 1307 3599 et
1345 3557 1595 3599 asserens
1617 3542 1760 3612 quod

165 3634 331 3688 etiam
365 3635 478 3706 ipse
509 3651 603 3691 rex
644 3636 927 3709 Philippus
965 3639 1104 3693 satis
1139 3638 1206 3694 de
1233 3637 1434 3692 fossato
1456 3635 1681 3692 bibisset
1708 3635 1759 3690 in

165 3726 311 3792 quod
341 3723 646 3793 cecidisset,
681 3727 806 3797 fuga
837 3728 1054 3798 quidem
1086 3728 1380 3799 praecipiti,
1412 3727 1516 3783 nisi
1540 3741 1760 3783 suorum

163 3829 271 3884 ope
315 3815 606 3873 subvectus
649 3819 917 3874 evasisset
961 3819 1262 3874 interitum.
1316 3818 1472 3874 Hunc
1497 3819 1759 3874 honorem

163 3916 349 3963 autem
409 3918 571 3980 atque
633 3914 930 3981 trophaaum
995 3913 1107 3984 regi
1170 3911 1384 3968 caelitus
1433 3925 1758 3968 concessum

165 3998 380 4056 meritis
407 4001 581 4063 sancti
613 4002 858 4072 prtesulis
883 4002 1036 4058 multi
1066 4002 1232 4058 etiam
1275 4019 1496 4059 suorum
1526 4000 1761 4057 aﬂirma-

163 4089 320 4158 bant,
379 4109 539 4165 quem
590 4095 704 4165 ipse
749 4111 848 4167 pro
892 4096 1151 4163 Domino,
1196 4097 1425 4166 pristina
1483 4097 1759 4154 simultate

162 4185 365 4241 omissa
405 4187 720 4244 decreverat
758 4190 1056 4260 impensius
1087 4190 1354 4248 venerari.

779 4324 1010 4384 CAPUT
1051 4326 1144 4386 IX.

163 4435 340 4502 Quam
370 4448 670 4494 constanter
699 4457 756 4494 se
787 4440 856 4494 ad
903 4441 1211 4496 mandatum
1245 4458 1420 4508 regam
1467 4443 1754 4505 excusavit,

231 4525 336 4577 quo
355 4509 453 4564 sibi
483 4512 768 4564 mandatur
805 4521 859 4564 ut
893 4513 962 4565 ad
1010 4513 1181 4577 ipsum
1223 4516 1445 4566 mitteret
1481 4513 1758 4566 duodecim

235 4580 297 4651 de
321 4582 554 4647 personis
583 4597 692 4635 sua:
738 4581 1110 4634 Lincolniensis
1163 4580 1410 4637 Erclesz'az
1442 4582 1531 4651 qui
1567 4583 1636 4634 ad
1661 4599 1756 4635 sua

232 4648 400 4718 forent
435 4654 616 4705 nuntia
657 4653 973 4715 expedienda
997 4653 1243 4719 aptiores,
1268 4648 1463 4706 contra
1490 4666 1758 4705 exsecutae

235 4735 318 4774 res
334 4724 482 4776 datos
503 4723 572 4775 ad
594 4723 986 4791 conﬁscandum
1007 4725 1184 4776 omnia
1208 4725 1341 4776 bona
1367 4740 1465 4777 sua
1479 4738 1755 4776 censuram

231 4793 518 4864 exercendo
547 4794 969 4864 ecclesiasticam.
989 4823 1061 4834 -—-
1091 4791 1159 4846 Et
1197 4796 1294 4849 hoc
1325 4805 1399 4848 est
1443 4794 1603 4864 capit.
1636 4793 1666 4846 Ἰ
1701 4795 1754 4848 in

232 4863 366 4916 serie
384 4879 588 4930 maqate
622 4863 777 4922 Vita}.

231 4977 551 5050 Excogitato
572 4988 752 5035 autem
774 4983 844 5038 ab
866 4982 1076 5040 azmulis
1103 4983 1202 5037 viri
1229 4983 1322 5040 Dei
1361 4995 1597 5042 versatae
1623 4985 1754 5042 sub-

159 5071 374 5128 tilitatis
417 5074 798 5147 irrefragibili,
831 5085 891 5132 ut
927 5081 1252 5148 putabatur,
1277 5082 1748 5149 machinamento,

155 5167 471 5237 suggeritur
500 5167 635 5239 regi,
660 5168 923 5238 plurimos
947 5186 1068 5228 esse
1091 5171 1234 5228 inter
1253 5173 1507 5231 Ecclesiae
1535 5173 1750 5231 Lincol-

235 5325 387 5400 (215)
428 5326 756 5400 Philippum.
780 5327 857 5384 De
882 5329 986 5385 hoc
1016 5331 1202 5400 praalio
1228 5342 1282 5388 et
1310 5331 1533 5388 victoria
1563 5331 1748 5387 videa-

159 5404 250 5467 tur
284 5393 637 5453 Trivettus—in
667 5399 868 5455 Chron.
896 5402 963 5456 ad
990 5393 1192 5458 a'nnum
1223 5402 1380 5467 H98,
1414 5403 1504 5459 ubi
1543 5403 1631 5459 hic
1661 5420 1746 5460 re-

157 5463 269 5518 lata
299 5467 605 5523 confirmat.

207 5535 407 5619 ⁵(21ᾁι.
431 5539 527 5619 De_
555 5539 828 5619 opulentia
847 5612 859 5619 -
879 5544 1359 5619 etwampliluQine
1403 5546 1750 5619 episcopatus

157 5605 560 5665 Lincolniensis
590 5605 661 5666 ita
692 5612 887 5687 scribit
924 5605 1179 5687 Giraldus
1212 5605 1621 5687 CambrfAngl'.
1649 5617 1749 5671 Sa-

157 5689 451 5756 crtepart.
484 5696 558 5746 ιι,
593 5684 806 5756 ιλριτ
827 5699 861 5756 εγ
888 5701 906 5736 ι
943 5685 1128 5740 Crevit
1161 5700 1290 5756 ergo
1319 5684 1574 5742 dioecesis
1615 5687 1748 5742 Lin-

157 5748 454 5825 colniensis
504 5748 607 5821 per
657 5753 997 5825 Remigium,
1039 5756 1132 5812 sed
1186 5748 1424 5813 dcerevit
1452 5761 1749 5812 enormitcr

158 5830 261 5890 per
292 5819 586 5879 Robertum
617 5835 672 5881 et
714 5819 1033 5882 Rob'ertunt.
1066 5829 1304 5894 Ctmctas
1344 5837 1522 5890 tamen
1559 5831 1745 5886 cathe-

1876 2227 2111 2294 litteras,
2152 2229 2206 2284 in
2259 2231 2456 2300 quibus
2519 2231 2902 2300 prmdictarum
2969 2240 3126 2286 tenor
3169 2228 3475 2284 litterarum

1869 2318 2024 2390 juxta
2051 2317 2339 2375 formulam
2366 2321 2617 2391 superius
2647 2319 3474 2392 comprehensamfexprimeba—

1876 2417 1984 2464 tur.
2015 2409 2073 2464 In
2103 2426 2290 2468 earum
2316 2425 2445 2466 vero
2485 2411 2656 2475 calce,
2691 2410 2838 2480 regia
2888 2409 3214 2465 auctoritate
3267 2409 3476 2478 pariter

1872 2510 2045 2557 ctsua
2095 2502 2373 2556 mandavit
2405 2511 2675 2572 quatenus
2723 2502 2936 2558 litteras
2977 2497 3222 2570 singulas
3249 2499 3357 2555 illis
3403 2501 3474 2554 ad

1870 2608 2008 2663 quos
2035 2602 2194 2648 erant
2223 2594 2444 2664 scripta:
2496 2594 2759 2660 mitteret,
2803 2607 2941 2671 quos
2967 2592 3036 2647 ad
3066 2607 3221 2648 suam
3257 2607 3474 2662 quoque

1870 2686 2216 2754 praesentiam
2263 2685 2586 2752 destinaret,
2631 2695 2853 2755 paratos
2893 2684 3049 2754 juxta
3081 2683 3316 2761 formam
3336 2684 3471 2754 regii

1869 2777 2109 2832 mandati
2138 2779 2205 2831 ad
2229 2777 2402 2847 ipsum
2453 2777 2777 2848 quantocius
2816 2792 2999 2848 regem
3022 2777 3396 2839 transfretare.
3435 2797 3456 2831 ι

1869 2867 1966 2923 llis
2003 2869 2257 2939 cognitis,
2311 2870 2383 2924 illi
2433 2869 2729 2940 specialius
2772 2868 3154 2934 turbabantur,
3200 2868 3292 2939 qui
3339 2880 3471 2924 tunc

1865 2960 2066 3016 ibidem
2095 2971 2390 3030 przesentes
2419 2961 2645 3028 inventi,
2691 2961 2761 3017 ad
2815 2961 3047 3017 invisam
3091 2975 3151 3018 se
3180 2962 3469 3020 audierunt

1866 3052 2263 3121 expeditionem
2295 3053 2576 3111 accersiri.

1934 3143 2009 3199 At
2057 3144 2346 3215 episcopus
2396 3146 2464 3199 ad
2517 3145 2699 3202 audita
2754 3143 2890 3202 nihil
2947 3145 3280 3215 respondeas
3327 3145 3469 3218 (erat

1867 3237 2012 3292 enim
2043 3238 2175 3292 hora
2223 3237 2552 3310 prandendi),
2588 3238 2656 3293 ad
2679 3236 3050 3307 mensamjam
3095 3240 3327 3295 accessit
3364 3255 3463 3310 pa-

1865 3339 2061 3384 ratam.
2088 3329 2287 3392 Clerici
2325 3329 2467 3386 inter
2505 3332 2791 3402 prandium
2820 3331 3050 3388 invicem
3088 3332 3463 3399 mussitantes,

1859 3437 1923 3478 se
1946 3422 2140 3478 timere
2169 3431 2423 3478 asserunt
2451 3438 2518 3479 ne
2552 3424 2770 3485 duriora
2800 3425 3090 3496 episcopus
3134 3425 3327 3482 nuntio
3371 3441 3462 3488 re-

1857 3513 2170 3583 sponderet,
2199 3529 2322 3577 cum
2353 3529 2458 3569 non
2495 3515 2790 3584 pontificali
2815 3517 3132 3582 severitate,
3162 3516 3256 3584 sed
3275 3518 3463 3587 potius

1862 3603 2087 3660 lenitate
2143 3605 2436 3671 submissa,
2478 3606 2530 3660 in
2560 3623 2690 3662 casu
2743 3619 2852 3662 tam
2906 3595 3280 3674 formidoloso,
3324 3624 3463 3679 opus

1860 3704 2002 3750 esset
2045 3695 2113 3750 ad
2141 3696 2530 3767 experiendum
2563 3697 2834 3767 primitus,
2872 3697 2920 3753 si
2970 3697 3110 3754 forte
3149 3697 3465 3753 blandiente

1859 3787 2254 3856 supplicatione
2279 3773 2547 3844 dominus
2573 3789 2984 3846 Cantuariensis
3007 3800 3191 3862 posset
3219 3790 3456 3856 deliniri,

1861 3877 1975 3948 qui,
2005 3878 2051 3933 si
2084 3878 2268 3945 vellet,
2301 3879 2416 3950 ipse
2444 3879 2731 3936 consilium
2773 3881 2915 3937 istud
2960 3882 3012 3938 in
3058 3881 3264 3950 melius
3297 3883 3459 3938 facile

1857 3972 2236 4028 commutat‘ct.
2270 3972 2395 4028 llaec
2423 3975 2527 4030 illis
2570 3984 2760 4031 mutuo
2799 3975 3230 4042 conferentibus,
3255 3976 3456 4032 avertit

1847 4060 2036 4131 ,llugo,
2067 4063 2151 4117 vir
2183 4064 2388 4120 robusti
2418 4067 2676 4134 pectoris,
2709 4066 2873 4121 citius
2910 4065 3220 4121 formidinis
3265 4082 3454 4123 eormn

1845 4152 2234 4210 difﬁdentiam.
2283 4155 2436 4212 Unde
2483 4157 2682 4213 nullius
2709 4174 2776 4214 ex
2802 4158 2883 4214 eis
2919 4173 3082 4227 super
3112 4158 3459 4214 reformando

1859 4247 2211 4317 responsione
2257 4249 2546 4305 consilium
2593 4251 2888 4322 expetivit,
2915 4252 3010 4307 sed
3053 4253 3348 4317 continuo,
3398 4261 3458 4307 ut

1855 4338 2098 4402 surrexit
2127 4355 2156 4394 a
2195 4338 2494 4407 discubitu,
2524 4343 2592 4396 ad
2640 4344 2888 4398 nttntium
2939 4343 3029 4415 qui
3071 4354 3289 4400 venerat
3340 4346 3459 4401 haec

1859 4439 1947 4484 est
2001 4442 2364 4498 prosecutus:
2398 4449 2416 4484 ι
2451 4429 2620 4498 Nova,
2651 4433 2847 4503 inquit,
2883 4450 2984 4489 nec
3007 4435 3239 4505 uspiam,
3273 4437 3458 4492 hacte-

1861 4529 1963 4575 tlus
1990 4508 2115 4575 sunt
2135 4523 2343 4589 audita,
2379 4531 2486 4576 tam
2513 4537 2578 4578 ea
2607 4540 2727 4593 qua:
2750 4526 3072 4580 auctoritate
3103 4527 3267 4596 regiae
3291 4541 3457 4594 quam

1786 4589 1837 4652 D
1862 4620 1917 4666 et
1941 4612 2030 4666 illa
2062 4627 2184 4682 quae
2235 4629 2332 4668 sua
2377 4589 2658 4672 voluntate
2701 4617 2932 4687 injungit
2967 4589 3222 4672 dominus
3267 4589 3458 4672 noster

1862 4703 2291 4762 Cantuariensis.
2321 4704 2473 4762 Sciat
2498 4717 2674 4762 tamen
2706 4708 2794 4764 ille
2820 4724 2906 4765 me
2925 4724 3203 4779 nunquam
3248 4709 3456 4764 litterae

1861 4814 1982 4854 rum
2031 4814 2250 4856 suarum
2307 4798 2425 4855 fore
2469 4799 2554 4856 vel
2616 4799 2783 4857 fuisse
2826 4801 3167 4871 portitorem,
3231 4816 3334 4855 nec
3367 4815 3461 4856 nio

1837 4890 2088 4946 .elericos
2126 4901 2343 4948 nostros
2380 4892 2546 4964 regiis
2567 4893 2856 4964 aliquando
2890 4893 3126 4950 servitiis
3161 4893 3455 4966 obligasse.

1839 4993 1951 5044 ,aut
1979 4983 2344 5055 obligaturum
2375 4998 2520 5040 esse.
2558 4983 2818 5051 Prohibui
2847 5000 2992 5055 smpe
3021 4984 3259 5054 clericis,
3283 4987 3454 5046 etiam

1856 5077 2069 5138 alienis.
2101 5078 2155 5134 in
2183 5079 2498 5151 episcopatu
2535 5088 2723 5136 nostro
2747 5079 3107 5147 beneficiatis,
3139 5095 3208 5137 ne
3249 5081 3305 5136 in
3351 5096 3456 5152 ps-

1852 5169 2010 5228 blieis
2053 5170 2456 5240 funetionibus,
2479 5181 2540 5229 ut
2583 5180 2670 5229 est
2717 5171 2782 5252 in.
2815 5171 3184 5230 distrahendis
3229 5170 3467 5240 forestis_

1837 5324 2044 5399 drales
2072 5325 2252 5399 adhuc
2280 5326 2431 5397 regni
2461 5326 2626 5399 totius
2653 5325 2916 5384 ecclesias
2935 5368 2951 5394 ,
2976 5343 3050 5384 vn
3081 5329 3368 5396 comitatus
3397 5339 3457 5389 et.

1859 5395 2144 5470 dimidium
2174 5397 2226 5450 in
2256 5411 2315 5451 se
2340 5395 2645 5470 continens,
2667 5406 2829 5453 terra:
2858 5399 3153 5469 populosae,
3178 5410 3234 5454 et
3255 5395 3466 5470 [mw

1857 5467 2040 5521 varios
2069 5479 2422 5537 personatus,
2463 5469 2599 5522 alios
2630 5484 2702 5525 vn
2736 5470 2819 5523 vel
2857 5467 2951 5525 vni
2980 5467 3456 5524 archidiaconatits

1835 5537 2086 5609 .habens,
2117 5537 2273 5609 longe
2295 5538 2790 5609 latequeditecesis
2814 5540 3167 5609 amplitudine
3207 5541 3392 5595 vincit.
3428 5560 3451 5593 s

1928 5608 2080 5674 (215)
2122 5609 2175 5662 Id
2211 5607 2682 5666 f:tctttm'eretlitttr
2706 5625 2850 5664 anno
2883 5607 3039 5670 H98.
3068 5619 3195 5680 post.
3220 5612 3456 5667 reditum

1857 5677 2100 5744 llngonis
2136 5696 2163 5752 ιι
2195 5695 2340 5751 rege,
2372 5681 2496 5737 licet
2538 5690 2592 5737 et
2621 5690 2748 5737 ante
2777 5680 2898 5752 ejus
2941 5677 3216 5740 recessum
3257 5682 3454 5738 eodem

1855 5766 1998 5807 anno
2031 5750 2144 5807 fieri
2176 5750 2433 5821 potuerit.
2810 5750 2818 5752 ’
3011 5758 3036 5765 ⁷·
