3962 6496
495 381 630 440 teat
1385 366 1790 446 saticulus
1830 355 2093 421 κριθαί

2196 355 2399 416 cum.
2440 355 2604 414 ouo.
2643 352 2900 410 csum.
3647 353 3780 432 ita

493 509 554 558 et
578 497 698 555 aliis
727 495 783 551 in
827 495 973 549 hunc
1008 491 1227 548 malum
1269 483 1852 547 administrationibus,
1889 494 1948 536 se
1969 477 2068 534 ob-

2196 450 2392 544 luidem
2409 472 2687 528 hominum
2710 471 2988 558 istorum,¢
3008 468 3120 524 Vox
3144 467 3544 538 JacobesLsed
3571 484 3780 540 manus,

494 556 688 648 noxios
715 585 958 643 saeculari
983 582 1242 640 clientela:
1262 579 1472 636 edicere
1505 578 1786 632 auderent.
1803 571 2080 641 Quosdam
2185 579 2375 620 manus
2389 574 2516 618 sunt
2536 563 2678 618 Esau
2694 562 2744 614 ‘3»
2773 556 2930 631 (σεκ-
2954 560 3248 631 Πδίινῖεο)
3266 559 3472 624 verum
3495 570 3556 616 ιιι
3575 576 3646 618 6³
3668 578 3778 632 ΨΩ

494 681 660 738 etiam
710 677 766 731 in
805 676 909 732 hoc
933 673 1110 729 minus
1133 669 1448 727 obedientes
1494 665 1822 723 salutaribus
1863 660 2081 717 monitis
2182 667 2332 726 gesta
2367 663 2496 710 sunt
2521 653 2835 708 summatim
2877 665 3282 722 percurramus,
3311 653 3391 708 illi
3439 653 3654 722 quibus
3697 655 3782 716 de:

495 768 720 832 nostris,
753 763 1138 822 beneﬁciorum
1164 774 1385 816 suorum
1409 759 1546 814 dura
1575 755 1882 828 privatione
1915 751 2082 807 casti-

497 862 764 934 gavimus.
811 856 927 931 Qua
987 855 1151 926 Igitur
1203 852 1415 908 ratione
1457 852 1525 907 de
1574 849 1778 904 intimis
1825 845 2084 902 Ecclesize

499 959 704 1005 nostra:
730 945 1034 1004 visceribus
1061 942 1298 999 evellere
1323 941 1645 998 deberemus
1671 954 1808 1010 quos
1845 937 1913 994 ad
1935 936 2081 1007 regia

496 1041 758 1112 obsequia
784 1038 996 1094 mittere
1010 1033 1310 1106 iubemur?
1345 1031 1490 1088 Satis
1533 1031 1610 1087 sit
1647 1029 1868 1086 domino
1897 1035 2083 1082 nostro

501 1132 635 1203 regi,
661 1131 801 1202 quod
837 1138 987 1185 certe
1040 1128 1095 1182 in
1145 1125 1443 1198 perieulum
1487 1122 1676 1179 salutis
1715 1121 1910 1176 animai
1948 1133 2079 1184 suae,

500 1223 853 1295 professionis
901 1237 1015 1278 suae
1059 1219 1236 1276 cilicio
1290 1217 1687 1290 prieterniisso,
1744 1217 2083 1286 negetiorum

500 1316 646 1371 illius
675 1314 1008 1370 exsecutioni
1039 1327 1099 1368 se
1138 1312 1577 1381 archiepiscopus
1614 1309 1724 1376 jam
1759 1322 1824 1362 ex
1873 1308 2084 1376 integro

501 1403 800 1460 devoverit.
831 1403 987 1471 Quod
1009 1412 1191 1458 tamen
1212 1444 1227 1469 ,
1258 1403 1304 1456 si
1344 1415 1533 1471 parum
1565 1399 1616 1455 ei
1643 1397 1876 1462 videtur,
1906 1397 2086 1452 veniet

501 1513 622 1553 cum
645 1497 758 1552 suis
787 1513 803 1563 ;
836 1512 903 1554 en
931 1497 1032 1552 iste
1071 1495 1358 1566 episcopus
1391 1509 1406 1546 :
1451 1492 1665 1557 Veniet,
1706 1490 1950 1561 inquam,
1989 1503 2085 1544 au-

501 1590 620 1644 dire
639 1589 791 1659 jussa
817 1589 961 1660 regis
991 1603 1057 1644 ex
1080 1601 1178 1642 ore
1211 1583 1356 1655 «eius.
1387 1585 1577 1639 Veniet
1602 1583 1766 1638 etiam
1809 1580 1966 1651 juxta
1991 1569 2088 1636 ea;

503 1679 624 1733 dem
656 1677 802 1734 illius
840 1678 1021 1747 jussa,
1055 1677 1198 1747 quod
1235 1675 1441 1746 justum
1487 1672 1650 1729 fuerit
1689 1669 2088 1742 promptissime

500 1776 881 1822 exsecuturus.
913 1766 991 1820 Tu
1017 1781 1146 1820 vero
1169 1764 1556 1821 duodenarium
1598 1763 1926 1826 litterarum,
1953 1776 2088 1831 quas

2181 748 2436 804 mandata
2468 747 2570 802 fuit
2597 746 2880 801 exsecutio
2931 747 3096 802 edicti
3127 747 3418 818 tyrannici,
3445 764 3568 818 pra
3619 749 3783 816 nimi;

2182 837 2490 904 formidine,
2520 838 2696 908 primo
2716 837 3075 908 supersedere
3101 840 3360 895 mandato
3385 850 3780 910 suggessenut

2182 933 2322 1004 regi,
2348 933 2550 990 deinde
2578 933 2767 1004 quanti
2816 941 2960 989 esset
3012 932 3262 1001 periculi,
3311 943 3421 989 tam
3467 932 3787 1000 iubentibus

2182 1039 2347 1095 quam
2379 1022 2806 1095 exsequentibus
2833 1023 3153 1094 quidquam,
3184 1023 3330 1081 unde
3358 1023 3710 1078 incideretur
3737 1024 3789 1086 ig

2183 1115 2616 1174 maledictionem
2639 1115 2740 1170 viri
2773 1114 2920 1171 illius
2946 1124 3237 1172 attentare.
3275 1114 3787 1171 Mmifestissimum

2183 1225 2302 1268 esse
2325 1211 2593 1282 siquidem
2617 1210 2865 1267 dicebant
2893 1210 3038 1280 quod
3089 1209 3396 1279 cuicunque
3437 1208 3537 1262 ille
3564 1207 3789 1262 maledi-

2183 1306 2374 1374 xisset,
2412 1299 2589 1361 eidem
2631 1303 2988 1360 malediceret
3042 1302 3325 1366 Dominus,
3363 1311 3422 1357 et
3478 1299 3792 1355 maledich

2184 1395 2298 1462 illa,
2351 1403 2412 1450 ut
2457 1395 2534 1448 ait
2577 1394 2871 1465 propheta,
2918 1391 3084 1449 citius
3119 1393 3412 1448 devoraret
3462 1389 3624 1445 illum
3650 1386 3790 1458 (lu.

2186 1503 2336 1554 xxiv,
2368 1487 2447 1558 6).

2261 1581 2388 1635 Erat
2415 1587 2596 1635 autem
2629 1585 2755 1632 tunc
2791 1577 2846 1632 in
2875 1575 3119 1632 exercitu
3161 1574 3392 1644 quidam
3421 1573 3792 1628 Rutaniorsm

2187 1675 2474 1747 princeps,
2528 1671 2795 1729 vocabulo
2849 1669 3204 1726 Marchadeus
3256 1668 3449 1740 (illi),
3480 1668 3661 1722 homo
3705 1681 3795 1737 per

2186 1765 2370 1821 omnia
2407 1762 2630 1819 saevitiae
2662 1760 2912 1817 belluinte
2949 1770 3006 1813 et
3031 1759 3251 1829 perdita:
3281 1758 3676 1823 conscientiae,
3717 1757 3795 1816 vir

503 1857 661 1912 nobis
687 1858 934 1914 attulisse
966 1867 1018 1914 te
1049 1858 1257 1924 dixisti,
1299 1865 1515 1927 asporta
1546 1865 1738 1918 tecum,
1769 1853 1911 1920 inde,
1943 1829 2086 1925 quod
2117 1829 2164 1894 Β
2189 1858 2255 1912 ad
2276 1855 2550 1928 quodlibet
2569 1853 2752 1911 scelus
2771 1862 2826 1908 et
2845 1851 3185 1920 sacrilegium
3207 1864 3477 1920 praeceps.
3495 1848 3621 1904 Rex
3651 1861 3793 1913 vero,

503 1947 664 2012 libet,
694 1950 1038 2004 actitaturus.
1076 1949 1201 2006 Haec
1250 1965 1382 2004 vero
1411 1949 1684 2013 universa,
1725 1962 1844 2018 quae
1892 1947 1986 2001 tibi
2017 1945 2087 2002 lo-

500 2052 660 2106 quor,
686 2040 904 2094 domino
933 2049 1122 2094 nostro
1161 2039 1572 2109 archiepiscopo
1597 2036 1838 2094 seriatim
1867 2050 2082 2103 enarra,

2187 1946 2321 2002 nihil
2345 1955 2439 2002 aut
2460 1959 2652 2014 parum
2683 1949 2861 1998 motus
2882 1940 2964 2000 ad.
2981 1939 3204 1994 meliora
3236 1954 3334 2009 per
3377 1954 3447 1993 ea
3479 1953 3612 2007 qua
3635 1953 3666 1990 a
3688 1940 3796 1992 suis

2187 2033 2596 2094 exsecutorihus
2619 2033 2816 2088 crebro
2842 2032 2892 2086 ei
2939 2029 3391 2100 suggerebantur,
3424 2046 3447 2080 ι
3491 2026 3791 2092 Meticnlosi

501 2130 571 2185 ad
591 2141 892 2187 extremum
919 2147 1053 2187 vero
1079 2132 1321 2188 dicturus
1351 2131 1405 2187 ei
1433 2129 1585 2200 quia,
1607 2130 1656 2186 si
1684 2130 1750 2184 ad
1782 2143 1962 2201 regem
1985 2127 2089 2182 hoc
2187 2137 2338 2196 sunt,
2365 2127 2563 2198 inquit,
2586 2123 2801 2197 Anglici
2836 2122 2950 2178 isti.
2979 2121 3256 2177 Mittamus
3297 2117 3495 2190 itaque
3546 2117 3791 2186 lat-cina

500 2221 692 2278 ordine
719 2223 848 2280 ituri
893 2234 1020 2280 sunt
1047 2224 1230 2280 clerici
1277 2225 1474 2289 nostri,
1507 2239 1628 2280 cum
1659 2223 1739 2279 eis
1781 2223 1987 2295 pariter
2031 2229 2088 2278 et
2185 2225 2348 2281 deum
2373 2262 2391 2289 ,
2421 2222 2530 2293 qui.
2569 2221 2758 2276 ludere
2795 2218 2954 2275 novit
2995 2232 3119 2273 cum
3145 2215 3579 2288 .Burgundiensi
3629 2215 3738 2271 illo.
3767 2232 3790 2266 ι

503 2326 606 2383 ego
644 2312 762 2383 ipse
813 2313 924 2369 ibo.
957 2313 1070 2370 Nec
1109 2315 1254 2370 enim
1287 2314 1388 2384 ipsi
1438 2314 1556 2370 sine
1590 2327 1676 2368 me
1719 2312 1880 2370 modo
1910 2313 2088 2379 ibunt,
2187 2316 2286 2372 Cui
2311 2314 2496 2371 statim
2521 2312 2744 2385 quidam
2769 2311 3068 2366 amicorqu
3117 2322 3340 2364 suorum
3375 2308 3460 2362 ait
3491 2321 3512 2361 :
3548 2324 3571 2359 ι
3608 2305 3791 2362 Neues.-

504 2417 606 2456 ncc
634 2404 754 2458 sine
783 2405 916 2475 ipsis
944 2404 1078 2460 alias
1101 2405 1171 2461 ivi
1197 2421 1320 2476 ego.
1357 2405 1483 2460 Haec
1523 2405 1668 2460 enim
1700 2403 1936 2476 pastoris
1959 2401 2088 2460 boui
2188 2391 2367 2464 sarius
2393 2413 2500 2473 est,
2525 2403 2745 2461 domine
2772 2416 2892 2469 rex,
2916 2399 3272 2457 llarchadeus
3317 2413 3550 2470 gues-re
3584 2408 3789 2455 vestra.

504 2493 575 2547 ad
607 2507 736 2549 oves
771 2508 919 2561 suas,
937 2503 994 2548 et
1026 2493 1291 2549 bonarum
1313 2509 1494 2549 ovmm
1518 2495 1586 2549 ad
1619 2501 1891 2564 pastorem
1930 2507 2087 2548 suum
2185 2498 2456 2556 Caeterum
2477 2510 2640 2567 opera
2670 2493 2814 2550 illius
2839 2501 2895 2550 et
2939 2492 3200 2563 obsequio
3225 2491 3546 2548 certissime
3585 2489 3791 2546 facta.

502 2583 650 2644 ratio
677 2593 785 2652 est,
814 2593 877 2640 ut
901 2599 1003 2643 nec
1027 2585 1131 2640 iste
1153 2583 1274 2641 illas
1302 2584 1518 2640 incaute
1544 2583 1862 2656 exponendo
1883 2583 2091 2656 disper—
2185 2587 2401 2658 biniini,
2419 2586 2468 2644 si
2487 2583 2754 2644 ediciatur
2769 2583 3056 2641 anathema
3073 2581 3477 2638 Lincolniensis
3496 2582 3786 2652 episcopi.»

502 2682 600 2748 gat
630 2690 647 2738 ;
679 2689 780 2731 nec
806 2675 910 2731 illa:
935 2675 1098 2732 istum
1125 2683 1332 2733 temere
1359 2674 1614 2746 fugiendo
1640 2674 1916 2731 aberrent.
1951 2690 1973 2727 ο
2033 2743 2035 2746 ⁴
2189 2686 2348 2756 Quod
2375 2700 2470 2743 τοι
2505 2683 2614 2742 sibi
2660 2695 3006 2755 nequaquam
3053 2677 3312 2749 expedire
3337 2675 3660 2741 animans,
3684 2677 3792 2747 plus

574 2767 690 2824 iras
732 2765 800 2822 ad
855 2767 973 2825 haec
1021 2768 1267 2840 spirabat
1323 2767 1623 2824 litterarum
1674 2765 1904 2838 baiulus.
1959 2766 2091 2824 Erat
2189 2791 2407 2850 quoque
2475 2775 2648 2847 ipsius
2693 2772 3025 2843 periculum,
3072 2785 3237 2842 quam
3283 2784 3447 2825 suum
3519 2768 3791 2840 propri-

501 2857 650 2915 enim
677 2857 900 2914 curialis
934 2857 1188 2924 clericus,
1217 2857 1271 2914 in
1309 2857 1415 2914 hoc
1441 2858 1648 2930 ipsum,
1688 2867 1748 2913 ut
1776 2857 1868 2913 tali
1904 2857 2092 2928 funge-
2191 2867 2574 2933 νει-οηυωηηε,
2603 2864 2756 2921 illum
2781 2862 3023 2934 quidem,
3050 2876 3120 2916 ne
3169 2859 3406 2930 perna,
3435 2859 3675 2915 ηιηιεη
3712 2872 3792 2913 ει.

501 2959 657 3006 retur
681 2949 973 3022 legatione,
1009 2951 1077 3007 de
1114 2949 1380 3006 industria
1423 2959 1757 3022 assumptus.
1804 2948 1939 3004 Erat
1957 2963 2092 3020 quo-
2189 2959 2452 3034 persedit,
2481 2958 2600 3024 sed,
2629 2957 2774 3012 unde
2799 2954 3026 3026 ipsemet
3060 2967 3155 3008 rex
3177 2948 3544 3007 exitiabiliter
3584 2948 3792 3021 pericli:

503 3057 630 3114 que,
655 3051 716 3098 ut
756 3044 988 3100 dabatur
1015 3044 1264 3116 intelligi,
1299 3043 1443 3100 fastu
1479 3044 1666 3102 innato
1711 3043 1968 3109 tumidus,
1996 3043 2092 3099 sed
2193 3061 2426 3118 utetur,
2446 3050 2788 3106 committere
2812 3061 2919 3102 non
2947 3044 3220 3116 pracavit.

503 3133 900 3191 tumidissimus
920 3147 989 3192 ex
1014 3134 1146 3189 llatu
1183 3134 1408 3207 spiritus
1443 3134 1681 3190 curialis.
1711 3132 1964 3200 Quicum
1996 3145 2092 3202 pa-
2117 3180 2164 3211 η
2266 3141 2492 3199 Cuidam
2531 3138 2698 3211 igitur
2734 3134 2952 3192 amciali
3001 3148 3121 3199 suo,
3153 3132 3373 3188 nomine
3413 3130 3713 3202 Stephano
3735 3132 3794 3200 de

505 3232 655 3280 raret
702 3226 881 3282 minas
932 3239 1208 3292 emovere,
1265 3240 1403 3297 quas
1459 3225 1700 3281 anhelitu
1741 3238 1852 3296 pra:
1881 3233 2092 3280 tumore
2119 3223 2166 3245 “
2203 3231 2556 3304 cumeheya,
2595 3230 2714 3286 viro
2754 3228 2942 3300 utique
2985 3225 3136 3282 ﬁdeli
3181 3232 3237 3298 et
3279 3223 3573 3286 timorato,
3616 3229 3792 3280 nostra

503 3315 687 3371 cordis
713 3316 1007 3373 intercluso
1035 3317 1124 3373 vix
1172 3316 1474 3375 suﬂiciebat
1513 3318 1777 3390 proferre,
1817 3316 2092 3373 intercidit

505 3407 672 3462 verba
695 3407 810 3477 ejus
825 3409 1004 3465 virosa
1033 3410 1341 3481 episcopus,
1359 3425 1482 3466 eum
1503 3411 1824 3480 quantocius
1839 3410 2092 3466 recedere

507 3499 727 3571 iubens.
787 3501 888 3569 Qui
942 3503 1188 3573 protinus
1237 3503 1312 3558 ita
1359 3503 1704 3575 perturbatus
1751 3511 1808 3559 et
1836 3501 2093 3559 confusus

502 3589 795 3646 abscessit.

577 3681 722 3740 Misit
775 3699 906 3741 vero
943 3685 1205 3756 quosdam
1235 3701 1302 3742 ex
1341 3687 1454 3743 suis
1486 3687 1631 3743 viros
1655 3686 1948 3757 prudentes
1978 3687 2094 3760 epi-

507 3793 703 3857 scopus
747 3779 814 3833 ad
862 3779 1349 3851 archiepiscopum,
1382 3795 1580 3852 rogans
1600 3788 1656 3835 et
1691 3795 1916 3836 monens
1943 3794 2091 3849 eum,

507 3880 774 3939 quatenus
803 3874 1093 3943 prmmetiri
1135 3873 1456 3946 'diguaretur
1475 3883 1529 3929 et
1565 3889 1870 3946 praecavere
1895 3876 1948 3930 iu
1974 3875 2092 3931 edi-

503 3962 610 4016 ctis
655 3961 1025 4030 hujuscemodi
1073 3963 1456 4021 ecclesiasticae
1509 3965 1868 4020 immunitatis
1911 3964 2094 4036 (quam

514 4053 656 4108 tueri
694 4055 1000 4124 tenebatur)
1022 4056 1388 4128 prmjudicium
1415 4056 1658 4124 evidens,
1687 4071 1787 4112 nec
1818 4057 1872 4112 in
1902 4056 2098 4112 talibus

509 4158 624 4197 suae
656 4143 996 4200 auctoritatis
1032 4146 1300 4203 ullatenus
1328 4146 1595 4217 praeberet
1619 4162 1921 4202 assensum.
1951 4146 2098 4214 Quo.

513 4245 635 4285 rum
667 4231 754 4286 ille
789 4234 1039 4302 precibus
1060 4235 1176 4290 sive
1202 4236 1502 4291 rationibus
1528 4237 1895 4306 specietenus
1919 4237 2100 4307 potius

512 4337 676 4391 quam
729 4323 1036 4378 medullitus
1079 4323 1281 4394 ﬂexus,
1335 4341 1563 4382 rancore
1609 4342 1899 4398 parumper
1937 4328 2098 4384 dissi-

515 4415 718 4472 mulato
753 4415 938 4490 (quem
974 4417 1152 4488 palam
1209 4433 1276 4474 ex
1321 4419 1708 4486 inobedientia,
1761 4430 1820 4476 ut
1865 4419 2097 4488 dicebat,

2189 3329 2353 3386 etiam
2382 3324 2623 3398 poutiliei
2651 3324 2786 3381 satis
2821 3322 3042 3388 devoto,
3069 3319 3218 3376 dedit
3260 3318 3316 3375 in
3365 3317 3674 3382 mandatis,
3721 3323 3792 3380 ut.

2191 3423 2332 3481 sicut
2354 3421 2522 3477 vitam
2546 3434 2702 3476 suam
2729 3427 2784 3474 et
2808 3416 3064 3489 ,membra
3092 3414 3368 3484 diligeret,
3393 3412 3546 3468 bona
3580 3408 3792 3465 Lincol-

2190 3515 2396 3572 niensis
2421 3513 2659 3584 episcopi
2689 3511 2894 3580 absque
2914 3507 3171 3564 dilatione
3191 3507 3246 3561 in
3274 3519 3474 3559 manus
3504 3519 3640 3559 suas
3661 3501 3792 3558 rcci-

2190 3615 2364 3678 peret.
2378 3603 2480 3672 Qui
2504 3604 2741 3668 tande,
2761 3599 2910 3671 regio
2933 3607 3079 3656 metu
3094 3603 3337 3661 coactus,
3355 3593 3507 3648 misit
3533 3592 3793 3664 quosda-

2192 3713 2258 3756 ex
2285 3697 2398 3754 suis
2419 3695 2486 3752 ad
2511 3708 2707 3760 terras,
2727 3700 2784 3749 et
2808 3693 2876 3746 ad
2926 3689 3140 3746 mobilia
3173 3701 3519 3760 quaecunque
3566 3684 3790 3756 reperis-

2193 3800 2332 3856 sent,
2347 3803 2470 3846 eum
2491 3787 2632 3842 villis
2651 3795 2706 3842 et
2719 3782 2958 3842 castellis
2978 3781 3147 3852 ipsius
3166 3778 3405 3852 episcopi
3425 3775 3793 3847 occupandas.

2193 3881 2399 3950 Quibus
2447 3879 2683 3951 primum
2733 3876 2801 3932 ad
2847 3874 3212 3945 recipiendum
3263 3869 3529 3942 oppidum
3583 3865 3794 3924 Μαι·-

2195 3974 2322 4031 dum
2362 3969 2704 4028 tendentibus
2755 3965 2990 4024 occurrit
3029 3963 3191 4030 forte,
3221 3977 3330 4018 non
3368 3960 3536 4030 longe
3566 3975 3598 4013 a
3630 3957 3796 4026 burgo

2210 4065 2398 4126 Sancti
2423 4063 2597 4141 Petri,
2621 4062 2909 4120 comitatus
2940 4056 3200 4129 episcopi.
3239 4052 3408 4125 Cujus
3447 4066 3694 4108 occursu
3723 4046 3795 4110 illi

2199 4158 2374 4216 territi
2422 4157 2700 4214 divertunt
2723 4152 2997 4226 paululum
3023 4165 3054 4204 a
3085 4149 3194 4214 via,
3225 4158 3303 4214 et,
3345 4145 3548 4201 accitis
3577 4142 3795 4213 quibus-

2198 4252 2322 4308 daui
2353 4247 2758 4313 ecclesiasticis,
2796 4251 3163 4314 exposuerunt
3195 4241 3278 4297 eis
3319 4246 3530 4310 quanta
3562 4237 3795 4291 minatus

2198 4341 2363 4399 fuerit
2385 4343 2642 4399 dmmus
2667 4354 2764 4396 rex
2789 4336 3008 4394 domino
3041 4335 3307 4405 ipsorum,
3352 4329 3504 4400 quod
3551 4326 3791 4384 distliso

2199 4442 2286 4491 set
2324 4433 2636 4504 episcopum
2688 4427 2950 4486 desaisire
2997 4423 3146 4498 (217)
3178 4439 3194 4488 ;
3231 4430 3304 4477 et
3344 4420 3491 4492 quia.
3531 4417 3716 4476 inviti.
3741 4423 3792 4469 et

511 4509 837 4580 sumas-mei
883 4509 1002 4576 sui.
1042 4525 1102 4566 se
1149 4510 1467 4582 concepisse
1511 4513 1928 4581 memoraverat)
1973 4527 2096 4568 cum
2122 4537 2178 4600 ι)
2204 4534 2352 4585 metu
2376 4520 2616 4593 supremi
2645 4517 2975 4577 discriminis
3005 4511 3244 4577 astricti,
3282 4508 3435 4564 adid
3481 4519 3790 4575 exsequen-

501 4603 812 4660 .auctoritas
841 4601 999 4659 simul
1025 4613 1081 4657 et
1119 4602 1259 4658 ratio
1283 4611 1435 4660 certa
1461 4605 1777 4674 praescribat
1820 4619 2097 4676 nunquam

513 4693 713 4751 debere
740 4709 836 4766 per
862 4695 1226 4751 obedientiam
1275 4695 1475 4750 malum
1503 4694 1638 4761 fieri,
1669 4705 1726 4752 et
1752 4711 1878 4752 cum
1903 4696 2100 4752 debeat

513 4787 786 4844 interdum
824 4787 1025 4851 bonum
1073 4788 1389 4856 intermitti,
1428 4789 1715 4860 spopondit
1757 4803 1818 4845 se
1855 4789 2102 4859 provisu-

517 4895 636 4936 rum
672 4889 942 4951 quatenus
979 4880 1128 4937 salva
1166 4881 1397 4937 utilitate
1434 4881 1579 4949 regia
1611 4880 1858 4940 lIcItisset
1885 4890 2102 4952 utprae-

516 4986 643 5026 sens
674 4973 948 5041 negotium
973 4971 1040 5028 ad
1087 4987 1277 5044 pacem
1320 4971 1522 5028 domini
1557 4971 1973 5041 Liucoluiensis,
2006 4980 2102 5030 aut

517 5063 762 5120 funditus
786 5066 1077 5137 sopiretur,
1109 5075 1204 5122 aut
1231 5065 1562 5122 moderatius
1593 5065 1959 5122 ordinaretur.

591 5153 792 5210 Verum
820 5172 926 5212 non
955 5159 1008 5212 iu
1056 5157 1274 5231 longum
1303 5157 1494 5214 habuit
1527 5156 1705 5214 locum
1749 5157 1905 5229 quies
1952 5155 2102 5228 pacis

519 5248 880 5326 reproniissic.
926 5248 1152 5305 Emissis
1201 5249 1348 5305 enim
1393 5251 1503 5306 cito
1535 5258 1660 5322 post
1713 5249 1818 5306 ista
1873 5249 2103 5321 publicis

517 5339 734 5405 edictis,
765 5338 1026 5410 jubentur
1051 5340 1420 5409 possessiones
1442 5341 1680 5413 episcopi
1712 5340 1765 5402 in
1795 5355 1985 5398 manus
2015 5355 2104 5396 res

516 5433 627 5505 cipi
660 5431 920 5502 regalium
940 5440 1274 5487 exactorum.
1299 5431 1450 5498 Quod
1485 5441 1544 5488 ut
1569 5432 1773 5489 audivit
1792 5431 2098 5504 episcopus,

517 5541 723 5596 nonne,
775 5525 972 5598 inquit,
1021 5523 1237 5582 clericis
1268 5523 1416 5593 suis,
1447 5523 1560 5580 dixi
1607 5524 1780 5591 vobis,
1826 5524 1952 5596 quia
2001 5538 2104 5581 vox

592 5661 742 5728 (216)
796 5660 1168 5720 Mercaderum
1219 5664 1378 5714 vocat
1435 5654 1710 5728 ’l'rivettiis
1769 5655 1836 5711 ad
1899 5670 2101 5728 annum

524 5726 684 5789 ll‘l'l.
715 5734 912 5788 Verum
950 5747 978 5785 a
1012 5729 1286 5801 liayualdo
1321 5727 1620 5801 appellatur
1657 5726 2008 5801 Mareliadeus
2047 5727 2101 5801 iu
2127 5752 2142 5762 -

523 5803 707 5860 annal.
745 5805 810 5858 ad
838 5817 1039 5858 annum
1079 5795 1242 5869 H99,
1279 5795 1369 5856 ubi
1394 5795 1460 5855 de
1489 5795 1603 5867 ejus
1643 5796 1963 5852 crudelitate
1991 5797 2074 5868 agi

2203 4615 2336 4672 dum
2359 4613 2518 4669 modo
2539 4612 2702 4670 irent.
2741 4609 2892 4666 More
2932 4607 3095 4678 igitur
3126 4602 3280 4661 tertii
3312 4595 3786 4670 quinquagenarii,

2205 4704 2356 4761 missi
2385 4705 2451 4759 ad
2473 4703 2643 4758 Eiiam
2667 4715 2700 4756 a
2742 4715 2868 4768 rege
2891 4754 2893 4756 .
2917 4695 3146 4769 perﬁdo,
3207 4694 3298 4750 isti
3359 4705 3583 4762 quoque
3622 4686 3787 4742 humi-

2202 4795 2398 4853 liantes
2431 4811 2491 4852 se
2519 4793 2896 4866 supplicabant
2943 4789 3234 4848 obnoxius.
3282 4794 3363 4853 ut,
3419 4783 3643 4839 clericis
3692 4780 3789 4835 illis

2205 4887 2591 4952 mediantibus,
2638 4884 2993 4941 misereretur
3043 4880 3328 4935 animabus
3381 4889 3576 4930 eorum
3634 4884 3789 4927 verus

2207 4977 2297 5036 ille
2321 4991 2514 5034 servus
2542 4975 2655 5040 Dei,
2688 4991 2758 5030 ne
2796 4982 3018 5045 propter
3049 4969 3169 5040 ejus
3217 4966 3599 5028 offensionem,
3630 4975 3789 5033 quam

2205 5070 2471 5128 timebant
2490 5068 2792 5134 incurrere,
2828 5065 2964 5124 ultio
3001 5061 3242 5120 cmicstis
3279 5065 3636 5116 «insumeret
3677 5068 3788 5110 eos.

2205 5163 2382 5222 Orant
2431 5170 2494 5218 ut
2517 5160 2723 5233 regiam
2747 5159 2928 5230 potius
2949 5156 3202 5225 mitigare
3239 5151 3532 5218 festinaret
3575 5146 3783 5203 animo:

2205 5254 2446 5319 sitatem,
2475 5265 2544 5307 ne
2589 5249 2916 5306 detrimenta
2963 5243 3267 5302 cumularet
3321 5240 3587 5307 undique,
3629 5236 3786 5292 etiam

2205 5343 2532 5409 insontibus,
2585 5350 2642 5398 et
2677 5356 2709 5396 a
2755 5339 2950 5395 merito
2991 5332 3358 5396 contentionis
3419 5333 3564 5386 inter
3609 5340 3785 5398 regem

2203 5447 2261 5495 et
2287 5436 2596 5509 pontificem
2638 5448 2862 5505 prorsus
2890 5429 3102 5485 alienis.
3152 5427 3435 5497 Spondent
3488 5425 3785 5492 insuperse

2203 5542 2304 5596 pro
2343 5527 2550 5582 viribus
2605 5532 2914 5580 servaturos
2958 5517 3017 5574 il‘
3045 5519 3200 5574 iratas
3246 5531 3335 5572 res
3369 5514 3536 5570 illius.
3591 5511 3787 5569 Petunt

2203 5660 2447 5803 “filii
2469 5727 2756 5795 Deianira,
2789 5725 2841 5783 id
2868 5731 2946 5781 est
2964 5776 2979 5794 ,
3013 5719 3355 5794 possessione
3382 5731 3612 5776 exuere.

3216 6399 3282 6406 77‘
3368 6397 3422 6406 -α
3466 6393 3516 6404 ἡαπ-ι
3569 6389 3766 6404 -ηι--ι-’Ἦ
3803 6383 3840 6394 *⁸
