3976 6292
162 328 318 401 ’1053

1547 345 1730 404 VITA.
1764 376 1838 390 --
1864 346 1995 405 LIB.
2025 347 2095 406 Υ.

3310 354 3449 415 1064

170 468 446 533 quatenus
488 460 784 534 suspendat
811 459 879 517 ad
908 467 1121 531 tempus
1172 460 1494 516 sententiam
1546 474 1762 518 exeom-
1789 467 1838 525 Α
1939 464 2232 523 Discedens
2269 465 2454 538 itaque
2481 484 2512 522 a
2538 463 2859 532 Loudouiis,
2902 471 2971 525 ad
3013 486 3169 529 suam
3225 474 3450 531 festinus

171 552 581 619 nutricationis,
620 567 724 623 qua
756 559 813 606 et
846 566 1029 621 regem
1071 549 1304 621 amplius
1347 552 1665 607 exacerbati
1706 562 1761 607 et

171 661 329 703 suam
362 658 554 700 eorum
584 642 949 699 innocentiam
975 643 1284 713 proveniret
1308 644 1624 713 periclitari.

248 737 373 793 Haec
407 736 498 791 ubi
533 735 785 806 episcopo
822 735 1195 801 innotuerunt,
1226 751 1247 787 ι
1287 750 1394 791 non
1419 745 1524 801 est,
1560 735 1759 806 inquit,

172 827 406 883 istorum
443 838 664 883 servare
687 840 775 881 res
804 835 1042 882 nostras.
1090 826 1233 881 Eant
1281 834 1513 896 tantum,
1560 836 1617 883 et
1650 842 1761 895 res,

170 928 417 977 nontam
443 929 680 987 nostras,
716 932 881 989 quam
922 933 1012 974 res
1038 918 1272 974 domina:
1324 927 1527 976 nostra)
1562 930 1764 978 saneta

170 1014 269 1070 Dei
319 1012 600 1084 genitricis
651 1011 855 1075 Mariis,
880 1020 942 1067 ut
972 1012 1054 1067 eis
1099 1011 1398 1079 videbitur,
1450 1020 1703 1069 tractent.
1738 1031 1758 1066 δ

171 1106 303 1163 Hac
326 1108 534 1173 dicens,
581 1104 808 1176 protulit
836 1112 869 1160 e
904 1107 1026 1160 sinu
1079 1104 1349 1162 ﬁmbriam
1398 1108 1550 1163 stola:
1582 1107 1763 1174 linem,

170 1217 281 1273 qua
327 1200 470 1256 collo
514 1215 635 1267 suo,
684 1199 812 1255 dum
849 1199 954 1255 iter
1004 1210 1208 1269 ageret,
1254 1208 1763 1272 semperappensa

170 1291 429 1348 utebatur
477 1290 579 1345 sub
625 1302 796 1359 cappa
854 1302 975 1354 sua,
1025 1276 1258 1359 eamque
1304 1304 1467 1345 manu
1513 1290 1763 1361 agitans:

176 1401 198 1435 ι
230 1382 358 1438 Haec
383 1390 551 1446 certe,
580 1380 779 1451 inquit,
812 1381 1063 1437 restituet
1092 1382 1250 1437 nobis
1275 1395 1449 1451 usque
1482 1382 1548 1436 ad
1575 1390 1763 1437 extre-

170 1472 597 1539 mum'obolum,
632 1492 652 1527 ι
696 1474 959 1545 quidquid
985 1474 1073 1530 isti
1124 1475 1382 1531 duxerint
1427 1475 1763 1547 rapiendum.

172 1564 524 1634 Veniensque
562 1565 617 1619 in
636 1564 829 1619 villam
876 1580 1031 1620 suam
1090 1565 1469 1635 Bnggedenam
1525 1566 1766 1636 appella-

1862 558 2160 628 repedabat
2215 558 2533 626 Ecclesium,
2579 561 2722 616 unde
2778 564 3114 633 proponebat
3178 568 3450 639 dispositis

1860 651 2115 708 omnibus
2163 652 2231 707 ad
2289 668 2469 723 regem
2529 652 2887 710 transfretare
2934 655 3117 722 citius,
3172 670 3233 714 ut
3289 677 3451 733 supra

1862 739 2085 797 dictum»
2121 754 2226 800 est.
2278 745 2433 801 Mane
2495 746 2662 817 igitur
2728 748 2964 817 quadam
3022 749 3112 804 die
3173 750 3451 807 Dominica

1862 831 2189 901 pervillam
2234 849 2397 904 quam
2456 836 2873 895 Castrehantam
2930 838 3227 904 antiquitas
3275 842 3452 894 nomi-

1865 924 1988 979 nari
2032 924 2293 994 instituit,
2346 929 2540 1000 agebat
2583 931 2708 987 iter.
2751 932 2996 1002 Cumque
3044 933 3157 1004 jam
3196 947 3335 1004 pene
3375 943 3454 987 to-

1869 1025 1960 1072 tus
2002 1018 2293 1076 comitatus
2338 1021 2482 1076 illius
2528 1024 2916 1095 prmcessisset,
2964 1026 3097 1097 ipse,
3144 1041 3269 1082 eutn
3323 1040 3455 1097 pau-

1872 1109 2117 1167 cissimis
2174 1114 2339 1177 sociis
2392 1116 2534 1171 villa:
2593 1121 2831 1179 medium
2890 1121 3197 1191 ingressus,
3257 1135 3456 1188 magno

1868 1199 2017 1273 vulgi
2060 1201 2393 1260 clamitantis
2441 1207 2684 1265 clamore
2722 1211 2902 1266 subito
2951 1211 3201 1267 vallatur.
3245 1211 3455 1266 Exora-

1868 1300 1959 1348 tur
2016 1303 2200 1349 autem
2230 1310 2259 1349 a
2298 1298 2499 1366 populo
2521 1300 2829 1357 conﬂuente
2857 1314 2915 1357 ut
2955 1305 3241 1374 quemdam
3271 1305 3457 1361 convi-

1865 1402 2097 1445 caneum
2122 1404 2302 1453 suum,
2327 1404 2358 1443 a
2387 1391 2688 1447 szevissime
2728 1395 2973 1451 daemone
3019 1386 3334 1464 obsessum,
3363 1413 3458 1452 sa~

1865 1497 1977 1538 crte
2014 1496 2125 1537 sua:
2159 1482 2397 1537 dextera:
2442 1483 2853 1553 consignatione
2883 1487 3199 1557 dignaretur
3243 1489 3457 1544 benedi-

1867 1586 2012 1627 cere.
2046 1572 2218 1640 Quem
2249 1581 2306 1626 ut
2328 1572 2464 1628 vidit
2493 1584 2683 1642 aperto
2710 1574 2905 1630 domus
2925 1593 3035 1631 suae
3062 1579 3203 1633 ostio
3233 1579 3459 1633 interius

174 1664 289 1709 tum
324 1654 439 1725 (ubi
488 1654 795 1711 litterarum
842 1654 1378 1726 archiepiscopalium
1419 1657 1766 1726 supradictus
1863 1662 2051 1733 jacere
2106 1662 2363 1734 ligatum,
2414 1679 2541 1719 mox
2595 1664 2789 1733 spiritu
2823 1674 2969 1719 totus
3017 1668 3314 1732 intremuit,
3362 1682 3460 1723 nec

171 1747 406 1818 νοτιῖιον
451 1746 519 1800 ad
577 1745 730 1800 illum
796 1754 1043 1811 Velleral.
1096 1746 1189 1800 ubi
1233 1760 1449 1817 quoque
1472 1748 1541 1802 de
1570 1748 1764 1803 luenda
1793 1819 1830 1827 _
1868 1763 2162 1812 contentus
2189 1756 2359 1822 illum,
2393 1766 2453 1811 ut
2481 1767 2657 1812 erata
2686 1757 2932 1821 remotis,
2960 1759 3301 1823 benedicere,
3323 1774 3462 1827 equo

175 1838 435 1895 libertate
460 1837 829 1894 ecclesiastica
878 1837 1047 1892 divini
1087 1838 1362 1908 quondam
1388 1838 1594 1895 oraculi
1625 1838 1761 1908 peri-
1792 1819 1835 1879 Β
1867 1862 2029 1917 quem
2079 1848 2297 1903 sederat
2343 1819 2640 1914 descendit,
2681 1851 2754 1903 ita
2777 1819 3003 1905 dicens:
3043 1867 3064 1901 ι
3106 1849 3247 1904 Proh
3281 1819 3458 1905 uetas!

173 1931 357 1987 culum
390 1945 490 2000 per
517 1930 897 1994 monitionem,
923 1939 984 1984 ut
1009 1931 1213 1986 dudum
1247 1944 1411 2002 supra
1438 1945 1769 1987 commemo-

175 2030 353 2077 rauun
377 2029 485 2085 est,
510 2021 819 2090 acceperat)
845 2020 1010 2091 jussit
1053 2022 1314 2077 continuo
1366 2021 1580 2079 litteras
1628 2014 1769 2090 ﬁeri,

176 2114 375 2181 quibus
396 2111 746 2183 prmeipiebat
768 2112 1172 2168 archidiaconis
1199 2120 1257 2167 et
1282 2112 1507 2169 decanis
1530 2112 1769 2168 locorum

176 2207 256 2278 (in
287 2205 486 2276 quibus
504 2205 820 2261 constitute
848 2204 1054 2262 fuerint
1079 2206 1453 2277 possessiones
1473 2206 1608 2279 suae)
1634 2220 1772 2278 qua-

178 2304 360 2360 tenus,
388 2293 653 2350 adunatis
671 2307 855 2350 secum
878 2294 1219 2352 vincinarum
1247 2295 1616 2354 Ecclesiarum
1646 2312 1773 2368 pre-

177 2387 435 2458 sbyteris,
462 2401 615 2451 mox,
653 2395 713 2442 ut
741 2387 797 2442 in
823 2396 1007 2457 partes
1054 2387 1271 2445 illorum
1316 2389 1575 2446 venirent
1610 2403 1773 2445 exae-

175 2486 399 2533 cutores
445 2474 758 2540 memorati,
814 2474 1045 2546 pulsatis
1099 2477 1382 2547 campanis
1416 2477 1775 2547 accensisque

176 2569 423 2626 candelis
464 2582 659 2624 omnes
709 2566 833 2622 illos
890 2566 1224 2637 subiicerent
1276 2567 1633 2630 anathemati,
1678 2567 1773 2638 qui

178 2674 275 2716 res
324 2658 571 2715 ecclesia
613 2672 725 2714 suae
769 2656 1037 2714 violenter
1081 2660 1416 2730 contingere,
1468 2668 1526 2715 et
1577 2657 1776 2727 injuste

176 2766 474 2822 occupare,
517 2751 637 2808 sive
677 2750 1045 2823 praecipiendo
1065 2752 1187 2810 sive
1229 2752 1602 2825 obsequendo,
1631 2767 1772 2824 prc-

177 2846 561 2916 sumpsissent.

249 2937 347 2991 llis
372 2937 427 2991 in
452 2935 600 2990 hunc
655 2933 874 2989 modum
921 2934 1221 3006 dispositis,
1253 2951 1377 2992 cum
1420 2951 1613 2993 omnes
1639 2951 1777 3009 pene

178 3031 261 3089 sui
306 3038 455 3084 metu
492 3035 549 3083 et
596 3027 1009 3097 perturbatione
1063 3029 1370 3084 vehementi
1428 3028 1775 3095 ﬂuctuarent,

181 3122 275 3178 ille
300 3122 518 3176 demum
550 3118 750 3175 lectulo
777 3128 1058 3189 exceptus,
1086 3135 1151 3176 ac
1180 3120 1225 3176 si
1257 3121 1390 3176 nihil
1441 3121 1776 3192 inquietudi-

180 3214 266 3268 nis
309 3211 644 3283 pertulisset,
681 3210 1063 3266 suavissimum
1106 3212 1161 3266 in
1211 3227 1465 3282 soporem
1504 3212 1777 3284 extemplo

180 3304 430 3359 membra
486 3301 712 3357 laxavit.
759 3302 871 3358 Nec
897 3319 1061 3361 causa
1095 3306 1199 3361 ista
1244 3306 1312 3361 ad
1361 3306 1548 3361 intima
1599 3306 1780 3363 cordis

188 3394 310 3463 eius
362 3408 599 3463 unquam
656 3396 1000 3464 penetrabat.
1060 3396 1137 3453 Ea
1180 3413 1398 3468 quoque
1443 3408 1603 3456 nocte
1658 3412 1781 3456 ere-

186 3487 347 3542 brius
393 3484 556 3541 solito
604 3493 664 3540 et
712 3485 994 3554 intentius,
1038 3504 1104 3545 ac
1130 3488 1278 3545 velut
1314 3504 1438 3545 cum
1490 3491 1783 3546 vehemen-

182 3578 314 3639 tiori
368 3576 600 3647 spiritus
654 3576 915 3648 impulsu,
959 3596 1114 3636 amen
1140 3581 1340 3638 iterare
1398 3596 1506 3638 non
1555 3582 1783 3640 desiste-

182 3669 280 3736 bat
303 3669 471 3741 (2l8).

809 3762 1039 3821 CAPUT
1082 3762 1129 3818 Χ
1146 3803 1160 3818 .

184 3851 347 3929 Quod
371 3859 762 3929 archiepiscopo
807 3856 1227 3929 consulenti,“
1248 3859 1474 3913 mitteret
1509 3861 1785 3929 pecuniam

257 3943 391 3997 regi,
415 3927 635 3997 quicum
659 3927 905 4000 fidebat,
950 3928 1100 4000 sicut
1126 3927 1441 3997 hydmpicus
1482 3927 1694 4000 aquam,
1712 3948 1789 3984 re-

257 3999 467 4065 spondit
499 4013 520 4052 .'
589 4018 609 4051 r
645 3997 702 4055 Si
741 4000 853 4070 ipse
879 3997 1197 4070 hydrOpicus
1228 4008 1325 4070 est,
1388 4016 1480 4068 ego
1511 3997 1649 4066 aqua
1682 4019 1786 4055 non

259 4084 441 4195 iraa.»
504 4079 555 4125 et
604 4071 669 4124 de
734 4067 1007 4125 curatione
1058 4068 1198 4138 apud
1272 4067 1578 4124 Cestrehant
1647 4071 1784 4135 furi-

295 4154 363 4191 rm
407 4157 446 4194 ι.

295 4154 446 4194 πιηαι.

260 4225 341 4291 Eo
363 4228 628 4296 siquidem
647 4228 906 4299 temporis
921 4228 1148 4285 articulo
1168 4229 1319 4301 (2l9)
1342 4244 1451 4301 quo
1468 4230 1629 4301 regis:
1645 4231 1788 4287 inse-

186 4318 446 4376 ctationis
468 4320 702 4391 procella
725 4321 778 4376 in
797 4319 1194 4384 Lincolniensis
1216 4321 1471 4379 Ecclesiae
1492 4334 1785 4395 pastorem,

187 4408 547 4480 semetipsum
580 4424 682 4481 pro
724 4410 917 4468 ovibus
964 4412 1079 4468 suis
1125 4424 1517 4485 exponentem,
1552 4417 1789 4486 primum

1868 1941 1985 1997 lucc
2008 1941 2194 2011 utique
2227 1958 2333 1998 non
2357 1958 2416 1996 se
2441 1953 2588 1997 recte
2617 1941 2834 1997 habent.
2864 1961 2885 1995 ι
2919 1942 3193 1997 Ccrnebat
3231 1955 3464 2011 namque

1870 2035 2131 2090 daemonis
2176 2034 2451 2104 captivum
2492 2033 2679 2103 jacere
2742 2035 3027 2106 supinum,
3084 2045 3352 2105 caputque
3394 2035 3463 2088 ad

1868 2134 2105 2196 postem,
2153 2134 2211 2181 et
2259 2141 2455 2181 manus
2507 2124 2750 2195 singulas
2793 2126 2859 2180 ad
2890 2125 3134 2195 singulos
3165 2124 3291 2180 hinc
3338 2123 3465 2179 inde

1870 2218 2102 2290 paxillus
2126 2219 2294 2274 humo
2317 2218 2479 2273 altius
2507 2218 2716 2272 detixos
2745 2216 2948 2273 habere
2984 2218 3269 2288 religatas;
3300 2214 3467 2287 pedes

1870 2325 2089 2383 quoque
2118 2311 2322 2380 pariter
2343 2310 2542 2378 juncti,
2573 2310 2696 2378 palo
2721 2317 2879 2365 erant
2899 2308 3131 2364 astricti.
3166 2307 3340 2377 Ipsius
3370 2318 3467 2359 au-

1871 2410 1981 2457 tem
2007 2401 2149 2458 oculi
2180 2401 2500 2457 mirabiliter
2530 2400 2941 2470 rotabanturﬁin
2978 2414 3192 2471 gyrum,
3221 2412 3286 2453 os
3322 2408 3469 2452 nunc

1872 2494 1928 2549 in
1960 2495 2124 2558 hanc,
2162 2508 2305 2549 nunc
2332 2495 2386 2548 in
2430 2492 2577 2547 illam
2610 2501 2822 2560 partem
2865 2489 3165 2546 miserabili
3197 2490 3302 2545 ritu
3331 2502 3468 2543 con»

1874 2587 2254 2657 torquebatur.
2297 2583 2452 2640 Nunc
2493 2583 2732 2655 linguam
2777 2583 2834 2638 in
2888 2582 3212 2638 immensum
3252 2588 3472 2651 proten-

1874 2678 2038 2733 debat
2063 2676 2132 2732 ab
2165 2691 2279 2743 ore,
2311 2691 2455 2732 nunc
2492 2676 2749 2732 dentibus
2788 2675 3076 2740 stridebat,
3122 2688 3267 2729 nunc
3316 2674 3469 2729 hiatu

1877 2770 2114 2826 faucium
2149 2768 2550 2824 immanissimo
2580 2767 2822 2837 patulum
2852 2765 3091 2837 gutturis
3120 2773 3380 2830 meatum,
3406 2780 3473 2821 ac

1873 2860 1921 2917 si
1945 2859 2218 2931 quoddam
2261 2858 2453 2929 ingens
2488 2858 2807 2912 barathrum
2837 2863 3002 2923 esset,
3042 2866 3097 2911 et
3137 2853 3473 2910 intuentibus

1877 2954 2155 3011 horridum
2190 2950 2616 3008 demonstrabat.
2650 2950 2731 3004 Ad
2766 2964 2927 3020 quem
2969 2948 3169 3019 prmsul
3208 2946 3473 3003 velociter

1877 3058 2192 3109 accurrens,
2224 3042 2366 3099 facto
2395 3057 2558 3113 super
2585 3057 2707 3098 eum
2742 3042 2895 3113 signo
2922 3049 3128 3097 sancta:
3162 3039 3360 3102 crucis,
3388 3039 3474 3093 in-

1879 3139 2104 3195 clinavit
2134 3154 2214 3204 se,
2246 3148 2301 3193 et
2329 3138 2610 3193 dexteram
2661 3134 2977 3206 aliquandiu
3025 3148 3194 3205 prope
3229 3149 3292 3189 os
3330 3133 3474 3187 illius

1882 3231 2102 3287 tenebat
2146 3243 2470 3300 oppansam,
2503 3227 2873 3299 evangelicum
2920 3225 3135 3282 interim
3178 3224 3473 3295 capitulum

1879 3323 2120 3380 scilicet:
2146 3321 2233 3377 «In
2260 3321 2525 3391 principio
2548 3328 2668 3376 erat
2691 3318 2927 3376 Verbum
2945 3316 3131 3389 (Joan.
3148 3334 3185 3383 ι,
3202 3318 3308 3387 1),›
3342 3331 3475 3372 voce

1881 3432 2170 3489 suppressa
2224 3429 2568 3486 percurrens.
2612 3413 2679 3469 Et
2705 3413 2965 3470 cernebat
3014 3410 3275 3466 miserum
3334 3409 3478 3463 inter

1881 3508 1998 3565 lucc
2020 3516 2205 3578 caput,
2238 3506 2383 3577 quod
2416 3505 2522 3560 huc
2574 3504 2809 3575 illucque
2858 3502 3231 3558 indesinenter
3267 3498 3476 3569 agitare

1881 3606 2262 3661 consueverat,
2287 3597 2570 3650 immotum
2595 3594 2797 3649 habere
2826 3601 2881 3649 et
2906 3592 3177 3662 quietum,
3208 3598 3267 3643 ut
3297 3586 3477 3643 solent

1883 3704 2066 3755 canes,
2098 3704 2221 3744 cum
2265 3687 2405 3743 ictus
2451 3686 2641 3740 timent
2668 3682 3088 3751 castigantium;
3122 3677 3308 3736 oculos
3347 3690 3476 3733 vero

1886 3782 1985 3836 sub
2006 3779 2322 3849 aspiciendo
2347 3794 2471 3833 eum
2500 3776 2735 3847 quadam
2766 3772 3074 3853 formidinis
3102 3777 3229 3825 nota
3255 3768 3309 3823 in
3350 3783 3478 3838 par-

1886 3880 1995 3925 tem
2044 3868 2251 3923 variam
2302 3866 2617 3924 tneticulose
2663 3867 2919 3938 dirigere.
2968 3863 3234 3918 Percurso
3290 3860 3473 3929 itaque

1888 3961 2205 4034 Evangelio,
2235 3970 2294 4015 ut
2316 3962 2381 4014 ad
2425 3960 2624 4025 locum,
2664 3959 2755 4016 ubi
2785 3959 2985 4013 dicitur
3016 3973 3029 4011 :
3054 3974 3073 4009 t
3093 3954 3317 4012 Plenum
3348 3968 3475 4025 gra-

1886 4054 1977 4109 tia:
2000 4052 2313 4109 etveritatis
2338 4052 2514 4122 (ibid.,
2532 4051 2676 4123 14),»
2697 4050 2863 4116 venit,
2885 4048 3060 4105 erexit
3082 4063 3142 4104 se
3167 4046 3474 4118 episcopus,

1887 4154 1943 4201 et
1973 4145 2268 4216 patientem
2311 4143 2624 4214 aliquandiu
2677 4142 2873 4199 tacitus
2907 4140 3313 4199 considerabat.
3373 4137 3477 4206 Qui

1887 4244 2113 4306 repente
2135 4234 2189 4289 in
2218 4244 2426 4305 partem
2462 4232 2689 4289 alteram
2718 4232 2920 4288 vultum
2942 4233 3011 4288 ab
3040 4231 3133 4288 illo
3166 4230 3474 4297 declinans,

1891 4326 2131 4398 linguam
2162 4342 2315 4383 more
2336 4325 2721 4383 subsannantis
2741 4324 2996 4397 produxit
3020 4325 3088 4381 ab
3114 4338 3230 4379 ore.

1964 4419 2118 4475 Tunc
2155 4418 2578 4490 indignatusfille
2606 4428 2860 4474 strenuus
2912 4416 3196 4487 potestatis
3240 4413 3483 4468 adversm

189 4501 463 4570 eﬂ'erbuit,
513 4502 587 4596 id,
612 4502 814 4559 accidit
863 4503 1008 4576 quod
1065 4502 1382 4567 referimus.
1429 4506 1506 4567 Ea
1552 4522 1789 4579 namque
1816 4533 1868 4596 ι)
1894 4510 2215 4578 debellator,
2264 4526 2463 4580 aquam
2513 4520 2570 4566 et
2611 4510 2779 4566 salem
2834 4524 2985 4564 more
3022 4506 3392 4562 ecclesiastico
3428 4513 3487 4560 et
3552 4566 3557 4571 ,

193 4604 521 4666 tempestate
577 4595 720 4653 idem
784 4597 1015 4671 pervigil
1062 4598 1223 4655 ovilis
1255 4600 1547 4657 'Dominici
1603 4613 1791 4659 custos
1823 4595 1838 4596 ί
1898 4602 2007 4658 ritu
2033 4602 2319 4657 celerrime
2341 4601 2670 4657 benedicens
2692 4609 2857 4669 atque
2879 4598 3263 4657 commiscens.
3296 4609 3489 4665 asper-

189 4683 510 4749 Londonias
554 4687 787 4754 adierat,
829 4703 953 4745 cum
1004 4690 1422 4764 archiepiscopo
1464 4695 1794 4766 ceterisque
1898 4696 1972 4751 sit
2007 4708 2172 4764 super
2210 4693 2385 4760 illum,
2409 4691 2609 4762 iubens
2651 4706 2869 4764 quoque
2907 4690 3396 4757 circumstantibus,
3425 4695 3488 4743 ut

191 4777 350 4848 regni
388 4778 748 4849 optimatibus
776 4794 942 4853 super
972 4790 1124 4839 tanto
1172 4784 1391 4855 negotio
1439 4794 1793 4845 tractaturus.
1899 4784 1967 4842 de
1988 4785 2178 4842 eadem
2197 4799 2338 4856 aqua
2363 4784 2414 4839 ei
2438 4784 2494 4840 in
2534 4799 2599 4839 os
2620 4785 2921 4839 mitterent.
2954 4781 3022 4837 Et
3049 4781 3121 4836 ita
3149 4780 3289 4835 dans
3311 4778 3492 4835 omni-

190 4867 241 4923 Δ
285 4868 487 4940 quibus
516 4870 571 4926 id
616 4869 794 4928 solum
838 4873 1054 4931 consilii
1105 4877 1429 4946 reportavit,
1458 4886 1519 4935 ut
1547 4878 1795 4950 pecunias
1900 4877 2005 4934 bus
2028 4877 2487 4942 benedictionem,
2518 4891 2715 4947 equum
2746 4874 2994 4930 ascendit
3025 4882 3189 4943 atque
3212 4871 3487 4927 discessit.

193 4961 437 5034 lugentis
475 4979 744 5020 summam
777 4982 809 5022 a
840 4965 1056 5023 clericis
1086 4966 1201 5023 suis
1238 4968 1508 5040 exigeret,
1534 4985 1696 5040 quam
1726 4971 1793 5027 ad
1902 4967 2304 5024 Beuedicebant
2342 4983 2474 5023 vero
2505 4967 2656 5021 illum
2683 4965 2923 5021 universi
2973 4974 3028 5020 et
3077 4962 3299 5033 singuli,
3344 4977 3493 5018 asse-

196 5055 506 5112 sedandum
540 5059 686 5130 regis
712 5060 863 5120 avari
904 5059 1150 5115 furorem
1182 5060 1233 5121 ei
1264 5076 1364 5131 per
1391 5062 1690 5132 quemlibet
1726 5080 1795 5119 ex
1905 5069 2088 5115 rentes
2117 5059 2259 5129 quod
2290 5074 2480 5115 eorum
2502 5058 2808 5129 episcopus,
2838 5059 2999 5128 paulo
3018 5063 3145 5111 ante
3177 5054 3367 5110 eadem
3410 5053 3494 5107 via

194 5145 321 5211 suis
334 5145 568 5203 celerius
587 5147 908 5203 destinaret.
938 5148 1032 5203 Ait
1058 5166 1293 5222 namque
1318 5152 1795 5224 archiepiscopus:
1908 5152 2262 5218 descendens,
2291 5166 2413 5206 cum
2442 5151 2665 5206 vidisset
2685 5150 3099 5214 dmmouiacum,
3126 5147 3295 5203 nimio
3320 5154 3498 5201 tactus

199 5251 229 5293 ι
263 5236 346 5290 An
410 5237 655 5304 nescitis,
702 5239 922 5294 domine
980 5241 1254 5314 episcOpe,
1292 5244 1450 5315 quia,
1498 5253 1557 5299 ut
1600 5244 1802 5317 bydro-
1910 5258 2134 5315 pavore,
2167 5259 2364 5315 equum
2401 5246 2487 5299 cui
2513 5242 2779 5298 insiderat
2804 5242 3111 5297 calcaribus
3137 5254 3360 5311 urgens,
3392 5252 3497 5291 non

193 5326 361 5397 piens
405 5343 629 5399 aquam,
671 5328 750 5384 ita
795 5330 1046 5395 dominus
1099 5348 1193 5388 rex
1253 5334 1368 5389 sitit
1416 5334 1748 5401 pecuniam?
1776 5353 1796 5391 ι
1911 5334 2088 5391 solum
2138 5335 2344 5405 absque
2391 5332 2749 5389 subventione
2793 5332 3055 5389 miserum
3096 5326 3498 5402 pertransierit,

195 5415 304 5472 Cui
334 5419 495 5474 citius
534 5436 685 5477 more
715 5436 813 5478 suo
850 5422 942 5477 ille
968 5427 1322 5495 responderat
1351 5442 1366 5481 :
1398 5446 1417 5480 ι
1461 5426 1626 5484 Plane
1664 5439 1721 5485 et
1757 5428 1805 5484 si
1913 5427 2030 5493 sed,
2061 5438 2318 5499 tanquam
2350 5428 2580 5499 ipsemet
2607 5425 2768 5483 furiis
2788 5433 3059 5497 ageretur,
3084 5434 3226 5492 equo
3247 5426 3501 5475 currente

196 5506 325 5576 ipse
359 5509 691 5581 hydropicus
737 5521 844 5581 est,
889 5514 987 5571 sed
1023 5530 1125 5587 ego
1172 5531 1313 5587 aqua
1346 5532 1456 5573 non
1490 5531 1609 5585 ero,
1637 5508 1805 5590 quam
1914 5518 2208 5590 aufugerit.
2241 5519 2339 5575 Vir
2373 5531 2555 5575 autem
2605 5519 2715 5586 ille,
2777 5527 2978 5574 extunc
3015 5515 3277 5569 liberatus
3316 5525 3344 5563 a
3394 5509 3503 5561 itae-

194 5597 295 5673 ille
321 5600 607 5672 deglutiat.
640 5621 661 5655 ι

1916 5628 2097 5681 mone,
2126 5615 2293 5670 vitam
2314 5628 2468 5670 suam
2498 5614 2553 5669 in
2584 5622 2862 5685 posterum
2907 5610 2964 5666 in
3012 5607 3268 5664 euntibus
3296 5601 3505 5660 studuit

279 5739 433 5805 (2l8)
471 5742 661 5812 Amen,
702 5742 768 5796 de
799 5755 906 5812 quo
935 5741 1139 5798 dictum
1167 5752 1252 5799 est
1278 5742 1374 5800 lib.
1398 5759 1441 5800 ll
1460 5786 1475 5809 ,
1498 5759 1549 5800 c.
1571 5745 1626 5802 8.

278 5804 439 5886 (ξω)
474 5804 655 5868 Οἰνεῖ
684 5804 844 5870 finem
888 5813 1014 5870 anni
1064 5813 1227 5882 H97,
1277 5830 1385 5882 quo
1430 5804 1686 5885 primum,
1746 5824 1804 5871 ut
1841 5827 1967 5872 mox
1991 5811 2259 5885 sequitur,
2296 5809 2549 5868 ell'crbuit
2576 5810 2658 5866 ira
2689 5806 2832 5880 regis
2855 5806 2909 5863 in
2938 5804 3243 5878 liugouem.
