3962 6392
190 359 216 414 1
233 358 337 414 057

1559 357 1738 415 VITA.
1779 387 1850 401 —-
1885 361 2014 418 LIB.
2043 362 2107 417 Υ.

3323 368 3458 425 1058

188 474 478 545 indignans
502 471 796 542 impuritati
819 472 1183 536 daemonium,
1212 492 1229 522 ι
1258 470 1397 535 iam.
1431 473 1628 543 inquit,
1651 473 1776 534 ista,
1805 480 1848 538 Λ
1886 489 1905 523 α
1939 473 2057 526 eius
2095 471 2252 542 longe
2287 488 2316 526 a
2345 481 2397 529 te
2433 483 2486 528 et
2527 487 2558 527 a
2590 474 2752 532 domo
2778 484 2866 533 tua
2900 477 3129 536 invistnu
3160 481 3304 538 istud
3343 499 3466 552 gra-

185 567 254 630 ti,
283 574 345 620 ut
373 565 642 632 asseritis,
669 573 860 620 contra
909 573 1194 634 peccatum
1229 579 1387 618 suum
1421 565 1772 631 contritione

184 657 394 721 cordis,
421 655 762 712 confessione
790 656 903 711 oris
973 666 1030 710 et
1072 655 1320 724 corporis
1350 653 1639 711 afﬂictione
1665 655 1773 710 eri-

182 751 354 821 gitur,
408 747 483 804 nil
529 748 674 802 aliud
724 747 940 803 demum
991 761 1275 818 superesse
1325 748 1503 813 video,
1562 747 1666 804 nisi
1713 757 1772 804 ut

183 851 374 898 oretur
421 855 522 910 pro
551 855 615 895 ea
660 840 951 896 instantius
977 841 1121 910 apud
1165 839 1514 895 clementiam
1543 839 1770 909 piissimi

184 931 585 1002 Redemptoris.
611 949 631 983 ι
670 931 962 1000 EpiscOpus
985 938 1164 985 autem
1193 929 1520 986 Oxoniensis
1549 931 1664 986 haec
1689 945 1768 995 se,

182 1036 482 1092 secumque
527 1022 662 1077 alios
711 1022 1025 1077 innumeros
1053 1020 1166 1090 jam
1214 1020 1430 1088 fecisse,
1488 1021 1583 1076 sed
1637 1020 1772 1076 nihil

178 1112 485 1183 profecisse
515 1125 970 1178 commemorans,
998 1113 1174 1182 ipsum
1205 1126 1443 1184 quoque,
1474 1119 1535 1166 ut
1578 1126 1677 1182 pro
1706 1125 1771 1166 ea

179 1204 504 1277 dignaretur
545 1218 732 1269 orare,
784 1203 1100 1276 suppliciter
1147 1202 1447 1276 ﬂagitabat.
1498 1202 1594 1260 Cui
1634 1202 1766 1258 ille:

184 1315 206 1348 ε
239 1295 358 1353 Hoc
387 1310 489 1367 ego
511 1311 618 1352 non
653 1304 882 1362 tantum,
916 1296 1011 1352 sed
1060 1294 1290 1366 quisque
1336 1294 1574 1362 ﬁdelium
1603 1294 1770 1350 devo-

178 1385 395 1442 tissime
429 1386 614 1442 facere
640 1386 879 1442 debebit.
912 1405 932 1439 ι

248 1480 385 1536 Post
435 1480 571 1547 haec,
609 1479 870 1550 digressis
898 1480 969 1536 ab
1018 1478 1254 1536 invicem
1291 1478 1560 1550 episcopis
1593 1477 1768 1549 (225),

141 1588 306 1629 -cum
361 1572 557 1628 iterum
601 1573 971 1628 occurrissent
1025 1571 1130 1628 sibi
1178 1572 1462 1642 aliquanto
1526 1581 1770 1640 tempore

173 1663 365 1735 elapso
394 1662 564 1734 (226),
595 1663 871 1734 inquisivit
896 1663 1160 1721 sollicitus
1182 1664 1284 1721 iste
1306 1664 1612 1720 animarum
1634 1664 1772 1720 libe-

174 1766 332 1813 rator
352 1756 502 1812 illum
526 1757 839 1826 episcopum
875 1757 1130 1826 superius
1153 1764 1510 1814 memoratum
1537 1755 1770 1825 qualiter

1880 583 1898 614 ι
1929 565 2230 633 men,quod
2255 565 2568 634 imprudens
2588 567 2684 623 tibi
2713 566 3074 639 applicuisti.»
3096 573 3186 627 Illa
3213 574 3467 629 dissimu-

1874 652 2019 710 lante
2049 655 2267 710 monitis
2311 656 2688 727 obtemperare
2717 661 2956 730 maligni.
2992 665 3160 732 cmpit
3203 665 3292 719 ille
3319 681 3463 721 nunc

1876 747 2063 812 minis,
2097 764 2239 804 nunc
2269 749 2544 806 blanditiis
2578 748 2869 809 instantius
2911 771 3095 826 agere,
3129 765 3187 811 nt
3238 757 3461 812 herbam

1872 837 2098 906 ejiceret
2163 855 2327 909 quam
2376 856 2436 898 se
2479 844 2830 902 exhorruisse
2868 847 3096 904 dicebat.
3150 848 3276 916 Qui,
3316 859 3374 904 ut
3403 865 3462 904 se

1873 929 2145 984 contemni
2175 931 2309 986 vidit
2341 934 2408 988 ab
2434 947 2498 990 ea
2523 974 2540 999 ,
2570 944 2692 1004 post
2721 936 2958 991 morulas
2997 937 3204 1008 aliquot
3237 940 3462 994 recessit

1874 1018 2198 1078 furibundus
2222 1032 2277 1078 et
2303 1024 2512 1086 minax.

1949 1129 1968 1162 ι
2013 1109 2123 1166 Nec
2153 1112 2312 1182 paulo
2343 1114 2550 1172 tardius
2571 1116 2741 1173 adfuit
2785 1119 2940 1182 alter,
2973 1134 3037 1174 ac
3074 1121 3230 1189 quasi
3265 1137 3457 1193 aggra«

1874 1200 2051 1256 tulans
2068 1201 2277 1259 dilecta:
2309 1206 2387 1258 ait
2419 1221 2434 1260 :
2477 1227 2494 1259 ι
2533 1207 2745 1266 Verane
2776 1227 2895 1266 esse
2924 1213 3180 1279 didit-isti,
3208 1229 3326 1282 qme
3362 1213 3457 1266 tibi

1875 1309 1895 1343 ι
1927 1292 2138 1350 locutus
2169 1297 2322 1350 sum?
2348 1296 2500 1353 Nunc
2520 1315 2667 1371 ergo,
2697 1302 2822 1355 dum
2850 1318 2947 1372 ego
2976 1312 3152 1358 tecum
3184 1305 3448 1358 secretius

1874 1403 1898 1438 ι
1937 1385 2154 1458 loquar,
2201 1389 2479 1446 amovehis
2529 1407 2820 1463 parumper
2861 1396 3084 1451 herbam
3136 1397 3454 1452 nostratium

1880 1496 1900 1530 ι
1936 1480 2276 1536 universitati
2304 1481 2548 1538 odiosam
2575 1498 2602 1536 a
2637 1493 2705 1539 te.
2737 1484 2865 1540 Post
2888 1503 3062 1541 meum
3090 1503 3218 1542 vero
3254 1487 3458 1541 disces—

1874 1590 1895 1625 ι
1931 1587 2050 1630 sum
2091 1589 2333 1630 resumes
2361 1585 2690 1630 armaturam
2720 1579 2978 1645 graminis
3005 1580 3102 1642 tui,
3151 1595 3254 1650 qna
3292 1579 3456 1634 illmsa

1875 1679 1895 1714 ι
1931 1664 2344 1720 conservaberis
2404 1665 2472 1719 ab
2517 1665 2727 1723 insidiis
2778 1666 2950 1722 hostis
2997 1668 3183 1724 vii-osi.
3240 1668 3456 1737 Nequa-

1876 1771 1896 1805 ι
1927 1769 2091 1824 quam
2115 1755 2258 1810 enim
2287 1751 2514 1812 furcifer
2546 1757 2633 1812 ille
2662 1757 2730 1812 ad
2773 1767 2824 1812 te
2855 1767 3145 1828 prmSumet
3188 1757 3454 1814 ullatenus

172 1859 270 1901 res
289 1860 349 1902 se
373 1845 600 1900 haberet
627 1846 770 1901 circa
797 1846 942 1901 illam
968 1847 1238 1902 oviculam
1263 1846 1444 1918 gregis
1471 1847 1576 1910 sui,
1601 1863 1762 1917 quam
1793 1837 1839 1896 Β
1873 1863 1892 1896 ι
1927 1847 2203 1910 accedere,
2223 1848 2349 1904 dum
2378 1848 2579 1903 sentiet
2619 1864 2705 1904 me
2730 1858 2903 1905 tecum
2931 1859 3252 1918 prtesenlem
3279 1864 3450 1904 esse.»

170 1935 404 2006 pestifer
448 1935 539 1992 ille
567 1936 725 2008 lupus
775 1945 884 1992 tam
937 1937 1250 1994 immaniter
1295 1937 1614 1995 laniaverat.
1667 1939 1768 1995 Cui

168 2027 419 2097 pontifex
446 2044 554 2084 non
582 2029 757 2086 solum
790 2027 909 2098 ejus
935 2031 1298 2101 ereptionem,
1346 2030 1441 2086 sed
1472 2031 1771 2102 ereptionis

169 2131 398 2192 Quoque
439 2121 686 2179 ordinem
718 2122 1022 2178 mirabilem
1071 2123 1326 2192 exposuit
1363 2122 1414 2178 in
1463 2123 1610 2179 hunc
1655 2138 1770 2182 mo-

165 2212 344 2267 dum:
385 2229 405 2265 ι
440 2212 661 2282 Adjula,
710 2211 904 2281 inquit,
947 2213 1286 2270 orationibus
1329 2213 1525 2269 vestris
1565 2197 1768 2270 dudum

168 2303 270 2358 illa
301 2305 475 2360 evasit
503 2304 782 2376 probrosa:
809 2304 1091 2360 servitutis
1120 2304 1330 2376 iugum.
1355 2305 1490 2361 Cum
1511 2306 1657 2362 enim
1680 2307 1768 2362 die

164 2393 412 2463 quadam
454 2393 692 2449 incestus
730 2392 820 2447 ille
869 2391 1080 2450 daemon
1130 2393 1433 2450 incredibili
1481 2410 1602 2460 eam
1643 2397 1768 2452 libi-

168 2484 327 2539 diuis
364 2483 548 2544 furore
591 2483 859 2548 delusam,
893 2484 1200 2538 exanimem
1246 2499 1385 2553 pene
1424 2485 1764 2550 reddidisset,

176 2573 272 2630 ille
303 2574 602 2631 abscedens
634 2573 876 2638 evanuit,
907 2582 964 2628 et
984 2573 1077 2628 illa
1107 2573 1159 2628 in
1187 2589 1288 2630 suo
1325 2573 1572 2629 conclavi
1598 2574 1766 2628 nimio

159 2664 350 2720 dolori
383 2671 439 2719 et
485 2664 710 2720 mmrori
764 2664 981 2720 addicta
1031 2663 1315 2720 remansit.
1359 2663 1493 2718 Cum
1543 2679 1671 2720 ecce
1709 2664 1762 2722 in

169 2756 402 2812 alterius
421 2757 601 2829 specie
615 2756 830 2827 juvenis
864 2755 1024 2821 alius,
1057 2765 1117 2811 ut
1145 2757 1197 2810 ei
1229 2756 1513 2812 videbatur
1540 2757 1764 2828 spiritus

167 2849 486 2920 ingrediens
528 2850 594 2904 ad
639 2863 794 2913 eam,
852 2847 994 2903 unde
1030 2855 1256 2902 mtestos
1305 2856 1518 2918 gereret
1554 2849 1766 2904 animos

167 2940 442 2996 sciscitari
487 2946 671 3010 coepit.
725 2938 841 3007 Qua
878 2938 1012 2994 nihil
1061 2938 1455 3006 respondente,
1505 2939 1579 2993 ait
1631 2939 1760 2994 ille:

175 3052 198 3084 ι
234 3033 380 3096 Scio,
404 3046 641 3101 vereque
665 3031 787 3086 novi
810 3029 935 3102 quia
965 3044 1196 3099 nequam
1221 3029 1314 3084 illo
1341 3038 1393 3084 te
1414 3028 1622 3083 atilixit.
1653 3028 1762 3084 Sed

176 3142 198 3175 ι
237 3139 345 3179 non
394 3125 623 3189 mirum;
681 3130 766 3178 est
815 3122 959 3178 enim
1020 3135 1307 3193 perversus
1363 3129 1421 3176 et
1473 3121 1759 3176 admodum

1871 1935 1952 1990 Ad
1986 1937 2103 1992 haec
2134 1935 2265 1992 illa:
2295 1956 2312 1990 ι
2349 1937 2565 2005 Venies,
2598 1939 2791 2007 inquit,
2825 1939 2870 1993 si
2909 1939 3059 2001 velis,
3092 1949 3147 1996 et
3176 1941 3220 1994 si
3259 1941 3452 2007 possis.

1877 2043 1897 2077 ι
1933 2027 2002 2082 ad
2031 2042 2149 2093 me;
2199 2043 2303 2085 nec
2346 2029 2492 2084 enim
2537 2030 2876 2106 promissioni
2923 2046 3057 2085 mere
3105 2029 3276 2106 debeo
3323 2044 3454 2084 con-

1875 2133 1895 2168 ι
1935 2118 2121 2174 traire.
2147 2117 2417 2174 Cuterum
2458 2120 2682 2175 herbam
2713 2121 2898 2189 istam,
2925 2121 3035 2176 vita
3068 2122 3288 2185 comite,
3319 2137 3454 2175 nun-

1871 2226 1894 2260 ί
1930 2224 2095 2280 quam
2129 2211 2374 2281 rejiciam
2400 2227 2429 2266 a
2468 2227 2576 2279 me,
2602 2228 2721 2282 quae
2758 2214 2870 2269 sola
2901 2214 3030 2269 mihi
3059 2205 3233 2284 potuit
3260 2224 3451 2270 contra

1873 2319 1892 2358 ι
1927 2301 2351 2372 impurissimum
2381 2319 2759 2374 oppressorcm
2783 2305 3132 2360 securitatem
3157 2295 3449 2375 ιιι-πεπρ.»

1868 2392 2006 2460 Quid
2044 2393 2236 2463 plura?
2282 2395 2349 2450 Et
2407 2397 2526 2458 iste,
2575 2397 2716 2452 sicut
2768 2396 2937 2466 prior,
2989 2405 3116 2466 post
3165 2397 3453 2463 diuturnas

1865 2495 2078 2549 preces,
2108 2493 2228 2552 post
2251 2484 2432 2540 minas
2453 2495 2510 2540 et
2536 2485 2848 2548 blanditias.
2869 2485 3071 2540 frustra
3119 2495 3449 2556 protractas,

1854 2569 2293 2628 circumventum
2360 2587 2420 2628 se
2473 2589 2503 2627 a
2579 2574 2894 2632 muliercula
2950 2575 3040 2630 diu
3115 2575 3453 2644 multumque

1865 2661 2180 2731 deplorans,
2215 2663 2269 2717 in
2302 2677 2468 2718 auras
2513 2665 2701 2733 inanes
2742 2648 2956 2721 demum
2987 2666 3226 2722 evanuit.
3259 2665 3450 2719 Mulier

1865 2767 1997 2810 vero
2017 2751 2130 2821 jam
2156 2753 2260 2808 fide
2288 2763 2346 2809 et
2371 2755 2689 2821 devotione,
2729 2771 2794 2811 ac
2825 2756 2964 2811 bona
3013 2756 3448 2820 conversatione,

1855 2843 2057 2900 melius
2075 2859 2238 2915 quam
2282 2845 2448 2902 herba
2478 2845 2566 2900 illa
2598 2854 2832 2911 armata,
2865 2847 3033 2900 vitam
3059 2847 3208 2902 ducit
3252 2847 3305 2901 in
3359 2846 3449 2901 Dei

1864 2939 2060 2994 timore
2089 2940 2372 2994 honestam
2417 2948 2472 2992 et
2501 2939 2766 3008 quietam.
2795 2938 2920 2994 llzec
2949 2947 3130 2994 autem
3160 2938 3364 3000 omnia.
3393 2946 3452 2992 ut

1863 3045 1898 3084 a
1917 3030 2073 3085 nobis
2096 3039 2410 3094 narrantur,
2435 3043 2536 3098 ego
2557 3028 2626 3082 ab
2653 3028 2796 3090 illius
2833 3043 2928 3086 ore
2953 3030 3099 3102 (cum
3128 3028 3200 3082 ad.
3220 3042 3305 3084 me
3333 3026 3449 3098 jam

1863 3131 2079 3187 curata,
2109 3121 2324 3176 demum
2348 3121 2682 3191 ptcnitentia:
2717 3121 2990 3180 modulum
3014 3131 3070 3176 et
3094 3120 3450 3176 absolutionis

175 3234 196 3266 ι
235 3215 520 3285 malignus.
553 3215 775 3280 Verum,
817 3214 860 3269 si
904 3213 1189 3270 desideriis
1226 3212 1362 3268 meis
1403 3221 1567 3282 atque
1623 3228 1756 3268 con-
1787 3187 1834 3250 ε
1866 3213 2190 3270 beneficium
2233 3222 2547 3283 susceptura
2589 3213 2861 3283 venisset)
2905 3213 3105 3270 audivi.
3148 3233 3174 3267 ι
3218 3213 3285 3268 Ει
3334 3213 3447 3268 haec

177 3325 196 3358 ι
239 3305 376 3360 siliis
399 3314 660 3372 praestare
687 3304 822 3360 velis
841 3320 1146 3370 assensum,
1177 3319 1452 3374 nunquam
1476 3305 1541 3360 de
1563 3313 1764 3361 επιειο

176 3412 197 3445 ι
239 3394 286 3448 is
309 3394 374 3449 ad
401 3403 450 3448 te
472 3409 752 3450 accessum
779 3395 1022 3452 habebit.
1057 3412 1075 3446 ι
1100 3395 1183 3450 Ad
1207 3395 1320 3450 haec
1351 3394 1439 3450 illa
1470 3394 1763 3465 plurimum

139 3485 474 3541 -cxhilarata
511 3484 796 3542 confestim
829 3486 1110 3557 respondit
1140 3503 1154 3540 :
1191 3505 1210 3537 ι
1250 3484 1395 3541 Nihil
1424 3497 1535 3553 est,
1564 3488 1758 3560 inquit,

174 3597 196 3631 ο
233 3579 336 3633 sub
360 3577 500 3634 cmlo
527 3575 774 3634 facultati
807 3593 942 3634 mea:
962 3579 1242 3650 possibile,
1270 3581 1414 3650 quod
1445 3596 1552 3637 non
1589 3581 1765 3638 libens

141 3697 144 3702 -
175 3688 194 3720 ι
237 3667 476 3724 facerem
501 3684 595 3724 seu
624 3669 1251 3739 perferrem,dummodo
1275 3673 1344 3727 ab
1363 3673 1518 3728 istius
1539 3687 1762 3728 accessu

141 3778 192 3812 τι
233 3759 458 3828 perinde
501 3757 700 3814 salvari
756 3759 1074 3828 potuissem.
1100 3791 1172 3802 —
1208 3761 1418 3818 Mecum
1462 3775 1622 3830 ergo,
1675 3760 1764 3816 ille

173 3870 194 3903 ι
234 3851 334 3914 ait,
388 3851 590 3907 amoris
619 3851 797 3908 fiedus
835 3868 942 3907 non
993 3853 1206 3910 dubites
1252 3853 1410 3910 inire.
1444 3853 1557 3922 Ego
1601 3853 1765 3923 siqui-

173 3958 194 3992 c
241 3941 400 4004 dem.
432 3956 769 4012 quaecunque
801 3943 1146 4014 poposceris,
1202 3955 1295 3998 aut
1322 3945 1629 4014 optaveris,
1667 3943 1764 3998 tibi

143 4049 193 4083 ~i
232 4031 524 4101 praestabo,
577 4041 633 4086 et.
683 4032 820 4089 nihil
899 4049 927 4088 a
978 4043 1028 4088 te
1074 4034 1181 4090 tuis
1243 4035 1386 4090 votis
1429 4034 1762 4090 contrarium

143 4141 194 4175 -i
231 4122 471 4194 exigam,
501 4131 556 4178 et
578 4123 715 4179 nihil
757 4140 864 4180 non
893 4125 1212 4182 delectabile
1261 4127 1375 4182 sive
1407 4125 1638 4182 amabile
1665 4126 1762 4181 tibi

175 4230 197 4266 ι
234 4212 490 4268 inferam.
550 4231 570 4266 ι
629 4211 873 4284 Spondet
933 4213 1022 4269 illa
1072 4214 1188 4269 lucc
1233 4222 1288 4270 et
1331 4216 1436 4270 alia
1484 4212 1762 4285 pollicenti

171 4318 492 4369 assensum,
527 4289 820 4359 dummodo
868 4304 1189 4374 experiatur
1237 4307 1518 4376 promissa:
1566 4305 1764 4360 libera-

174 4394 341 4449 tionis
361 4392 634 4450 effectum.
659 4393 812 4450 Tunc
841 4395 931 4451 ille
960 4396 1188 4451 adduxit
1209 4411 1328 4453 eam
1361 4397 1426 4453 ad
1453 4398 1762 4467 proximum

145 4483 361 4538 .domui
397 4499 508 4539 suae
545 4483 760 4550 locum,
801 4494 857 4539 et
898 4485 1122 4541 herbam
1159 4487 1373 4542 eminus
1412 4502 1763 4546 succresca-

175 4583 288 4630 tcm
315 4573 388 4628 illi
413 4574 798 4630 demonstrans
823 4591 838 4629 :
868 4592 886 4626 ι
923 4573 1107 4641 Istam,
1141 4575 1334 4644 inquit,
1363 4576 1584 4644 herbam
1613 4578 1758 4644 tolle,

140 4706 152 4712 -
181 4685 201 4719 ι
238 4664 366 4720 etin
385 4665 506 4721 sinu
527 4673 616 4721 tuo
645 4666 899 4731 reconde,
922 4679 988 4719 ac
1015 4665 1366 4737 circumcirca
1394 4665 1448 4720 iu
1479 4665 1648 4726 domo,
1670 4676 1758 4722 tua

181 4779 200 4808 σ
234 4774 430 4830 sparge
464 4777 478 4812 :
515 4771 571 4816 et
605 4758 984 4829 experimento
1014 4758 1213 4825 disces,
1246 4773 1369 4813 cum
1412 4757 1516 4815 hoc
1545 4758 1759 4826 feceris,

180 4872 200 4904 ι
237 4865 325 4906 me
352 4851 405 4906 in
443 4850 726 4920 promissis
768 4850 1069 4906 veridicum
1111 4851 1410 4906 exstitisse.
1449 4870 1468 4903 ι
1499 4851 1760 4908 Fecitilla

176 4944 325 5015 quod
352 4943 530 4998 fuerat
557 4943 770 5000 edocta.
786 4943 1052 5012 Venitquc
1073 4953 1196 5012 post
1226 4943 1330 4999 hoc
1358 4943 1412 4998 in
1434 4953 1560 4999 nota
1586 4944 1761 5016 effigie

151 5035 390 5089 .dzemon
419 5033 742 5104 versipellis,
769 5041 930 5100 atque
958 5042 1100 5087 astat
1129 5048 1294 5103 prope
1315 5032 1631 5100 fenestram,
1653 5049 1762 5105 qua

179 5126 389 5181 intrare
413 5133 468 5181 et
505 5126 656 5182 exire
703 5126 911 5182 solebat
950 5143 964 5180 :
1012 5133 1068 5181 et
1115 5127 1491 5197 introspiciens
1520 5129 1657 5184 dixit
1695 5130 1762 5186 ad

151 5282 154 5284 γ
180 5216 463 5273 mulierem
494 5235 508 5274 :
547 5236 566 5269 ι
597 5217 862 5286 Quidnam
893 5225 977 5273 est
1005 5217 1147 5272 istud
1189 5217 1466 5274 horridum
1498 5229 1553 5275 et
1592 5222 1765 5291 putri-

179 5325 207 5366 ι
240 5308 390 5374 dum,
429 5311 572 5381 quod
601 5310 656 5366 in
684 5311 786 5367 hac
811 5309 925 5366 aede
971 5311 1250 5380 sparsisti?
1280 5313 1492 5382 Projice
1531 5325 1764 5384 quanto-

257 5489 406 5561 {225)
445 5490 797 5565 Admentem
836 5490 1000 5562 igitur
1037 5491 1272 5565 auctoris
1307 5490 1458 5561 [lngo
1487 5492 1599 5565 jam
1643 5499 1756 5550 erat

179 5566 492 5633 episcopus,
522 5561 645 5613 dum
677 5562 762 5615 hic
791 5561 1008 5615 narrata
1032 5562 1393 5629 contigerunt.

259 5631 406 5702 (226)
451 5630 565 5686 Uno
582 5640 681 5703 aut
712 5635 881 5684 altero
901 5644 1096 5703 mense
1131 5641 1252 5700 post
1284 5634 1515 5703 primum
1551 5647 1746 5688 occur-

182 5699 307 5762 sum
339 5699 548 5770 peteret
572 5699 684 5755 ﬁeri
710 5701 998 5756 secundus.

259 5769 408 5845 (227)
448 5769 633 5838 Nobis,
665 5772 716 5827 id
741 5781 824 5828 est
856 5771 1061 5827 auctori
1091 5771 1244 5828 Viue.

1863 3307 2080 3377 quidem
2094 3305 2421 3363 Oxoniensis
2443 3306 2728 3376 episcopus
2753 3305 2936 3362 retulit
2960 3306 3216 3375 episeopo
3237 3316 3447 3369 nostro,

1862 3413 1983 3470 qua:
2013 3407 2066 3454 et
2095 3398 2209 3470 ipse
2231 3396 2548 3468 frequenter
2593 3399 2749 3454 nobis
2777 3397 3137 3466 prtesentihus
3175 3397 3449 3455 referebat

1863 3491 2111 3562 plurimis

1935 3582 2125 3638 Mulier
2147 3597 2276 3641 vero
2305 3580 2550 3652 praefata,
2586 3583 2714 3637 dum
2737 3581 3047 3636 orationum
3074 3579 3249 3652 gratia
3278 3578 3447 3634 multa

1859 3684 2176 3746 peragraret
2201 3684 2510 3730 sanctorum
2537 3672 2674 3735 loca,
2701 3673 2950 3741 pervenit
2969 3673 3185 3726 demum
3209 3672 3446 3726 Cantua-

1864 3766 2024 3820 riam.
2060 3763 2181 3830 Ubi,
2211 3765 2335 3819 dum
2370 3781 2398 3817 a
2430 3764 2566 3818 viris
2597 3763 2868 3833 religiosis
2888 3767 3194 3818 orationum
3223 3762 3447 3832 inquirit

1862 3854 2142 3924 Suffragia,
2175 3855 2388 3910 cuidam
2421 3854 2688 3909 monacho
2739 3853 2925 3909 Sancti
2973 3854 3262 3925 Augustini
3307 3855 3435 3910 Iter-

1864 3948 1989 4003 bam
2015 3947 2216 4002 illame
2240 3947 2361 4001 sinu
2403 3961 2502 4001 suo
2532 3945 2797 4015 prolatam
2845 3946 3100 4002 ostendit.
3140 3946 3312 4013 Quam
3354 3946 3443 4003 ille

1851 4041 2018 4096 nobis
2041 4040 2189 4111 (22η
2219 4049 2271 4096 et
2302 4055 2400 4094 nos
2441 4039 2615 4108 ipsam
2663 4039 2922 4110 episcopo
2962 4037 3308 4109 postmodum
3348 4039 3444 4092 de-

1863 4131 2325 4197 monstravimus;
2364 4147 2488 4186 nam
2526 4141 2755 4188 eatenus
2788 4146 2908 4188 eam
2949 4130 3172 4186 minime
3213 4145 3444 4199 agnove-

1863 4234 1966 4280 rat.
2015 4225 2190 4296 lpsam
2225 4240 2352 4281 vero
2405 4225 2626 4282 herbam
2675 4225 2850 4281 Graeci
2897 4224 3215 4296 hypericon,
3263 4222 3442 4278 Latini

1861 4318 2085 4373 herbam
2131 4317 2485 4390 perforatam,
2539 4319 2654 4372 sive
2697 4317 2923 4372 herbam
2974 4315 3160 4373 Sancti
3217 4313 3444 4371 Ioannis

1853 4413 2129 4484 appellare
2158 4413 2334 4469 solent
2366 4413 2535 4484 (228).
2565 4413 2694 4469 Haec
2727 4414 2782 4470 in
2813 4430 3009 4485 magna
3055 4411 3169 4468 Vita
3194 4412 3446 4468 inseritur

1861 4505 2100 4558 historia.
2125 4503 2184 4558 Si
2209 4506 2295 4558 cui
2336 4507 2436 4559 ista
2461 4506 2598 4576 forte
2627 4507 2799 4560 minus
2825 4505 3136 4559 videbuntur
3159 4504 3441 4569 credenda,

1863 4594 2007 4670 legat.
2052 4595 2250 4650 Bedam
2294 4597 2347 4650 in
2381 4593 2774 4666 mefanatione
2825 4595 2976 4648 Luae
3010 4592 3355 4660 euangelium,
3394 4603 3442 4648 et

1858 4685 1944 4740 liis
1973 4687 2188 4751 similia,
2221 4702 2340 4757 qua:
2365 4689 2474 4741 suis
2509 4686 2829 4756 temporibus
2871 4686 3210 4750 acciderunt,
3235 4701 3268 4738 a
3297 4693 3442 4738 tanta

1865 4775 2077 4832 doctore
2103 4776 2296 4831 ibidem
2324 4777 2524 4844 scripta
2548 4776 2788 4846 reperiet.

2444 4889 2673 4946 CAPUT
2714 4889 2848 4946 Xlll.

1865 5000 1942 5056 De
1969 5002 2102 5073 [uris
2137 5005 2419 5073 ereptione,
2452 5004 2544 5073 qui
2570 5003 2640 5056 ad
2671 5001 3009 5072 suspendium
3047 4999 3355 5073 ducebatur.
3397 5010 3442 5073 et

1937 5069 2159 5144 qualiter
2183 5069 2708 5128 baronibusscacarii
2731 5069 2806 5126 est
2833 5073 3053 5125 locutus.
3083 5100 3154 5111 —-—
3277 5071 3444 5122 conti-

1937 5138 2087 5198 netur
2107 5145 2202 5197 hoc
2223 5145 2379 5215 capit.
2417 5147 2510 5198 sub
2543 5144 2701 5213 capit.
2729 5158 2865 5197 nono
2896 5144 2949 5196 in
2971 5158 3161 5212 magna
3199 5138 3335 5192 Vim.

1860 5288 1862 5290 ,
1939 5234 2042 5291 Sed
2089 5235 2421 5292 redeundum
2478 5243 2562 5290 est
2610 5236 2678 5289 ad
2724 5242 2959 5303 coeptum
3015 5234 3120 5288 iter
3174 5230 3442 5304 pontificis

1863 5327 2035 5384 nostri
2091 5341 2281 5382 versus
2330 5341 2513 5398 regem
2541 5325 2716 5397 (229).
2757 5335 2812 5382 et
2859 5325 3000 5397 ston
3039 5323 3153 5395 jam
3187 5331 3442 5380 currente

1961 5500 2089 5570 228)
2131 5500 2402 5555 Subducta
2434 5499 2687 5556 videntur
2715 5515 2834 5556 esse
2860 5497 3270 5570 abbreviatoris.

1877 5570 1893 5642 ί
1940 5561 2088 5642 (2293
2127 5573 2206 5626 Ad
2237 5586 2299 5626 ea
2343 5587 2534 5642 nempe
2570 5587 2691 5641 quae
2729 5578 3023 5642 evenerunt
3048 5567 3346 5642 _in_i_tinere,
3372 5561 3441 5618 ad

1868 5638 2422 5714 Rieliardnmregem
2467 5638 2609 5696 circa
2655 5643 2815 5699 finem
2867 5640 2994 5694 anni
3040 5638 3176 5695 H98
3224 5643 3320 5692 aut
3361 5649 3444 5690 se-

1867 5713 2082 5770 aucntis
2111 5712 2324 5768 ‘nitiuui
2355 5722 2628 5784 suscepto.
2865 5731 2868 5734 ’
2953 5729 2960 5736 ·
