3976 6292
570 330 602 386 Ἰ
613 328 722 386 059

1470 321 1538 377 S.
1580 316 1883 376 HUGONIS
1915 311 2130 370 EPISC.
2170 310 2488 371 LINCOLN.
2535 307 2696 366 οιω.
2729 308 2982 366 (ΖΑΤΤῙΙ.

559 445 706 504 illud
733 445 1138 516 exponendum.
1172 441 1309 498 Cum
1353 437 1524 508 igitur
1549 434 1796 504 expulso,
1827 441 1887 487 ut
1910 431 2168 497 diximus,
2199 438 2246 496 Α
2273 438 2498 502 praestet
2525 437 2582 485 et
2615 426 3044 484 incolumitatem
3071 425 3402 483 conservet!
3441 445 3461 479 ι
3506 423 3834 495 Quihnsidse

572 538 772 609 spiritu
803 536 1095 610 pythonico
1123 549 1154 589 a
1185 531 1412 588 muliere
1435 525 1612 598 (230),
1641 526 1729 580 die
1773 523 2026 594 sequenti
2053 532 2168 579 ter-

573 627 829 684 ritorium
861 626 1048 682 Sancti
1068 623 1262 680 Albani
1292 618 1444 690 (25!)
1477 615 1668 671 fuisset
1699 615 2002 686 ingressus,
2039 628 2171 671 ecce

575 717 820 776 occurrit
845 718 895 773 ei
921 731 1048 772 cum
1096 711 1468 784 apparitorum
1493 705 1655 761 turba
1684 704 1909 775 quidam
1944 703 2172 760 damna-

567 809 752 877 titius,
797 808 892 880 qui
945 806 1016 862 ob
1062 801 1412 859 commissum
1471 795 1681 851 furtum
1732 794 2000 850 revinctis
2045 803 2172 866 post

577 910 731 972 terga
766 899 1008 956 brachiis
1046 895 1112 950 ad
1157 891 1512 964 promcritum
1556 888 1882 945 trahebatur
1934 903 2170 959 suspen-

575 989 744 1045 dium.
793 987 1018 1044 Caeteris
1069 984 1236 1056 igitur
1288 981 1356 1036 ad
1403 979 1844 1036 benedictionem
1899 973 2173 1046 pontificis

573 1079 930 1149 expetendam
968 1075 1035 1131 de
1083 1087 1236 1129 more
1283 1069 1605 1142 suppliciter
1645 1069 2063 1126 accurrentibus
2089 1069 2172 1124 in-

573 1169 735 1242 gessit
758 1184 820 1226 se
846 1170 922 1234 vi,
961 1182 1068 1240 qua
1091 1167 1287 1238 potuit,
1314 1166 1482 1222 etiam
1511 1165 1730 1219 vinctus
1761 1162 1871 1227 ille,
1900 1177 2173 1232 ruensque

573 1261 808 1332 primum
859 1262 926 1317 ad
965 1245 1236 1316 cervicem
1280 1258 1476 1316 caballi
1521 1257 1663 1328 ejus,
1710 1271 1775 1312 ac
1831 1257 2014 1312 statim
2071 1255 2174 1311 sub

572 1351 805 1422 pedi-bus
861 1351 979 1422 ejus
1034 1351 1352 1422 procidens,
1411 1349 1848 1406 misericordiam
1902 1347 2175 1404 flebilibus

566 1440 802 1497 vocibus
840 1442 1176 1498 inclamavit.
1224 1441 1378 1497 Tunc
1421 1442 1710 1512 cpiscopus
1758 1439 1996 1496 reductis
2041 1453 2174 1495 con-

573 1533 757 1590 festini
808 1536 1060 1601 habenis,
1105 1536 1356 1606 quisnam
1401 1534 1491 1589 ille
1535 1543 1700 1597 esset,
1755 1533 1844 1587 vel
1887 1531 2016 1602 quid
2069 1529 2174 1586 sibi

573 1623 739 1679 vellet
767 1625 1079 1695 inquisivit.
1113 1623 1212 1681 Cui
1242 1626 1444 1681 dictum
1471 1632 1556 1680 est
1589 1639 1618 1678 a
1650 1623 1764 1677 suis
1788 1636 1923 1688 rem,
1951 1630 2011 1676 ut
2031 1629 2172 1684 erat,

572 1717 992 1785 agnoscentibus
1020 1735 1034 1772 :
1079 1736 1096 1769 ι
1122 1717 1238 1772 Non
1269 1725 1352 1772 est
1379 1725 1650 1778 vestrum,
1685 1712 1923 1778 domine,
1957 1713 2022 1767 de
2068 1711 2174 1767 isto

2273 524 2416 580 bene
2441 521 2586 578 scire
2615 520 2779 592 idque
2793 518 2918 590 jure
2944 518 3227 576 observari
3261 518 3471 576 debere
3502 522 3835 590 respondenti-

2273 609 2611 682 bus,adjecit
2637 610 2766 667 ille:
2803 629 2822 662 ι
2857 610 3078 666 Si'istud
3095 610 3270 675 scitis,
3286 610 3442 676 illud,
3468 610 3666 681 inquit,
3686 614 3834 670 nihils-

2271 704 2458 761 minus
2499 703 2647 760 scire
2677 702 2891 759 debetis
2915 703 3066 773 quia,
3099 701 3418 772 ubicunque
3459 701 3629 759 fuerit
3671 707 3834 776 episco-

2271 813 2374 870 pus
2405 811 2528 853 cum
2567 797 2730 854 simul
2757 797 3011 852 adunatis
3039 796 3245 854 Christi
3280 798 3559 865 fidelibus,
3598 799 3671 854 ibi
3703 810 3773 856 est
3794 813 3836 856 et

2273 887 2540 944 Ecclesia.
2593 887 2696 955 Qui
2734 887 2880 943 enim
2916 887 3231 943 materiales
3269 887 3485 959 lapides
3509 888 3832 946 ecclesiam

2274 979 2582 1036 ministerio
2605 979 2891 1035 consuevit
2918 979 3146 1036 Domino
3165 980 3456 1048 dedicare;
3483 981 3576 1051 qui
3593 989 3648 1037 et
3671 981 3833 1053 lapides

2273 1070 2449 1136 vivos,
2484 1085 2551 1127 ex
2581 1071 2780 1142 quibus
2802 1070 2987 1126 verius
3011 1080 3230 1127 constat
3255 1071 3528 1137 Ecclesia,
3547 1087 3645 1141 per
3661 1075 3832 1145 singula

2275 1170 2645 1228 sacramenta,
2678 1172 2738 1215 ut
2759 1160 3042 1216 Dominica
3070 1161 3274 1230 templa
3311 1175 3380 1215 ex
3401 1161 3488 1217 eis
3528 1161 3676 1229 ﬁant,
3704 1163 3832 1221 habet

2283 1254 2658 1319 sanctificare,
2687 1253 2812 1324 jure
2835 1254 3020 1321 debet,
3043 1253 3352 1323 ubicunque
3382 1252 3569 1315 fuerit,
3599 1253 3831 1321 dignitatis

2275 1346 2662 1404 ecclesiastica:
2703 1345 2991 1417 privilegio
3023 1345 3296 1418 gaudere,
3324 1353 3384 1400 et
3408 1344 3623 1401 cunctis
3660 1347 3831 1416 pericli-

2279 1437 2541 1502 tantibus,
2569 1436 2726 1508 juxta
2767 1435 2914 1491 illius
2955 1436 3268 1503 formulam,
3312 1437 3631 1492 subvenire.
3661 1457 3682 1490 ι
3713 1437 3830 1506 Quod

2268 1529 2484 1602 judices
2513 1529 2589 1584 illi
2611 1537 2898 1600 gratanter
2920 1528 3272 1600 accipientes,
3297 1530 3547 1600 antiquls
3568 1529 3720 1584 etiam
3743 1533 3829 1586 Δ·

2277 1623 2496 1695 glorum
2523 1621 2736 1692 legibus
2772 1622 2875 1678 hoc
2903 1622 3076 1691 ipsum
3108 1621 3416 1678 recolentes
3454 1621 3625 1696 fuisse
3653 1636 3832 1693 expres-

2277 1731 2424 1780 sum,
2454 1715 2550 1771 sed
2576 1728 2742 1781 nunc,
2773 1713 2859 1769 vel
2889 1712 3274 1769 modernorum
3297 1713 3624 1783 pontificum
3644 1715 3828 1782 desidis,

572 1805 724 1874 plura
753 1806 1196 1876 inquirere,qnio
1226 1806 1404 1876 potius
1425 1805 1587 1860 sinite
1613 1819 1758 1864 eum.
1796 1811 1852 1858 et
1875 1814 2160 1874 pertrans-
2189 1819 2233 1874 Β
2261 1808 2342 1866 vel
2384 1806 2674 1880 tyrannide
2705 1805 3010 1877 principum
3054 1819 3177 1861 esse
3219 1805 3486 1861 abolitum
3524 1806 3818 1862 asserebant.

571 1895 666 1950 ite.
720 1915 739 1947 ι
799 1896 1069 1952 Dicebant
1143 1897 1215 1952 ita
1272 1905 1576 1952 metuentes
1624 1911 1692 1951 nc
1743 1896 1895 1950 illum
1953 1896 2007 1950 iu
2082 1895 2165 1951 sui

569 1984 812 2040 omnium
858 1985 1160 2056 periculum
1206 1999 1374 2056 penes
1423 2001 1604 2057 regem
1658 1994 1898 2040 tentaret
1935 1985 2166 2054 eripere.

571 2073 679 2130 Sed
738 2075 856 2147 ipse
900 2090 967 2132 eo
1013 2077 1189 2147 magis
1217 2092 1439 2133 causam
1477 2077 1790 2146 inquirens,
1850 2077 2168 2132 miscricor-

569 2165 1192 2242 diam‘interpcllantis,
1223 2179 1283 2224 ut
1311 2185 1432 2224 eam
1484 2169 1698 2240 plenius
1745 2168 1987 2239 agnovit,
2035 2183 2168 2225 voce

567 2258 734 2314 alacri
761 2259 897 2315 dixit
926 2275 942 2316 :
979 2261 1107 2316 «Eia
1131 2261 1448 2316 benedictus
1482 2260 1625 2316 Deus
1649 2261 1696 2314 ει
1729 2259 1882 2314 Tunc
1905 2259 1983 2314 ait
2012 2259 2170 2314 mini-

569 2352 724 2418 stris,
746 2354 840 2424 qui
866 2369 990 2410 eum
1015 2353 1359 2410 deducebant
1387 2353 1454 2408 ad
1474 2351 1826 2422 suspendium
1857 2369 1871 2406 :
1903 2369 1922 2403 ι
1951 2351 2164 2417 Redite,

567 2442 692 2508 filii,
731 2445 1015 2501 nobiscum
1067 2445 1122 2500 in
1153 2445 1336 2500 villam
1383 2453 1437 2498 et
1481 2443 1763 2500 nobiscum
1795 2443 1944 2499 illum
1980 2443 2166 2498 dimit-

570 2542 772 2599 tentes,
801 2535 1098 2605 majoribus
1123 2535 1323 2592 vestris
1349 2533 1698 2603 etjudicibus
1731 2549 1828 2590 nos
1853 2549 1977 2591 eum
2013 2533 2166 2589 vobis

567 2623 859 2682 abstulisse
904 2624 1228 2680 renuntiate.
1262 2623 1371 2679 Nos
1396 2623 1540 2678 enim
1584 2636 1681 2678 vos
1719 2636 1944 2679 securos
1995 2621 2167 2678 facie-

569 2730 715 2772 mus.
753 2734 774 2768 i
806 2714 910 2782 Qui
947 2716 1202 2772 resistere
1231 2729 1338 2771 non
1368 2714 1510 2781 ausi,
1547 2714 1823 2773 hominem
1865 2714 1915 2769 ei
1945 2714 2166 2770 dimise-

564 2817 719 2864 runt.
749 2807 922 2876 Quem
953 2807 1047 2864 ille
1082 2823 1206 2864 mox
1250 2808 1488 2864 solutum
1529 2821 1560 2862 a
1588 2806 1824 2864 vinculis
1853 2806 2162 2878 eleemosy-

567 2899 727 2954 nario
753 2913 854 2956 suo
874 2898 1295 2955 commendavit.

607 2985 742 3063 ,Qui
806 2997 869 3045 ut
932 2988 1229 3061 hospitium
1271 2997 1356 3044 est
1422 2988 1719 3060 ingressus,
1777 2985 2163 3042 convenientes

565 3078 638 3136 ad
698 3094 824 3136 eum
883 3078 1070 3136 clerici
1145 3080 1228 3136 sui
1287 3079 1524 3135 miistri
1546 3117 1564 3145 ,
1637 3079 1931 3134 monebant
2003 3076 2156 3132 illum

2281 1900 2484 1958 Habito
2508 1910 2689 1955 tamen
2719 1914 2884 1964 super
2916 1899 3019 1954 hoc
3039 1899 3108 1953 ad
3134 1898 3371 1956 invicem
3408 1907 3666 1964 tractatu,
3704 1899 3832 1956 literni

2269 1999 2400 2047 sunt
2427 1991 2477 2046 ei
2513 1991 2564 2044 in
2590 1990 2730 2044 hanc
2760 1987 3014 2043 formam:
3055 2005 3076 2040 ι
3107 1987 3358 2053 Domine,
3391 1988 3665 2059 inquiunt,
3693 1989 3831 2045 ﬁliiet

2269 2082 2596 2157 parochiani
2622 2081 2790 2137 vestri
2819 2094 3012 2147 sumus
3055 2079 3229 2150 (232),
3255 2094 3468 2150 vosque
3491 2079 3654 2146 Pater
3677 2091 3726 2134 et
3756 2097 3830 2152 pa-

2267 2185 2384 2233 stor
2431 2183 2621 2232 noster
2643 2173 2798 2229 estis.
2831 2171 2945 2228 Nec
2978 2171 3146 2242 igitur
3187 2179 3382 2227 contra
3408 2170 3738 2242 privilegium
3763 2187 3831 2227 re.

2267 2277 2446 2326 strum
2477 2267 2667 2323 venire
2687 2265 2772 2322 vel
2799 2265 3078 2335 disputare
3103 2272 3351 2319 nostrum
3376 2272 3488 2330 est,
3535 2279 3636 2320 nec
3657 2266 3764 2328 erit,
3794 2267 3828 2322 si

2264 2361 2482 2434 placet,
2525 2366 2806 2424 vestrum,
2872 2357 2927 2412 in
2997 2357 3168 2413 nostri
3237 2355 3548 2426 periculum
3595 2357 3831 2428 quidpiam

2266 2459 2564 2506 attentare.
2608 2446 2869 2509 Proinde,
2915 2446 2958 2500 si
3005 2445 3168 2501 istum
3211 2445 3483 2512 liberatis,
3520 2460 3620 2500 nos
3647 2445 3833 2500 minime

2267 2541 2623 2606 resistemus;
2659 2538 2756 2595 sed
2784 2537 2960 2603 vobis,
2991 2537 3035 2594 si
3064 2537 3265 2608 placet,
3304 2553 3374 2594 ne
3412 2553 3548 2609 erga
3595 2539 3833 2594 dominus:

2266 2640 2517 2688 nostrum
2557 2643 2744 2700 regem
2771 2625 3175 2698 periclitemur,
3224 2629 3674 2700 prospiciendum
3694 2629 3832 2684 relin-

2265 2724 2503 2795 quimus.
2532 2739 2554 2775 ι
2587 2721 2742 2777 Tunc
2769 2719 2861 2776 ille
2892 2736 2907 2774 :
2946 2738 2965 2771 ι
2999 2718 3151 2774 Bene
3197 2719 3396 2789 inquit,
3426 2727 3486 2773 et
3522 2728 3670 2774 recte
3705 2718 3835 2777 locuti

2262 2812 2419 2870 estis.
2474 2811 2588 2883 Ego
2635 2809 2806 2881 igitur
2843 2808 2914 2864 de
2961 2809 3215 2865 manibus
3258 2808 3464 2866 vestris
3511 2808 3664 2863 illum
3707 2809 3836 2874 tollo;

2262 2919 2367 2977 pro
2407 2917 2517 2973 qua
2567 2899 2828 2956 violentia
2871 2913 2972 2972 ego
3011 2901 3374 2971 respondebo,
3435 2900 3533 2956 ubi
3579 2900 3840 2970 oportebit,

2265 2992 2620 3051 sufﬁcienter.
2661 3011 2680 3045 ι
2714 2991 2806 3048 Sic
2829 3006 2960 3050 reus
2987 2992 3170 3049 locum
3202 2992 3462 3064 supplicii
3493 2992 3653 3050 latus
3673 2994 3840 3057 evasit,

2265 3086 2514 3156 liberque
2571 3083 2884 3140 Londonias
2910 3099 3034 3142 cum
3063 3084 3327 3156 episcopo
3357 3085 3534 3153 venit,
3563 3093 3623 3141 et
3652 3084 3841 3149 ddadr,

565 3169 863 3227 instantius
919 3178 978 3226 et
1022 3170 1324 3227 exorabant
1349 3177 1640 3240 .quatenus
1689 3167 2035 3238 permitteret
2072 3165 2162 3234 ju-
2186 3183 2230 3244 ο
2261 3191 2371 3250 quo
2390 3175 2570 3244 libuit,
2604 3174 2876 3230 indemnis
2903 3174 3094 3230 abivit.

566 3261 716 3319 dices
761 3262 906 3334 quod
963 3262 1050 3317 sui
1097 3271 1245 3319 esset
1292 3260 1453 3319 oﬂieii
1505 3260 1728 3330 exsequi
1777 3259 1926 3316 circa
1978 3274 2153 3315 reum.

569 3351 837 3410 Dicebant
862 3367 1100 3424 namque
1127 3370 1140 3408 :
1175 3351 1498 3420 «Hactenus,
1531 3352 1772 3416 domine,
1803 3350 2004 3406 nullam
2026 3365 2154 3406 con-

570 3450 658 3510 tra
685 3457 806 3508 nos,
836 3442 950 3499 sive
982 3457 1099 3510 rex,
1127 3442 1242 3499 sive
1268 3442 1407 3498 alius
1447 3441 1590 3514 quis,
1618 3441 1710 3510 qui
1743 3441 1895 3496 vobis
1924 3439 2156 3496 insidia-

571 3541 682 3600 tur,
723 3543 819 3590 aut
848 3533 1054 3603 justam
1097 3543 1192 3590 aut
1226 3534 1388 3605 justas
1425 3532 1657 3588 similem
1702 3531 1880 3604 potuit
1914 3531 2158 3602 reperire

573 3609 816 3678 causam.
849 3624 907 3678 Si
934 3639 1064 3680 vero
1085 3624 1412 3680 sententiam
1434 3622 1730 3678 forensium
1755 3620 2018 3690 judicum,
2043 3620 2156 3690 jam

567 3711 736 3768 latam
772 3723 828 3769 et
874 3713 986 3782 jam
1028 3713 1362 3769 exsccutioni
1395 3713 1799 3777 demandatum,
1840 3719 2021 3767 vestra
2049 3710 2153 3766 duc

568 3804 761 3860 seritis
812 3805 1136 3860 auctoritate
1189 3803 1488 3875 pontificali
1541 3803 1896 3868 irritandam,
1947 3801 2158 3858 dicetur

565 3894 637 3951 ab
677 3895 888 3952 mulis
909 3895 1052 3966 quod
1100 3895 1154 3951 in
1185 3895 1356 3966 ipsam
1404 3894 1546 3966 regis
1572 3908 1830 3950 coronam
1859 3891 2147 3962 delinque-

563 3984 707 4053 ritis,
733 3994 788 4043 et
821 3986 978 4058 quasi
1021 3987 1076 4042 in
1123 3995 1334 4042 reatum
1376 3985 1678 4042 incideritis
1723 3985 1863 4040 laesae
1903 3983 2160 4054 majesta-

561 4077 658 4134 tis.
692 4097 710 4131 ι
749 4078 958 4147 Quibus
1013 4078 1143 4134 ille:
1183 4097 1202 4131 ‹
1239 4076 1395 4143 Novi,
1451 4077 1644 4148 inquit,
1696 4074 2160 4148 magnanimitatis

561 4181 761 4245 vestra:
782 4172 1187 4230 confidentiam.
1220 4171 1328 4228 Sed
1357 4181 1709 4226 accersantur
1735 4169 1801 4224 ad
1822 4183 1922 4224 nos
1951 4168 2058 4224 huc
2073 4165 2163 4237 ju-

563 4264 714 4332 dices
753 4264 841 4320 isti
873 4264 1013 4336 (jam
1043 4265 1190 4320 enim
1222 4263 1355 4319 foris
1399 4263 1628 4318 aderant
1667 4269 1977 4331 quzerentes
1999 4259 2049 4315 ei
2077 4259 2159 4316 lo-

564 4355 692 4427 qui)
734 4363 791 4410 et
843 4356 1098 4423 audietis,
1155 4357 1349 4426 inquit,
1383 4354 1602 4410 illorum
1647 4367 1950 4420 sermones,
1979 4361 2036 4408 et
2059 4366 2159 4408 uo-

561 4458 727 4516 stros.
766 4466 786 4501 ι
819 4447 1028 4517 Quibus
1067 4448 1136 4504 ad
1193 4463 1349 4504 suum
1402 4460 1720 4503 consessum
1771 4444 2042 4508 admissis,
2080 4442 2162 4499 sic

2330 3265 2635 3337 Episcopus
2689 3274 2877 3318 autem
2950 3262 3018 3318 ad
3081 3275 3340 3334 proceres
3360 3303 3377 3329 ,
3423 3263 3575 3335 regis
3625 3276 3839 3319 scaeam

2258 3360 2411 3432 (253)
2439 3359 2798 3432 prasidentes
2839 3357 3110 3426 accessit,
3158 3371 3386 3429 eosque,
3425 3367 3487 3413 ut
3527 3357 3837 3422 indenuitstt

2259 3453 2544 3519 Ecclesiae,
2577 3451 2680 3508 sub
2707 3449 2950 3522 ejusdem
2985 3450 3290 3522 praesertim
3325 3450 3611 3515 absentia,
3639 3449 3840 3520 benigne

2249 3543 2678 3616 prospicerent,
2727 3540 3091 3597 amicabiliter
3130 3540 3407 3596 exoravit.
3452 3538 3558 3607 Qui
3629 3541 3682 3595 ei
3707 3552 3838 3595 reve-

2261 3644 2449 3692 reuter
2474 3641 2844 3705 assurgentes,
2872 3641 2949 3699 et,
2971 3633 3115 3703 quod
3142 3632 3401 3702 petierat,
3423 3631 3841 3702 obtemperanter

2263 3742 2323 3785 se.
2379 3727 2630 3783 facturos
2675 3726 3025 3798 pollicentes,
3079 3724 3464 3795 compulerunt
3511 3739 3638 3779 eum
3684 3723 3840 3778 multis

2262 3820 2548 3891 precibus,
2591 3827 2653 3874 ut
2697 3833 2883 3875 secum
2945 3817 3032 3873 vel
3078 3819 3145 3874 ad
3174 3829 3514 3873 momentum
3581 3816 3840 3872 resideret.

2263 3909 2474 3976 Quibus
2504 3909 2598 3964 ille
2627 3908 2718 3963 vix
2755 3909 3139 3978 acquiescens,
3166 3908 3308 3964 sedit
3336 3907 3583 3964 tandem.
3618 3907 3762 3964 Unde
3779 3906 3840 3961 illi

2262 4001 2554 4058 exhilarati
2585 4019 2599 4057 :
2636 4020 2656 4054 ‹
2693 4000 2836 4067 Jam,
2879 4001 3153 4072 inquiunt,
3189 4000 3602 4068 triumpltaliter
3627 3999 3841 4070 gaudere

2261 4093 2584 4160 valebimus,
2612 4094 2704 4165 qui
2730 4094 2873 4149 diem
2911 4093 3169 4160 vidimus,
3202 4107 3315 4164 quo
3365 4093 3436 4146 ad
3477 4093 3628 4163 regis
3675 4106 3840 4147 scaea-

2263 4184 2410 4240 rium
2455 4183 2863 4240 Lincolniensis
2907 4184 3050 4240 sedit
3092 4182 3404 4252 episcopus.
3435 4201 3456 4235 ι
3507 4181 3592 4237 Ad
3623 4179 3839 4244 liocille,

2263 4276 2444 4333 locum
2479 4277 2842 4342 erubescens,
2891 4274 3152 4331 continuo
3181 4273 3457 4339 surrexit,
3510 4273 3840 4343 osculumque

2263 4366 2518 4438 porrexit
2543 4367 2844 4432 universis,
2871 4366 3059 4422 dicens
3084 4381 3099 4418 :
3135 4383 3156 4417 ι
3183 4363 3331 4432 1am,
3357 4364 3561 4434 inquit,
3596 4373 3656 4420 et
3675 4363 3841 4435 egode

2264 4459 2424 4515 vobis
2455 4456 2826 4530 triumphabo.
2856 4457 2914 4513 Si
2942 4465 3068 4528 post
3093 4456 3322 4513 libatum
3349 4455 3503 4528 pacis
3533 4454 3771 4511 osculum
3797 4453 3838 4506 iu

559 4538 640 4594 eis
667 4547 752 4596 est
769 4539 1023 4597 locutus:
1055 4558 1076 4592 ‹
1104 4539 1312 4605 Nostis,
1339 4553 1374 4594 o
1399 4537 1501 4593 viri
1527 4537 1842 4609 prudentes,
1869 4536 2012 4591 hanc
2035 4549 2164 4591 san-
2192 4541 2245 4605 ι)
2269 4549 2572 4607 Ecclesiam
2599 4563 2778 4606 meam
2804 4549 3100 4620 quidquam
3143 4547 3483 4602 admiseritis
3510 4547 3691 4602 minus
3715 4544 3840 4616 paci.

559 4625 662 4688 cla:
697 4633 892 4689 matris
919 4632 1175 4688 Ecclesia:
1198 4632 1398 4703 ubique
1427 4639 1697 4686 terrarum
1738 4626 2152 4699 prmrogativam

556 4739 704 4792 esse,
719 4733 778 4780 ut
797 4723 1165 4796 cujuscunque
1189 4723 1487 4796 periculum
1510 4721 1911 4780 declinantibus
1931 4723 2151 4778 damna-

559 4814 724 4870 tionis
753 4821 810 4869 et
837 4815 904 4870 ad
925 4829 1049 4870 eam
1073 4813 1384 4886 confugium
1425 4812 1770 4880 facientibus,
1798 4811 2148 4868 securitatem

632 4925 780 4998 (2290)
819 4927 904 4998 De,
924 4943 1033 4998 quo
1062 4927 1260 4998 dictum
1286 4941 1450 4998 supra
1480 4942 1599 4998 cap.
1627 4925 1683 4982 9.

631 4995 779 5067 (231)
818 4995 1044 5053 Celebre
1061 4997 1186 5052 olim
1220 4995 1630 5064 monasterium,
1661 4997 1727 5054 de
1757 5011 1865 5066 quo
1895 4995 2048 5067 plura
2086 4996 2140 5051 in

557 5064 855 5125 Mo'uastico
887 5069 1184 5138 Anglicano
1213 5079 1344 5124 tom.
1374 5069 1426 5136 Ι,
1458 5084 1511 5138 p.
1545 5068 1668 5132 Hii,
1697 5076 1753 5123 et
1778 5064 2144 5138 Mahillonius,

560 5145 691 5190 tom.
723 5138 796 5209 llr,
825 5136 1019 5209 Annal.
1054 5155 1108 5209 p.
1134 5139 1260 5203 298,
1304 5148 1360 5194 et
1394 5136 1529 5194 tom.
1569 5137 1660 5209 ιν,
1700 5153 1754 5208 p.
1786 5137 1909 5209 672.
1953 5136 2148 5205 8υ1›]ε-

557 5215 704 5280 etutn
744 5208 884 5280 illud
900 5207 1039 5280 olim,
1055 5207 1228 5280 fuisse
1259 5208 1593 5280 episcopatui
1635 5207 2000 5280 Liiicolnicusi
2032 5213 2147 5262 col-

555 5275 748 5363 ligitur
765 5294 834 5335 ex
857 5278 1081 5363 Ciraldo
1109 5275 1428 5363 Cambrensi
1447 5275 1510 5363 in
1527 5278 1719 5363 A-nglia
1740 5287 2064 5363 saera_part_.
2085 5294 2144 5343 ιι,

557 5347 621 5417 νζ
643 5347 771 5418 H7,
823 5350 914 5406 ubi
958 5351 1074 5406 haec
1121 5351 1310 5406 scribit
1353 5352 1421 5406 de
1470 5347 1711 5406 Roberto
1753 5351 1818 5405 de
1858 5347 2090 5404 Clieinto
2125 5367 2140 5404 :

560 5435 583 5502 ε
616 5418 748 5502 Item
784 5420 1046 5502 Sanctum
1084 5421 1350 5502 Albanum
1391 5421 1591 5502 amisit,
1612 5436 1742 5502 eum
1781 5425 2143 5502 tamentanta

557 5486 928 5547 familiaritate
975 5491 1366 5547 monasterium
1417 5491 1547 5546 illud
1611 5490 1870 5545 Ecclesia:
1922 5489 2136 5544 Lincol-

555 5560 728 5617 niensi
755 5562 1008 5632 junctum
1038 5561 1261 5626 fuisset,
1291 5563 1432 5632 quod
1468 5561 1692 5632 abhatcs
1732 5560 1973 5632 ejusdem
2025 5560 2140 5632 plc-

555 5632 710 5700 rique
744 5630 797 5687 in
844 5632 1086 5688 Ecclesia
1123 5630 1487 5688 Lincolniensi
1541 5631 1872 5701 praehendati
1915 5630 2140 5686 exstite-

556 5711 701 5762 rant,
735 5723 752 5754 ι
781 5713 886 5757 etc.

627 5773 775 5842 (252i
817 5774 891 5828 Ex
917 5773 1022 5830 hoc
1049 5773 1168 5830 loco
1197 5771 1374 5843 colligi
1401 5772 1562 5828 datur
1591 5785 1686 5828 eos
1714 5771 1805 5843 qui
1837 5772 1889 5827 in
1923 5769 2142 5826 territo-

2255 4638 2446 4696 ﬂcum.
2481 4657 2501 4692 ι
2535 4637 2692 4706 Quod
2731 4636 2938 4693 factum
2971 4645 3026 4692 et
3062 4635 3268 4692 dictum
3300 4635 3378 4691 illi
3422 4635 3654 4690 nimium
3689 4633 3840 4698 admi-

2257 4730 2385 4796 rati,
2415 4737 2604 4785 mutuo
2625 4729 3022 4798 loquebantur:
3055 4749 3074 4782 ι
3106 4728 3151 4786 Ο
3180 4727 3488 4783 mirabilem
3516 4726 3840 4797 prodendam

2254 4823 2358 4876 viri
2409 4818 2600 4889 hujusl
2641 4820 2782 4876 Ecce
2809 4835 2974 4890 quam
3013 4820 3081 4876 de
3131 4818 3276 4875 facili
3328 4818 3646 4888 praescribit
3680 4815 3836 4880 nobis,

2254 4933 2338 4988 rio
2365 4931 2426 4988 S.
2455 4931 2648 4988 Albani
2681 4940 2838 4988 erant
2871 4931 3052 4986 adhuc
3096 4928 3440 4984 remansisse
3483 4926 3588 4983 sub
3627 4941 3751 4981 cura
3793 4932 3839 4977 et

2254 5002 2480 5062 dioecesi
2519 5003 2762 5074 episcopi
2799 5000 3216 5064 Lincolniensis,
3255 5013 3420 5070 quem
3457 5007 3520 5054 ut
3553 4997 3766 5052 Patrem
3790 5003 3839 5048 et

2251 5084 2560 5147 pastorem_
2573 5074 2998 5147 venerabantur.

2325 5146 2475 5225 (233.)
2520 5144 2651 5226 Era}
2686 5143 2816 5226 illud
2846 5158 2923 5226 ,ρο
2963 5152 3203 5226 tempore
3245 5137 3835 5226 apudﬂWestmouastc-

2251 5206 2392 5272 riu‘m
2433 5206 2590 5282 juxta
2617 5214 2945 5282 Londonias,
2989 5206 3086 5268 sed
3127 5225 3236 5266 non
3280 5206 3442 5278 longe
3475 5219 3598 5279 post
3625 5206 3832 5262 transi:-

2247 5296 2363 5340 tum
2413 5283 2915 5348 Northamtoniam,
2975 5285 3118 5338 sicut
3168 5280 3406 5336 refertur
3460 5281 3516 5334 in
3570 5278 3830 5348 Chronico

2251 5355 2480 5412 Trivetti
2524 5355 2591 5408 ad
2632 5369 2836 5409 annum
2871 5347 3032 5409 {209.
3075 5352 3340 5408 Cancrum
3393 5353 3694 5405 scutarium
3729 5347 3830 5400 An—

2291 5426 2357 5482 lis
2398 5425 2598 5482 dicitur
2643 5425 2818 5489 curia,
2873 5425 2926 5480 in
2965 5439 3070 5495 qua
3125 5437 3212 5495 res
3257 5419 3389 5495 fisci
3415 5426 3827 5495 pertractautor.

2279 5490 2448 5551 isdem
2477 5509 2575 5567 pro
2600 5495 2717 5565 ipso
2744 5497 2877 5567 fisco
2910 5490 3006 5550 seu
3041 5491 3430 5567 aerariouregio
3459 5490 3725 5567 interdum
3751 5502 3829 5567 su-

2251 5568 2438 5629 mitur,
2472 5556 2635 5636 quod
2654 5565 2910 5621 marium
2946 5565 3089 5636 regis
3117 5561 3324 5633 Anglia;
3344 5556 3432 5618 'in
3480 5561 3670 5636 eadem

2246 5639 2336 5692 ubi
2358 5626 2568 5707 judic'es
2591 5637 2818 5692 scacarii
2842 5626 3146 5700 consident,
3172 5626 3507 5689 assentetur.
3535 5627 3667 5686 Vide
3687 5626 3819 5683 Glos-

2246 5709 2451 5764 sarium
2475 5707 2664 5780 Caugii
2701 5707 2754 5762 in
2787 5707 2892 5762 hac
2922 5719 3076 5760 voce.
