  <div class='ocr_page' id='page_1' title='image "/cluster/home/n/w/nwhite01/storage/ocr_20150623/153/hvd.32044015473812/536.png"; bbox 0 0 3962 6394; ppageno 0'>
   <div class='ocr_carea' id='block_1_1' title="bbox 196 345 332 404">
    <p class='ocr_par' dir='ltr' id='par_1_1' title="bbox 196 345 332 404">
     <span class='ocr_line' id='line_1_1' title="bbox 196 345 332 404; baseline 0.015 -2"><span class='ocrx_word' id='word_1_1' title='bbox 196 345 332 404; x_wconf 78' lang='grc' dir='ltr'><strong>ιωι</strong></span> 
     </span>
    </p>
   </div>
   <div class='ocr_carea' id='block_1_2' title="bbox 1545 339 2104 401">
    <p class='ocr_par' dir='ltr' id='par_1_2' title="bbox 1545 339 2104 401">
     <span class='ocr_line' id='line_1_2' title="bbox 1545 339 2104 401; baseline 0.002 -1"><span class='ocrx_word' id='word_1_2' title='bbox 1545 339 2104 401; x_wconf 48' lang='lat' dir='ltr'><strong>vra—unm.</strong></span> 
     </span>
    </p>
   </div>
   <div class='ocr_carea' id='block_1_3' title="bbox 3321 352 3467 418">
    <p class='ocr_par' dir='ltr' id='par_1_3' title="bbox 3321 352 3467 418">
     <span class='ocr_line' id='line_1_3' title="bbox 3321 352 3467 418; baseline 0.034 -5"><span class='ocrx_word' id='word_1_3' title='bbox 3321 352 3467 418; x_wconf 59' lang='lat'><strong>£063</strong></span> 
     </span>
    </p>
   </div>
   <div class='ocr_carea' id='block_1_4' title="bbox 195 451 3476 530">
    <p class='ocr_par' dir='ltr' id='par_1_4' title="bbox 195 451 3476 530">
     <span class='ocr_line' id='line_1_4' title="bbox 195 451 3476 530; baseline 0.001 -16"><span class='ocrx_word' id='word_1_4' title='bbox 195 468 257 514; x_wconf 80' lang='lat' dir='ltr'><strong>ut</strong></span> <span class='ocrx_word' id='word_1_5' title='bbox 285 470 463 525; x_wconf 78' lang='lat' dir='ltr'><strong>neque</strong></span> <span class='ocrx_word' id='word_1_6' title='bbox 499 453 645 526; x_wconf 74' lang='lat' dir='ltr'><strong>iussi</strong></span> <span class='ocrx_word' id='word_1_7' title='bbox 667 470 700 511; x_wconf 88' lang='lat' dir='ltr'><strong>a</strong></span> <span class='ocrx_word' id='word_1_8' title='bbox 729 467 857 527; x_wconf 83' lang='lat' dir='ltr'><strong>rege</strong></span> <span class='ocrx_word' id='word_1_9' title='bbox 881 452 1004 510; x_wconf 77' lang='lat' dir='ltr'><strong>sine</strong></span> <span class='ocrx_word' id='word_1_10' title='bbox 1036 464 1238 526; x_wconf 80' lang='lat' dir='ltr'><strong>magno</strong></span> <span class='ocrx_word' id='word_1_11' title='bbox 1285 451 1552 509; x_wconf 75' lang='lat' dir='ltr'><strong>dedecore</strong></span> <span class='ocrx_word' id='word_1_12' title='bbox 1589 453 1642 509; x_wconf 88' lang='lat' dir='ltr'><strong>ei</strong></span> <span class='ocrx_word' id='word_1_13' title='bbox 1691 453 1863 521; x_wconf 67' lang='lat' dir='ltr'><strong>de-‘A</strong></span> <span class='ocrx_word' id='word_1_14' title='bbox 1894 469 2146 522; x_wconf 88' lang='lat' dir='ltr'><strong>rescens,</strong></span> <span class='ocrx_word' id='word_1_15' title='bbox 2175 454 2405 514; x_wconf 74' lang='lat' dir='ltr'><strong>discessi</strong></span> <span class='ocrx_word' id='word_1_16' title='bbox 2429 471 2462 512; x_wconf 86' lang='lat' dir='ltr'><strong>a</strong></span> <span class='ocrx_word' id='word_1_17' title='bbox 2489 456 2654 514; x_wconf 88' lang='lat' dir='ltr'><strong>domo</strong></span> <span class='ocrx_word' id='word_1_18' title='bbox 2687 458 2970 530; x_wconf 72' lang='lat' dir='ltr'><strong>genitricis</strong></span> <span class='ocrx_word' id='word_1_19' title='bbox 3011 477 3143 522; x_wconf 78' lang='lat' dir='ltr'><strong>meae</strong></span> <span class='ocrx_word' id='word_1_20' title='bbox 3181 464 3428 525; x_wconf 90' lang='lat' dir='ltr'><strong>clanculo</strong></span> <span class='ocrx_word' id='word_1_21' title='bbox 3453 491 3476 518; x_wconf 66' lang='grc' dir='ltr'><strong>ο</strong></span> 
     </span>
    </p>
   </div>
   <div class='ocr_carea' id='block_1_5' title="bbox 194 541 1782 615">
    <p class='ocr_par' dir='ltr' id='par_1_5' title="bbox 194 541 1782 615">
     <span class='ocr_line' id='line_1_5' title="bbox 194 541 1782 615; baseline -0.003 -9"><span class='ocrx_word' id='word_1_22' title='bbox 194 551 421 606; x_wconf 78' lang='lat' dir='ltr'><strong>beamus</strong></span> <span class='ocrx_word' id='word_1_23' title='bbox 456 548 671 605; x_wconf 80' lang='lat' dir='ltr'><strong>molesti</strong></span> <span class='ocrx_word' id='word_1_24' title='bbox 718 547 1010 604; x_wconf 63' lang='lat' dir='ltr'><strong>existerea</strong></span> <span class='ocrx_word' id='word_1_25' title='bbox 1029 545 1239 615; x_wconf 84' lang='lat' dir='ltr'><strong>Quibus</strong></span> <span class='ocrx_word' id='word_1_26' title='bbox 1277 541 1370 600; x_wconf 90' lang='lat' dir='ltr'><strong>ille</strong></span> <span class='ocrx_word' id='word_1_27' title='bbox 1403 543 1782 602; x_wconf 87' lang='lat' dir='ltr'><strong>benedictione</strong></span> 
     </span>
    </p>
   </div>
   <div class='ocr_carea' id='block_1_6' title="bbox 193 638 1784 714">
    <p class='ocr_par' dir='ltr' id='par_1_6' title="bbox 193 638 1784 714">
     <span class='ocr_line' id='line_1_6' title="bbox 193 638 1784 714; baseline -0.003 -14"><span class='ocrx_word' id='word_1_28' title='bbox 193 645 322 700; x_wconf 84' lang='lat' dir='ltr'><strong>data</strong></span> <span class='ocrx_word' id='word_1_29' title='bbox 349 642 602 708; x_wconf 82' lang='lat' dir='ltr'><strong>recessit,</strong></span> <span class='ocrx_word' id='word_1_30' title='bbox 627 650 688 697; x_wconf 87' lang='lat' dir='ltr'><strong>et</strong></span> <span class='ocrx_word' id='word_1_31' title='bbox 713 655 898 714; x_wconf 85' lang='lat' dir='ltr'><strong>regem</strong></span> <span class='ocrx_word' id='word_1_32' title='bbox 941 639 1096 697; x_wconf 85' lang='lat' dir='ltr'><strong>adire</strong></span> <span class='ocrx_word' id='word_1_33' title='bbox 1140 638 1458 710; x_wconf 81' lang='lat' dir='ltr'><strong>disponens,</strong></span> <span class='ocrx_word' id='word_1_34' title='bbox 1503 646 1629 710; x_wconf 86' lang='lat' dir='ltr'><strong>post</strong></span> <span class='ocrx_word' id='word_1_35' title='bbox 1665 638 1784 696; x_wconf 68' lang='lat' dir='ltr'><strong>haec</strong></span> 
     </span>
    </p>
   </div>
   <div class='ocr_carea' id='block_1_7' title="bbox 193 729 1321 794">
    <p class='ocr_par' dir='ltr' id='par_1_7' title="bbox 193 729 1321 794">
     <span class='ocr_line' id='line_1_7' title="bbox 193 729 1321 794; baseline -0.006 0"><span class='ocrx_word' id='word_1_36' title='bbox 193 735 361 794; x_wconf 82' lang='lat' dir='ltr'><strong>citius</strong></span> <span class='ocrx_word' id='word_1_37' title='bbox 378 734 434 788; x_wconf 91' lang='lat' dir='ltr'><strong>in</strong></span> <span class='ocrx_word' id='word_1_38' title='bbox 459 732 908 790; x_wconf 81' lang='lat' dir='ltr'><strong>Northmanniam</strong></span> <span class='ocrx_word' id='word_1_39' title='bbox 929 729 1321 787; x_wconf 81' lang='lat' dir='ltr'><strong>transfretavit.</strong></span> 
     </span>
    </p>
   </div>
   <div class='ocr_carea' id='block_1_8' title="bbox 780 823 1190 882">
    <p class='ocr_par' dir='ltr' id='par_1_8' title="bbox 780 823 1190 882">
     <span class='ocr_line' id='line_1_8' title="bbox 780 823 1190 882; baseline -0.005 0"><span class='ocrx_word' id='word_1_40' title='bbox 780 823 1010 882; x_wconf 80' lang='lat' dir='ltr'><strong>CAPUT</strong></span> <span class='ocrx_word' id='word_1_41' title='bbox 1048 825 1190 882; x_wconf 81' lang='lat' dir='ltr'><strong>XIV.</strong></span> 
     </span>
    </p>
   </div>
   <div class='ocr_carea' id='block_1_9' title="bbox 193 917 1784 991">
    <p class='ocr_par' dir='ltr' id='par_1_9' title="bbox 193 917 1784 991">
     <span class='ocr_line' id='line_1_9' title="bbox 193 917 1784 991; baseline 0 -18"><span class='ocrx_word' id='word_1_42' title='bbox 193 917 273 985; x_wconf 75' lang='lat' dir='ltr'><strong>De</strong></span> <span class='ocrx_word' id='word_1_43' title='bbox 301 921 514 991; x_wconf 76' lang='lat' dir='ltr'><strong>juvene,</strong></span> <span class='ocrx_word' id='word_1_44' title='bbox 549 936 704 991; x_wconf 82' lang='lat' dir='ltr'><strong>quem</strong></span> <span class='ocrx_word' id='word_1_45' title='bbox 729 919 876 990; x_wconf 81' lang='lat' dir='ltr'><strong>apud</strong></span> <span class='ocrx_word' id='word_1_46' title='bbox 913 917 1092 991; x_wconf 76' lang='lat' dir='ltr'><strong>urbem</strong></span> <span class='ocrx_word' id='word_1_47' title='bbox 1126 917 1424 991; x_wconf 66' lang='lat' dir='ltr'><strong>Romanasne</strong></span> <span class='ocrx_word' id='word_1_48' title='bbox 1450 917 1784 986; x_wconf 80' lang='lat' dir='ltr'><strong>desperatum</strong></span> 
     </span>
    </p>
   </div>
   <div class='ocr_carea' id='block_1_10' title="bbox 264 989 1782 1060">
    <p class='ocr_par' dir='ltr' id='par_1_10' title="bbox 264 989 1782 1060">
     <span class='ocr_line' id='line_1_10' title="bbox 264 989 1782 1060; baseline -0.003 -15"><span class='ocrx_word' id='word_1_49' title='bbox 264 989 482 1055; x_wconf 69' lang='lat' dir='ltr'><strong>invenit,</strong></span> <span class='ocrx_word' id='word_1_50' title='bbox 511 989 665 1060; x_wconf 74' lang='lat' dir='ltr'><strong>cujus</strong></span> <span class='ocrx_word' id='word_1_51' title='bbox 710 989 1038 1058; x_wconf 71' lang='lat' dir='ltr'><strong>postmodum</strong></span> <span class='ocrx_word' id='word_1_52' title='bbox 1080 989 1394 1060; x_wconf 65' lang='lat' dir='ltr'><strong>computruit</strong></span> <span class='ocrx_word' id='word_1_53' title='bbox 1459 1004 1584 1042; x_wconf 88' lang='lat' dir='ltr'><strong>cara</strong></span> <span class='ocrx_word' id='word_1_54' title='bbox 1633 1004 1782 1060; x_wconf 76' lang='lat' dir='ltr'><strong>secus</strong></span> 
     </span>
    </p>
   </div>
   <div class='ocr_carea' id='block_1_11' title="bbox 261 1056 1784 1131">
    <p class='ocr_par' dir='ltr' id='par_1_11' title="bbox 261 1056 1784 1131">
     <span class='ocr_line' id='line_1_11' title="bbox 261 1056 1784 1131; baseline -0.003 -17"><span class='ocrx_word' id='word_1_55' title='bbox 261 1070 540 1130; x_wconf 69' lang='lat' dir='ltr'><strong>utrumque</strong></span> <span class='ocrx_word' id='word_1_56' title='bbox 562 1056 752 1131; x_wconf 71' lang='lat' dir='ltr'><strong>femur,</strong></span> <span class='ocrx_word' id='word_1_57' title='bbox 784 1061 873 1130; x_wconf 80' lang='lat' dir='ltr'><strong>qui</strong></span> <span class='ocrx_word' id='word_1_58' title='bbox 897 1075 990 1127; x_wconf 85' lang='lat' dir='ltr'><strong>per</strong></span> <span class='ocrx_word' id='word_1_59' title='bbox 1027 1056 1261 1112; x_wconf 74' lang='lat' dir='ltr'><strong>nostrum</strong></span> <span class='ocrx_word' id='word_1_60' title='bbox 1297 1056 1567 1131; x_wconf 66' lang='lat' dir='ltr'><strong>Hugonem</strong></span> <span class='ocrx_word' id='word_1_61' title='bbox 1589 1067 1702 1131; x_wconf 77' lang='lat' dir='ltr'><strong>tam</strong></span> <span class='ocrx_word' id='word_1_62' title='bbox 1728 1059 1784 1111; x_wconf 84' lang='lat' dir='ltr'><strong>in</strong></span> 
     </span>
    </p>
   </div>
   <div class='ocr_carea' id='block_1_12' title="bbox 256 1127 1782 1200">
    <p class='ocr_par' dir='ltr' id='par_1_12' title="bbox 256 1127 1782 1200">
     <span class='ocr_line' id='line_1_12' title="bbox 256 1127 1782 1200; baseline -0.003 -16"><span class='ocrx_word' id='word_1_63' title='bbox 256 1127 501 1200; x_wconf 73' lang='lat' dir='ltr'><strong>corpore,</strong></span> <span class='ocrx_word' id='word_1_64' title='bbox 531 1127 689 1200; x_wconf 71' lang='lat' dir='ltr'><strong>quam</strong></span> <span class='ocrx_word' id='word_1_65' title='bbox 723 1132 777 1184; x_wconf 85' lang='lat' dir='ltr'><strong>in</strong></span> <span class='ocrx_word' id='word_1_66' title='bbox 797 1127 980 1200; x_wconf 67' lang='lat' dir='ltr'><strong>animo</strong></span> <span class='ocrx_word' id='word_1_67' title='bbox 1007 1139 1082 1183; x_wconf 79' lang='lat' dir='ltr'><strong>est</strong></span> <span class='ocrx_word' id='word_1_68' title='bbox 1119 1138 1361 1200; x_wconf 76' lang='lat' dir='ltr'><strong>curatus.</strong></span> <span class='ocrx_word' id='word_1_69' title='bbox 1382 1157 1453 1169; x_wconf 91' lang='lat'><strong>——</strong></span> <span class='ocrx_word' id='word_1_70' title='bbox 1473 1127 1543 1181; x_wconf 81' lang='lat' dir='ltr'><strong>Et</strong></span> <span class='ocrx_word' id='word_1_71' title='bbox 1577 1128 1677 1182; x_wconf 82' lang='lat' dir='ltr'><strong>hoc</strong></span> <span class='ocrx_word' id='word_1_72' title='bbox 1706 1137 1782 1182; x_wconf 84' lang='lat' dir='ltr'><strong>est</strong></span> 
     </span>
    </p>
   </div>
   <div class='ocr_carea' id='block_1_13' title="bbox 260 1199 1309 1270">
    <p class='ocr_par' dir='ltr' id='par_1_13' title="bbox 260 1199 1309 1270">
     <span class='ocr_line' id='line_1_13' title="bbox 260 1199 1309 1270; baseline -0.003 -14"><span class='ocrx_word' id='word_1_73' title='bbox 260 1217 328 1256; x_wconf 82' lang='lat' dir='ltr'><strong>ea:</strong></span> <span class='ocrx_word' id='word_1_74' title='bbox 354 1199 514 1270; x_wconf 69' lang='lat' dir='ltr'><strong>sapit.</strong></span> <span class='ocrx_word' id='word_1_75' title='bbox 537 1199 574 1254; x_wconf 68' lang='grc' dir='ltr'><strong>Ξ</strong></span> <span class='ocrx_word' id='word_1_76' title='bbox 599 1201 653 1254; x_wconf 82' lang='lat' dir='ltr'><strong>in</strong></span> <span class='ocrx_word' id='word_1_77' title='bbox 679 1216 870 1270; x_wconf 77' lang='lat' dir='ltr'><strong>magna</strong></span> <span class='ocrx_word' id='word_1_78' title='bbox 905 1199 1045 1263; x_wconf 81' lang='lat' dir='ltr'><strong>Vita,</strong></span> <span class='ocrx_word' id='word_1_79' title='bbox 1071 1199 1206 1254; x_wconf 81' lang='lat' dir='ltr'><strong>libro</strong></span> <span class='ocrx_word' id='word_1_80' title='bbox 1233 1215 1309 1254; x_wconf 84' lang='lat' dir='ltr'><strong>tv.</strong></span> 
     </span>
    </p>
   </div>
   <div class='ocr_carea' id='block_1_14' title="bbox 263 1288 1784 1362">
    <p class='ocr_par' dir='ltr' id='par_1_14' title="bbox 263 1288 1784 1362">
     <span class='ocr_line' id='line_1_14' title="bbox 263 1288 1784 1362; baseline -0.003 -13"><span class='ocrx_word' id='word_1_81' title='bbox 263 1293 401 1349; x_wconf 83' lang='lat' dir='ltr'><strong>Dum</strong></span> <span class='ocrx_word' id='word_1_82' title='bbox 432 1301 612 1348; x_wconf 87' lang='lat' dir='ltr'><strong>autem</strong></span> <span class='ocrx_word' id='word_1_83' title='bbox 653 1291 944 1362; x_wconf 79' lang='lat' dir='ltr'><strong>episcOpus</strong></span> <span class='ocrx_word' id='word_1_84' title='bbox 993 1290 1306 1348; x_wconf 80' lang='lat' dir='ltr'><strong>Rofl‘ensem</strong></span> <span class='ocrx_word' id='word_1_85' title='bbox 1365 1291 1677 1362; x_wconf 84' lang='lat' dir='ltr'><strong>perveniret</strong></span> <span class='ocrx_word' id='word_1_86' title='bbox 1713 1288 1784 1344; x_wconf 86' lang='lat' dir='ltr'><strong>ad</strong></span> 
     </span>
    </p>
   </div>
   <div class='ocr_carea' id='block_1_15' title="bbox 185 1381 1786 1453">
    <p class='ocr_par' dir='ltr' id='par_1_15' title="bbox 185 1381 1786 1453">
     <span class='ocr_line' id='line_1_15' title="bbox 185 1381 1786 1453; baseline -0.001 -16"><span class='ocrx_word' id='word_1_87' title='bbox 185 1381 382 1438; x_wconf 86' lang='lat' dir='ltr'><strong>urbem</strong></span> <span class='ocrx_word' id='word_1_88' title='bbox 403 1381 574 1453; x_wconf 62' lang='lat'><strong>(134),</strong></span> <span class='ocrx_word' id='word_1_89' title='bbox 612 1382 848 1438; x_wconf 86' lang='lat' dir='ltr'><strong>accessit</strong></span> <span class='ocrx_word' id='word_1_90' title='bbox 893 1381 962 1437; x_wconf 91' lang='lat' dir='ltr'><strong>ad</strong></span> <span class='ocrx_word' id='word_1_91' title='bbox 1012 1397 1135 1437; x_wconf 91' lang='lat' dir='ltr'><strong>eum</strong></span> <span class='ocrx_word' id='word_1_92' title='bbox 1184 1381 1384 1436; x_wconf 87' lang='lat' dir='ltr'><strong>ibidem</strong></span> <span class='ocrx_word' id='word_1_93' title='bbox 1435 1381 1658 1452; x_wconf 85' lang='lat' dir='ltr'><strong>quidam</strong></span> <span class='ocrx_word' id='word_1_94' title='bbox 1697 1381 1786 1451; x_wconf 85' lang='lat' dir='ltr'><strong>ju-</strong></span> 
     </span>
    </p>
   </div>
   <div class='ocr_carea' id='block_1_16' title="bbox 185 1471 1784 1542">
    <p class='ocr_par' dir='ltr' id='par_1_16' title="bbox 185 1471 1784 1542">
     <span class='ocr_line' id='line_1_16' title="bbox 185 1471 1784 1542; baseline 0.001 -17"><span class='ocrx_word' id='word_1_95' title='bbox 185 1472 366 1538; x_wconf 82' lang='lat' dir='ltr'><strong>venis,</strong></span> <span class='ocrx_word' id='word_1_96' title='bbox 419 1487 580 1542; x_wconf 84' lang='lat' dir='ltr'><strong>quem</strong></span> <span class='ocrx_word' id='word_1_97' title='bbox 629 1471 990 1540; x_wconf 79' lang='lat' dir='ltr'><strong>perniciosius</strong></span> <span class='ocrx_word' id='word_1_98' title='bbox 1034 1471 1150 1527; x_wconf 89' lang='lat' dir='ltr'><strong>suis</strong></span> <span class='ocrx_word' id='word_1_99' title='bbox 1209 1471 1599 1542; x_wconf 89' lang='lat' dir='ltr'><strong>illaqueaverat</strong></span> <span class='ocrx_word' id='word_1_100' title='bbox 1646 1471 1784 1528; x_wconf 91' lang='lat' dir='ltr'><strong>dolis</strong></span> 
     </span>
    </p>
   </div>
   <div class='ocr_carea' id='block_1_17' title="bbox 186 1562 1785 1634">
    <p class='ocr_par' dir='ltr' id='par_1_17' title="bbox 186 1562 1785 1634">
     <span class='ocr_line' id='line_1_17' title="bbox 186 1562 1785 1634; baseline -0.001 -14"><span class='ocrx_word' id='word_1_101' title='bbox 186 1564 368 1620; x_wconf 83' lang='lat' dir='ltr'><strong>hostis</strong></span> <span class='ocrx_word' id='word_1_102' title='bbox 417 1563 638 1619; x_wconf 90' lang='lat' dir='ltr'><strong>humani</strong></span> <span class='ocrx_word' id='word_1_103' title='bbox 681 1563 918 1634; x_wconf 75' lang='lat' dir='ltr'><strong>generis.</strong></span> <span class='ocrx_word' id='word_1_104' title='bbox 981 1562 1085 1630; x_wconf 91' lang='lat' dir='ltr'><strong>Qui</strong></span> <span class='ocrx_word' id='word_1_105' title='bbox 1143 1563 1417 1619; x_wconf 89' lang='lat' dir='ltr'><strong>mediante</strong></span> <span class='ocrx_word' id='word_1_106' title='bbox 1486 1562 1785 1633; x_wconf 84' lang='lat' dir='ltr'><strong>interprete</strong></span> 
     </span>
    </p>
   </div>
   <div class='ocr_carea' id='block_1_18' title="bbox 185 1652 1786 1725">
    <p class='ocr_par' dir='ltr' id='par_1_18' title="bbox 185 1652 1786 1725">
     <span class='ocr_line' id='line_1_18' title="bbox 185 1652 1786 1725; baseline 0.001 -17"><span class='ocrx_word' id='word_1_107' title='bbox 185 1654 406 1724; x_wconf 90' lang='lat' dir='ltr'><strong>(neque</strong></span> <span class='ocrx_word' id='word_1_108' title='bbox 435 1654 583 1709; x_wconf 90' lang='lat' dir='ltr'><strong>enim</strong></span> <span class='ocrx_word' id='word_1_109' title='bbox 619 1653 704 1708; x_wconf 82' lang='lat' dir='ltr'><strong>vel</strong></span> <span class='ocrx_word' id='word_1_110' title='bbox 746 1652 861 1723; x_wconf 90' lang='lat' dir='ltr'><strong>ipse</strong></span> <span class='ocrx_word' id='word_1_111' title='bbox 904 1652 1206 1724; x_wconf 85' lang='lat' dir='ltr'><strong>pontificis,</strong></span> <span class='ocrx_word' id='word_1_112' title='bbox 1231 1652 1314 1710; x_wconf 92' lang='lat' dir='ltr'><strong>vel</strong></span> <span class='ocrx_word' id='word_1_113' title='bbox 1345 1652 1584 1724; x_wconf 76' lang='lat' dir='ltr'><strong>pontifex</strong></span> <span class='ocrx_word' id='word_1_114' title='bbox 1616 1654 1786 1725; x_wconf 87' lang='lat' dir='ltr'><strong>ipsius</strong></span> 
     </span>
    </p>
   </div>
   <div class='ocr_carea' id='block_1_19' title="bbox 184 1739 1777 1816">
    <p class='ocr_par' dir='ltr' id='par_1_19' title="bbox 184 1739 1777 1816">
     <span class='ocr_line' id='line_1_19' title="bbox 184 1739 1777 1816; baseline 0 -14"><span class='ocrx_word' id='word_1_115' title='bbox 184 1743 526 1802; x_wconf 68' lang='lat' dir='ltr'><strong>sufﬁcienter</strong></span> <span class='ocrx_word' id='word_1_116' title='bbox 589 1739 940 1815; x_wconf 81' lang='lat' dir='ltr'><strong>dignoscebat</strong></span> <span class='ocrx_word' id='word_1_117' title='bbox 1017 1743 1339 1816; x_wconf 82' lang='lat' dir='ltr'><strong>loquelam)</strong></span> <span class='ocrx_word' id='word_1_118' title='bbox 1413 1745 1777 1803; x_wconf 82' lang='lat' dir='ltr'><strong>miserabilem</strong></span> 
     </span>
    </p>
   </div>
   <div class='ocr_carea' id='block_1_20' title="bbox 185 1836 1774 1908">
    <p class='ocr_par' dir='ltr' id='par_1_20' title="bbox 185 1836 1774 1908">
     <span class='ocr_line' id='line_1_20' title="bbox 185 1836 1774 1908; baseline 0 -14"><span class='ocrx_word' id='word_1_119' title='bbox 185 1837 247 1894; x_wconf 90' lang='lat' dir='ltr'><strong>in</strong></span> <span class='ocrx_word' id='word_1_120' title='bbox 295 1839 441 1894; x_wconf 89' lang='lat' dir='ltr'><strong>hunc</strong></span> <span class='ocrx_word' id='word_1_121' title='bbox 499 1837 720 1893; x_wconf 89' lang='lat' dir='ltr'><strong>modum</strong></span> <span class='ocrx_word' id='word_1_122' title='bbox 760 1837 828 1894; x_wconf 90' lang='lat' dir='ltr'><strong>de</strong></span> <span class='ocrx_word' id='word_1_123' title='bbox 898 1836 1079 1906; x_wconf 82' lang='lat' dir='ltr'><strong>seipse</strong></span> <span class='ocrx_word' id='word_1_124' title='bbox 1131 1836 1402 1893; x_wconf 82' lang='lat' dir='ltr'><strong>recensuit</strong></span> <span class='ocrx_word' id='word_1_125' title='bbox 1433 1839 1774 1908; x_wconf 76' lang='lat' dir='ltr'><strong>tragmdiam.</strong></span> 
     </span>
    </p>
   </div>
   <div class='ocr_carea' id='block_1_21' title="bbox 191 1928 1781 2001">
    <p class='ocr_par' dir='ltr' id='par_1_21' title="bbox 191 1928 1781 2001">
     <span class='ocr_line' id='line_1_21' title="bbox 191 1928 1781 2001; baseline 0.003 -19"><span class='ocrx_word' id='word_1_126' title='bbox 191 1949 215 1982; x_wconf 74' lang='grc' dir='ltr'><strong>ι</strong></span> <span class='ocrx_word' id='word_1_127' title='bbox 260 1929 419 1996; x_wconf 89' lang='lat' dir='ltr'><strong>Cum,</strong></span> <span class='ocrx_word' id='word_1_128' title='bbox 449 1929 648 2001; x_wconf 83' lang='lat' dir='ltr'><strong>inquit,</strong></span> <span class='ocrx_word' id='word_1_129' title='bbox 689 1929 889 1986; x_wconf 85' lang='lat' dir='ltr'><strong>dudum</strong></span> <span class='ocrx_word' id='word_1_130' title='bbox 917 1928 1347 1985; x_wconf 84' lang='lat' dir='ltr'><strong>adolescentulus</strong></span> <span class='ocrx_word' id='word_1_131' title='bbox 1379 1968 1396 1994; x_wconf 90' lang='lat'><strong>,</strong></span> <span class='ocrx_word' id='word_1_132' title='bbox 1436 1929 1781 1987; x_wconf 76' lang='lat' dir='ltr'><strong>discretionis</strong></span> 
     </span>
    </p>
   </div>
   <div class='ocr_carea' id='block_1_22' title="bbox 182 2019 1779 2094">
    <p class='ocr_par' dir='ltr' id='par_1_22' title="bbox 182 2019 1779 2094">
     <span class='ocr_line' id='line_1_22' title="bbox 182 2019 1779 2094; baseline 0.002 -19"><span class='ocrx_word' id='word_1_133' title='bbox 182 2021 366 2078; x_wconf 85' lang='lat' dir='ltr'><strong>adhuc</strong></span> <span class='ocrx_word' id='word_1_134' title='bbox 389 2023 570 2078; x_wconf 86' lang='lat' dir='ltr'><strong>minus</strong></span> <span class='ocrx_word' id='word_1_135' title='bbox 590 2037 758 2092; x_wconf 84' lang='lat' dir='ltr'><strong>capax</strong></span> <span class='ocrx_word' id='word_1_136' title='bbox 787 2061 805 2088; x_wconf 94' lang='lat'><strong>,</strong></span> <span class='ocrx_word' id='word_1_137' title='bbox 869 2021 1057 2077; x_wconf 84' lang='lat' dir='ltr'><strong>vacuis</strong></span> <span class='ocrx_word' id='word_1_138' title='bbox 1085 2021 1316 2077; x_wconf 91' lang='lat' dir='ltr'><strong>ducerer</strong></span> <span class='ocrx_word' id='word_1_139' title='bbox 1355 2029 1412 2078; x_wconf 89' lang='lat' dir='ltr'><strong>et</strong></span> <span class='ocrx_word' id='word_1_140' title='bbox 1455 2022 1606 2094; x_wconf 90' lang='lat' dir='ltr'><strong>vagis</strong></span> <span class='ocrx_word' id='word_1_141' title='bbox 1647 2019 1779 2078; x_wconf 77' lang='lat' dir='ltr'><strong>affe-</strong></span> 
     </span>
    </p>
   </div>
   <div class='ocr_carea' id='block_1_23' title="bbox 184 2112 1783 2186">
    <p class='ocr_par' dir='ltr' id='par_1_23' title="bbox 184 2112 1783 2186">
     <span class='ocr_line' id='line_1_23' title="bbox 184 2112 1783 2186; baseline 0.001 -18"><span class='ocrx_word' id='word_1_142' title='bbox 184 2122 380 2169; x_wconf 86' lang='lat' dir='ltr'><strong>ctuum</strong></span> <span class='ocrx_word' id='word_1_143' title='bbox 411 2114 669 2182; x_wconf 78' lang='lat' dir='ltr'><strong>motibus,</strong></span> <span class='ocrx_word' id='word_1_144' title='bbox 699 2115 927 2186; x_wconf 72' lang='lat' dir='ltr'><strong>contigit</strong></span> <span class='ocrx_word' id='word_1_145' title='bbox 945 2129 1033 2170; x_wconf 90' lang='lat' dir='ltr'><strong>me</strong></span> <span class='ocrx_word' id='word_1_146' title='bbox 1064 2112 1332 2170; x_wconf 74' lang='lat' dir='ltr'><strong>infelicem</strong></span> <span class='ocrx_word' id='word_1_147' title='bbox 1363 2127 1430 2170; x_wconf 82' lang='lat' dir='ltr'><strong>ex</strong></span> <span class='ocrx_word' id='word_1_148' title='bbox 1456 2112 1666 2170; x_wconf 86' lang='lat' dir='ltr'><strong>insidiis</strong></span> <span class='ocrx_word' id='word_1_149' title='bbox 1686 2114 1783 2170; x_wconf 85' lang='lat' dir='ltr'><strong>ad-</strong></span> 
     </span>
    </p>
   </div>
   <div class='ocr_carea' id='block_1_24' title="bbox 178 2204 1778 2274">
    <p class='ocr_par' dir='ltr' id='par_1_24' title="bbox 178 2204 1778 2274">
     <span class='ocr_line' id='line_1_24' title="bbox 178 2204 1778 2274; baseline -0.001 -13"><span class='ocrx_word' id='word_1_150' title='bbox 178 2205 417 2262; x_wconf 75' lang='lat' dir='ltr'><strong>versarii</strong></span> <span class='ocrx_word' id='word_1_151' title='bbox 439 2207 688 2261; x_wconf 68' lang='lat' dir='ltr'><strong>humanae</strong></span> <span class='ocrx_word' id='word_1_152' title='bbox 708 2204 900 2261; x_wconf 88' lang='lat' dir='ltr'><strong>salutis</strong></span> <span class='ocrx_word' id='word_1_153' title='bbox 912 2204 1234 2262; x_wconf 85' lang='lat' dir='ltr'><strong>detestabile</strong></span> <span class='ocrx_word' id='word_1_154' title='bbox 1244 2205 1488 2260; x_wconf 85' lang='lat' dir='ltr'><strong>enormis</strong></span> <span class='ocrx_word' id='word_1_155' title='bbox 1500 2206 1778 2274; x_wconf 85' lang='lat' dir='ltr'><strong>cujusdam</strong></span> 
     </span>
    </p>
   </div>
   <div class='ocr_carea' id='block_1_25' title="bbox 179 2296 1782 2370">
    <p class='ocr_par' dir='ltr' id='par_1_25' title="bbox 179 2296 1782 2370">
     <span class='ocr_line' id='line_1_25' title="bbox 179 2296 1782 2370; baseline 0 -18"><span class='ocrx_word' id='word_1_156' title='bbox 179 2297 388 2370; x_wconf 75' lang='lat' dir='ltr'><strong>piaculi</strong></span> <span class='ocrx_word' id='word_1_157' title='bbox 418 2297 717 2354; x_wconf 84' lang='lat' dir='ltr'><strong>incurrisse</strong></span> <span class='ocrx_word' id='word_1_158' title='bbox 752 2299 981 2354; x_wconf 88' lang='lat' dir='ltr'><strong>crimen.</strong></span> <span class='ocrx_word' id='word_1_159' title='bbox 1007 2296 1119 2354; x_wconf 86' lang='lat' dir='ltr'><strong>Nec</strong></span> <span class='ocrx_word' id='word_1_160' title='bbox 1146 2307 1431 2354; x_wconf 90' lang='lat' dir='ltr'><strong>contentus</strong></span> <span class='ocrx_word' id='word_1_161' title='bbox 1467 2297 1620 2369; x_wconf 86' lang='lat' dir='ltr'><strong>lapsu</strong></span> <span class='ocrx_word' id='word_1_162' title='bbox 1649 2298 1782 2354; x_wconf 86' lang='lat' dir='ltr'><strong>sim-</strong></span> 
     </span>
    </p>
   </div>
   <div class='ocr_carea' id='block_1_26' title="bbox 177 2387 1781 2461">
    <p class='ocr_par' dir='ltr' id='par_1_26' title="bbox 177 2387 1781 2461">
     <span class='ocr_line' id='line_1_26' title="bbox 177 2387 1781 2461; baseline 0.003 -19"><span class='ocrx_word' id='word_1_163' title='bbox 177 2387 316 2458; x_wconf 78' lang='lat' dir='ltr'><strong>plici</strong></span> <span class='ocrx_word' id='word_1_164' title='bbox 339 2428 356 2454; x_wconf 91' lang='lat'><strong>,</strong></span> <span class='ocrx_word' id='word_1_165' title='bbox 410 2387 618 2460; x_wconf 86' lang='lat' dir='ltr'><strong>lapsum</strong></span> <span class='ocrx_word' id='word_1_166' title='bbox 647 2389 821 2461; x_wconf 88' lang='lat' dir='ltr'><strong>adjeci</strong></span> <span class='ocrx_word' id='word_1_167' title='bbox 868 2389 1040 2461; x_wconf 88' lang='lat' dir='ltr'><strong>lapsui</strong></span> <span class='ocrx_word' id='word_1_168' title='bbox 1074 2430 1090 2456; x_wconf 90' lang='lat'><strong>,</strong></span> <span class='ocrx_word' id='word_1_169' title='bbox 1118 2389 1326 2460; x_wconf 86' lang='lat' dir='ltr'><strong>sicque,</strong></span> <span class='ocrx_word' id='word_1_170' title='bbox 1369 2390 1512 2460; x_wconf 83' lang='lat' dir='ltr'><strong>quod</strong></span> <span class='ocrx_word' id='word_1_171' title='bbox 1544 2390 1781 2447; x_wconf 88' lang='lat' dir='ltr'><strong>deterius</strong></span> 
     </span>
    </p>
   </div>
   <div class='ocr_carea' id='block_1_27' title="bbox 177 2481 1777 2552">
    <p class='ocr_par' dir='ltr' id='par_1_27' title="bbox 177 2481 1777 2552">
     <span class='ocr_line' id='line_1_27' title="bbox 177 2481 1777 2552; baseline -0.001 -15"><span class='ocrx_word' id='word_1_172' title='bbox 177 2489 295 2547; x_wconf 82' lang='lat' dir='ltr'><strong>est,</strong></span> <span class='ocrx_word' id='word_1_173' title='bbox 323 2481 570 2537; x_wconf 87' lang='lat' dir='ltr'><strong>criminis</strong></span> <span class='ocrx_word' id='word_1_174' title='bbox 599 2482 848 2538; x_wconf 88' lang='lat' dir='ltr'><strong>addendo</strong></span> <span class='ocrx_word' id='word_1_175' title='bbox 873 2482 1083 2538; x_wconf 87' lang='lat' dir='ltr'><strong>crimen</strong></span> <span class='ocrx_word' id='word_1_176' title='bbox 1111 2522 1128 2545; x_wconf 92' lang='lat'><strong>,</strong></span> <span class='ocrx_word' id='word_1_177' title='bbox 1157 2481 1374 2552; x_wconf 79' lang='lat' dir='ltr'><strong>longam</strong></span> <span class='ocrx_word' id='word_1_178' title='bbox 1405 2481 1458 2535; x_wconf 94' lang='lat' dir='ltr'><strong>in</strong></span> <span class='ocrx_word' id='word_1_179' title='bbox 1487 2481 1777 2537; x_wconf 81' lang='lat' dir='ltr'><strong>criminum</strong></span> 
     </span>
    </p>
   </div>
   <div class='ocr_carea' id='block_1_28' title="bbox 181 2570 1778 2642">
    <p class='ocr_par' dir='ltr' id='par_1_28' title="bbox 181 2570 1778 2642">
     <span class='ocr_line' id='line_1_28' title="bbox 181 2570 1778 2642; baseline -0.001 -15"><span class='ocrx_word' id='word_1_180' title='bbox 181 2571 432 2642; x_wconf 79' lang='lat' dir='ltr'><strong>lapsibus</strong></span> <span class='ocrx_word' id='word_1_181' title='bbox 467 2571 571 2628; x_wconf 84' lang='lat' dir='ltr'><strong>feci</strong></span> <span class='ocrx_word' id='word_1_182' title='bbox 600 2571 1073 2628; x_wconf 90' lang='lat' dir='ltr'><strong>consuetudinem.</strong></span> <span class='ocrx_word' id='word_1_183' title='bbox 1111 2571 1244 2627; x_wconf 87' lang='lat' dir='ltr'><strong>Erat</strong></span> <span class='ocrx_word' id='word_1_184' title='bbox 1264 2570 1445 2628; x_wconf 88' lang='lat' dir='ltr'><strong>scelus</strong></span> <span class='ocrx_word' id='word_1_185' title='bbox 1480 2586 1661 2626; x_wconf 90' lang='lat' dir='ltr'><strong>meum</strong></span> <span class='ocrx_word' id='word_1_186' title='bbox 1692 2570 1778 2627; x_wconf 82' lang='lat' dir='ltr'><strong>sui</strong></span> 
     </span>
    </p>
   </div>
   <div class='ocr_carea' id='block_1_29' title="bbox 183 2663 1778 2738">
    <p class='ocr_par' dir='ltr' id='par_1_29' title="bbox 183 2663 1778 2738">
     <span class='ocr_line' id='line_1_29' title="bbox 183 2663 1778 2738; baseline 0.001 -19"><span class='ocrx_word' id='word_1_187' title='bbox 183 2663 450 2734; x_wconf 78' lang='lat' dir='ltr'><strong>qualitate</strong></span> <span class='ocrx_word' id='word_1_188' title='bbox 480 2663 642 2720; x_wconf 89' lang='lat' dir='ltr'><strong>nimis</strong></span> <span class='ocrx_word' id='word_1_189' title='bbox 671 2665 1028 2732; x_wconf 87' lang='lat' dir='ltr'><strong>horrendum,</strong></span> <span class='ocrx_word' id='word_1_190' title='bbox 1050 2666 1208 2738; x_wconf 85' lang='lat' dir='ltr'><strong>cujus</strong></span> <span class='ocrx_word' id='word_1_191' title='bbox 1246 2666 1508 2722; x_wconf 87' lang='lat' dir='ltr'><strong>honorem</strong></span> <span class='ocrx_word' id='word_1_192' title='bbox 1539 2663 1778 2736; x_wconf 82' lang='lat' dir='ltr'><strong>quadru-</strong></span> 
     </span>
    </p>
   </div>
   <div class='ocr_carea' id='block_1_30' title="bbox 181 2753 1777 2827">
    <p class='ocr_par' dir='ltr' id='par_1_30' title="bbox 181 2753 1777 2827">
     <span class='ocr_line' id='line_1_30' title="bbox 181 2753 1777 2827; baseline 0.002 -18"><span class='ocrx_word' id='word_1_193' title='bbox 181 2753 488 2825; x_wconf 79' lang='lat' dir='ltr'><strong>plicaverat</strong></span> <span class='ocrx_word' id='word_1_194' title='bbox 525 2753 651 2821; x_wconf 90' lang='lat' dir='ltr'><strong>loci,</strong></span> <span class='ocrx_word' id='word_1_195' title='bbox 678 2754 938 2826; x_wconf 89' lang='lat' dir='ltr'><strong>temporis</strong></span> <span class='ocrx_word' id='word_1_196' title='bbox 963 2764 1020 2810; x_wconf 91' lang='lat' dir='ltr'><strong>et</strong></span> <span class='ocrx_word' id='word_1_197' title='bbox 1043 2771 1312 2827; x_wconf 83' lang='lat' dir='ltr'><strong>personae,</strong></span> <span class='ocrx_word' id='word_1_198' title='bbox 1365 2770 1490 2810; x_wconf 91' lang='lat' dir='ltr'><strong>cum</strong></span> <span class='ocrx_word' id='word_1_199' title='bbox 1521 2755 1777 2825; x_wconf 81' lang='lat' dir='ltr'><strong>suiipsiu</strong></span> 
     </span>
    </p>
   </div>
   <div class='ocr_carea' id='block_1_31' title="bbox 184 2845 1779 2917">
    <p class='ocr_par' dir='ltr' id='par_1_31' title="bbox 184 2845 1779 2917">
     <span class='ocr_line' id='line_1_31' title="bbox 184 2845 1779 2917; baseline -0.001 -15"><span class='ocrx_word' id='word_1_200' title='bbox 184 2847 531 2903; x_wconf 77' lang='lat' dir='ltr'><strong>immanitate</strong></span> <span class='ocrx_word' id='word_1_201' title='bbox 558 2886 577 2913; x_wconf 88' lang='lat'><strong>,</strong></span> <span class='ocrx_word' id='word_1_202' title='bbox 619 2845 1012 2904; x_wconf 80' lang='lat' dir='ltr'><strong>consideratio.</strong></span> <span class='ocrx_word' id='word_1_203' title='bbox 1058 2846 1144 2902; x_wconf 90' lang='lat' dir='ltr'><strong>Nil</strong></span> <span class='ocrx_word' id='word_1_204' title='bbox 1173 2862 1242 2912; x_wconf 85' lang='lat' dir='ltr'><strong>ex</strong></span> <span class='ocrx_word' id='word_1_205' title='bbox 1289 2853 1638 2917; x_wconf 82' lang='lat' dir='ltr'><strong>peccatorum</strong></span> <span class='ocrx_word' id='word_1_206' title='bbox 1672 2847 1779 2902; x_wconf 85' lang='lat' dir='ltr'><strong>eir-</strong></span> 
     </span>
    </p>
   </div>
   <div class='ocr_carea' id='block_1_32' title="bbox 183 2936 1777 3010">
    <p class='ocr_par' dir='ltr' id='par_1_32' title="bbox 183 2936 1777 3010">
     <span class='ocr_line' id='line_1_32' title="bbox 183 2936 1777 3010; baseline -0.001 -16"><span class='ocrx_word' id='word_1_207' title='bbox 183 2939 533 2994; x_wconf 87' lang='lat' dir='ltr'><strong>cumstantiis</strong></span> <span class='ocrx_word' id='word_1_208' title='bbox 560 2953 816 3010; x_wconf 82' lang='lat' dir='ltr'><strong>supremo</strong></span> <span class='ocrx_word' id='word_1_209' title='bbox 845 2938 1016 2996; x_wconf 81' lang='lat' dir='ltr'><strong>defuit</strong></span> <span class='ocrx_word' id='word_1_210' title='bbox 1053 2937 1320 2995; x_wconf 88' lang='lat' dir='ltr'><strong>malorum</strong></span> <span class='ocrx_word' id='word_1_211' title='bbox 1356 2936 1578 2993; x_wconf 81' lang='lat' dir='ltr'><strong>cumulo</strong></span> <span class='ocrx_word' id='word_1_212' title='bbox 1601 2979 1617 3004; x_wconf 90' lang='lat'><strong>,</strong></span> <span class='ocrx_word' id='word_1_213' title='bbox 1670 2936 1777 2994; x_wconf 83' lang='lat' dir='ltr'><strong>nisi</strong></span> 
     </span>
    </p>
   </div>
   <div class='ocr_carea' id='block_1_33' title="bbox 185 3029 1777 3103">
    <p class='ocr_par' dir='ltr' id='par_1_33' title="bbox 185 3029 1777 3103">
     <span class='ocr_line' id='line_1_33' title="bbox 185 3029 1777 3103; baseline 0.001 -18"><span class='ocrx_word' id='word_1_214' title='bbox 185 3031 331 3086; x_wconf 81' lang='lat' dir='ltr'><strong>forte</strong></span> <span class='ocrx_word' id='word_1_215' title='bbox 361 3030 663 3102; x_wconf 81' lang='lat' dir='ltr'><strong>ignorantia</strong></span> <span class='ocrx_word' id='word_1_216' title='bbox 692 3030 836 3101; x_wconf 84' lang='lat' dir='ltr'><strong>juris</strong></span> <span class='ocrx_word' id='word_1_217' title='bbox 875 3031 1193 3103; x_wconf 83' lang='lat' dir='ltr'><strong>semiplena.</strong></span> <span class='ocrx_word' id='word_1_218' title='bbox 1245 3029 1455 3086; x_wconf 85' lang='lat' dir='ltr'><strong>Suasus</strong></span> <span class='ocrx_word' id='word_1_219' title='bbox 1505 3037 1777 3100; x_wconf 70' lang='lat' dir='ltr'><strong>praeterea</strong></span> 
     </span>
    </p>
   </div>
   <div class='ocr_carea' id='block_1_34' title="bbox 185 3113 1778 3191">
    <p class='ocr_par' dir='ltr' id='par_1_34' title="bbox 185 3113 1778 3191">
     <span class='ocr_line' id='line_1_34' title="bbox 185 3113 1778 3191; baseline 0 -17"><span class='ocrx_word' id='word_1_220' title='bbox 185 3127 246 3174; x_wconf 89' lang='lat' dir='ltr'><strong>et</strong></span> <span class='ocrx_word' id='word_1_221' title='bbox 293 3117 504 3176; x_wconf 82' lang='lat' dir='ltr'><strong>illectus</strong></span> <span class='ocrx_word' id='word_1_222' title='bbox 530 3113 600 3176; x_wconf 90' lang='lat' dir='ltr'><strong>ab</strong></span> <span class='ocrx_word' id='word_1_223' title='bbox 627 3118 756 3186; x_wconf 90' lang='lat' dir='ltr'><strong>alio,</strong></span> <span class='ocrx_word' id='word_1_224' title='bbox 784 3119 1040 3191; x_wconf 80' lang='lat' dir='ltr'><strong>primitus</strong></span> <span class='ocrx_word' id='word_1_225' title='bbox 1066 3121 1120 3175; x_wconf 91' lang='lat' dir='ltr'><strong>in</strong></span> <span class='ocrx_word' id='word_1_226' title='bbox 1157 3133 1246 3175; x_wconf 89' lang='lat' dir='ltr'><strong>me</strong></span> <span class='ocrx_word' id='word_1_227' title='bbox 1269 3131 1484 3190; x_wconf 83' lang='lat' dir='ltr'><strong>semper</strong></span> <span class='ocrx_word' id='word_1_228' title='bbox 1505 3117 1621 3174; x_wconf 85' lang='lat' dir='ltr'><strong>fere</strong></span> <span class='ocrx_word' id='word_1_229' title='bbox 1647 3133 1778 3190; x_wconf 86' lang='lat' dir='ltr'><strong>pec-</strong></span> 
     </span>
    </p>
   </div>
   <div class='ocr_carea' id='block_1_35' title="bbox 184 3209 1775 3283">
    <p class='ocr_par' dir='ltr' id='par_1_35' title="bbox 184 3209 1775 3283">
     <span class='ocr_line' id='line_1_35' title="bbox 184 3209 1775 3283; baseline -0.001 -15"><span class='ocrx_word' id='word_1_230' title='bbox 184 3209 400 3268; x_wconf 88' lang='lat' dir='ltr'><strong>cabam.</strong></span> <span class='ocrx_word' id='word_1_231' title='bbox 440 3210 622 3283; x_wconf 86' lang='lat' dir='ltr'><strong>Nuper</strong></span> <span class='ocrx_word' id='word_1_232' title='bbox 649 3225 779 3267; x_wconf 92' lang='lat' dir='ltr'><strong>vero</strong></span> <span class='ocrx_word' id='word_1_233' title='bbox 819 3211 1102 3268; x_wconf 79' lang='lat' dir='ltr'><strong>sacerdote</strong></span> <span class='ocrx_word' id='word_1_234' title='bbox 1125 3211 1358 3282; x_wconf 88' lang='lat' dir='ltr'><strong>quodam</strong></span> <span class='ocrx_word' id='word_1_235' title='bbox 1414 3210 1638 3268; x_wconf 78' lang='lat' dir='ltr'><strong>verbum</strong></span> <span class='ocrx_word' id='word_1_236' title='bbox 1679 3209 1775 3266; x_wconf 89' lang='lat' dir='ltr'><strong>Dei</strong></span> 
     </span>
    </p>
   </div>
   <div class='ocr_carea' id='block_1_36' title="bbox 181 3301 1779 3376">
    <p class='ocr_par' dir='ltr' id='par_1_36' title="bbox 181 3301 1779 3376">
     <span class='ocr_line' id='line_1_36' title="bbox 181 3301 1779 3376; baseline 0 -16"><span class='ocrx_word' id='word_1_237' title='bbox 181 3304 564 3376; x_wconf 66' lang='lat' dir='ltr'><strong>praedicante,</strong></span> <span class='ocrx_word' id='word_1_238' title='bbox 600 3303 654 3360; x_wconf 91' lang='lat' dir='ltr'><strong>in</strong></span> <span class='ocrx_word' id='word_1_239' title='bbox 697 3304 930 3362; x_wconf 85' lang='lat' dir='ltr'><strong>ecclesia</strong></span> <span class='ocrx_word' id='word_1_240' title='bbox 980 3319 1068 3360; x_wconf 90' lang='lat' dir='ltr'><strong>me</strong></span> <span class='ocrx_word' id='word_1_241' title='bbox 1118 3302 1555 3376; x_wconf 84' lang='lat' dir='ltr'><strong>indignissimum</strong></span> <span class='ocrx_word' id='word_1_242' title='bbox 1601 3301 1779 3360; x_wconf 85' lang='lat' dir='ltr'><strong>turbis</strong></span> 
     </span>
    </p>
   </div>
   <div class='ocr_carea' id='block_1_37' title="bbox 186 3395 1778 3456">
    <p class='ocr_par' dir='ltr' id='par_1_37' title="bbox 186 3395 1778 3456">
     <span class='ocr_line' id='line_1_37' title="bbox 186 3395 1778 3456; baseline -0.003 -2"><span class='ocrx_word' id='word_1_243' title='bbox 186 3396 389 3454; x_wconf 80' lang='lat' dir='ltr'><strong>accidit</strong></span> <span class='ocrx_word' id='word_1_244' title='bbox 443 3396 845 3456; x_wconf 80' lang='lat' dir='ltr'><strong>confluentibus</strong></span> <span class='ocrx_word' id='word_1_245' title='bbox 874 3397 1157 3454; x_wconf 88' lang='lat' dir='ltr'><strong>interesse.</strong></span> <span class='ocrx_word' id='word_1_246' title='bbox 1211 3395 1482 3453; x_wconf 84' lang='lat' dir='ltr'><strong>Sacerdos</strong></span> <span class='ocrx_word' id='word_1_247' title='bbox 1510 3396 1599 3451; x_wconf 92' lang='lat' dir='ltr'><strong>ille</strong></span> <span class='ocrx_word' id='word_1_248' title='bbox 1627 3405 1778 3452; x_wconf 85' lang='lat' dir='ltr'><strong>cata-</strong></span> 
     </span>
    </p>
   </div>
   <div class='ocr_carea' id='block_1_38' title="bbox 184 3487 1778 3561">
    <p class='ocr_par' dir='ltr' id='par_1_38' title="bbox 184 3487 1778 3561">
     <span class='ocr_line' id='line_1_38' title="bbox 184 3487 1778 3561; baseline 0 -18"><span class='ocrx_word' id='word_1_249' title='bbox 184 3487 370 3559; x_wconf 85' lang='lat' dir='ltr'><strong>logum</strong></span> <span class='ocrx_word' id='word_1_250' title='bbox 398 3499 650 3547; x_wconf 86' lang='lat' dir='ltr'><strong>retexens</strong></span> <span class='ocrx_word' id='word_1_251' title='bbox 673 3490 965 3546; x_wconf 84' lang='lat' dir='ltr'><strong>criminum</strong></span> <span class='ocrx_word' id='word_1_252' title='bbox 993 3489 1338 3561; x_wconf 87' lang='lat' dir='ltr'><strong>capitalium,</strong></span> <span class='ocrx_word' id='word_1_253' title='bbox 1387 3489 1440 3544; x_wconf 92' lang='lat' dir='ltr'><strong>in</strong></span> <span class='ocrx_word' id='word_1_254' title='bbox 1468 3489 1592 3554; x_wconf 89' lang='lat' dir='ltr'><strong>hoc,</strong></span> <span class='ocrx_word' id='word_1_255' title='bbox 1623 3487 1778 3558; x_wconf 88' lang='lat' dir='ltr'><strong>cujus</strong></span> 
     </span>
    </p>
   </div>
   <div class='ocr_carea' id='block_1_39' title="bbox 184 3580 1777 3654">
    <p class='ocr_par' dir='ltr' id='par_1_39' title="bbox 184 3580 1777 3654">
     <span class='ocr_line' id='line_1_39' title="bbox 184 3580 1777 3654; baseline -0.001 -16"><span class='ocrx_word' id='word_1_256' title='bbox 184 3594 342 3638; x_wconf 81' lang='lat' dir='ltr'><strong>eram</strong></span> <span class='ocrx_word' id='word_1_257' title='bbox 377 3582 514 3637; x_wconf 90' lang='lat' dir='ltr'><strong>mihi</strong></span> <span class='ocrx_word' id='word_1_258' title='bbox 559 3583 848 3645; x_wconf 86' lang='lat' dir='ltr'><strong>conscius,</strong></span> <span class='ocrx_word' id='word_1_259' title='bbox 910 3583 1063 3639; x_wconf 82' lang='lat' dir='ltr'><strong>verbi</strong></span> <span class='ocrx_word' id='word_1_260' title='bbox 1115 3582 1280 3638; x_wconf 77' lang='lat' dir='ltr'><strong>divini</strong></span> <span class='ocrx_word' id='word_1_261' title='bbox 1306 3580 1552 3654; x_wconf 86' lang='lat' dir='ltr'><strong>gladium</strong></span> <span class='ocrx_word' id='word_1_262' title='bbox 1585 3581 1777 3638; x_wconf 83' lang='lat' dir='ltr'><strong>fortius</strong></span> 
     </span>
    </p>
   </div>
   <div class='ocr_carea' id='block_1_40' title="bbox 183 3673 1776 3746">
    <p class='ocr_par' dir='ltr' id='par_1_40' title="bbox 183 3673 1776 3746">
     <span class='ocr_line' id='line_1_40' title="bbox 183 3673 1776 3746; baseline -0.003 -14"><span class='ocrx_word' id='word_1_263' title='bbox 183 3675 412 3732; x_wconf 77' lang='lat' dir='ltr'><strong>vibrans</strong></span> <span class='ocrx_word' id='word_1_264' title='bbox 433 3714 450 3738; x_wconf 88' lang='lat'><strong>,</strong></span> <span class='ocrx_word' id='word_1_265' title='bbox 485 3673 602 3744; x_wconf 85' lang='lat' dir='ltr'><strong>ejus</strong></span> <span class='ocrx_word' id='word_1_266' title='bbox 624 3675 990 3732; x_wconf 87' lang='lat' dir='ltr'><strong>damnabilem</strong></span> <span class='ocrx_word' id='word_1_267' title='bbox 1016 3675 1154 3731; x_wconf 90' lang='lat' dir='ltr'><strong>adeo</strong></span> <span class='ocrx_word' id='word_1_268' title='bbox 1184 3675 1534 3746; x_wconf 80' lang='lat' dir='ltr'><strong>exaggeravit</strong></span> <span class='ocrx_word' id='word_1_269' title='bbox 1558 3674 1776 3730; x_wconf 77' lang='lat' dir='ltr'><strong>ftedita-</strong></span> 
     </span>
    </p>
   </div>
   <div class='ocr_carea' id='block_1_41' title="bbox 190 3765 1771 3837">
    <p class='ocr_par' dir='ltr' id='par_1_41' title="bbox 190 3765 1771 3837">
     <span class='ocr_line' id='line_1_41' title="bbox 190 3765 1771 3837; baseline -0.003 -13"><span class='ocrx_word' id='word_1_270' title='bbox 190 3776 324 3830; x_wconf 88' lang='lat' dir='ltr'><strong>tem,</strong></span> <span class='ocrx_word' id='word_1_271' title='bbox 347 3776 408 3822; x_wconf 88' lang='lat' dir='ltr'><strong>nt</strong></span> <span class='ocrx_word' id='word_1_272' title='bbox 437 3782 522 3822; x_wconf 91' lang='lat' dir='ltr'><strong>me</strong></span> <span class='ocrx_word' id='word_1_273' title='bbox 542 3781 684 3837; x_wconf 85' lang='lat' dir='ltr'><strong>pene</strong></span> <span class='ocrx_word' id='word_1_274' title='bbox 709 3766 1012 3831; x_wconf 88' lang='lat' dir='ltr'><strong>crederem,</strong></span> <span class='ocrx_word' id='word_1_275' title='bbox 1044 3775 1187 3821; x_wconf 89' lang='lat' dir='ltr'><strong>terra</strong></span> <span class='ocrx_word' id='word_1_276' title='bbox 1219 3765 1404 3822; x_wconf 89' lang='lat' dir='ltr'><strong>subito</strong></span> <span class='ocrx_word' id='word_1_277' title='bbox 1429 3765 1771 3830; x_wconf 89' lang='lat' dir='ltr'><strong>dehiscente,</strong></span> 
     </span>
    </p>
   </div>
   <div class='ocr_carea' id='block_1_42' title="bbox 183 3856 1774 3926">
    <p class='ocr_par' dir='ltr' id='par_1_42' title="bbox 183 3856 1774 3926">
     <span class='ocr_line' id='line_1_42' title="bbox 183 3856 1774 3926; baseline -0.004 -10"><span class='ocrx_word' id='word_1_278' title='bbox 183 3859 589 3916; x_wconf 84' lang='lat' dir='ltr'><strong>absorbendum</strong></span> <span class='ocrx_word' id='word_1_279' title='bbox 616 3897 632 3924; x_wconf 94' lang='lat'><strong>,</strong></span> <span class='ocrx_word' id='word_1_280' title='bbox 676 3873 742 3915; x_wconf 88' lang='lat' dir='ltr'><strong>ac</strong></span> <span class='ocrx_word' id='word_1_281' title='bbox 769 3857 971 3912; x_wconf 67' lang='lat' dir='ltr'><strong>vivnm&#39;</strong></span> <span class='ocrx_word' id='word_1_282' title='bbox 1000 3857 1054 3912; x_wconf 90' lang='lat' dir='ltr'><strong>in</strong></span> <span class='ocrx_word' id='word_1_283' title='bbox 1086 3857 1359 3913; x_wconf 88' lang='lat' dir='ltr'><strong>infernum</strong></span> <span class='ocrx_word' id='word_1_284' title='bbox 1385 3856 1774 3926; x_wconf 85' lang='lat' dir='ltr'><strong>collapsurnm.</strong></span> 
     </span>
    </p>
   </div>
   <div class='ocr_carea' id='block_1_43' title="bbox 185 3947 1778 4020">
    <p class='ocr_par' dir='ltr' id='par_1_43' title="bbox 185 3947 1778 4020">
     <span class='ocr_line' id='line_1_43' title="bbox 185 3947 1778 4020; baseline -0.003 -14"><span class='ocrx_word' id='word_1_285' title='bbox 185 3951 422 4007; x_wconf 76' lang='lat' dir='ltr'><strong>Tantam</strong></span> <span class='ocrx_word' id='word_1_286' title='bbox 477 3951 711 4020; x_wconf 90' lang='lat' dir='ltr'><strong>denique</strong></span> <span class='ocrx_word' id='word_1_287' title='bbox 758 3950 959 4007; x_wconf 88' lang='lat' dir='ltr'><strong>mentis</strong></span> <span class='ocrx_word' id='word_1_288' title='bbox 996 3948 1373 4006; x_wconf 87' lang='lat' dir='ltr'><strong>confusionem</strong></span> <span class='ocrx_word' id='word_1_289' title='bbox 1425 3947 1677 4012; x_wconf 90' lang='lat' dir='ltr'><strong>incurri,</strong></span> <span class='ocrx_word' id='word_1_290' title='bbox 1718 3955 1778 4002; x_wconf 91' lang='lat' dir='ltr'><strong>ut</strong></span> 
     </span>
    </p>
   </div>
   <div class='ocr_carea' id='block_1_44' title="bbox 183 4038 1775 4113">
    <p class='ocr_par' dir='ltr' id='par_1_44' title="bbox 183 4038 1775 4113">
     <span class='ocr_line' id='line_1_44' title="bbox 183 4038 1775 4113; baseline -0.004 -14"><span class='ocrx_word' id='word_1_291' title='bbox 183 4053 348 4099; x_wconf 88' lang='lat' dir='ltr'><strong>extra</strong></span> <span class='ocrx_word' id='word_1_292' title='bbox 387 4042 651 4113; x_wconf 87' lang='lat' dir='ltr'><strong>meipsum</strong></span> <span class='ocrx_word' id='word_1_293' title='bbox 679 4041 922 4098; x_wconf 86' lang='lat' dir='ltr'><strong>funditus</strong></span> <span class='ocrx_word' id='word_1_294' title='bbox 943 4056 1030 4097; x_wconf 91' lang='lat' dir='ltr'><strong>me</strong></span> <span class='ocrx_word' id='word_1_295' title='bbox 1056 4050 1304 4112; x_wconf 87' lang='lat' dir='ltr'><strong>putarem</strong></span> <span class='ocrx_word' id='word_1_296' title='bbox 1331 4038 1604 4096; x_wconf 74' lang='lat' dir='ltr'><strong>effectum.</strong></span> <span class='ocrx_word' id='word_1_297' title='bbox 1626 4039 1775 4094; x_wconf 86' lang='lat' dir='ltr'><strong>Diem</strong></span> 
     </span>
    </p>
   </div>
   <div class='ocr_carea' id='block_1_45' title="bbox 185 4125 1778 4203">
    <p class='ocr_par' dir='ltr' id='par_1_45' title="bbox 185 4125 1778 4203">
     <span class='ocr_line' id='line_1_45' title="bbox 185 4125 1778 4203; baseline -0.003 -16"><span class='ocrx_word' id='word_1_298' title='bbox 185 4149 323 4189; x_wconf 84' lang='lat' dir='ltr'><strong>vero</strong></span> <span class='ocrx_word' id='word_1_299' title='bbox 355 4132 504 4188; x_wconf 90' lang='lat' dir='ltr'><strong>illum</strong></span> <span class='ocrx_word' id='word_1_300' title='bbox 535 4147 658 4188; x_wconf 89' lang='lat' dir='ltr'><strong>eum</strong></span> <span class='ocrx_word' id='word_1_301' title='bbox 687 4131 861 4203; x_wconf 88' lang='lat' dir='ltr'><strong>prima</strong></span> <span class='ocrx_word' id='word_1_302' title='bbox 891 4130 1170 4202; x_wconf 87' lang='lat' dir='ltr'><strong>sequentis</strong></span> <span class='ocrx_word' id='word_1_303' title='bbox 1197 4129 1373 4185; x_wconf 87' lang='lat' dir='ltr'><strong>noctis</strong></span> <span class='ocrx_word' id='word_1_304' title='bbox 1407 4136 1564 4198; x_wconf 86' lang='lat' dir='ltr'><strong>parte</strong></span> <span class='ocrx_word' id='word_1_305' title='bbox 1616 4126 1668 4183; x_wconf 91' lang='lat' dir='ltr'><strong>in</strong></span> <span class='ocrx_word' id='word_1_306' title='bbox 1698 4125 1778 4182; x_wconf 88' lang='lat' dir='ltr'><strong>la-</strong></span> 
     </span>
    </p>
   </div>
   <div class='ocr_carea' id='block_1_46' title="bbox 189 4219 1776 4296">
    <p class='ocr_par' dir='ltr' id='par_1_46' title="bbox 189 4219 1776 4296">
     <span class='ocr_line' id='line_1_46' title="bbox 189 4219 1776 4296; baseline -0.003 -15"><span class='ocrx_word' id='word_1_307' title='bbox 189 4225 397 4296; x_wconf 74' lang='lat' dir='ltr'><strong>crymis</strong></span> <span class='ocrx_word' id='word_1_308' title='bbox 432 4224 659 4295; x_wconf 76' lang='lat' dir='ltr'><strong>expendi</strong></span> <span class='ocrx_word' id='word_1_309' title='bbox 695 4232 752 4278; x_wconf 89' lang='lat' dir='ltr'><strong>et</strong></span> <span class='ocrx_word' id='word_1_310' title='bbox 776 4223 1122 4293; x_wconf 83' lang='lat' dir='ltr'><strong>singultibus.</strong></span> <span class='ocrx_word' id='word_1_311' title='bbox 1135 4223 1272 4278; x_wconf 87' lang='lat' dir='ltr'><strong>Tum</strong></span> <span class='ocrx_word' id='word_1_312' title='bbox 1297 4236 1425 4278; x_wconf 89' lang='lat' dir='ltr'><strong>ecce</strong></span> <span class='ocrx_word' id='word_1_313' title='bbox 1454 4229 1577 4291; x_wconf 88' lang='lat' dir='ltr'><strong>post</strong></span> <span class='ocrx_word' id='word_1_314' title='bbox 1603 4219 1776 4276; x_wconf 86' lang='lat' dir='ltr'><strong>noctis</strong></span> 
     </span>
    </p>
   </div>
   <div class='ocr_carea' id='block_1_47' title="bbox 189 4308 1776 4382">
    <p class='ocr_par' dir='ltr' id='par_1_47' title="bbox 189 4308 1776 4382">
     <span class='ocr_line' id='line_1_47' title="bbox 189 4308 1776 4382; baseline -0.004 -12"><span class='ocrx_word' id='word_1_315' title='bbox 189 4314 471 4377; x_wconf 91' lang='lat' dir='ltr'><strong>medium,</strong></span> <span class='ocrx_word' id='word_1_316' title='bbox 536 4313 797 4368; x_wconf 88' lang='lat' dir='ltr'><strong>lassatum</strong></span> <span class='ocrx_word' id='word_1_317' title='bbox 847 4327 958 4382; x_wconf 66' lang='lat' dir='ltr'><strong>prae</strong></span> <span class='ocrx_word' id='word_1_318' title='bbox 1010 4312 1229 4366; x_wconf 90' lang='lat' dir='ltr'><strong>tristitia</strong></span> <span class='ocrx_word' id='word_1_319' title='bbox 1284 4309 1666 4381; x_wconf 82' lang='lat' dir='ltr'><strong>corpusculum</strong></span> <span class='ocrx_word' id='word_1_320' title='bbox 1719 4308 1776 4364; x_wconf 91' lang='lat' dir='ltr'><strong>in</strong></span> 
     </span>
    </p>
   </div>
   <div class='ocr_carea' id='block_1_48' title="bbox 187 4399 1778 4475">
    <p class='ocr_par' dir='ltr' id='par_1_48' title="bbox 187 4399 1778 4475">
     <span class='ocr_line' id='line_1_48' title="bbox 187 4399 1778 4475; baseline -0.005 -14"><span class='ocrx_word' id='word_1_321' title='bbox 187 4419 446 4475; x_wconf 79' lang='lat' dir='ltr'><strong>soporem</strong></span> <span class='ocrx_word' id='word_1_322' title='bbox 474 4403 789 4469; x_wconf 83' lang='lat' dir='ltr'><strong>resolvitur,</strong></span> <span class='ocrx_word' id='word_1_323' title='bbox 819 4403 1045 4472; x_wconf 88' lang='lat' dir='ltr'><strong>visaque</strong></span> <span class='ocrx_word' id='word_1_324' title='bbox 1072 4411 1156 4458; x_wconf 89' lang='lat' dir='ltr'><strong>est</strong></span> <span class='ocrx_word' id='word_1_325' title='bbox 1195 4401 1326 4456; x_wconf 91' lang='lat' dir='ltr'><strong>mihi</strong></span> <span class='ocrx_word' id='word_1_326' title='bbox 1351 4400 1594 4456; x_wconf 82' lang='lat' dir='ltr'><strong>astitisse</strong></span> <span class='ocrx_word' id='word_1_327' title='bbox 1621 4399 1778 4457; x_wconf 85' lang='lat' dir='ltr'><strong>femi-</strong></span> 
     </span>
    </p>
   </div>
   <div class='ocr_carea' id='block_1_49' title="bbox 189 4489 1775 4566">
    <p class='ocr_par' dir='ltr' id='par_1_49' title="bbox 189 4489 1775 4566">
     <span class='ocr_line' id='line_1_49' title="bbox 189 4489 1775 4566; baseline -0.002 -14"><span class='ocrx_word' id='word_1_328' title='bbox 189 4513 286 4560; x_wconf 87' lang='lat' dir='ltr'><strong>na,</strong></span> <span class='ocrx_word' id='word_1_329' title='bbox 311 4495 670 4552; x_wconf 61' lang='lat' dir='ltr'><strong>inaestimabili</strong></span> <span class='ocrx_word' id='word_1_330' title='bbox 697 4493 1023 4566; x_wconf 72' lang='lat' dir='ltr'><strong>praefulgens</strong></span> <span class='ocrx_word' id='word_1_331' title='bbox 1063 4495 1261 4549; x_wconf 88' lang='lat' dir='ltr'><strong>decore</strong></span> <span class='ocrx_word' id='word_1_332' title='bbox 1293 4535 1309 4558; x_wconf 86' lang='lat'><strong>,</strong></span> <span class='ocrx_word' id='word_1_333' title='bbox 1367 4492 1497 4547; x_wconf 88' lang='lat' dir='ltr'><strong>talia</strong></span> <span class='ocrx_word' id='word_1_334' title='bbox 1531 4489 1775 4549; x_wconf 80' lang='lat' dir='ltr'><strong>referens</strong></span> 
     </span>
    </p>
   </div>
   <div class='ocr_carea' id='block_1_50' title="bbox 184 4581 1771 4654">
    <p class='ocr_par' dir='ltr' id='par_1_50' title="bbox 184 4581 1771 4654">
     <span class='ocr_line' id='line_1_50' title="bbox 184 4581 1771 4654; baseline -0.004 -11"><span class='ocrx_word' id='word_1_335' title='bbox 184 4588 397 4643; x_wconf 89' lang='lat' dir='ltr'><strong>monita</strong></span> <span class='ocrx_word' id='word_1_336' title='bbox 444 4586 730 4642; x_wconf 86' lang='lat' dir='ltr'><strong>desolato:</strong></span> <span class='ocrx_word' id='word_1_337' title='bbox 766 4604 785 4637; x_wconf 80' lang='grc' dir='ltr'><strong>ι</strong></span> <span class='ocrx_word' id='word_1_338' title='bbox 819 4583 936 4641; x_wconf 83' lang='lat' dir='ltr'><strong>Noli</strong></span> <span class='ocrx_word' id='word_1_339' title='bbox 964 4624 980 4650; x_wconf 92' lang='lat'><strong>,</strong></span> <span class='ocrx_word' id='word_1_340' title='bbox 1012 4584 1130 4650; x_wconf 88' lang='lat' dir='ltr'><strong>ait,</strong></span> <span class='ocrx_word' id='word_1_341' title='bbox 1181 4581 1388 4638; x_wconf 89' lang='lat' dir='ltr'><strong>miselle</strong></span> <span class='ocrx_word' id='word_1_342' title='bbox 1413 4625 1428 4648; x_wconf 89' lang='lat'><strong>,</strong></span> <span class='ocrx_word' id='word_1_343' title='bbox 1461 4583 1771 4654; x_wconf 88' lang='lat' dir='ltr'><strong>desperare,</strong></span> 
     </span>
    </p>
   </div>
   <div class='ocr_carea' id='block_1_51' title="bbox 169 4673 1779 4750">
    <p class='ocr_par' dir='ltr' id='par_1_51' title="bbox 169 4673 1779 4750">
     <span class='ocr_line' id='line_1_51' title="bbox 169 4673 1779 4750; baseline -0.007 -11"><span class='ocrx_word' id='word_1_344' title='bbox 169 4689 211 4739; x_wconf 65' lang='grc'><strong><em>4</em></strong></span> <span class='ocrx_word' id='word_1_345' title='bbox 261 4679 409 4750; x_wconf 86' lang='lat' dir='ltr'><strong>larga</strong></span> <span class='ocrx_word' id='word_1_346' title='bbox 440 4687 524 4734; x_wconf 89' lang='lat' dir='ltr'><strong>est</strong></span> <span class='ocrx_word' id='word_1_347' title='bbox 543 4678 689 4735; x_wconf 89' lang='lat' dir='ltr'><strong>enim</strong></span> <span class='ocrx_word' id='word_1_348' title='bbox 717 4676 1005 4734; x_wconf 90' lang='lat' dir='ltr'><strong>clementia</strong></span> <span class='ocrx_word' id='word_1_349' title='bbox 1027 4683 1082 4731; x_wconf 90' lang='lat' dir='ltr'><strong>et</strong></span> <span class='ocrx_word' id='word_1_350' title='bbox 1106 4675 1348 4746; x_wconf 86' lang='lat' dir='ltr'><strong>potentia</strong></span> <span class='ocrx_word' id='word_1_351' title='bbox 1377 4673 1470 4729; x_wconf 86' lang='lat' dir='ltr'><strong>lilii</strong></span> <span class='ocrx_word' id='word_1_352' title='bbox 1506 4674 1611 4728; x_wconf 90' lang='lat' dir='ltr'><strong>mei</strong></span> <span class='ocrx_word' id='word_1_353' title='bbox 1639 4714 1656 4741; x_wconf 91' lang='lat'><strong>,</strong></span> <span class='ocrx_word' id='word_1_354' title='bbox 1685 4673 1779 4744; x_wconf 93' lang='lat' dir='ltr'><strong>qui</strong></span> 
     </span>
    </p>
   </div>
   <div class='ocr_carea' id='block_1_52' title="bbox 190 4765 1779 4839">
    <p class='ocr_par' dir='ltr' id='par_1_52' title="bbox 190 4765 1779 4839">
     <span class='ocr_line' id='line_1_52' title="bbox 190 4765 1779 4839; baseline -0.003 -15"><span class='ocrx_word' id='word_1_355' title='bbox 190 4789 212 4824; x_wconf 73' lang='grc' dir='ltr'><strong>ι</strong></span> <span class='ocrx_word' id='word_1_356' title='bbox 260 4770 533 4826; x_wconf 86' lang='lat' dir='ltr'><strong>neminem</strong></span> <span class='ocrx_word' id='word_1_357' title='bbox 564 4769 678 4823; x_wconf 89' lang='lat' dir='ltr'><strong>vult</strong></span> <span class='ocrx_word' id='word_1_358' title='bbox 701 4767 1154 4839; x_wconf 85' lang='lat' dir='ltr'><strong>perire.Surgens</strong></span> <span class='ocrx_word' id='word_1_359' title='bbox 1176 4781 1308 4822; x_wconf 89' lang='lat' dir='ltr'><strong>vero</strong></span> <span class='ocrx_word' id='word_1_360' title='bbox 1331 4765 1568 4822; x_wconf 88' lang='lat' dir='ltr'><strong>diluculo</strong></span> <span class='ocrx_word' id='word_1_361' title='bbox 1592 4781 1779 4822; x_wconf 86' lang='lat' dir='ltr'><strong>sacer-</strong></span> 
     </span>
    </p>
   </div>
   <div class='ocr_carea' id='block_1_53' title="bbox 186 4855 1780 4929">
    <p class='ocr_par' dir='ltr' id='par_1_53' title="bbox 186 4855 1780 4929">
     <span class='ocr_line' id='line_1_53' title="bbox 186 4855 1780 4929; baseline -0.001 -16"><span class='ocrx_word' id='word_1_362' title='bbox 186 4879 211 4913; x_wconf 73' lang='grc'><strong>(</strong></span> <span class='ocrx_word' id='word_1_363' title='bbox 260 4859 444 4914; x_wconf 90' lang='lat' dir='ltr'><strong>dotem</strong></span> <span class='ocrx_word' id='word_1_364' title='bbox 468 4859 702 4929; x_wconf 88' lang='lat' dir='ltr'><strong>inquire,</strong></span> <span class='ocrx_word' id='word_1_365' title='bbox 738 4873 898 4928; x_wconf 91' lang='lat' dir='ltr'><strong>quem</strong></span> <span class='ocrx_word' id='word_1_366' title='bbox 925 4856 1020 4912; x_wconf 91' lang='lat' dir='ltr'><strong>tibi</strong></span> <span class='ocrx_word' id='word_1_367' title='bbox 1045 4864 1230 4912; x_wconf 89' lang='lat' dir='ltr'><strong>notum</strong></span> <span class='ocrx_word' id='word_1_368' title='bbox 1259 4856 1485 4927; x_wconf 85' lang='lat' dir='ltr'><strong>designo</strong></span> <span class='ocrx_word' id='word_1_369' title='bbox 1506 4870 1576 4911; x_wconf 88' lang='lat' dir='ltr'><strong>ex</strong></span> <span class='ocrx_word' id='word_1_370' title='bbox 1601 4855 1780 4911; x_wconf 83' lang='lat' dir='ltr'><strong>nomi-</strong></span> 
     </span>
    </p>
   </div>
   <div class='ocr_carea' id='block_1_54' title="bbox 189 4949 1773 5024">
    <p class='ocr_par' dir='ltr' id='par_1_54' title="bbox 189 4949 1773 5024">
     <span class='ocr_line' id='line_1_54' title="bbox 189 4949 1773 5024; baseline -0.003 -17"><span class='ocrx_word' id='word_1_371' title='bbox 189 4971 210 5007; x_wconf 74' lang='grc' dir='ltr'>ς</span> <span class='ocrx_word' id='word_1_372' title='bbox 261 4967 332 5008; x_wconf 91' lang='lat' dir='ltr'><strong>ne</strong></span> <span class='ocrx_word' id='word_1_373' title='bbox 361 4992 378 5019; x_wconf 90' lang='lat'><strong>,</strong></span> <span class='ocrx_word' id='word_1_374' title='bbox 407 4953 567 5024; x_wconf 87' lang='lat' dir='ltr'><strong>eique</strong></span> <span class='ocrx_word' id='word_1_375' title='bbox 593 4951 826 5008; x_wconf 84' lang='lat' dir='ltr'><strong>ﬁdeliter</strong></span> <span class='ocrx_word' id='word_1_376' title='bbox 854 4991 871 5017; x_wconf 95' lang='lat'><strong>,</strong></span> <span class='ocrx_word' id='word_1_377' title='bbox 918 4965 1054 5021; x_wconf 87' lang='lat' dir='ltr'><strong>pure</strong></span> <span class='ocrx_word' id='word_1_378' title='bbox 1097 4959 1152 5005; x_wconf 90' lang='lat' dir='ltr'><strong>et</strong></span> <span class='ocrx_word' id='word_1_379' title='bbox 1183 4949 1392 5020; x_wconf 90' lang='lat' dir='ltr'><strong>integre</strong></span> <span class='ocrx_word' id='word_1_380' title='bbox 1425 4958 1642 5020; x_wconf 86' lang='lat' dir='ltr'><strong>peccata</strong></span> <span class='ocrx_word' id='word_1_381' title='bbox 1684 4958 1773 5003; x_wconf 90' lang='lat' dir='ltr'><strong>tua</strong></span> 
     </span>
    </p>
   </div>
   <div class='ocr_carea' id='block_1_55' title="bbox 192 5041 1775 5100">
    <p class='ocr_par' dir='ltr' id='par_1_55' title="bbox 192 5041 1775 5100">
     <span class='ocr_line' id='line_1_55' title="bbox 192 5041 1775 5100; baseline -0.001 -4"><span class='ocrx_word' id='word_1_382' title='bbox 192 5064 212 5096; x_wconf 73' lang='grc' dir='ltr'><strong>ι</strong></span> <span class='ocrx_word' id='word_1_383' title='bbox 259 5043 542 5100; x_wconf 83' lang='lat' dir='ltr'><strong>confitere.</strong></span> <span class='ocrx_word' id='word_1_384' title='bbox 576 5064 596 5098; x_wconf 74' lang='grc' dir='ltr'><strong>ι</strong></span> <span class='ocrx_word' id='word_1_385' title='bbox 627 5043 723 5099; x_wconf 81' lang='lat' dir='ltr'><strong>His</strong></span> <span class='ocrx_word' id='word_1_386' title='bbox 750 5043 912 5099; x_wconf 88' lang='lat' dir='ltr'><strong>dictis</strong></span> <span class='ocrx_word' id='word_1_387' title='bbox 942 5041 1080 5096; x_wconf 87' lang='lat' dir='ltr'><strong>visio</strong></span> <span class='ocrx_word' id='word_1_388' title='bbox 1128 5041 1260 5097; x_wconf 89' lang='lat' dir='ltr'><strong>mihi</strong></span> <span class='ocrx_word' id='word_1_389' title='bbox 1289 5055 1413 5096; x_wconf 90' lang='lat' dir='ltr'><strong>cum</strong></span> <span class='ocrx_word' id='word_1_390' title='bbox 1465 5055 1656 5095; x_wconf 90' lang='lat' dir='ltr'><strong>somno</strong></span> <span class='ocrx_word' id='word_1_391' title='bbox 1691 5048 1775 5095; x_wconf 84' lang='lat' dir='ltr'><strong>est</strong></span> 
     </span>
    </p>
   </div>
   <div class='ocr_carea' id='block_1_56' title="bbox 185 5131 1766 5204">
    <p class='ocr_par' dir='ltr' id='par_1_56' title="bbox 185 5131 1766 5204">
     <span class='ocr_line' id='line_1_56' title="bbox 185 5131 1766 5204; baseline -0.004 -12"><span class='ocrx_word' id='word_1_392' title='bbox 185 5135 390 5192; x_wconf 83' lang='lat' dir='ltr'><strong>ablata.</strong></span> <span class='ocrx_word' id='word_1_393' title='bbox 431 5135 545 5204; x_wconf 80' lang='lat' dir='ltr'><strong>Ego</strong></span> <span class='ocrx_word' id='word_1_394' title='bbox 570 5136 640 5192; x_wconf 90' lang='lat' dir='ltr'><strong>de</strong></span> <span class='ocrx_word' id='word_1_395' title='bbox 666 5147 825 5192; x_wconf 89' lang='lat' dir='ltr'><strong>nocte</strong></span> <span class='ocrx_word' id='word_1_396' title='bbox 852 5147 1190 5202; x_wconf 82' lang='lat' dir='ltr'><strong>consurgens</strong></span> <span class='ocrx_word' id='word_1_397' title='bbox 1220 5131 1351 5186; x_wconf 85' lang='lat' dir='ltr'><strong>mihi</strong></span> <span class='ocrx_word' id='word_1_398' title='bbox 1379 5131 1619 5202; x_wconf 88' lang='lat' dir='ltr'><strong>injuncta</strong></span> <span class='ocrx_word' id='word_1_399' title='bbox 1652 5145 1766 5202; x_wconf 84' lang='lat' dir='ltr'><strong>per-</strong></span> 
     </span>
    </p>
   </div>
   <div class='ocr_carea' id='block_1_57' title="bbox 185 5219 1774 5297">
    <p class='ocr_par' dir='ltr' id='par_1_57' title="bbox 185 5219 1774 5297">
     <span class='ocr_line' id='line_1_57' title="bbox 185 5219 1774 5297; baseline -0.004 -16"><span class='ocrx_word' id='word_1_400' title='bbox 185 5227 300 5297; x_wconf 84' lang='lat' dir='ltr'><strong>egi.</strong></span> <span class='ocrx_word' id='word_1_401' title='bbox 349 5223 462 5282; x_wconf 82' lang='lat' dir='ltr'><strong>Nec</strong></span> <span class='ocrx_word' id='word_1_402' title='bbox 492 5225 660 5281; x_wconf 90' lang='lat' dir='ltr'><strong>multo</strong></span> <span class='ocrx_word' id='word_1_403' title='bbox 685 5233 828 5297; x_wconf 88' lang='lat' dir='ltr'><strong>post,</strong></span> <span class='ocrx_word' id='word_1_404' title='bbox 865 5222 1202 5281; x_wconf 86' lang='lat' dir='ltr'><strong>confusionis</strong></span> <span class='ocrx_word' id='word_1_405' title='bbox 1227 5236 1360 5277; x_wconf 65' lang='lat' dir='ltr'><strong>mea:</strong></span> <span class='ocrx_word' id='word_1_406' title='bbox 1384 5219 1636 5276; x_wconf 87' lang='lat' dir='ltr'><strong>ruborem</strong></span> <span class='ocrx_word' id='word_1_407' title='bbox 1664 5235 1774 5275; x_wconf 90' lang='lat' dir='ltr'><strong>non</strong></span> 
     </span>
    </p>
   </div>
   <div class='ocr_carea' id='block_1_58' title="bbox 187 5311 1773 5387">
    <p class='ocr_par' dir='ltr' id='par_1_58' title="bbox 187 5311 1773 5387">
     <span class='ocr_line' id='line_1_58' title="bbox 187 5311 1773 5387; baseline -0.005 -13"><span class='ocrx_word' id='word_1_408' title='bbox 187 5315 468 5374; x_wconf 86' lang='lat' dir='ltr'><strong>sustinens</strong></span> <span class='ocrx_word' id='word_1_409' title='bbox 494 5357 510 5384; x_wconf 90' lang='lat'><strong>,</strong></span> <span class='ocrx_word' id='word_1_410' title='bbox 559 5316 780 5387; x_wconf 90' lang='lat' dir='ltr'><strong>insuper</strong></span> <span class='ocrx_word' id='word_1_411' title='bbox 809 5315 990 5372; x_wconf 90' lang='lat' dir='ltr'><strong>locum</strong></span> <span class='ocrx_word' id='word_1_412' title='bbox 1034 5311 1352 5386; x_wconf 89' lang='lat' dir='ltr'><strong>perditionis</strong></span> <span class='ocrx_word' id='word_1_413' title='bbox 1401 5327 1536 5368; x_wconf 69' lang='lat' dir='ltr'><strong>mea:</strong></span> <span class='ocrx_word' id='word_1_414' title='bbox 1574 5312 1773 5368; x_wconf 85' lang='lat' dir='ltr'><strong>exhor-</strong></span> 
     </span>
    </p>
   </div>
   <div class='ocr_carea' id='block_1_59' title="bbox 245 5465 1777 5542">
    <p class='ocr_par' dir='ltr' id='par_1_59' title="bbox 245 5465 1777 5542">
     <span class='ocr_line' id='line_1_59' title="bbox 245 5465 1777 5542; baseline -0.003 -17"><span class='ocrx_word' id='word_1_415' title='bbox 245 5470 415 5540; x_wconf 57' lang='grc' dir='ltr'><strong>(ΞΜ)</strong></span> <span class='ocrx_word' id='word_1_416' title='bbox 452 5469 846 5542; x_wconf 83' lang='lat' dir='ltr'><strong>Episcopalem,</strong></span> <span class='ocrx_word' id='word_1_417' title='bbox 876 5470 938 5542; x_wconf 66' lang='grc' dir='ltr'><strong>ἰιι⁸</strong></span> <span class='ocrx_word' id='word_1_418' title='bbox 955 5485 1063 5541; x_wconf 87' lang='lat' dir='ltr'><strong>qua</strong></span> <span class='ocrx_word' id='word_1_419' title='bbox 1091 5468 1249 5526; x_wconf 83' lang='lat' dir='ltr'><strong>sedes</strong></span> <span class='ocrx_word' id='word_1_420' title='bbox 1264 5465 1557 5542; x_wconf 32' lang='lat' dir='ltr'><strong>stib‘titulo</strong></span> <span class='ocrx_word' id='word_1_421' title='bbox 1662 5465 1777 5521; x_wconf 83' lang='lat' dir='ltr'><strong>An-</strong></span> 
     </span>
    </p>
   </div>
   <div class='ocr_carea' id='block_1_60' title="bbox 188 5536 1777 5614">
    <p class='ocr_par' dir='ltr' id='par_1_60' title="bbox 188 5536 1777 5614">
     <span class='ocr_line' id='line_1_60' title="bbox 188 5536 1777 5614; baseline -0.003 -18"><span class='ocrx_word' id='word_1_422' title='bbox 188 5536 357 5614; x_wconf 70' lang='lat' dir='ltr'><strong>dreae,</strong></span> <span class='ocrx_word' id='word_1_423' title='bbox 381 5536 526 5614; x_wconf 55' lang='lat' dir='ltr'><strong>anno</strong></span> <span class='ocrx_word' id='word_1_424' title='bbox 551 5536 678 5603; x_wconf 58' lang='lat'><strong>604&#39;,</strong></span> <span class='ocrx_word' id='word_1_425' title='bbox 706 5551 889 5614; x_wconf 87' lang='lat' dir='ltr'><strong>erecta</strong></span> <span class='ocrx_word' id='word_1_426' title='bbox 906 5536 1049 5614; x_wconf 69' lang='lat' dir='ltr'><strong>fuit,</strong></span> <span class='ocrx_word' id='word_1_427' title='bbox 1080 5537 1561 5614; x_wconf 72' lang='lat' dir='ltr'><strong>n_unc_ﬂrofemis,</strong></span> <span class='ocrx_word' id='word_1_428' title='bbox 1583 5536 1777 5614; x_wconf 62' lang='lat' dir='ltr'><strong>liores-</strong></span> 
     </span>
    </p>
   </div>
   <div class='ocr_carea' id='block_1_61' title="bbox 186 5607 1775 5745">
    <p class='ocr_par' dir='ltr' id='par_1_61' title="bbox 186 5607 1775 5745">
     <span class='ocr_line' id='line_1_61' title="bbox 188 5607 1775 5743; baseline -0.001 -78"><span class='ocrx_word' id='word_1_429' title='bbox 188 5612 406 5743; x_wconf 52' lang='lat' dir='ltr'><strong>t’reizsis,</strong></span> <span class='ocrx_word' id='word_1_430' title='bbox 429 5609 868 5678; x_wconf 75' lang='lat' dir='ltr'><strong>Bovecestrensis,</strong></span> <span class='ocrx_word' id='word_1_431' title='bbox 893 5609 1177 5681; x_wconf 63' lang='lat' dir='ltr'><strong>Rolfenais,</strong></span> <span class='ocrx_word' id='word_1_432' title='bbox 1201 5607 1589 5664; x_wconf 76' lang='lat' dir='ltr'><strong>Rochestremis</strong></span> <span class='ocrx_word' id='word_1_433' title='bbox 1615 5607 1775 5664; x_wconf 77' lang='lat' dir='ltr'><strong>hodie</strong></span> 
     </span>
     <span class='ocr_line' id='line_1_62' title="bbox 186 5698 358 5745; baseline -0.017 0"><span class='ocrx_word' id='word_1_434' title='bbox 186 5698 277 5745; x_wconf 75' lang='grc' dir='ltr'><strong>υιε</strong></span> <span class='ocrx_word' id='word_1_435' title='bbox 305 5698 358 5743; x_wconf 75' lang='lat'><strong>3.</strong></span> 
     </span>
    </p>
   </div>
   <div class='ocr_carea' id='block_1_62' title="bbox 259 5749 1766 5829">
    <p class='ocr_par' dir='ltr' id='par_1_62' title="bbox 259 5749 1766 5829">
     <span class='ocr_line' id='line_1_63' title="bbox 259 5749 1766 5829; baseline -0.007 -13"><span class='ocrx_word' id='word_1_436' title='bbox 259 5759 416 5829; x_wconf 71' lang='lat'><strong>(255)</strong></span> <span class='ocrx_word' id='word_1_437' title='bbox 453 5750 754 5828; x_wconf 76' lang='lat' dir='ltr'><strong>Nonlonge</strong></span> <span class='ocrx_word' id='word_1_438' title='bbox 773 5752 937 5825; x_wconf 85' lang='lat' dir='ltr'><strong>igitur</strong></span> <span class='ocrx_word' id='word_1_439' title='bbox 963 5751 1152 5808; x_wconf 86' lang='lat' dir='ltr'><strong>aberat</strong></span> <span class='ocrx_word' id='word_1_440' title='bbox 1179 5749 1248 5806; x_wconf 86' lang='lat' dir='ltr'><strong>ab</strong></span> <span class='ocrx_word' id='word_1_441' title='bbox 1275 5751 1408 5808; x_wconf 88' lang='lat' dir='ltr'><strong>urbe</strong></span> <span class='ocrx_word' id='word_1_442' title='bbox 1427 5749 1688 5817; x_wconf 79' lang='lat' dir='ltr'><strong>Rolfensi,</strong></span> <span class='ocrx_word' id='word_1_443' title='bbox 1715 5750 1766 5805; x_wconf 89' lang='lat' dir='ltr'><strong>in</strong></span> 
     </span>
    </p>
   </div>
   <div class='ocr_carea' id='block_1_63' title="bbox 1884 548 3470 620">
    <p class='ocr_par' dir='ltr' id='par_1_63' title="bbox 1884 548 3470 620">
     <span class='ocr_line' id='line_1_64' title="bbox 1884 548 3470 620; baseline 0.008 -15"><span class='ocrx_word' id='word_1_444' title='bbox 1884 556 1942 605; x_wconf 89' lang='lat' dir='ltr'><strong>et</strong></span> <span class='ocrx_word' id='word_1_445' title='bbox 1958 563 1992 603; x_wconf 88' lang='lat' dir='ltr'><strong>a</strong></span> <span class='ocrx_word' id='word_1_446' title='bbox 2015 548 2270 616; x_wconf 84' lang='lat' dir='ltr'><strong>civitate,</strong></span> <span class='ocrx_word' id='word_1_447' title='bbox 2305 548 2359 604; x_wconf 84' lang='lat' dir='ltr'><strong>in</strong></span> <span class='ocrx_word' id='word_1_448' title='bbox 2385 563 2492 620; x_wconf 91' lang='lat' dir='ltr'><strong>qua</strong></span> <span class='ocrx_word' id='word_1_449' title='bbox 2514 561 2674 608; x_wconf 89' lang='lat' dir='ltr'><strong>natus</strong></span> <span class='ocrx_word' id='word_1_450' title='bbox 2691 561 2748 609; x_wconf 91' lang='lat' dir='ltr'><strong>et</strong></span> <span class='ocrx_word' id='word_1_451' title='bbox 2772 565 3131 615; x_wconf 81' lang='lat' dir='ltr'><strong>coiiversatus</strong></span> <span class='ocrx_word' id='word_1_452' title='bbox 3180 557 3470 617; x_wconf 86' lang='lat' dir='ltr'><strong>iufeliciter</strong></span> 
     </span>
    </p>
   </div>
   <div class='ocr_carea' id='block_1_64' title="bbox 1884 637 3488 716">
    <p class='ocr_par' dir='ltr' id='par_1_64' title="bbox 1884 637 3488 716">
     <span class='ocr_line' id='line_1_65' title="bbox 1884 637 3488 716; baseline 0.009 -22"><span class='ocrx_word' id='word_1_453' title='bbox 1884 653 2056 694; x_wconf 87' lang='lat' dir='ltr'><strong>eram.</strong></span> <span class='ocrx_word' id='word_1_454' title='bbox 2086 637 2340 712; x_wconf 88' lang='lat' dir='ltr'><strong>Pergenti</strong></span> <span class='ocrx_word' id='word_1_455' title='bbox 2385 655 2516 698; x_wconf 86' lang='lat' dir='ltr'><strong>vero</strong></span> <span class='ocrx_word' id='word_1_456' title='bbox 2546 682 2562 709; x_wconf 96' lang='lat'><strong>,</strong></span> <span class='ocrx_word' id='word_1_457' title='bbox 2593 643 2713 708; x_wconf 84' lang='lat' dir='ltr'><strong>sed,</strong></span> <span class='ocrx_word' id='word_1_458' title='bbox 2748 659 2858 716; x_wconf 93' lang='lat' dir='ltr'><strong>quo</strong></span> <span class='ocrx_word' id='word_1_459' title='bbox 2901 647 3227 704; x_wconf 70' lang='lat' dir='ltr'><strong>tondendum</strong></span> <span class='ocrx_word' id='word_1_460' title='bbox 3265 650 3346 707; x_wconf 81' lang='lat' dir='ltr'><strong>vel</strong></span> <span class='ocrx_word' id='word_1_461' title='bbox 3378 651 3488 710; x_wconf 84' lang='lat' dir='ltr'><strong>ubi</strong></span> 
     </span>
    </p>
   </div>
   <div class='ocr_carea' id='block_1_65' title="bbox 1883 731 3470 811">
    <p class='ocr_par' dir='ltr' id='par_1_65' title="bbox 1883 731 3470 811">
     <span class='ocr_line' id='line_1_66' title="bbox 1883 731 3470 811; baseline 0.009 -24"><span class='ocrx_word' id='word_1_462' title='bbox 1883 731 2289 790; x_wconf 84' lang='lat' dir='ltr'><strong>consistendum</strong></span> <span class='ocrx_word' id='word_1_463' title='bbox 2317 733 2447 790; x_wconf 86' lang='lat' dir='ltr'><strong>mihi</strong></span> <span class='ocrx_word' id='word_1_464' title='bbox 2478 743 2624 792; x_wconf 83' lang='lat' dir='ltr'><strong>esset</strong></span> <span class='ocrx_word' id='word_1_465' title='bbox 2651 738 2991 795; x_wconf 91' lang='lat' dir='ltr'><strong>commodius</strong></span> <span class='ocrx_word' id='word_1_466' title='bbox 3039 741 3330 811; x_wconf 88' lang='lat' dir='ltr'><strong>nescienti,</strong></span> <span class='ocrx_word' id='word_1_467' title='bbox 3373 759 3470 800; x_wconf 84' lang='lat' dir='ltr'><strong>oc-</strong></span> 
     </span>
    </p>
   </div>
   <div class='ocr_carea' id='block_1_66' title="bbox 1884 821 3472 901">
    <p class='ocr_par' dir='ltr' id='par_1_66' title="bbox 1884 821 3472 901">
     <span class='ocr_line' id='line_1_67' title="bbox 1884 821 3472 901; baseline 0.009 -25"><span class='ocrx_word' id='word_1_468' title='bbox 1884 821 2058 877; x_wconf 89' lang='lat' dir='ltr'><strong>currit</strong></span> <span class='ocrx_word' id='word_1_469' title='bbox 2084 824 2306 880; x_wconf 84' lang='lat' dir='ltr'><strong>anxiato</strong></span> <span class='ocrx_word' id='word_1_470' title='bbox 2326 833 2382 882; x_wconf 91' lang='lat' dir='ltr'><strong>et</strong></span> <span class='ocrx_word' id='word_1_471' title='bbox 2409 827 2661 882; x_wconf 77' lang='lat' dir='ltr'><strong>mcerenti</strong></span> <span class='ocrx_word' id='word_1_472' title='bbox 2685 827 2769 882; x_wconf 90' lang='lat' dir='ltr'><strong>vir</strong></span> <span class='ocrx_word' id='word_1_473' title='bbox 2788 843 2855 884; x_wconf 92' lang='lat' dir='ltr'><strong>ex</strong></span> <span class='ocrx_word' id='word_1_474' title='bbox 2887 828 3180 901; x_wconf 88' lang='lat' dir='ltr'><strong>improviso</strong></span> <span class='ocrx_word' id='word_1_475' title='bbox 3209 831 3472 890; x_wconf 89' lang='lat' dir='ltr'><strong>horrendi</strong></span> 
     </span>
    </p>
   </div>
   <div class='ocr_carea' id='block_1_67' title="bbox 1885 917 3472 993">
    <p class='ocr_par' dir='ltr' id='par_1_67' title="bbox 1885 917 3472 993">
     <span class='ocr_line' id='line_1_68' title="bbox 1885 917 3472 993; baseline 0.007 -25"><span class='ocrx_word' id='word_1_476' title='bbox 1885 922 2140 985; x_wconf 86' lang='lat' dir='ltr'><strong>aspectus</strong></span> <span class='ocrx_word' id='word_1_477' title='bbox 2161 955 2177 980; x_wconf 87' lang='lat'><strong>,</strong></span> <span class='ocrx_word' id='word_1_478' title='bbox 2211 925 2418 974; x_wconf 90' lang='lat' dir='ltr'><strong>statura</strong></span> <span class='ocrx_word' id='word_1_479' title='bbox 2445 917 2739 990; x_wconf 88' lang='lat' dir='ltr'><strong>perlongus</strong></span> <span class='ocrx_word' id='word_1_480' title='bbox 2763 959 2779 986; x_wconf 90' lang='lat'><strong>,</strong></span> <span class='ocrx_word' id='word_1_481' title='bbox 2810 918 3005 992; x_wconf 66' lang='lat' dir='ltr'><strong>capillo</strong></span> <span class='ocrx_word' id='word_1_482' title='bbox 3027 921 3198 987; x_wconf 87' lang='lat' dir='ltr'><strong>rufus,</strong></span> <span class='ocrx_word' id='word_1_483' title='bbox 3249 923 3344 993; x_wconf 91' lang='lat' dir='ltr'><strong>qui</strong></span> <span class='ocrx_word' id='word_1_484' title='bbox 3374 937 3472 980; x_wconf 90' lang='lat' dir='ltr'><strong>ore</strong></span> 
     </span>
    </p>
   </div>
   <div class='ocr_carea' id='block_1_68' title="bbox 1888 1002 3487 1083">
    <p class='ocr_par' dir='ltr' id='par_1_68' title="bbox 1888 1002 3487 1083">
     <span class='ocr_line' id='line_1_69' title="bbox 1888 1002 3487 1083; baseline 0.006 -26"><span class='ocrx_word' id='word_1_485' title='bbox 1888 1002 2126 1060; x_wconf 81' lang='lat' dir='ltr'><strong>terrifico</strong></span> <span class='ocrx_word' id='word_1_486' title='bbox 2151 1005 2266 1061; x_wconf 69' lang='lat' dir='ltr'><strong>haec</strong></span> <span class='ocrx_word' id='word_1_487' title='bbox 2297 1017 2382 1063; x_wconf 86' lang='lat' dir='ltr'><strong>est</strong></span> <span class='ocrx_word' id='word_1_488' title='bbox 2415 1007 2547 1063; x_wconf 90' lang='lat' dir='ltr'><strong>mihi</strong></span> <span class='ocrx_word' id='word_1_489' title='bbox 2589 1006 2841 1065; x_wconf 82' lang='lat' dir='ltr'><strong>locutus:</strong></span> <span class='ocrx_word' id='word_1_490' title='bbox 2881 1027 2898 1060; x_wconf 80' lang='grc' dir='ltr'><strong>ι</strong></span> <span class='ocrx_word' id='word_1_491' title='bbox 2937 1009 3179 1067; x_wconf 88' lang='lat' dir='ltr'><strong>Pessime</strong></span> <span class='ocrx_word' id='word_1_492' title='bbox 3206 1051 3223 1076; x_wconf 93' lang='lat'><strong>,</strong></span> <span class='ocrx_word' id='word_1_493' title='bbox 3251 1011 3428 1083; x_wconf 87' lang='lat' dir='ltr'><strong>inquit</strong></span> <span class='ocrx_word' id='word_1_494' title='bbox 3451 1009 3487 1079; x_wconf 70' lang='lat'><strong>,&quot;</strong></span> 
     </span>
    </p>
   </div>
   <div class='ocr_carea' id='block_1_69' title="bbox 1891 1093 3470 1172">
    <p class='ocr_par' dir='ltr' id='par_1_69' title="bbox 1891 1093 3470 1172">
     <span class='ocr_line' id='line_1_70' title="bbox 1891 1093 3470 1172; baseline 0.007 -25"><span class='ocrx_word' id='word_1_495' title='bbox 1891 1111 1912 1146; x_wconf 83' lang='grc' dir='ltr'><strong>ι</strong></span> <span class='ocrx_word' id='word_1_496' title='bbox 1951 1093 2222 1151; x_wconf 81' lang='lat' dir='ltr'><strong>offendisti</strong></span> <span class='ocrx_word' id='word_1_497' title='bbox 2253 1097 2420 1153; x_wconf 90' lang='lat' dir='ltr'><strong>Deum</strong></span> <span class='ocrx_word' id='word_1_498' title='bbox 2453 1107 2506 1154; x_wconf 91' lang='lat' dir='ltr'><strong>et</strong></span> <span class='ocrx_word' id='word_1_499' title='bbox 2534 1097 2650 1169; x_wconf 83' lang='lat' dir='ltr'><strong>ejus</strong></span> <span class='ocrx_word' id='word_1_500' title='bbox 2677 1101 2997 1170; x_wconf 88' lang='lat' dir='ltr'><strong>genitricem</strong></span> <span class='ocrx_word' id='word_1_501' title='bbox 3028 1117 3044 1168; x_wconf 91' lang='lat'><strong>;</strong></span> <span class='ocrx_word' id='word_1_502' title='bbox 3095 1117 3231 1172; x_wconf 91' lang='lat' dir='ltr'><strong>quos</strong></span> <span class='ocrx_word' id='word_1_503' title='bbox 3254 1103 3300 1159; x_wconf 88' lang='lat' dir='ltr'><strong>si</strong></span> <span class='ocrx_word' id='word_1_504' title='bbox 3336 1103 3470 1159; x_wconf 80' lang='lat' dir='ltr'><strong>velis</strong></span> 
     </span>
    </p>
   </div>
   <div class='ocr_carea' id='block_1_70' title="bbox 1892 1185 3473 1261">
    <p class='ocr_par' dir='ltr' id='par_1_70' title="bbox 1892 1185 3473 1261">
     <span class='ocr_line' id='line_1_71' title="bbox 1892 1185 3473 1261; baseline 0.007 -24"><span class='ocrx_word' id='word_1_505' title='bbox 1892 1200 1912 1237; x_wconf 78' lang='grc' dir='ltr'><strong>ι</strong></span> <span class='ocrx_word' id='word_1_506' title='bbox 1957 1185 2152 1254; x_wconf 89' lang='lat' dir='ltr'><strong>quovis</strong></span> <span class='ocrx_word' id='word_1_507' title='bbox 2180 1195 2339 1255; x_wconf 88' lang='lat' dir='ltr'><strong>pacto</strong></span> <span class='ocrx_word' id='word_1_508' title='bbox 2372 1187 2578 1244; x_wconf 87' lang='lat' dir='ltr'><strong>habere</strong></span> <span class='ocrx_word' id='word_1_509' title='bbox 2606 1189 2898 1261; x_wconf 88' lang='lat' dir='ltr'><strong>propitios,</strong></span> <span class='ocrx_word' id='word_1_510' title='bbox 2929 1191 3104 1260; x_wconf 86' lang='lat' dir='ltr'><strong>ipsum</strong></span> <span class='ocrx_word' id='word_1_511' title='bbox 3137 1205 3364 1248; x_wconf 88' lang='lat' dir='ltr'><strong>necesse</strong></span> <span class='ocrx_word' id='word_1_512' title='bbox 3386 1201 3473 1248; x_wconf 89' lang='lat' dir='ltr'><strong>est</strong></span> 
     </span>
    </p>
   </div>
   <div class='ocr_carea' id='block_1_71' title="bbox 1891 1278 3471 1354">
    <p class='ocr_par' dir='ltr' id='par_1_71' title="bbox 1891 1278 3471 1354">
     <span class='ocr_line' id='line_1_72' title="bbox 1891 1278 3471 1354; baseline 0.007 -26"><span class='ocrx_word' id='word_1_513' title='bbox 1891 1294 1910 1328; x_wconf 76' lang='grc' dir='ltr'><strong>ι</strong></span> <span class='ocrx_word' id='word_1_514' title='bbox 1954 1285 2014 1331; x_wconf 90' lang='grc' dir='ltr'><strong>ιιι</strong></span> <span class='ocrx_word' id='word_1_515' title='bbox 2034 1290 2232 1348; x_wconf 89' lang='lat' dir='ltr'><strong>corpus</strong></span> <span class='ocrx_word' id='word_1_516' title='bbox 2260 1278 2601 1350; x_wconf 79' lang='lat' dir='ltr'><strong>exstinguas,</strong></span> <span class='ocrx_word' id='word_1_517' title='bbox 2623 1295 2730 1353; x_wconf 90' lang='lat' dir='ltr'><strong>quo</strong></span> <span class='ocrx_word' id='word_1_518' title='bbox 2757 1283 2838 1338; x_wconf 88' lang='lat' dir='ltr'><strong>eis</strong></span> <span class='ocrx_word' id='word_1_519' title='bbox 2871 1284 3029 1340; x_wconf 85' lang='lat' dir='ltr'><strong>toties</strong></span> <span class='ocrx_word' id='word_1_520' title='bbox 3059 1283 3355 1354; x_wconf 87' lang='lat' dir='ltr'><strong>injuriosns</strong></span> <span class='ocrx_word' id='word_1_521' title='bbox 3377 1301 3471 1340; x_wconf 82' lang='lat' dir='ltr'><strong>ex-</strong></span> 
     </span>
    </p>
   </div>
   <div class='ocr_carea' id='block_1_72' title="bbox 1891 1366 3470 1443">
    <p class='ocr_par' dir='ltr' id='par_1_72' title="bbox 1891 1366 3470 1443">
     <span class='ocr_line' id='line_1_73' title="bbox 1891 1366 3470 1443; baseline 0.008 -25"><span class='ocrx_word' id='word_1_522' title='bbox 1891 1382 1912 1418; x_wconf 76' lang='grc' dir='ltr'><strong>ι</strong></span> <span class='ocrx_word' id='word_1_523' title='bbox 1958 1366 2199 1422; x_wconf 85' lang='lat' dir='ltr'><strong>stiteras.</strong></span> <span class='ocrx_word' id='word_1_524' title='bbox 2253 1366 2416 1422; x_wconf 85' lang='lat' dir='ltr'><strong>Erras</strong></span> <span class='ocrx_word' id='word_1_525' title='bbox 2460 1369 2657 1435; x_wconf 72' lang='lat' dir='ltr'><strong>enim‘,</strong></span> <span class='ocrx_word' id='word_1_526' title='bbox 2693 1369 2738 1425; x_wconf 89' lang='lat' dir='ltr'><strong>si</strong></span> <span class='ocrx_word' id='word_1_527' title='bbox 2777 1371 2956 1428; x_wconf 90' lang='lat' dir='ltr'><strong>credis</strong></span> <span class='ocrx_word' id='word_1_528' title='bbox 3000 1372 3142 1443; x_wconf 91' lang='lat' dir='ltr'><strong>quod</strong></span> <span class='ocrx_word' id='word_1_529' title='bbox 3193 1372 3248 1428; x_wconf 92' lang='lat' dir='ltr'><strong>in</strong></span> <span class='ocrx_word' id='word_1_530' title='bbox 3279 1374 3470 1430; x_wconf 81' lang='lat' dir='ltr'><strong>eodem</strong></span> 
     </span>
    </p>
   </div>
   <div class='ocr_carea' id='block_1_73' title="bbox 1891 1457 3468 1533">
    <p class='ocr_par' dir='ltr' id='par_1_73' title="bbox 1891 1457 3468 1533">
     <span class='ocr_line' id='line_1_74' title="bbox 1891 1457 3468 1533; baseline 0.003 -23"><span class='ocrx_word' id='word_1_531' title='bbox 1891 1476 1911 1510; x_wconf 72' lang='grc' dir='ltr'><strong>ι</strong></span> <span class='ocrx_word' id='word_1_532' title='bbox 1954 1457 2179 1514; x_wconf 91' lang='lat' dir='ltr'><strong>vasculo</strong></span> <span class='ocrx_word' id='word_1_533' title='bbox 2234 1457 2377 1528; x_wconf 90' lang='lat' dir='ltr'><strong>quod</strong></span> <span class='ocrx_word' id='word_1_534' title='bbox 2443 1466 2523 1514; x_wconf 89' lang='lat' dir='ltr'><strong>tot</strong></span> <span class='ocrx_word' id='word_1_535' title='bbox 2577 1460 3132 1519; x_wconf 86' lang='lat' dir='ltr'><strong>contaminationihus</strong></span> <span class='ocrx_word' id='word_1_536' title='bbox 3181 1463 3418 1533; x_wconf 89' lang='lat' dir='ltr'><strong>polluisti</strong></span> <span class='ocrx_word' id='word_1_537' title='bbox 3451 1501 3468 1527; x_wconf 96' lang='lat'><strong>,</strong></span> 
     </span>
    </p>
   </div>
   <div class='ocr_carea' id='block_1_74' title="bbox 1891 1551 3470 1628">
    <p class='ocr_par' dir='ltr' id='par_1_74' title="bbox 1891 1551 3470 1628">
     <span class='ocr_line' id='line_1_75' title="bbox 1891 1551 3470 1628; baseline 0.005 -24"><span class='ocrx_word' id='word_1_538' title='bbox 1891 1570 1911 1604; x_wconf 72' lang='grc' dir='ltr'><strong>ι</strong></span> <span class='ocrx_word' id='word_1_539' title='bbox 1955 1551 2248 1622; x_wconf 86' lang='lat' dir='ltr'><strong>quidquam</strong></span> <span class='ocrx_word' id='word_1_540' title='bbox 2306 1551 2501 1608; x_wconf 68' lang='lat' dir='ltr'><strong>divinat</strong></span> <span class='ocrx_word' id='word_1_541' title='bbox 2551 1553 2851 1610; x_wconf 87' lang='lat' dir='ltr'><strong>sineeritati</strong></span> <span class='ocrx_word' id='word_1_542' title='bbox 2904 1566 3185 1628; x_wconf 86' lang='lat' dir='ltr'><strong>acceptum</strong></span> <span class='ocrx_word' id='word_1_543' title='bbox 3255 1557 3470 1628; x_wconf 79' lang='lat' dir='ltr'><strong>Operari</strong></span> 
     </span>
    </p>
   </div>
   <div class='ocr_carea' id='block_1_75' title="bbox 1891 1644 3470 1720">
    <p class='ocr_par' dir='ltr' id='par_1_75' title="bbox 1891 1644 3470 1720">
     <span class='ocr_line' id='line_1_76' title="bbox 1891 1644 3470 1720; baseline 0.004 -23"><span class='ocrx_word' id='word_1_544' title='bbox 1891 1663 1911 1697; x_wconf 70' lang='grc' dir='ltr'><strong>ι</strong></span> <span class='ocrx_word' id='word_1_545' title='bbox 1955 1659 2146 1715; x_wconf 89' lang='lat' dir='ltr'><strong>queas.</strong></span> <span class='ocrx_word' id='word_1_546' title='bbox 2184 1662 2205 1698; x_wconf 82' lang='grc' dir='ltr'><strong>ι</strong></span> <span class='ocrx_word' id='word_1_547' title='bbox 2243 1644 2342 1701; x_wconf 81' lang='lat' dir='ltr'><strong>Vix</strong></span> <span class='ocrx_word' id='word_1_548' title='bbox 2366 1645 2568 1701; x_wconf 87' lang='lat' dir='ltr'><strong>dictum</strong></span> <span class='ocrx_word' id='word_1_549' title='bbox 2596 1646 2930 1715; x_wconf 81' lang='lat' dir='ltr'><strong>expleverat,</strong></span> <span class='ocrx_word' id='word_1_550' title='bbox 2954 1657 3012 1702; x_wconf 91' lang='lat' dir='ltr'><strong>et</strong></span> <span class='ocrx_word' id='word_1_551' title='bbox 3042 1661 3173 1705; x_wconf 90' lang='lat' dir='ltr'><strong>ecce</strong></span> <span class='ocrx_word' id='word_1_552' title='bbox 3195 1648 3470 1720; x_wconf 87' lang='lat' dir='ltr'><strong>peregrini</strong></span> 
     </span>
    </p>
   </div>
   <div class='ocr_carea' id='block_1_76' title="bbox 1887 1737 3468 1812">
    <p class='ocr_par' dir='ltr' id='par_1_76' title="bbox 1887 1737 3468 1812">
     <span class='ocr_line' id='line_1_77' title="bbox 1887 1737 3468 1812; baseline 0.002 -18"><span class='ocrx_word' id='word_1_553' title='bbox 1887 1738 2184 1794; x_wconf 87' lang='lat' dir='ltr'><strong>adveniunt</strong></span> <span class='ocrx_word' id='word_1_554' title='bbox 2204 1737 2352 1794; x_wconf 90' lang='lat' dir='ltr'><strong>beati</strong></span> <span class='ocrx_word' id='word_1_555' title='bbox 2383 1739 2640 1812; x_wconf 87' lang='lat' dir='ltr'><strong>martyris</strong></span> <span class='ocrx_word' id='word_1_556' title='bbox 2669 1738 2890 1795; x_wconf 75' lang='lat' dir='ltr'><strong>Thema:</strong></span> <span class='ocrx_word' id='word_1_557' title='bbox 2923 1741 3080 1796; x_wconf 88' lang='lat' dir='ltr'><strong>busta</strong></span> <span class='ocrx_word' id='word_1_558' title='bbox 3108 1742 3325 1812; x_wconf 85' lang='lat' dir='ltr'><strong>petituri</strong></span> <span class='ocrx_word' id='word_1_559' title='bbox 3351 1781 3367 1805; x_wconf 91' lang='lat'><strong>,</strong></span> <span class='ocrx_word' id='word_1_560' title='bbox 3399 1741 3468 1796; x_wconf 89' lang='lat' dir='ltr'><strong>ad</strong></span> 
     </span>
    </p>
   </div>
   <div class='ocr_carea' id='block_1_77' title="bbox 1881 1831 3466 1903">
    <p class='ocr_par' dir='ltr' id='par_1_77' title="bbox 1881 1831 3466 1903">
     <span class='ocr_line' id='line_1_78' title="bbox 1881 1831 3466 1903; baseline -0.001 -16"><span class='ocrx_word' id='word_1_561' title='bbox 1881 1846 2114 1903; x_wconf 90' lang='lat' dir='ltr'><strong>quorum</strong></span> <span class='ocrx_word' id='word_1_562' title='bbox 2138 1831 2506 1902; x_wconf 70' lang='lat' dir='ltr'><strong>praesentiam.</strong></span> <span class='ocrx_word' id='word_1_563' title='bbox 2535 1832 2627 1902; x_wconf 87' lang='lat' dir='ltr'><strong>qui</strong></span> <span class='ocrx_word' id='word_1_564' title='bbox 2656 1831 2998 1901; x_wconf 88' lang='lat' dir='ltr'><strong>loquebatur,</strong></span> <span class='ocrx_word' id='word_1_565' title='bbox 3033 1841 3257 1902; x_wconf 87' lang='lat' dir='ltr'><strong>repente</strong></span> <span class='ocrx_word' id='word_1_566' title='bbox 3279 1834 3466 1903; x_wconf 78' lang='lat' dir='ltr'><strong>dispa-</strong></span> 
     </span>
    </p>
   </div>
   <div class='ocr_carea' id='block_1_78' title="bbox 1881 1923 3474 1996">
    <p class='ocr_par' dir='ltr' id='par_1_78' title="bbox 1881 1923 3474 1996">
     <span class='ocr_line' id='line_1_79' title="bbox 1881 1923 3474 1996; baseline -0.001 -16"><span class='ocrx_word' id='word_1_567' title='bbox 1881 1926 2010 1980; x_wconf 92' lang='lat' dir='ltr'><strong>ruit.</strong></span> <span class='ocrx_word' id='word_1_568' title='bbox 2036 1925 2150 1996; x_wconf 85' lang='lat' dir='ltr'><strong>Ego</strong></span> <span class='ocrx_word' id='word_1_569' title='bbox 2172 1924 2225 1979; x_wconf 92' lang='lat' dir='ltr'><strong>in</strong></span> <span class='ocrx_word' id='word_1_570' title='bbox 2259 1923 2600 1979; x_wconf 89' lang='lat' dir='ltr'><strong>formidinem</strong></span> <span class='ocrx_word' id='word_1_571' title='bbox 2623 1924 2784 1979; x_wconf 90' lang='lat' dir='ltr'><strong>simul</strong></span> <span class='ocrx_word' id='word_1_572' title='bbox 2808 1934 2865 1979; x_wconf 89' lang='lat' dir='ltr'><strong>et</strong></span> <span class='ocrx_word' id='word_1_573' title='bbox 2886 1924 3320 1994; x_wconf 86' lang='lat' dir='ltr'><strong>desperationem</strong></span> <span class='ocrx_word' id='word_1_574' title='bbox 3345 1925 3474 1979; x_wconf 86' lang='lat' dir='ltr'><strong>licet</strong></span> 
     </span>
    </p>
   </div>
   <div class='ocr_carea' id='block_1_79' title="bbox 1880 2013 3472 2086">
    <p class='ocr_par' dir='ltr' id='par_1_79' title="bbox 1880 2013 3472 2086">
     <span class='ocr_line' id='line_1_80' title="bbox 1880 2013 3472 2086; baseline 0 -16"><span class='ocrx_word' id='word_1_575' title='bbox 1880 2017 2232 2072; x_wconf 88' lang='lat' dir='ltr'><strong>vehementer</strong></span> <span class='ocrx_word' id='word_1_576' title='bbox 2260 2013 2527 2085; x_wconf 88' lang='lat' dir='ltr'><strong>impulsus</strong></span> <span class='ocrx_word' id='word_1_577' title='bbox 2555 2055 2570 2080; x_wconf 91' lang='lat'><strong>,</strong></span> <span class='ocrx_word' id='word_1_578' title='bbox 2603 2015 2811 2086; x_wconf 78' lang='lat' dir='ltr'><strong>signavi</strong></span> <span class='ocrx_word' id='word_1_579' title='bbox 2841 2026 3022 2070; x_wconf 89' lang='lat' dir='ltr'><strong>tamen</strong></span> <span class='ocrx_word' id='word_1_580' title='bbox 3050 2015 3285 2071; x_wconf 84' lang='lat' dir='ltr'><strong>frontem</strong></span> <span class='ocrx_word' id='word_1_581' title='bbox 3315 2013 3472 2086; x_wconf 85' lang='lat' dir='ltr'><strong>signo</strong></span> 
     </span>
    </p>
   </div>
   <div class='ocr_carea' id='block_1_80' title="bbox 1880 2106 3469 2178">
    <p class='ocr_par' dir='ltr' id='par_1_80' title="bbox 1880 2106 3469 2178">
     <span class='ocr_line' id='line_1_81' title="bbox 1880 2106 3469 2178; baseline -0.003 -14"><span class='ocrx_word' id='word_1_582' title='bbox 1880 2107 2128 2174; x_wconf 89' lang='lat' dir='ltr'><strong>salutari,</strong></span> <span class='ocrx_word' id='word_1_583' title='bbox 2153 2120 2491 2178; x_wconf 76' lang='lat' dir='ltr'><strong>pergensque</strong></span> <span class='ocrx_word' id='word_1_584' title='bbox 2521 2106 2717 2163; x_wconf 90' lang='lat' dir='ltr'><strong>itinere</strong></span> <span class='ocrx_word' id='word_1_585' title='bbox 2741 2115 2923 2178; x_wconf 73' lang='lat' dir='ltr'><strong>empto</strong></span> <span class='ocrx_word' id='word_1_586' title='bbox 2957 2122 3194 2163; x_wconf 73' lang='lat' dir='ltr'><strong>atterens</strong></span> <span class='ocrx_word' id='word_1_587' title='bbox 3219 2147 3234 2170; x_wconf 91' lang='lat'><strong>,</strong></span> <span class='ocrx_word' id='word_1_588' title='bbox 3269 2107 3469 2176; x_wconf 78' lang='lat' dir='ltr'><strong>vixque</strong></span> 
     </span>
    </p>
   </div>
   <div class='ocr_carea' id='block_1_81' title="bbox 1879 2198 3470 2272">
    <p class='ocr_par' dir='ltr' id='par_1_81' title="bbox 1879 2198 3470 2272">
     <span class='ocr_line' id='line_1_82' title="bbox 1879 2198 3470 2272; baseline -0.003 -16"><span class='ocrx_word' id='word_1_589' title='bbox 1879 2215 1992 2272; x_wconf 64' lang='lat' dir='ltr'><strong>prae</strong></span> <span class='ocrx_word' id='word_1_590' title='bbox 2044 2200 2224 2256; x_wconf 90' lang='lat' dir='ltr'><strong>cordis</strong></span> <span class='ocrx_word' id='word_1_591' title='bbox 2278 2198 2468 2255; x_wconf 88' lang='lat' dir='ltr'><strong>dolore</strong></span> <span class='ocrx_word' id='word_1_592' title='bbox 2516 2213 2738 2270; x_wconf 89' lang='lat' dir='ltr'><strong>gressus</strong></span> <span class='ocrx_word' id='word_1_593' title='bbox 2767 2198 3017 2270; x_wconf 88' lang='lat' dir='ltr'><strong>proprius</strong></span> <span class='ocrx_word' id='word_1_594' title='bbox 3062 2213 3258 2271; x_wconf 84' lang='lat' dir='ltr'><strong>regens</strong></span> <span class='ocrx_word' id='word_1_595' title='bbox 3288 2237 3304 2262; x_wconf 86' lang='lat'><strong>,</strong></span> <span class='ocrx_word' id='word_1_596' title='bbox 3367 2198 3470 2252; x_wconf 90' lang='lat' dir='ltr'><strong>hac</strong></span> 
     </span>
    </p>
   </div>
   <div class='ocr_carea' id='block_1_82' title="bbox 1881 2287 3462 2362">
    <p class='ocr_par' dir='ltr' id='par_1_82' title="bbox 1881 2287 3462 2362">
     <span class='ocr_line' id='line_1_83' title="bbox 1881 2287 3462 2362; baseline -0.004 -14"><span class='ocrx_word' id='word_1_597' title='bbox 1881 2292 1996 2362; x_wconf 81' lang='lat' dir='ltr'><strong>ipsa</strong></span> <span class='ocrx_word' id='word_1_598' title='bbox 2024 2291 2112 2346; x_wconf 90' lang='lat' dir='ltr'><strong>die</strong></span> <span class='ocrx_word' id='word_1_599' title='bbox 2132 2329 2149 2357; x_wconf 92' lang='lat'><strong>,</strong></span> <span class='ocrx_word' id='word_1_600' title='bbox 2187 2304 2292 2361; x_wconf 88' lang='lat' dir='ltr'><strong>qua</strong></span> <span class='ocrx_word' id='word_1_601' title='bbox 2324 2290 2455 2345; x_wconf 87' lang='lat' dir='ltr'><strong>mihi</strong></span> <span class='ocrx_word' id='word_1_602' title='bbox 2482 2290 2598 2345; x_wconf 69' lang='lat' dir='ltr'><strong>haec</strong></span> <span class='ocrx_word' id='word_1_603' title='bbox 2624 2289 2764 2344; x_wconf 88' lang='lat' dir='ltr'><strong>dicta</strong></span> <span class='ocrx_word' id='word_1_604' title='bbox 2811 2297 2961 2356; x_wconf 83' lang='lat' dir='ltr'><strong>sunt,</strong></span> <span class='ocrx_word' id='word_1_605' title='bbox 2989 2290 3042 2344; x_wconf 90' lang='lat' dir='ltr'><strong>in</strong></span> <span class='ocrx_word' id='word_1_606' title='bbox 3075 2289 3218 2344; x_wconf 87' lang='lat' dir='ltr'><strong>hanc</strong></span> <span class='ocrx_word' id='word_1_607' title='bbox 3268 2287 3462 2342; x_wconf 87' lang='lat' dir='ltr'><strong>urbem</strong></span> 
     </span>
    </p>
   </div>
   <div class='ocr_carea' id='block_1_83' title="bbox 1879 2378 3468 2454">
    <p class='ocr_par' dir='ltr' id='par_1_83' title="bbox 1879 2378 3468 2454">
     <span class='ocr_line' id='line_1_84' title="bbox 1879 2378 3468 2454; baseline -0.005 -14"><span class='ocrx_word' id='word_1_608' title='bbox 1879 2385 2025 2440; x_wconf 89' lang='lat' dir='ltr'><strong>circa</strong></span> <span class='ocrx_word' id='word_1_609' title='bbox 2055 2383 2247 2438; x_wconf 82' lang='lat' dir='ltr'><strong>horam</strong></span> <span class='ocrx_word' id='word_1_610' title='bbox 2296 2382 2512 2438; x_wconf 89' lang='lat' dir='ltr'><strong>tertiam</strong></span> <span class='ocrx_word' id='word_1_611' title='bbox 2540 2381 2769 2438; x_wconf 90' lang='lat' dir='ltr'><strong>devenio</strong></span> <span class='ocrx_word' id='word_1_612' title='bbox 2793 2381 2966 2454; x_wconf 72' lang='lat'><strong>(255).</strong></span> <span class='ocrx_word' id='word_1_613' title='bbox 3000 2380 3312 2437; x_wconf 89' lang='lat' dir='ltr'><strong>lmmissum</strong></span> <span class='ocrx_word' id='word_1_614' title='bbox 3342 2378 3468 2449; x_wconf 87' lang='lat' dir='ltr'><strong>qni-</strong></span> 
     </span>
    </p>
   </div>
   <div class='ocr_carea' id='block_1_84' title="bbox 1878 2469 3472 2541">
    <p class='ocr_par' dir='ltr' id='par_1_84' title="bbox 1878 2469 3472 2541">
     <span class='ocr_line' id='line_1_85' title="bbox 1878 2469 3472 2541; baseline -0.003 -11"><span class='ocrx_word' id='word_1_615' title='bbox 1878 2474 2000 2531; x_wconf 89' lang='lat' dir='ltr'><strong>dem</strong></span> <span class='ocrx_word' id='word_1_616' title='bbox 2051 2474 2231 2530; x_wconf 87' lang='lat' dir='ltr'><strong>fuerat</strong></span> <span class='ocrx_word' id='word_1_617' title='bbox 2267 2473 2450 2529; x_wconf 87' lang='lat' dir='ltr'><strong>animo</strong></span> <span class='ocrx_word' id='word_1_618' title='bbox 2485 2486 2607 2527; x_wconf 91' lang='lat' dir='ltr'><strong>meo</strong></span> <span class='ocrx_word' id='word_1_619' title='bbox 2631 2511 2648 2538; x_wconf 94' lang='lat'><strong>,</strong></span> <span class='ocrx_word' id='word_1_620' title='bbox 2692 2471 2860 2528; x_wconf 90' lang='lat' dir='ltr'><strong>etiam</strong></span> <span class='ocrx_word' id='word_1_621' title='bbox 2907 2479 3203 2541; x_wconf 77' lang='lat' dir='ltr'><strong>antequam</strong></span> <span class='ocrx_word' id='word_1_622' title='bbox 3233 2469 3472 2526; x_wconf 84' lang='lat' dir='ltr'><strong>hominis</strong></span> 
     </span>
    </p>
   </div>
   <div class='ocr_carea' id='block_1_85' title="bbox 1877 2561 3471 2636">
    <p class='ocr_par' dir='ltr' id='par_1_85' title="bbox 1877 2561 3471 2636">
     <span class='ocr_line' id='line_1_86' title="bbox 1877 2561 3471 2636; baseline -0.002 -17"><span class='ocrx_word' id='word_1_623' title='bbox 1877 2565 2121 2636; x_wconf 65' lang='lat' dir='ltr'><strong>praedicti</strong></span> <span class='ocrx_word' id='word_1_624' title='bbox 2143 2564 2455 2620; x_wconf 88' lang='lat' dir='ltr'><strong>suasionem</strong></span> <span class='ocrx_word' id='word_1_625' title='bbox 2488 2561 2773 2619; x_wconf 87' lang='lat' dir='ltr'><strong>visibiliter</strong></span> <span class='ocrx_word' id='word_1_626' title='bbox 2801 2562 3166 2635; x_wconf 89' lang='lat' dir='ltr'><strong>percepissem</strong></span> <span class='ocrx_word' id='word_1_627' title='bbox 3191 2601 3209 2630; x_wconf 92' lang='lat'><strong>,</strong></span> <span class='ocrx_word' id='word_1_628' title='bbox 3252 2570 3314 2617; x_wconf 85' lang='lat' dir='ltr'><strong>ut</strong></span> <span class='ocrx_word' id='word_1_629' title='bbox 3355 2573 3471 2616; x_wconf 87' lang='lat' dir='ltr'><strong>me-</strong></span> 
     </span>
    </p>
   </div>
   <div class='ocr_carea' id='block_1_86' title="bbox 1879 2655 3470 2728">
    <p class='ocr_par' dir='ltr' id='par_1_86' title="bbox 1879 2655 3470 2728">
     <span class='ocr_line' id='line_1_87' title="bbox 1879 2655 3470 2728; baseline -0.001 -15"><span class='ocrx_word' id='word_1_630' title='bbox 1879 2657 2168 2728; x_wconf 87' lang='lat' dir='ltr'><strong>metipsum</strong></span> <span class='ocrx_word' id='word_1_631' title='bbox 2215 2656 2602 2712; x_wconf 88' lang='lat' dir='ltr'><strong>interlieerem.</strong></span> <span class='ocrx_word' id='word_1_632' title='bbox 2640 2655 2712 2712; x_wconf 80' lang='lat' dir='ltr'><strong>At</strong></span> <span class='ocrx_word' id='word_1_633' title='bbox 2754 2656 3104 2727; x_wconf 85' lang='lat' dir='ltr'><strong>postmodum</strong></span> <span class='ocrx_word' id='word_1_634' title='bbox 3150 2655 3269 2712; x_wconf 60' lang='lat' dir='ltr'><strong>haec</strong></span> <span class='ocrx_word' id='word_1_635' title='bbox 3297 2655 3352 2712; x_wconf 92' lang='lat' dir='ltr'><strong>in</strong></span> <span class='ocrx_word' id='word_1_636' title='bbox 3382 2669 3470 2713; x_wconf 91' lang='lat' dir='ltr'><strong>me</strong></span> 
     </span>
    </p>
   </div>
   <div class='ocr_carea' id='block_1_87' title="bbox 1878 2746 3470 2820">
    <p class='ocr_par' dir='ltr' id='par_1_87' title="bbox 1878 2746 3470 2820">
     <span class='ocr_line' id='line_1_88' title="bbox 1878 2746 3470 2820; baseline 0 -16"><span class='ocrx_word' id='word_1_637' title='bbox 1878 2749 2072 2806; x_wconf 83' lang='lat' dir='ltr'><strong>fortius</strong></span> <span class='ocrx_word' id='word_1_638' title='bbox 2113 2749 2398 2819; x_wconf 69' lang='lat' dir='ltr'><strong>praevaluit</strong></span> <span class='ocrx_word' id='word_1_639' title='bbox 2437 2747 2697 2820; x_wconf 84' lang='lat' dir='ltr'><strong>cogitatio</strong></span> <span class='ocrx_word' id='word_1_640' title='bbox 2723 2788 2740 2814; x_wconf 94' lang='lat'><strong>,</strong></span> <span class='ocrx_word' id='word_1_641' title='bbox 2799 2747 3164 2818; x_wconf 85' lang='lat' dir='ltr'><strong>fecissemque</strong></span> <span class='ocrx_word' id='word_1_642' title='bbox 3203 2747 3348 2817; x_wconf 91' lang='lat' dir='ltr'><strong>quod</strong></span> <span class='ocrx_word' id='word_1_643' title='bbox 3378 2746 3470 2804; x_wconf 90' lang='lat' dir='ltr'><strong>ille</strong></span> 
     </span>
    </p>
   </div>
   <div class='ocr_carea' id='block_1_88' title="bbox 1878 2839 3466 2914">
    <p class='ocr_par' dir='ltr' id='par_1_88' title="bbox 1878 2839 3466 2914">
     <span class='ocr_line' id='line_1_89' title="bbox 1878 2839 3466 2914; baseline -0.003 -14"><span class='ocrx_word' id='word_1_644' title='bbox 1878 2849 2268 2914; x_wconf 82' lang='lat' dir='ltr'><strong>suggesserat,</strong></span> <span class='ocrx_word' id='word_1_645' title='bbox 2313 2841 2418 2896; x_wconf 88' lang='lat' dir='ltr'><strong>nisi</strong></span> <span class='ocrx_word' id='word_1_646' title='bbox 2465 2839 2742 2912; x_wconf 88' lang='lat' dir='ltr'><strong>paululum</strong></span> <span class='ocrx_word' id='word_1_647' title='bbox 2773 2855 2860 2896; x_wconf 92' lang='lat' dir='ltr'><strong>me</strong></span> <span class='ocrx_word' id='word_1_648' title='bbox 2895 2840 3166 2896; x_wconf 86' lang='lat' dir='ltr'><strong>animaret</strong></span> <span class='ocrx_word' id='word_1_649' title='bbox 3203 2840 3466 2896; x_wconf 88' lang='lat' dir='ltr'><strong>miserum</strong></span> 
     </span>
    </p>
   </div>
   <div class='ocr_carea' id='block_1_89' title="bbox 1877 2931 3466 3005">
    <p class='ocr_par' dir='ltr' id='par_1_89' title="bbox 1877 2931 3466 3005">
     <span class='ocr_line' id='line_1_90' title="bbox 1877 2931 3466 3005; baseline -0.001 -15"><span class='ocrx_word' id='word_1_650' title='bbox 1877 2932 2184 2990; x_wconf 88' lang='lat' dir='ltr'><strong>recordatio</strong></span> <span class='ocrx_word' id='word_1_651' title='bbox 2201 2933 2426 2989; x_wconf 85' lang='lat' dir='ltr'><strong>visionis</strong></span> <span class='ocrx_word' id='word_1_652' title='bbox 2443 2932 2762 3003; x_wconf 65' lang='lat' dir='ltr'><strong>praemissae,</strong></span> <span class='ocrx_word' id='word_1_653' title='bbox 2781 2947 2888 3003; x_wconf 88' lang='lat' dir='ltr'><strong>qua</strong></span> <span class='ocrx_word' id='word_1_654' title='bbox 2911 2932 3044 2988; x_wconf 89' lang='lat' dir='ltr'><strong>mihi</strong></span> <span class='ocrx_word' id='word_1_655' title='bbox 3067 2931 3466 3005; x_wconf 87' lang='lat' dir='ltr'><strong>aliquantulum</strong></span> 
     </span>
    </p>
   </div>
   <div class='ocr_carea' id='block_1_90' title="bbox 1877 3022 3472 3095">
    <p class='ocr_par' dir='ltr' id='par_1_90' title="bbox 1877 3022 3472 3095">
     <span class='ocr_line' id='line_1_91' title="bbox 1877 3022 3472 3095; baseline 0 -14"><span class='ocrx_word' id='word_1_656' title='bbox 1877 3024 2202 3081; x_wconf 88' lang='lat' dir='ltr'><strong>blandiebar</strong></span> <span class='ocrx_word' id='word_1_657' title='bbox 2228 3022 2297 3079; x_wconf 90' lang='lat' dir='ltr'><strong>de</strong></span> <span class='ocrx_word' id='word_1_658' title='bbox 2347 3023 2650 3080; x_wconf 85' lang='lat' dir='ltr'><strong>Salvatoris</strong></span> <span class='ocrx_word' id='word_1_659' title='bbox 2695 3023 2867 3079; x_wconf 89' lang='lat' dir='ltr'><strong>nostri</strong></span> <span class='ocrx_word' id='word_1_660' title='bbox 2919 3037 3142 3094; x_wconf 69' lang='lat' dir='ltr'><strong>suaeque</strong></span> <span class='ocrx_word' id='word_1_661' title='bbox 3189 3022 3472 3095; x_wconf 82' lang='lat' dir='ltr'><strong>genitricis</strong></span> 
     </span>
    </p>
   </div>
   <div class='ocr_carea' id='block_1_91' title="bbox 1887 3114 3470 3186">
    <p class='ocr_par' dir='ltr' id='par_1_91' title="bbox 1887 3114 3470 3186">
     <span class='ocr_line' id='line_1_92' title="bbox 1887 3114 3470 3186; baseline -0.001 -12"><span class='ocrx_word' id='word_1_662' title='bbox 1887 3116 2288 3174; x_wconf 86' lang='lat' dir='ltr'><strong>misericordia.</strong></span> <span class='ocrx_word' id='word_1_663' title='bbox 2321 3114 2459 3171; x_wconf 85' lang='lat' dir='ltr'><strong>Nam</strong></span> <span class='ocrx_word' id='word_1_664' title='bbox 2493 3122 2548 3172; x_wconf 91' lang='lat' dir='ltr'><strong>et</strong></span> <span class='ocrx_word' id='word_1_665' title='bbox 2593 3115 2699 3173; x_wconf 87' lang='lat' dir='ltr'><strong>hoc</strong></span> <span class='ocrx_word' id='word_1_666' title='bbox 2729 3129 2829 3186; x_wconf 92' lang='lat' dir='ltr'><strong>pro</strong></span> <span class='ocrx_word' id='word_1_667' title='bbox 2855 3114 3124 3172; x_wconf 85' lang='lat' dir='ltr'><strong>constanti</strong></span> <span class='ocrx_word' id='word_1_668' title='bbox 3153 3114 3282 3172; x_wconf 92' lang='lat' dir='ltr'><strong>olim</strong></span> <span class='ocrx_word' id='word_1_669' title='bbox 3312 3131 3470 3172; x_wconf 88' lang='lat' dir='ltr'><strong>acce-</strong></span> 
     </span>
    </p>
   </div>
   <div class='ocr_carea' id='block_1_92' title="bbox 1879 3198 3502 3282">
    <p class='ocr_par' dir='ltr' id='par_1_92' title="bbox 1879 3198 3502 3282">
     <span class='ocr_line' id='line_1_93' title="bbox 1879 3198 3502 3282; baseline 0 -17"><span class='ocrx_word' id='word_1_670' title='bbox 1879 3224 2068 3282; x_wconf 88' lang='lat' dir='ltr'><strong>peram</strong></span> <span class='ocrx_word' id='word_1_671' title='bbox 2139 3207 2431 3266; x_wconf 90' lang='lat' dir='ltr'><strong>traditione</strong></span> <span class='ocrx_word' id='word_1_672' title='bbox 2472 3208 2617 3281; x_wconf 89' lang='lat' dir='ltr'><strong>quod</strong></span> <span class='ocrx_word' id='word_1_673' title='bbox 2657 3208 2962 3280; x_wconf 84' lang='lat' dir='ltr'><strong>quicunque</strong></span> <span class='ocrx_word' id='word_1_674' title='bbox 3022 3207 3233 3278; x_wconf 87' lang='lat' dir='ltr'><strong>sibiipsi</strong></span> <span class='ocrx_word' id='word_1_675' title='bbox 3277 3222 3468 3266; x_wconf 87' lang='lat' dir='ltr'><strong>necem</strong></span> <span class='ocrx_word' id='word_1_676' title='bbox 3499 3198 3502 3202; x_wconf 70' lang='grc'><em>’</em></span> 
     </span>
    </p>
   </div>
   <div class='ocr_carea' id='block_1_93' title="bbox 1878 3299 3465 3372">
    <p class='ocr_par' dir='ltr' id='par_1_93' title="bbox 1878 3299 3465 3372">
     <span class='ocr_line' id='line_1_94' title="bbox 1878 3299 3465 3372; baseline -0.001 -14"><span class='ocrx_word' id='word_1_677' title='bbox 1878 3302 2128 3368; x_wconf 89' lang='lat' dir='ltr'><strong>inferret,</strong></span> <span class='ocrx_word' id='word_1_678' title='bbox 2149 3300 2483 3358; x_wconf 74' lang='lat' dir='ltr'><strong>aeternaliter</strong></span> <span class='ocrx_word' id='word_1_679' title='bbox 2513 3299 2700 3372; x_wconf 91' lang='lat' dir='ltr'><strong>procul</strong></span> <span class='ocrx_word' id='word_1_680' title='bbox 2728 3301 2892 3357; x_wconf 86' lang='lat' dir='ltr'><strong>dubio</strong></span> <span class='ocrx_word' id='word_1_681' title='bbox 2917 3300 3143 3371; x_wconf 88' lang='lat' dir='ltr'><strong>periret.</strong></span> <span class='ocrx_word' id='word_1_682' title='bbox 3167 3299 3303 3357; x_wconf 87' lang='lat' dir='ltr'><strong>Tam</strong></span> <span class='ocrx_word' id='word_1_683' title='bbox 3331 3313 3465 3356; x_wconf 84' lang='lat' dir='ltr'><strong>vero</strong></span> 
     </span>
    </p>
   </div>
   <div class='ocr_carea' id='block_1_94' title="bbox 1878 3390 3464 3458">
    <p class='ocr_par' dir='ltr' id='par_1_94' title="bbox 1878 3390 3464 3458">
     <span class='ocr_line' id='line_1_95' title="bbox 1878 3390 3464 3458; baseline -0.001 -10"><span class='ocrx_word' id='word_1_684' title='bbox 1878 3391 2076 3448; x_wconf 85' lang='lat' dir='ltr'><strong>infesta</strong></span> <span class='ocrx_word' id='word_1_685' title='bbox 2106 3391 2261 3458; x_wconf 88' lang='lat' dir='ltr'><strong>mihi,</strong></span> <span class='ocrx_word' id='word_1_686' title='bbox 2289 3400 2346 3447; x_wconf 90' lang='lat' dir='ltr'><strong>et</strong></span> <span class='ocrx_word' id='word_1_687' title='bbox 2372 3391 2554 3447; x_wconf 89' lang='lat' dir='ltr'><strong>adhuc</strong></span> <span class='ocrx_word' id='word_1_688' title='bbox 2582 3390 2768 3446; x_wconf 83' lang='lat' dir='ltr'><strong>existit</strong></span> <span class='ocrx_word' id='word_1_689' title='bbox 2797 3390 2924 3457; x_wconf 89' lang='lat' dir='ltr'><strong>ista,</strong></span> <span class='ocrx_word' id='word_1_690' title='bbox 2955 3401 3016 3446; x_wconf 90' lang='lat' dir='ltr'><strong>ut</strong></span> <span class='ocrx_word' id='word_1_691' title='bbox 3040 3392 3230 3456; x_wconf 86' lang='lat' dir='ltr'><strong>credo,</strong></span> <span class='ocrx_word' id='word_1_692' title='bbox 3255 3390 3464 3446; x_wconf 90' lang='lat' dir='ltr'><strong>inimici</strong></span> 
     </span>
    </p>
   </div>
   <div class='ocr_carea' id='block_1_95' title="bbox 1876 3478 3468 3554">
    <p class='ocr_par' dir='ltr' id='par_1_95' title="bbox 1876 3478 3468 3554">
     <span class='ocr_line' id='line_1_96' title="bbox 1876 3478 3468 3554; baseline -0.001 -16"><span class='ocrx_word' id='word_1_693' title='bbox 1876 3483 2184 3554; x_wconf 89' lang='lat' dir='ltr'><strong>suggestio,</strong></span> <span class='ocrx_word' id='word_1_694' title='bbox 2221 3482 2365 3553; x_wconf 84' lang='lat' dir='ltr'><strong>quod</strong></span> <span class='ocrx_word' id='word_1_695' title='bbox 2389 3481 2472 3537; x_wconf 87' lang='lat' dir='ltr'><strong>bis</strong></span> <span class='ocrx_word' id='word_1_696' title='bbox 2501 3479 2661 3538; x_wconf 89' lang='lat' dir='ltr'><strong>hodie</strong></span> <span class='ocrx_word' id='word_1_697' title='bbox 2690 3478 2903 3552; x_wconf 78' lang='lat' dir='ltr'><strong>perrexi</strong></span> <span class='ocrx_word' id='word_1_698' title='bbox 2931 3520 2946 3543; x_wconf 89' lang='lat'><strong>,</strong></span> <span class='ocrx_word' id='word_1_699' title='bbox 2974 3487 3036 3534; x_wconf 92' lang='lat' dir='ltr'><strong>ut</strong></span> <span class='ocrx_word' id='word_1_700' title='bbox 3076 3480 3340 3551; x_wconf 90' lang='lat' dir='ltr'><strong>meipsum</strong></span> <span class='ocrx_word' id='word_1_701' title='bbox 3397 3479 3468 3536; x_wconf 92' lang='lat' dir='ltr'><strong>de</strong></span> 
     </span>
    </p>
   </div>
   <div class='ocr_carea' id='block_1_96' title="bbox 1875 3569 3465 3645">
    <p class='ocr_par' dir='ltr' id='par_1_96' title="bbox 1875 3569 3465 3645">
     <span class='ocr_line' id='line_1_97' title="bbox 1875 3569 3465 3645; baseline -0.003 -16"><span class='ocrx_word' id='word_1_702' title='bbox 1875 3581 2056 3645; x_wconf 79' lang='lat' dir='ltr'><strong>ponte</strong></span> <span class='ocrx_word' id='word_1_703' title='bbox 2071 3571 2232 3642; x_wconf 88' lang='lat' dir='ltr'><strong>hujus</strong></span> <span class='ocrx_word' id='word_1_704' title='bbox 2252 3572 2390 3628; x_wconf 73' lang='lat' dir='ltr'><strong>villze</strong></span> <span class='ocrx_word' id='word_1_705' title='bbox 2415 3572 2810 3643; x_wconf 70' lang='lat' dir='ltr'><strong>prmeipitarem</strong></span> <span class='ocrx_word' id='word_1_706' title='bbox 2838 3570 2894 3627; x_wconf 91' lang='lat' dir='ltr'><strong>in</strong></span> <span class='ocrx_word' id='word_1_707' title='bbox 2919 3569 3162 3626; x_wconf 78' lang='lat' dir='ltr'><strong>fluvium;</strong></span> <span class='ocrx_word' id='word_1_708' title='bbox 3179 3571 3250 3626; x_wconf 83' lang='lat' dir='ltr'><strong>At</strong></span> <span class='ocrx_word' id='word_1_709' title='bbox 3268 3571 3465 3640; x_wconf 89' lang='lat' dir='ltr'><strong>primo,</strong></span> 
     </span>
    </p>
   </div>
   <div class='ocr_carea' id='block_1_97' title="bbox 1875 3659 3462 3728">
    <p class='ocr_par' dir='ltr' id='par_1_97' title="bbox 1875 3659 3462 3728">
     <span class='ocr_line' id='line_1_98' title="bbox 1875 3659 3462 3728; baseline -0.003 -9"><span class='ocrx_word' id='word_1_710' title='bbox 1875 3663 1947 3719; x_wconf 88' lang='lat' dir='ltr'><strong>ob</strong></span> <span class='ocrx_word' id='word_1_711' title='bbox 1999 3662 2421 3719; x_wconf 86' lang='lat' dir='ltr'><strong>commeantium</strong></span> <span class='ocrx_word' id='word_1_712' title='bbox 2476 3660 2874 3717; x_wconf 86' lang='lat' dir='ltr'><strong>multitudinem</strong></span> <span class='ocrx_word' id='word_1_713' title='bbox 2929 3659 3178 3716; x_wconf 81' lang='lat' dir='ltr'><strong>revocavi</strong></span> <span class='ocrx_word' id='word_1_714' title='bbox 3227 3659 3462 3728; x_wconf 88' lang='lat' dir='ltr'><strong>pedem;</strong></span> 
     </span>
    </p>
   </div>
   <div class='ocr_carea' id='block_1_98' title="bbox 1876 3750 3466 3815">
    <p class='ocr_par' dir='ltr' id='par_1_98' title="bbox 1876 3750 3466 3815">
     <span class='ocr_line' id='line_1_99' title="bbox 1876 3750 3466 3815; baseline -0.004 -5"><span class='ocrx_word' id='word_1_715' title='bbox 1876 3753 2116 3811; x_wconf 86' lang='lat' dir='ltr'><strong>secundo</strong></span> <span class='ocrx_word' id='word_1_716' title='bbox 2142 3792 2159 3815; x_wconf 90' lang='lat'><strong>,</strong></span> <span class='ocrx_word' id='word_1_717' title='bbox 2213 3752 2479 3806; x_wconf 84' lang='lat' dir='ltr'><strong>adventus</strong></span> <span class='ocrx_word' id='word_1_718' title='bbox 2516 3758 2698 3806; x_wconf 84' lang='lat' dir='ltr'><strong>vester</strong></span> <span class='ocrx_word' id='word_1_719' title='bbox 2729 3750 2952 3804; x_wconf 86' lang='lat' dir='ltr'><strong>auribus</strong></span> <span class='ocrx_word' id='word_1_720' title='bbox 2978 3750 3114 3805; x_wconf 89' lang='lat' dir='ltr'><strong>meis</strong></span> <span class='ocrx_word' id='word_1_721' title='bbox 3160 3750 3466 3804; x_wconf 85' lang='lat' dir='ltr'><strong>insinuatus</strong></span> 
     </span>
    </p>
   </div>
   <div class='ocr_carea' id='block_1_99' title="bbox 1874 3841 3470 3919">
    <p class='ocr_par' dir='ltr' id='par_1_99' title="bbox 1874 3841 3470 3919">
     <span class='ocr_line' id='line_1_100' title="bbox 1874 3841 3470 3919; baseline -0.003 -19"><span class='ocrx_word' id='word_1_722' title='bbox 1874 3862 1975 3919; x_wconf 81' lang='lat' dir='ltr'><strong>per</strong></span> <span class='ocrx_word' id='word_1_723' title='bbox 1999 3854 2211 3901; x_wconf 85' lang='lat' dir='ltr'><strong>vestros</strong></span> <span class='ocrx_word' id='word_1_724' title='bbox 2241 3857 2607 3916; x_wconf 72' lang='lat' dir='ltr'><strong>prmcursores</strong></span> <span class='ocrx_word' id='word_1_725' title='bbox 2648 3841 2762 3912; x_wconf 88' lang='lat' dir='ltr'><strong>jam</strong></span> <span class='ocrx_word' id='word_1_726' title='bbox 2793 3841 3097 3896; x_wconf 88' lang='lat' dir='ltr'><strong>imminenti</strong></span> <span class='ocrx_word' id='word_1_727' title='bbox 3126 3854 3213 3896; x_wconf 91' lang='lat' dir='ltr'><strong>me</strong></span> <span class='ocrx_word' id='word_1_728' title='bbox 3239 3855 3470 3910; x_wconf 82' lang='lat' dir='ltr'><strong>suspen-</strong></span> 
     </span>
    </p>
   </div>
   <div class='ocr_carea' id='block_1_100' title="bbox 1876 3931 3469 4006">
    <p class='ocr_par' dir='ltr' id='par_1_100' title="bbox 1876 3931 3469 4006">
     <span class='ocr_line' id='line_1_101' title="bbox 1876 3931 3469 4006; baseline -0.003 -15"><span class='ocrx_word' id='word_1_729' title='bbox 1876 3937 1957 3991; x_wconf 88' lang='lat' dir='ltr'><strong>dit</strong></span> <span class='ocrx_word' id='word_1_730' title='bbox 1983 3935 2300 4006; x_wconf 80' lang='lat' dir='ltr'><strong>praecipitio.</strong></span> <span class='ocrx_word' id='word_1_731' title='bbox 2321 3933 2441 3988; x_wconf 76' lang='lat' dir='ltr'><strong>Mox</strong></span> <span class='ocrx_word' id='word_1_732' title='bbox 2477 3933 2645 3999; x_wconf 87' lang='lat' dir='ltr'><strong>enim,</strong></span> <span class='ocrx_word' id='word_1_733' title='bbox 2671 3941 2732 3987; x_wconf 91' lang='lat' dir='ltr'><strong>ut</strong></span> <span class='ocrx_word' id='word_1_734' title='bbox 2761 3931 3022 4001; x_wconf 90' lang='lat' dir='ltr'><strong>comperi,</strong></span> <span class='ocrx_word' id='word_1_735' title='bbox 3046 3932 3352 3991; x_wconf 86' lang='lat' dir='ltr'><strong>sanctitatis</strong></span> <span class='ocrx_word' id='word_1_736' title='bbox 3374 3946 3469 3986; x_wconf 88' lang='lat' dir='ltr'><strong>ve-</strong></span> 
     </span>
    </p>
   </div>
   <div class='ocr_carea' id='block_1_101' title="bbox 1877 4021 3468 4098">
    <p class='ocr_par' dir='ltr' id='par_1_101' title="bbox 1877 4021 3468 4098">
     <span class='ocr_line' id='line_1_102' title="bbox 1877 4021 3468 4098; baseline -0.005 -14"><span class='ocrx_word' id='word_1_737' title='bbox 1877 4035 2005 4084; x_wconf 74' lang='lat' dir='ltr'><strong>stra:</strong></span> <span class='ocrx_word' id='word_1_738' title='bbox 2028 4025 2371 4098; x_wconf 66' lang='lat' dir='ltr'><strong>praesentiam</strong></span> <span class='ocrx_word' id='word_1_739' title='bbox 2393 4023 2729 4087; x_wconf 86' lang='lat' dir='ltr'><strong>adfuturam,</strong></span> <span class='ocrx_word' id='word_1_740' title='bbox 2745 4023 2891 4078; x_wconf 92' lang='lat' dir='ltr'><strong>omni</strong></span> <span class='ocrx_word' id='word_1_741' title='bbox 2915 4021 3264 4078; x_wconf 80' lang='lat' dir='ltr'><strong>ﬂuctuatione</strong></span> <span class='ocrx_word' id='word_1_742' title='bbox 3286 4021 3468 4076; x_wconf 86' lang='lat' dir='ltr'><strong>cordis</strong></span> 
     </span>
    </p>
   </div>
   <div class='ocr_carea' id='block_1_102' title="bbox 1877 4111 3471 4189">
    <p class='ocr_par' dir='ltr' id='par_1_102' title="bbox 1877 4111 3471 4189">
     <span class='ocr_line' id='line_1_103' title="bbox 1877 4111 3471 4189; baseline -0.006 -14"><span class='ocrx_word' id='word_1_743' title='bbox 1877 4117 2122 4189; x_wconf 75' lang='lat' dir='ltr'><strong>explosa,</strong></span> <span class='ocrx_word' id='word_1_744' title='bbox 2151 4117 2204 4172; x_wconf 94' lang='lat' dir='ltr'><strong>in</strong></span> <span class='ocrx_word' id='word_1_745' title='bbox 2240 4123 2403 4172; x_wconf 75' lang='lat' dir='ltr'><strong>tanta:</strong></span> <span class='ocrx_word' id='word_1_746' title='bbox 2430 4115 2570 4186; x_wconf 74' lang='lat' dir='ltr'><strong>ccepi</strong></span> <span class='ocrx_word' id='word_1_747' title='bbox 2594 4114 2939 4172; x_wconf 87' lang='lat' dir='ltr'><strong>discretionis</strong></span> <span class='ocrx_word' id='word_1_748' title='bbox 2970 4112 3264 4184; x_wconf 90' lang='lat' dir='ltr'><strong>alloquium</strong></span> <span class='ocrx_word' id='word_1_749' title='bbox 3295 4111 3471 4183; x_wconf 83' lang='lat' dir='ltr'><strong>respi-</strong></span> 
     </span>
    </p>
   </div>
   <div class='ocr_carea' id='block_1_103' title="bbox 1880 4224 2080 4264">
    <p class='ocr_par' dir='ltr' id='par_1_103' title="bbox 1880 4224 2080 4264">
     <span class='ocr_line' id='line_1_104' title="bbox 1880 4224 2080 4264; baseline -0.02 0"><span class='ocrx_word' id='word_1_750' title='bbox 1880 4225 1937 4264; x_wconf 85' lang='lat' dir='ltr'><strong>ra</strong></span> <span class='ocrx_word' id='word_1_751' title='bbox 1946 4224 2024 4264; x_wconf 87' lang='lat' dir='ltr'><strong>re.</strong></span> <span class='ocrx_word' id='word_1_752' title='bbox 2061 4227 2080 4260; x_wconf 70' lang='grc' dir='ltr'><strong>ι</strong></span> 
     </span>
    </p>
   </div>
   <div class='ocr_carea' id='block_1_104' title="bbox 1950 4292 3469 4374">
    <p class='ocr_par' dir='ltr' id='par_1_104' title="bbox 1950 4292 3469 4374">
     <span class='ocr_line' id='line_1_105' title="bbox 1950 4292 3469 4374; baseline -0.004 -20"><span class='ocrx_word' id='word_1_753' title='bbox 1950 4297 2174 4354; x_wconf 85' lang='lat' dir='ltr'><strong>Talibus</strong></span> <span class='ocrx_word' id='word_1_754' title='bbox 2203 4311 2334 4353; x_wconf 91' lang='lat' dir='ltr'><strong>vero</strong></span> <span class='ocrx_word' id='word_1_755' title='bbox 2363 4297 2431 4354; x_wconf 90' lang='lat' dir='ltr'><strong>ab</strong></span> <span class='ocrx_word' id='word_1_756' title='bbox 2452 4295 2817 4374; x_wconf 84' lang='lat' dir='ltr'><strong>eo_peroratis</strong></span> <span class='ocrx_word' id='word_1_757' title='bbox 2842 4337 2857 4359; x_wconf 90' lang='lat'><strong>,</strong></span> <span class='ocrx_word' id='word_1_758' title='bbox 2898 4295 3186 4367; x_wconf 81' lang='lat' dir='ltr'><strong>episcOpns</strong></span> <span class='ocrx_word' id='word_1_759' title='bbox 3222 4292 3469 4349; x_wconf 86' lang='lat' dir='ltr'><strong>breviter</strong></span> 
     </span>
    </p>
   </div>
   <div class='ocr_carea' id='block_1_105' title="bbox 1858 4387 3468 4461">
    <p class='ocr_par' dir='ltr' id='par_1_105' title="bbox 1858 4387 3468 4461">
     <span class='ocr_line' id='line_1_106' title="bbox 1858 4387 3468 4461; baseline -0.007 -12"><span class='ocrx_word' id='word_1_760' title='bbox 1858 4406 2003 4449; x_wconf 79' lang='lat' dir='ltr'><strong>cum</strong></span> <span class='ocrx_word' id='word_1_761' title='bbox 2029 4404 2130 4461; x_wconf 91' lang='lat' dir='ltr'><strong>pro</strong></span> <span class='ocrx_word' id='word_1_762' title='bbox 2159 4399 2401 4460; x_wconf 89' lang='lat' dir='ltr'><strong>tempore</strong></span> <span class='ocrx_word' id='word_1_763' title='bbox 2422 4390 2762 4452; x_wconf 89' lang='lat' dir='ltr'><strong>adhortatus,</strong></span> <span class='ocrx_word' id='word_1_764' title='bbox 2787 4389 2912 4444; x_wconf 86' lang='lat' dir='ltr'><strong>data</strong></span> <span class='ocrx_word' id='word_1_765' title='bbox 2938 4387 3334 4450; x_wconf 88' lang='lat' dir='ltr'><strong>benedictione,</strong></span> <span class='ocrx_word' id='word_1_766' title='bbox 3355 4399 3468 4439; x_wconf 85' lang='lat' dir='ltr'><strong>mc-</strong></span> 
     </span>
    </p>
   </div>
   <div class='ocr_carea' id='block_1_106' title="bbox 1880 4475 3469 4550">
    <p class='ocr_par' dir='ltr' id='par_1_106' title="bbox 1880 4475 3469 4550">
     <span class='ocr_line' id='line_1_107' title="bbox 1880 4475 3469 4550; baseline -0.006 -10"><span class='ocrx_word' id='word_1_767' title='bbox 1880 4492 1973 4540; x_wconf 90' lang='lat' dir='ltr'><strong>nct</strong></span> <span class='ocrx_word' id='word_1_768' title='bbox 1996 4483 2168 4546; x_wconf 90' lang='lat' dir='ltr'><strong>illum,</strong></span> <span class='ocrx_word' id='word_1_769' title='bbox 2201 4489 2470 4550; x_wconf 88' lang='lat' dir='ltr'><strong>quatenus</strong></span> <span class='ocrx_word' id='word_1_770' title='bbox 2497 4482 2566 4536; x_wconf 90' lang='lat' dir='ltr'><strong>ad</strong></span> <span class='ocrx_word' id='word_1_771' title='bbox 2589 4494 2759 4550; x_wconf 88' lang='lat' dir='ltr'><strong>usque</strong></span> <span class='ocrx_word' id='word_1_772' title='bbox 2789 4479 3174 4535; x_wconf 83' lang='lat' dir='ltr'><strong>Doroberniam</strong></span> <span class='ocrx_word' id='word_1_773' title='bbox 3197 4475 3346 4546; x_wconf 74' lang='lat'><strong>(256)</strong></span> <span class='ocrx_word' id='word_1_774' title='bbox 3371 4491 3469 4530; x_wconf 88' lang='lat' dir='ltr'><strong>sua</strong></span> 
     </span>
    </p>
   </div>
   <div class='ocr_carea' id='block_1_107' title="bbox 1882 4565 3468 4642">
    <p class='ocr_par' dir='ltr' id='par_1_107' title="bbox 1882 4565 3468 4642">
     <span class='ocr_line' id='line_1_108' title="bbox 1882 4565 3468 4642; baseline -0.006 -12"><span class='ocrx_word' id='word_1_775' title='bbox 1882 4573 2248 4642; x_wconf 86' lang='lat' dir='ltr'><strong>subsequatur</strong></span> <span class='ocrx_word' id='word_1_776' title='bbox 2277 4571 2501 4638; x_wconf 84' lang='lat' dir='ltr'><strong>vestigia</strong></span> <span class='ocrx_word' id='word_1_777' title='bbox 2522 4610 2538 4635; x_wconf 93' lang='lat'><strong>,</strong></span> <span class='ocrx_word' id='word_1_778' title='bbox 2586 4570 2786 4625; x_wconf 90' lang='lat' dir='ltr'><strong>ibidem</strong></span> <span class='ocrx_word' id='word_1_779' title='bbox 2807 4570 3016 4641; x_wconf 89' lang='lat' dir='ltr'><strong>plenius</strong></span> <span class='ocrx_word' id='word_1_780' title='bbox 3041 4575 3098 4623; x_wconf 90' lang='lat' dir='ltr'><strong>et</strong></span> <span class='ocrx_word' id='word_1_781' title='bbox 3118 4565 3344 4621; x_wconf 80' lang='lat' dir='ltr'><strong>libarius</strong></span> <span class='ocrx_word' id='word_1_782' title='bbox 3376 4579 3468 4620; x_wconf 88' lang='lat' dir='ltr'><strong>sa-</strong></span> 
     </span>
    </p>
   </div>
   <div class='ocr_carea' id='block_1_108' title="bbox 1882 4658 3468 4728">
    <p class='ocr_par' dir='ltr' id='par_1_108' title="bbox 1882 4658 3468 4728">
     <span class='ocr_line' id='line_1_109' title="bbox 1882 4658 3468 4728; baseline -0.007 -9"><span class='ocrx_word' id='word_1_783' title='bbox 1882 4663 2012 4720; x_wconf 91' lang='lat' dir='ltr'><strong>lutis</strong></span> <span class='ocrx_word' id='word_1_784' title='bbox 2043 4661 2363 4728; x_wconf 90' lang='lat' dir='ltr'><strong>consilium,</strong></span> <span class='ocrx_word' id='word_1_785' title='bbox 2409 4676 2510 4718; x_wconf 92' lang='lat' dir='ltr'><strong>nec</strong></span> <span class='ocrx_word' id='word_1_786' title='bbox 2544 4675 2653 4716; x_wconf 90' lang='lat' dir='ltr'><strong>non</strong></span> <span class='ocrx_word' id='word_1_787' title='bbox 2689 4669 2745 4716; x_wconf 93' lang='lat' dir='ltr'><strong>et</strong></span> <span class='ocrx_word' id='word_1_788' title='bbox 2791 4658 3052 4715; x_wconf 80' lang='lat' dir='ltr'><strong>auxilium</strong></span> <span class='ocrx_word' id='word_1_789' title='bbox 3087 4666 3468 4728; x_wconf 84' lang='lat' dir='ltr'><strong>percepturus.</strong></span> 
     </span>
    </p>
   </div>
   <div class='ocr_carea' id='block_1_109' title="bbox 1883 4748 3474 4819">
    <p class='ocr_par' dir='ltr' id='par_1_109' title="bbox 1883 4748 3474 4819">
     <span class='ocr_line' id='line_1_110' title="bbox 1883 4748 3474 4819; baseline -0.007 -6"><span class='ocrx_word' id='word_1_790' title='bbox 1883 4757 2046 4813; x_wconf 87' lang='lat' dir='ltr'><strong>Paret</strong></span> <span class='ocrx_word' id='word_1_791' title='bbox 2071 4755 2162 4811; x_wconf 91' lang='lat' dir='ltr'><strong>ille</strong></span> <span class='ocrx_word' id='word_1_792' title='bbox 2183 4755 2404 4811; x_wconf 91' lang='lat' dir='ltr'><strong>monitis</strong></span> <span class='ocrx_word' id='word_1_793' title='bbox 2430 4752 2785 4810; x_wconf 86' lang='lat' dir='ltr'><strong>salutaribus.</strong></span> <span class='ocrx_word' id='word_1_794' title='bbox 2830 4750 2933 4819; x_wconf 86' lang='lat' dir='ltr'><strong>Qui</strong></span> <span class='ocrx_word' id='word_1_795' title='bbox 2977 4752 3203 4807; x_wconf 85' lang='lat' dir='ltr'><strong>veniens</strong></span> <span class='ocrx_word' id='word_1_796' title='bbox 3230 4748 3474 4805; x_wconf 84' lang='lat' dir='ltr'><strong>Cantua-</strong></span> 
     </span>
    </p>
   </div>
   <div class='ocr_carea' id='block_1_110' title="bbox 1883 4839 3475 4914">
    <p class='ocr_par' dir='ltr' id='par_1_110' title="bbox 1883 4839 3475 4914">
     <span class='ocr_line' id='line_1_111' title="bbox 1883 4839 3475 4914; baseline -0.007 -10"><span class='ocrx_word' id='word_1_797' title='bbox 1883 4848 2046 4913; x_wconf 87' lang='lat' dir='ltr'><strong>riam,</strong></span> <span class='ocrx_word' id='word_1_798' title='bbox 2068 4860 2224 4902; x_wconf 89' lang='lat' dir='ltr'><strong>sacra</strong></span> <span class='ocrx_word' id='word_1_799' title='bbox 2251 4843 2368 4914; x_wconf 84' lang='lat' dir='ltr'><strong>ejus</strong></span> <span class='ocrx_word' id='word_1_800' title='bbox 2397 4842 2754 4900; x_wconf 80' lang='lat' dir='ltr'><strong>instructions</strong></span> <span class='ocrx_word' id='word_1_801' title='bbox 2775 4842 3018 4897; x_wconf 80' lang='lat' dir='ltr'><strong>firmatas</strong></span> <span class='ocrx_word' id='word_1_802' title='bbox 3038 4849 3092 4897; x_wconf 91' lang='lat' dir='ltr'><strong>et</strong></span> <span class='ocrx_word' id='word_1_803' title='bbox 3123 4839 3475 4896; x_wconf 78' lang='lat' dir='ltr'><strong>intercessio-</strong></span> 
     </span>
    </p>
   </div>
   <div class='ocr_carea' id='block_1_111' title="bbox 1885 4929 3472 5008">
    <p class='ocr_par' dir='ltr' id='par_1_111' title="bbox 1885 4929 3472 5008">
     <span class='ocr_line' id='line_1_112' title="bbox 1885 4929 3472 5008; baseline -0.006 -12"><span class='ocrx_word' id='word_1_804' title='bbox 1885 4955 1954 4996; x_wconf 90' lang='lat' dir='ltr'><strong>ne</strong></span> <span class='ocrx_word' id='word_1_805' title='bbox 1979 4938 2214 5008; x_wconf 87' lang='lat' dir='ltr'><strong>adjutus,</strong></span> <span class='ocrx_word' id='word_1_806' title='bbox 2239 4952 2270 4993; x_wconf 91' lang='lat' dir='ltr'><strong>a</strong></span> <span class='ocrx_word' id='word_1_807' title='bbox 2300 4935 2596 4994; x_wconf 89' lang='lat' dir='ltr'><strong>tentatione</strong></span> <span class='ocrx_word' id='word_1_808' title='bbox 2617 4933 2870 5006; x_wconf 86' lang='lat' dir='ltr'><strong>pestifera</strong></span> <span class='ocrx_word' id='word_1_809' title='bbox 2910 4929 3153 4989; x_wconf 78' lang='lat' dir='ltr'><strong>funditus</strong></span> <span class='ocrx_word' id='word_1_810' title='bbox 3196 4932 3250 4988; x_wconf 92' lang='lat' dir='ltr'><strong>in</strong></span> <span class='ocrx_word' id='word_1_811' title='bbox 3277 4945 3472 5003; x_wconf 85' lang='lat' dir='ltr'><strong>perpe-</strong></span> 
     </span>
    </p>
   </div>
   <div class='ocr_carea' id='block_1_112' title="bbox 1885 5020 3470 5093">
    <p class='ocr_par' dir='ltr' id='par_1_112' title="bbox 1885 5020 3470 5093">
     <span class='ocr_line' id='line_1_113' title="bbox 1885 5020 3470 5093; baseline -0.006 -7"><span class='ocrx_word' id='word_1_812' title='bbox 1885 5041 1995 5087; x_wconf 91' lang='lat' dir='ltr'><strong>tum</strong></span> <span class='ocrx_word' id='word_1_813' title='bbox 2023 5030 2303 5086; x_wconf 89' lang='lat' dir='ltr'><strong>liberatur.</strong></span> <span class='ocrx_word' id='word_1_814' title='bbox 2327 5025 2724 5085; x_wconf 85' lang='lat' dir='ltr'><strong>Perendinante</strong></span> <span class='ocrx_word' id='word_1_815' title='bbox 2753 5031 2934 5081; x_wconf 88' lang='lat' dir='ltr'><strong>autem</strong></span> <span class='ocrx_word' id='word_1_816' title='bbox 2959 5020 3159 5079; x_wconf 89' lang='lat' dir='ltr'><strong>ibidem</strong></span> <span class='ocrx_word' id='word_1_817' title='bbox 3189 5021 3470 5093; x_wconf 82' lang='lat' dir='ltr'><strong>pontifice,</strong></span> 
     </span>
    </p>
   </div>
   <div class='ocr_carea' id='block_1_113' title="bbox 1881 5111 3472 5192">
    <p class='ocr_par' dir='ltr' id='par_1_113' title="bbox 1881 5111 3472 5192">
     <span class='ocr_line' id='line_1_114' title="bbox 1881 5111 3472 5192; baseline -0.008 -15"><span class='ocrx_word' id='word_1_818' title='bbox 1881 5131 1936 5177; x_wconf 92' lang='lat' dir='ltr'><strong>et</strong></span> <span class='ocrx_word' id='word_1_819' title='bbox 1966 5130 2176 5192; x_wconf 89' lang='lat' dir='ltr'><strong>tempus</strong></span> <span class='ocrx_word' id='word_1_820' title='bbox 2204 5116 2536 5189; x_wconf 85' lang='lat' dir='ltr'><strong>navigationi</strong></span> <span class='ocrx_word' id='word_1_821' title='bbox 2571 5129 2870 5186; x_wconf 86' lang='lat' dir='ltr'><strong>congruum</strong></span> <span class='ocrx_word' id='word_1_822' title='bbox 2901 5128 3001 5184; x_wconf 90' lang='lat' dir='ltr'><strong>per</strong></span> <span class='ocrx_word' id='word_1_823' title='bbox 3029 5112 3148 5168; x_wconf 87' lang='lat' dir='ltr'><strong>dies</strong></span> <span class='ocrx_word' id='word_1_824' title='bbox 3169 5111 3285 5168; x_wconf 89' lang='lat' dir='ltr'><strong>fere</strong></span> <span class='ocrx_word' id='word_1_825' title='bbox 3315 5111 3472 5182; x_wconf 90' lang='lat' dir='ltr'><strong>quin-</strong></span> 
     </span>
    </p>
   </div>
   <div class='ocr_carea' id='block_1_114' title="bbox 1884 5204 3474 5285">
    <p class='ocr_par' dir='ltr' id='par_1_114' title="bbox 1884 5204 3474 5285">
     <span class='ocr_line' id='line_1_115' title="bbox 1884 5204 3474 5285; baseline -0.008 -15"><span class='ocrx_word' id='word_1_826' title='bbox 1884 5214 2057 5271; x_wconf 88' lang='lat' dir='ltr'><strong>decim</strong></span> <span class='ocrx_word' id='word_1_827' title='bbox 2085 5213 2234 5285; x_wconf 72' lang='lat'><strong>(237)</strong></span> <span class='ocrx_word' id='word_1_828' title='bbox 2275 5209 2626 5282; x_wconf 69' lang='lat' dir='ltr'><strong>prmstolante</strong></span> <span class='ocrx_word' id='word_1_829' title='bbox 2654 5247 2669 5271; x_wconf 91' lang='lat'><strong>,</strong></span> <span class='ocrx_word' id='word_1_830' title='bbox 2700 5205 2814 5277; x_wconf 88' lang='lat' dir='ltr'><strong>jam</strong></span> <span class='ocrx_word' id='word_1_831' title='bbox 2869 5206 2922 5261; x_wconf 91' lang='lat' dir='ltr'><strong>in</strong></span> <span class='ocrx_word' id='word_1_832' title='bbox 2951 5205 3057 5261; x_wconf 80' lang='lat' dir='ltr'><strong>fide</strong></span> <span class='ocrx_word' id='word_1_833' title='bbox 3101 5214 3156 5260; x_wconf 91' lang='lat' dir='ltr'><strong>ct</strong></span> <span class='ocrx_word' id='word_1_834' title='bbox 3185 5204 3474 5260; x_wconf 74' lang='lat' dir='ltr'><strong>devotione</strong></span> 
     </span>
    </p>
   </div>
   <div class='ocr_carea' id='block_1_115' title="bbox 1883 5289 3470 5380">
    <p class='ocr_par' dir='ltr' id='par_1_115' title="bbox 1883 5289 3470 5380">
     <span class='ocr_line' id='line_1_116' title="bbox 1883 5289 3470 5380; baseline -0.009 -17"><span class='ocrx_word' id='word_1_835' title='bbox 1883 5289 2228 5380; x_wconf 71' lang='lat' dir='ltr'><strong>pmvalidus,</strong></span> <span class='ocrx_word' id='word_1_836' title='bbox 2257 5301 2596 5360; x_wconf 86' lang='lat' dir='ltr'><strong>consistebat</strong></span> <span class='ocrx_word' id='word_1_837' title='bbox 2615 5299 2705 5357; x_wconf 91' lang='lat' dir='ltr'><strong>ille</strong></span> <span class='ocrx_word' id='word_1_838' title='bbox 2735 5299 2788 5354; x_wconf 91' lang='lat' dir='ltr'><strong>in</strong></span> <span class='ocrx_word' id='word_1_839' title='bbox 2815 5299 3007 5355; x_wconf 88' lang='lat' dir='ltr'><strong>eadem</strong></span> <span class='ocrx_word' id='word_1_840' title='bbox 3027 5297 3165 5353; x_wconf 84' lang='lat' dir='ltr'><strong>urbe</strong></span> <span class='ocrx_word' id='word_1_841' title='bbox 3187 5311 3285 5368; x_wconf 89' lang='lat' dir='ltr'><strong>per</strong></span> <span class='ocrx_word' id='word_1_842' title='bbox 3305 5307 3470 5350; x_wconf 86' lang='lat' dir='ltr'><strong>unam</strong></span> 
     </span>
    </p>
   </div>
   <div class='ocr_carea' id='block_1_116' title="bbox 1883 5457 2716 5534">
    <p class='ocr_par' dir='ltr' id='par_1_116' title="bbox 1883 5457 2716 5534">
     <span class='ocr_line' id='line_1_117' title="bbox 1883 5457 2716 5534; baseline -0.006 -17"><span class='ocrx_word' id='word_1_843' title='bbox 1883 5477 1988 5534; x_wconf 89' lang='lat' dir='ltr'><strong>qua</strong></span> <span class='ocrx_word' id='word_1_844' title='bbox 2020 5459 2195 5534; x_wconf 80' lang='lat' dir='ltr'><strong>miser</strong></span> <span class='ocrx_word' id='word_1_845' title='bbox 2212 5460 2304 5517; x_wconf 88' lang='lat' dir='ltr'><strong>hic</strong></span> <span class='ocrx_word' id='word_1_846' title='bbox 2328 5467 2488 5515; x_wconf 85' lang='lat' dir='ltr'><strong>natus</strong></span> <span class='ocrx_word' id='word_1_847' title='bbox 2516 5457 2716 5534; x_wconf 74' lang='lat' dir='ltr'><strong>fuerat.</strong></span> 
     </span>
    </p>
   </div>
   <div class='ocr_carea' id='block_1_117' title="bbox 1956 5529 2934 5603">
    <p class='ocr_par' dir='ltr' id='par_1_117' title="bbox 1956 5529 2934 5603">
     <span class='ocr_line' id='line_1_118' title="bbox 1956 5529 2934 5603; baseline -0.006 -16"><span class='ocrx_word' id='word_1_848' title='bbox 1956 5534 2104 5603; x_wconf 77' lang='lat'><strong>(236)</strong></span> <span class='ocrx_word' id='word_1_849' title='bbox 2145 5532 2200 5603; x_wconf 86' lang='lat' dir='ltr'><strong>Id</strong></span> <span class='ocrx_word' id='word_1_850' title='bbox 2235 5541 2342 5598; x_wconf 90' lang='lat' dir='ltr'><strong>est,</strong></span> <span class='ocrx_word' id='word_1_851' title='bbox 2371 5545 2543 5603; x_wconf 78' lang='lat' dir='ltr'><strong>usque</strong></span> <span class='ocrx_word' id='word_1_852' title='bbox 2563 5529 2934 5603; x_wconf 49' lang='lat' dir='ltr'><strong>Cytuariam.</strong></span> 
     </span>
    </p>
   </div>
   <div class='ocr_carea' id='block_1_118' title="bbox 1956 5591 3458 5673">
    <p class='ocr_par' dir='ltr' id='par_1_118' title="bbox 1956 5591 3458 5673">
     <span class='ocr_line' id='line_1_119' title="bbox 1956 5591 3458 5673; baseline -0.007 -16"><span class='ocrx_word' id='word_1_853' title='bbox 1956 5591 2107 5673; x_wconf 59' lang='lat'><strong>(237)</strong></span> <span class='ocrx_word' id='word_1_854' title='bbox 2147 5591 2356 5670; x_wconf 79' lang='lat' dir='ltr'><strong>Quibus</strong></span> <span class='ocrx_word' id='word_1_855' title='bbox 2381 5591 2580 5673; x_wconf 48' lang='lat' dir='ltr'><strong>eia-pst</strong></span> <span class='ocrx_word' id='word_1_856' title='bbox 2604 5599 2756 5670; x_wconf 81' lang='lat' dir='ltr'><strong>llugo</strong></span> <span class='ocrx_word' id='word_1_857' title='bbox 2786 5601 2836 5673; x_wconf 88' lang='lat' dir='ltr'><strong>in</strong></span> <span class='ocrx_word' id='word_1_858' title='bbox 2865 5591 3458 5673; x_wconf 59' lang='lat' dir='ltr'><strong>Neustriamtransfre-</strong></span> 
     </span>
    </p>
   </div>
   <div class='ocr_carea' id='block_1_119' title="bbox 1884 5662 3468 5757">
    <p class='ocr_par' dir='ltr' id='par_1_119' title="bbox 1884 5662 3468 5757">
     <span class='ocr_line' id='line_1_120' title="bbox 1884 5662 3468 5757; baseline -0.008 -27"><span class='ocrx_word' id='word_1_859' title='bbox 1884 5662 2040 5757; x_wconf 66' lang='lat' dir='ltr'><strong>tavit,</strong></span> <span class='ocrx_word' id='word_1_860' title='bbox 2071 5662 2130 5730; x_wconf 77' lang='lat' dir='ltr'><strong>et</strong></span> <span class='ocrx_word' id='word_1_861' title='bbox 2159 5662 2291 5731; x_wconf 68' lang='lat' dir='ltr'><strong>illuc</strong></span> <span class='ocrx_word' id='word_1_862' title='bbox 2327 5662 2483 5731; x_wconf 64' lang='lat' dir='ltr'><strong>circa&#39;</strong></span> <span class='ocrx_word' id='word_1_863' title='bbox 2514 5662 2979 5743; x_wconf 70' lang='lat' dir='ltr'><strong>Septuagesimum</strong></span> <span class='ocrx_word' id='word_1_864' title='bbox 3013 5668 3140 5722; x_wconf 87' lang='lat' dir='ltr'><strong>anni</strong></span> <span class='ocrx_word' id='word_1_865' title='bbox 3177 5662 3316 5722; x_wconf 78' lang='lat' dir='ltr'><strong>H99</strong></span> <span class='ocrx_word' id='word_1_866' title='bbox 3343 5679 3468 5736; x_wconf 85' lang='lat' dir='ltr'><strong>per-</strong></span> 
     </span>
    </p>
   </div>
   <div class='ocr_carea' id='block_1_120' title="bbox 1879 5756 2050 5804">
    <p class='ocr_par' dir='ltr' id='par_1_120' title="bbox 1879 5756 2050 5804">
     <span class='ocr_line' id='line_1_121' title="bbox 1879 5756 2050 5804; baseline 0.012 -4"><span class='ocrx_word' id='word_1_867' title='bbox 1879 5756 2050 5804; x_wconf 84' lang='lat' dir='ltr'><strong>venit.</strong></span> 
     </span>
    </p>
   </div>
  </div>
