3962 6408
570 375 709 438 ἰϐπῖ

1461 364 1520 420 S.
1556 360 1858 420 llllGONlS
1895 359 2110 418 EPISC.
2154 358 2463 417 LINCOLN.
2502 361 2662 420 ΟΜ).
2695 359 2948 420 (ωιτη.
3637 375 3726 436 Νη

572 499 682 547 tam
721 461 874 543 ardui
912 485 1111 554 negotii
1161 491 1382 554 tamque
1422 484 1697 551 urgentis;
1741 483 1855 553 ipse
1896 496 2023 536 vero
2057 479 2156 535 sub
2187 487 2230 542 Α
2263 483 2424 551 gessi.
2456 483 2512 538 Si
2553 484 2681 552 quid
2713 483 2766 538 in
2819 485 3102 539 absentem
3132 483 3384 554 denqint,
3407 488 3727 554 obtrectantiinn

571 581 788 637 silentio
817 576 1233 649 prmstulabalur
1260 574 1496 630 salutare
1524 574 1639 627 Dei.

635 674 895 726 .Decanus
943 670 1147 723 interea
1182 676 1236 721 et
1264 666 1506 720 canonici
1537 664 1941 735 Audegavensis
1974 662 2162 717 Eccle-

569 762 670 814 sne
704 760 968 831 rogabant
1017 772 1161 819 eum,
1193 764 1460 824 quatenus
1510 753 1731 807 instanti
1762 753 1850 806 die
1882 751 2158 805 Dominica

571 851 885 905 Palinurum
914 848 1153 902 divinum
1185 846 1324 915 ame
1361 859 1455 898 eos
1483 853 1876 912 exsequeretur
1900 840 2157 902 officium,

572 945 701 1011 quia
753 957 884 996 suus
931 937 1169 1010 pontifex
1216 952 1245 990 a
1287 936 1436 990 curia
1494 937 1721 990 necdum
1775 935 2009 987 redierat
2057 932 2162 986 Ro-

577 1049 757 1099 mana,
781 1033 843 1086 in
874 1045 978 1100 qua
1021 1044 1189 1098 nuper
1215 1027 1576 1097 episcopalem
1612 1033 1932 1095 perceperat
1973 1037 2160 1077 conse-

575 1119 893 1179 crationem.
932 1122 1139 1189 Quibus
1183 1121 1272 1176 ille
1313 1122 1684 1191 acquiescens,
1720 1135 1841 1174 cmn
1880 1119 1990 1186 jam
2025 1133 2162 1188 prie-

564 1219 785 1275 cedenti
819 1217 1058 1272 Sabbato
1089 1217 1155 1270 ad
1186 1217 1373 1270 urbem
1404 1216 1651 1268 tenderet
1695 1223 2075 1275 memoratam,
2106 1212 2158 1266 in

571 1311 754 1367 medio
785 1309 974 1364 itinere
1001 1307 1239 1362 occurrit
1268 1307 1314 1362 ei
1339 1307 1594 1369 clericus,
1641 1307 1857 1359 nomine
1885 1302 2161 1359 Gilbertus

572 1400 642 1455 de
667 1397 845 1462 Lasci,
875 1397 1053 1453 verbis
1100 1396 1424 1452 certissimis
1457 1397 1786 1448 annuntians
1831 1409 2010 1463 regem
2047 1392 2160 1461 jam

573 1491 811 1546 debitum
853 1489 1042 1544 mortis
1079 1475 1594 1558 exsolvisse'(259).
1647 1485 1818 1552 Quem
1859 1493 1911 1538 et
1950 1485 2038 1538 die
2071 1498 2159 1538 se-

573 1581 758 1651 quenti
811 1582 878 1635 ad
932 1581 1153 1648 vestigia
1210 1579 1382 1648 patris
1432 1579 1516 1632 sui
1570 1578 1709 1646 apud
1763 1576 2158 1631 monasterium

571 1673 763 1727 Fontis
787 1672 1026 1726 Ebrandi
1061 1670 1381 1724 trademlum
1411 1669 1644 1723 innotuit
1671 1667 1960 1738 sepultura:
1985 1666 2156 1738 (260).

574 1762 671 1817 llis
703 1764 793 1817 ille
819 1761 1020 1817 auditis
1049 1760 1212 1816 altius
1249 1760 1532 1831 ingemuit,
1562 1774 1726 1828 seque
1761 1759 1828 1812 ad
1861 1757 2035 1812 locum
2063 1757 2160 1811 de-

564 1856 848 1926 signatum
879 1867 1004 1907 mox
1035 1852 1089 1906 in
1120 1851 1435 1921 obsequium
1464 1851 1577 1905 suis
1606 1850 1877 1904 intimavit
1897 1863 2018 1904 esse
2057 1848 2161 1903 itu-

567 1961 716 1999 rum.
771 1943 922 2009 Quod
971 1959 1039 1998 ne
1082 1942 1308 2007 faceret,
1352 1958 1538 1998 eorum
1567 1957 1702 2012 pene
1756 1942 2085 1996 universitas
2112 1940 2162 1996 ei

566 2035 892 2090 dissuadere
924 2035 1168 2088 tentavit.
1208 2032 1310 2089 Ubi
1343 2043 1524 2089 autem
1553 2033 1801 2103 pervenit
1837 2033 1908 2088 ad
1947 2033 2162 2098 urbem,

568 2128 797 2198 agnovit
819 2127 931 2198 jam
964 2127 1392 2197 circumquaque
1419 2126 1520 2181 hos
1549 2126 1926 2197 percrebuisse
1976 2139 2164 2180 rumo-

564 2233 684 2284 τες,
715 2215 1028 2289 passimque
1055 2218 1326 2273 viantibus
1359 2217 1644 2273 violentias
1695 2215 1908 2280 inferri,
1935 2224 1990 2269 et
2018 2215 2164 2285 rapi-

579 2321 681 2362 nas
711 2308 947 2377 undique
973 2307 1244 2370 exerceri.
1288 2305 1422 2361 Nam
1455 2316 1510 2362 et
1534 2322 1756 2362 suorum
1781 2306 2026 2377 quidam,
2071 2306 2162 2376 qui

567 2398 647 2453 ab
671 2399 862 2468 Anglia
889 2399 940 2453 ei
969 2407 1221 2468 sumptus
1258 2396 1577 2463 all'erebalit,
1617 2397 1669 2452 in
1695 2413 1889 2452 manus
1914 2397 2162 2468 praedan-

573 2489 712 2544 tium
741 2489 1068 2555 inciderunt,
1097 2489 1187 2557 qui
1215 2488 1295 2543 eis
1323 2488 1683 2559 quadraginta
1714 2489 1920 2559 argenti
1952 2504 2163 2544 marcas

513 2623 519 2633 .
569 2578 934 2634 abstulerunt.
989 2577 1305 2634 Suadebant
1351 2579 1514 2649 igitur
1561 2581 1722 2635 amici
1765 2567 1868 2634 tina
1914 2595 2036 2636 cum
2069 2581 2165 2636 do-

569 2669 818 2724 mesticis
845 2669 958 2724 suis
989 2683 1058 2724 ne
1113 2669 1351 2739 seipsum
1389 2678 1446 2726 et
1471 2685 1601 2726 suos
1637 2669 1832 2725 talibus
1868 2683 2164 2742 exponeret

577 2760 918 2822 tumultibus,
948 2761 1078 2830 quin
1112 2761 1291 2829 potius
1326 2761 1378 2815 in
1402 2755 1621 2816 civitate
1650 2763 1931 2827 resideret,
1967 2779 2165 2833 quous-

572 2867 679 2920 que
731 2853 839 2917 regi
890 2835 1149 2906 defuncto
1196 2851 1450 2921 princeps
1497 2851 1773 2922 legitimus
1819 2853 2160 2920 succederet,

560 2961 670 3014 ;.per
704 2958 866 3012 quem
904 2941 1265 2998 violentormn
1307 2941 1608 3012 nequitiam
1641 2945 1926 3014 comprimi
1971 2944 2160 3000 eveni-

575 3043 674 3088 ret.
705 3034 1036 3089 Asserebant
1065 3045 1299 3104 namque
1338 3031 1556 3103 plurimi
1590 3041 1796 3088 tantam
1822 3049 2012 3089 eorum
2042 3049 2162 3090 esse

571 3125 1013 3193 perversitatem,
1042 3124 1186 3193 quod
1234 3138 1340 3179 non
1387 3123 1558 3193 magis
1606 3122 1880 3179 deferrent
1921 3123 2159 3195 pontiﬁci

565 3230 736 3284 quam
763 3228 1006 3285 personae
1034 3213 1255 3268 cuilibet
1278 3211 1486 3268 'laicali.
1519 3233 1538 3266 ι
1559 3213 1696 3281 Quid
1721 3213 1890 3280 enim,
1919 3214 2158 3278 aiebant,

573 3304 729 3358 vobis
777 3311 1090 3374 suppeteret
1135 3303 1374 3369 consilii,
1415 3305 1457 3358 si
1483 3303 1653 3374 (quod
1700 3305 1842 3360 Deus
1883 3305 2161 3376 avertat!)

569 3393 632 3448 in
665 3403 873 3448 remota
909 3393 1203 3449 solitudine
1251 3395 1487 3450 vecturis
1533 3405 1590 3449 et
1635 3395 1873 3450 vestibus
1917 3410 2014 3451 vos
2066 3411 2164 3466 per

573 3487 713 3542 istos
744 3485 963 3556 spoliari
993 3487 1370 3558 contingeret?
1399 3507 1426 3540 -›
1455 3488 1535 3541 Ad
1565 3488 1677 3542 [nec
1707 3489 1814 3556 ille,
1845 3499 1902 3544 ut
1931 3505 2057 3546 vere
2075 3490 2166 3560 ju-

576 3581 718 3645 stus,
743 3578 857 3648 qui,
886 3578 1028 3634 sicut
1052 3577 1136 3634 leo
1157 3578 1435 3635 conlidens
1471 3580 1677 3650 absque
1699 3594 1907 3638 terrore
1937 3585 1990 3638 in
2011 3585 2162 3640 oumi

573 3677 790 3724 terrore
823 3667 949 3730 fuit,
983 3668 1094 3724 imo
1133 3677 1185 3724 et
1231 3669 1384 3724 illato
1423 3678 1634 3726 terrore
1669 3685 1885 3742 semper
1909 3683 2166 3728 constan-

577 3760 706 3826 tior,
745 3761 950 3831 inquit:
981 3781 998 3814 ι
1041 3761 1192 3817 Satis
1223 3763 1408 3832 utique
1427 3772 1587 3834 patet
1611 3774 1813 3833 quanta
1854 3764 1908 3819 in
1936 3765 2041 3821 hoc
2073 3766 2164 3820 iti-

575 3865 707 3905 nere
733 3851 989 3920 timenda,
1020 3853 1114 3908 sed
1145 3853 1364 3918 timidis,
1391 3870 1682 3910 occurrere
1704 3855 1930 3926 possint.
1961 3855 2162 3912 Verum

571 3944 712 3997 mihi
742 3944 981 4000 moribus
1011 3947 1185 4015 magis
1225 3947 1519 4002 timendum
1550 3949 1821 4014 existimo,
1841 3963 1909 4004 ne
1934 3950 2165 4005 Domino

567 4034 853 4102 quondam
897 4043 952 4090 et
978 4035 1090 4106 regi
1124 4050 1243 4090 meo
1270 4051 1443 4091 meam
1482 4037 1750 4108 ignaviter
1771 4037 1961 4094 videat
1990 4040 2042 4095 in
2070 4039 2163 4095 tali

566 4121 809 4176 -articulo
837 4124 1156 4179 subtrahere
1179 4128 1518 4194 priesentiam
1545 4167 1559 4190 ,
1592 4143 1693 4182 nec
1721 4128 1882 4183 [idem
1913 4130 1995 4184 vel
2035 4145 2162 4201 gra-

577 4213 714 4266 tiam
740 4222 952 4268 mortuo
998 4226 1277 4271 resumere
1299 4257 1316 4282 ,
1359 4233 1521 4286 quam
1553 4219 1669 4272 viro
1699 4234 1915 4289 semper
1937 4219 2166 4275 devotus

576 4304 819 4358 exhibui.
852 4305 1160 4372 Quid-enim
1194 4308 1412 4374 mirutn,
1433 4310 1476 4363 si
1508 4309 1810 4364 molestiam
1839 4309 1995 4366 nobis
2021 4311 2166 4365 intu-

578 4394 723 4460 lerit,
751 4398 877 4450 dum
909 4395 1056 4452 sibia
1077 4395 1327 4467 malignis
1351 4397 1687 4453 adulantium
1716 4399 1957 4454 consiliis
1987 4400 2167 4456 minus

577 4486 758 4542 cavit?
777 4497 923 4544 certe
947 4490 1294 4559 praesentiam
1321 4504 1494 4545 meam
1521 4505 1794 4560 nunquam
1818 4491 1934 4546 sine
1954 4506 2166 4547 summo
2198 4503 2245 4562 ι)

578 4578 786 4648 recepit
809 4579 1039 4648 honore,
1079 4595 1355 4650 nunquam
1387 4596 1472 4634 me
1511 4571 1878 4637 inekauditum
1911 4583 2114 4638 dimisit
2143 4625 2162 4652 ,

567 4684 704 4726 cum
731 4669 782 4726 ei
817 4685 913 4727 ore
941 4671 1161 4742 proprio
1208 4686 1372 4742 super
1401 4671 1629 4742 negotiis
1667 4673 1802 4728 meis
1825 4672 2004 4744 aliqua
2036 4690 2132 4746 sug

657 4851 804 4922 (259)
848 4853 922 4906 De
951 4851 1073 4906 hoc.
1101 4851 1152 4905 in
1180 4850 1652 4922 Annal.7Winton.
1693 4855 1831 4920 apud
1869 4849 2081 4922 Warth.
2110 4851 2161 4906 in

562 4921 742 4992 .Augl.
770 4921 963 4992 Sacra,
997 4938 1118 4992 pag.
1148 4922 1250 4976 504
1280 4941 1345 4976 εν(
1381 4921 1683 4975 ltichardus
1714 4937 1816 4992 rex
1841 4921 1980 4992 apud
2011 4925 2162 4990 oppi-

581 4989 709 5045 dum
761 4989 1016 5047 Chaulevv
1071 4989 1177 5046 telo
1229 4995 1507 5062 perfossus
1534 5001 1627 5062 est
1667 5007 1736 5044 vn
1779 4989 1896 5062 Kal.
1938 4989 2164 5062 Aprilis,

563 5061 820 5128 «tibiitqne
833 5078 923 5115 vin
939 5063 1060 5116 ldus
1075 5061 1313 5127 ejusdem
1337 5063 1560 5125 mensis,
1577 5061 1665 5116 die
1689 5061 1938 5127 videlicet
1956 5061 2162 5117 Martis.

635 5133 801 5201 4260}
845 5150 865 5182 ι
903 5133 1290 5202 Sepultumque
1329 5144 1412 5188 est
1463 5146 1660 5201 corpus
1711 5131 2065 5254 (liichardig7
2096 5137 2162 5187 a-J

635 5203 747 5254 :des
783 5202 966 5254 patr-is
1003 5204 1085 5254 sui
1131 5202 1349 5254 Henrici
1393 5205 1533 5254 regis
1575 5201 1713 5254 annd
1756 5201 1979 5254 Fontem
2045 5207 2162 5254 ιν(ξό

570 5203 747 5273 ψειιφε
781 5201 1085 5273 patr-issui
1115 5201 1349 5273 Henrici
1393 5205 1533 5273 regis
1575 5201 1727 5272 apud
1756 5201 1979 5256 Fontem
2024 5201 2163 5258 Eve-

583 5272 750 5326 rardi.
789 5292 806 5323 ι
847 5271 920 5324 ita
952 5272 1186 5325 Annales
1214 5271 1870 5340 WiutonJlocoproxime
1898 5273 2089 5327 citato.

653 5343 802 5411 (261)
843 5342 1253 5411 Audegavensi,
1277 5344 1342 5396 ad
1380 5359 1542 5414 quam
1579 5343 1730 5413 ilugo
1767 5359 1979 5398 smnmo
2009 5359 2166 5399 unaue

599 5422 920 5467 wrvenerat.

579 5428 1013 5556 ""iézéiii'i‘tigq
1036 5480 1309 5556 Beaurw.
1329 5483 1382 5537 in
1408 5497 1514 5552 quo
1539 5483 1867 5556 Βθναιεθνίελ
1901 5483 2162 5540 memmi

582 5555 728 5622 regis
762 5565 890 5606 tunc
919 5553 1076 5607 vidua
1112 5554 1446 5607 morabatur.

655 5623 800 5693 (1265)
844 5624 896 5677 Id
925 5635 1028 5689 est,
1068 5625 1151 5677 die
1181 5626 1245 5678 lt)
1271 5623 1470 5694 Aprilis
1491 5664 1504 5687 ,
1529 5638 1634 5694 qua
1669 5625 1872 5680 reliCtis
1900 5626 1952 5680 in
1985 5627 2162 5682 Ande-

577 5695 734 5766 gavia
761 5695 943 5758 sociis,
973 5705 1025 5747 et
1051 5695 1324 5750 Celebl'altl
1363 5695 1415 5748 in
1441 5695 1689 5748 Bcaul‘orl
1718 5697 1902 5758 missa,
1921 5701 2161 5765 pervenit

571 5764 648 5819 id
661 5780 936 5835 vespermn
952 5767 1004 5819 in
1020 5767 1644 5834 Salmuziutmcivitalem
1660 5766 1723 5820 ad
1740 5766 1882 5835 Liger
1900 5764 1966 5820 im
1984 5769 2160 5822 sitam.

2264 573 2420 628 livori
2451 616 2466 641 ,
2525 591 2631 629 non
2686 591 2798 631 sua:
2863 576 2916 630 id
2943 574 3157 651 .debuit
3196 578 3434 647 pravitati
3466 595 3544 635 seu
3583 587 3729 645 malitia

2262 665 2482 720 ascribi.
2538 665 2786 721 Reddam
2816 666 2983 737 igitur
3013 666 3182 723 vicem
3214 682 3311 738 pro
3345 669 3527 728 viribus
3548 677 3732 734 weisse-

2264 755 2384 825 pius
2415 756 2544 809 mihi
2575 755 2644 810 ab
2688 772 2755 812 eo
2791 756 3054 826 impensis
3082 757 3376 814 honoribus
3399 800 3414 823 ,
3457 777 3541 816 nec
3578 779 3650 833 per
3680 782 3733 823 tae

2263 849 2426 902 stabit
2452 849 2580 917 quin
2607 849 2725 920 ejus
2759 849 3036 919 exsequiis
3062 849 3284 905 devotus
3313 851 3556 907 assistam.
3579 855 3622 910 Si
3655 873 3734 926 per-

2263 940 2406 1009 genti
2435 939 2719 1009 przedones
2740 949 3054 1004 occurrant,
3086 939 3131 996 si
3157 955 3325 1012 equos
3354 941 3536 1006 tollant,
3563 945 3596 997 si
3620 957 3738 1002 vestes

2265 1026 2534 1094 auferant,
2558 1043 2623 1082 eo
2657 1029 2962 1098 expeditius
3013 1029 3329 1085 incedemus
3363 1045 3463 1101 quo
3503 1031 3658 1089 fuerint
3681 1052 3739 1091 re-

2263 1127 2437 1173 strum
2472 1119 2701 1175 sarcinae
2752 1119 3004 1176 leviores.
3053 1119 3112 1176 Si
3160 1129 3216 1176 et
3259 1121 3418 1192 pedes
3456 1125 3740 1196 constringan-

2267 1217 2372 1276 tur,
2396 1218 2452 1265 et
2476 1209 2760 1266 incedendi
2792 1210 3024 1267 facultas
3061 1213 3380 1284 denegetur,
3411 1222 3524 1269 tunc
3544 1216 3678 1284 primo
3692 1218 3741 1272 le-

2262 1302 2452 1374 gitime
2501 1304 2856 1358 excusabitur
2908 1305 3154 1360 absentia
3201 1303 3524 1374 corporalis,
3556 1323 3740 1362 cummi:

2263 1410 2364 1449 Suo
2400 1395 2561 1462 vitio,
2601 1396 2698 1450 sed
2733 1395 2928 1452 alienis
2967 1395 3133 1451 fuerit
3178 1407 3380 1451 remota
3411 1395 3498 1469 [{.,
3527 1399 3743 1470 remorata)

2263 1485 2574 1540 obstaculis.
2618 1504 2638 1538 ι

2338 1575 2462 1631 Haec
2497 1576 2681 1631 dicens
2704 1616 2720 1640 ,
2753 1576 2957 1632 relictis
3001 1576 3055 1632 in
3089 1577 3317 1632 civitate
3363 1576 3500 1649 (26l)
3527 1579 3654 1633 suciis
3675 1619 3687 1643 ,
3711 1590 3746 1633 et

2264 1669 2518 1722 universa
2557 1681 2694 1736 pene
2721 1667 3039 1738 supellectili
3066 1683 3185 1733 sua,
3209 1683 3317 1723 uno
3340 1677 3532 1722 tantum
3555 1683 3610 1724 ex
3631 1671 3747 1723 mino-

2265 1759 2416 1813 ribus
2451 1756 2772 1814 clericorum
2821 1773 3067 1822 suorum,
3099 1767 3152 1814 et
3179 1774 3287 1814 uno
3319 1773 3438 1814 cum
3464 1760 3620 1828 paucis
3634 1759 3747 1813 clien-

2265 1850 2409 1906 tibus
2423 1851 2708 1921 monacho,
2725 1865 2908 1913 secum
2925 1853 3282 1923 pergentibus
3303 1853 3382 1908 ire
3397 1852 3564 1920 coepit.
3581 1852 3748 1906 Audiens

2263 1956 2392 1996 vero
2417 1942 2657 2010 reginam
2691 1941 3074 2013 Berengariam
3105 1942 3158 1996 in
3189 1954 3374 1998 castro
3405 1943 3615 2009 morari,
3656 1941 3748 2010 quol

2264 2030 2665 2087 Beaufordeuse
2695 2031 2845 2103 (26%)
2873 2030 3177 2101 appellatur
3195 2071 3210 2096 ,
3240 2031 3458 2086 divertit
3487 2048 3514 2085 a
3548 2031 3616 2084 via
3636 2029 3752 2100 publi-

2265 2139 2349 2188 ca,
2373 2132 2428 2179 et
2459 2139 2557 2194 per
2582 2123 2851 2178 horrenda
2878 2123 3134 2179 silvarum
3160 2123 3304 2188 loca,
3335 2134 3393 2178 ut
3418 2139 3526 2179 eain
3549 2139 3673 2194 super
3687 2123 3752 2177 viri

2265 2216 2348 2270 sui
2377 2215 2752 2271 consolaretur
2783 2216 3003 2271 interitu
3033 2257 3050 2282 ,
3096 2216 3164 2272 ad
3213 2225 3555 2271 memoratum
3575 2215 3751 2286 oppitm

2251 2305 2531 2375 pervenit.
2564 2305 2911 2376 Loeutusque
2949 2308 3016 2361 ad
3043 2320 3140 2362 cor
3177 2306 3351 2360 vidua:
3374 2346 3390 2372 ,
3439 2306 3753 2368 nuereutis,et

2266 2410 2438 2464 usque
2467 2395 2533 2449 ad
2577 2395 2814 2459 animam
2877 2407 3014 2466 pene
3042 2403 3447 2461 consternatae,
3495 2393 3612 2448 miro
3651 2395 3754 2444 nmio

2265 2486 2514 2555 spiritum
2561 2487 2678 2557 ejus
2723 2486 2990 2541 delinivit.
3039 2486 3212 2554 Quam
3257 2484 3475 2556 optimis
3501 2483 3756 2538 sermonibus

2265 2575 2331 2630 ad
2351 2575 2650 2632 habendam
2676 2577 2726 2630 in
2757 2576 3001 2632 adversis
3022 2578 3391 2644 tolerantiam,
3420 2587 3472 2630 et
3499 2578 3544 2631 in
3564 2577 3756 2645 prosperis

2265 2667 2530 2722 cautelam
2572 2665 2893 2733 iuformans,
2926 2660 3196 2723 celebrata
3224 2668 3426 2723 ibidem
3451 2668 3592 2722 missa
3625 2682 3674 2720 ac
3695 2668 3755 2718 liC'

2265 2758 2570 2813 nedictione
2593 2757 2821 2814 solemni
2856 2758 3055 2829 regium
3075 2766 3128 2814 et
3144 2757 3294 2824 aliis,
3311 2761 3402 2828 qui
3420 2757 3632 2819 aderant,
3647 2754 3756 2808 mqu

2264 2865 2330 2904 ex
2358 2849 2645 2905 devotione
2673 2849 2945 2919 impertita
2975 2889 2990 2915 ,
3032 2850 3302 2904 continuo
3333 2849 3559 2904 recessit.
3582 2845 3758 2900 Pervenit

2265 2949 2446 2996 autem
2474 2941 2591 3010 ipsa
2619 2940 2706 2996 die
2733 2940 2882 3012 (263)
2927 2941 2993 2996 ad
3017 2941 3279 3010 oppidum
3319 2941 3458 3011 quod
3493 2937 3759 2994 Samurdici-

2267 3043 2356 3088 tur
2379 3074 2396 3099 ,
2446 3043 2814 3103 exceptusque
2833 3047 2957 3088 cum
2991 3033 3176 3086 litania
3202 3033 3260 3086 in
3301 3047 3522 3088 occursu
3549 3029 3698 3085 festino
3716 3026 3759 3078 ab

2265 3124 2550 3194 oppidanis
2575 3124 2699 3190 illis,
2733 3124 2874 3194 apud
2899 3124 3215 3194 praedictum
3269 3123 3558 3180 Gilbertmn
3580 3121 3634 3176 de
3653 3115 3758 3172 Lasci

2268 3216 2439 3286 (264),
2464 3224 2589 3270 tunc
2621 3215 2691 3270 ihi
2710 3215 2913 3270 scholis
2938 3224 3243 3280 vacantem,
3281 3216 3443 3270 nimis
3471 3212 3574 3282 ejus
3592 3212 3760 3266 devictus

2264 3309 2516 3380 precibus
2542 3308 2760 3363 mansit.
2789 3307 2836 3362 A
2862 3322 2971 3378 quo
2997 3307 3380 3363 liberalissime
3422 3315 3674 3375 exceptus,
3706 3312 3762 3355 se

2265 3402 2450 3471 quenti
2501 3417 2658 3456 mane
2688 3441 2704 3466 ,
2760 3400 3040 3456 Dominica
3100 3400 3357 3456 videlicet
3405 3399 3667 3454 Palmarum
3705 3393 3763 3446 ilio

2268 3493 2605 3565 (265),vcnit
2627 3494 2694 3548 ad
2723 3493 3109 3548 monasterium
3141 3491 3334 3547 Fontis
3365 3486 3764 3554 Ebrandi,obvioo-

2266 3604 2371 3660 que
2396 3588 2584 3642 habuit
2606 3587 2658 3642 in
2688 3587 2819 3658 ipsis
2844 3585 3053 3642 foribus
3069 3585 3322 3640 ecclesiae
3348 3585 3476 3656 regii
3498 3583 3668 3637 funeris
3687 3591 3765 3648 pur-

2270 3681 2481 3735 titores.
2512 3677 2630 3746 Quo
2655 3679 2871 3735 demum
2891 3677 3444 3734 honoriﬁcentissime
3465 3676 3601 3746 juxta
3622 3670 3766 3744 magi-

2268 3771 2538 3827 ticentiam
2567 3771 2768 3841 regiam
2799 3771 2997 3826 tradito
3024 3769 3322 3842 sepulturae
3349 3811 3365 3836 ,
3390 3770 3538 3825 rediit
3558 3769 3766 3837 episcopus

2268 3861 2446 3917 denuo
2481 3861 2547 3916 ad
2571 3846 2862 3930 hospitium
2892 3869 3276 3930 praetaxatum.
3320 3861 3446 3916 lude
3490 3875 3575 3930 per
3600 3857 3765 3912 uiduam

2268 3949 2644 4005 continuatam
2687 3948 2836 4020 (266)
2870 3951 2938 4004 ad
2976 3951 3370 4006 monasterium
3409 3951 3528 4005 illud
3570 3957 3764 4017 pergens,

2267 4041 2617 4112 superstitum
2645 4042 2934 4097 missarum
2974 4051 3030 4098 et
3071 4042 3409 4112 psalmorum
3459 4038 3768 4111 replicatione.

2271 4143 2380 4187 tam
2429 4132 2644 4203 regibus
2671 4131 2867 4187 ibidem
2895 4132 3125 4203 sepultis
3154 4149 3323 4203 quam
3354 4133 3588 4189 fidelibus
3621 4124 3769 4184 cunctis

2261 4222 2323 4277 .in
2352 4222 2575 4277 Christo
2604 4221 3032 4292 quiescentibus,
3069 4224 3283 4280 veniam
3317 4224 3695 4295 implorabat,et
3713 4216 3768 4268 ιυ-

2269 4316 2348 4372 cis
2372 4323 2644 4386 perpetua:
2673 4314 3010 4370 felicitatem.
3104 4383 3111 4389 _

2862 4446 3090 4503 CAPUT
3113 4445 3252 4504 XVI.

2274 4537 2516 4612 Ωιιᾳιὶιεν
2577 4529 2849 4612 {Omine},
2904 4539 3302 4612 τεᾶς-[κίρκῳ.
3357 4549 3470 4612 post
3529 4535 3773 4612 sepultura-

2341 4609 2549 4676 fratris,
2573 4607 2715 4678 apud
2753 4607 2976 4662 Famem
3003 4607 3238 4662 Ebraudi
3271 4611 3485 4662 accessit
3510 4621 3552 4661 et
3583 4607 3720 4677 qualia
3738 4615 3772 4653 tl

2325 4679 2606 4747 facturum
2641 4678 2957 4733 monialibus
2998 4694 3090 4749 per
3124 4689 3364 4732 nostrum
3409 4679 3654 4750 lI—uguneut
3689 4689 3772 4743 pro-

2341 4856 2491 4932 (26‘)
2529 4856 2892 4932 Ρτοϐθγηίιιηη
2933 4877 2998 4918 ex
3033 4864 3232 4932 nobili,
3265 4867 3333 4922 de
3372 4858 3768 4921 Nortluuanuiaiu

2267 4927 2516 4992 Angliam
2551 4927 2837 4992 translato,
2867 4943 3174 4991 stemmate.
3217 4927 3229 4932 ’
3300 4943 3303 4946 ’

2340 4996 2489 5076 ςῖβῧ)
2529 4997 2658 5076 (ζειαὶ
2693 5015 2927 5076 Θο-ειηιιο
2958 5004 3144 5060 incidit
3177 5008 3226 5076 in
3241 5006 3383 5060 diem
3416 5008 3471 5061 ll
3499 5001 3684 5076 Aprilis,
3703 4996 3774 5050 Br

2267 5068 2922 5140 dulphusiGoggeshale,
2983 5083 3114 5128 tom.
3169 5075 3231 5131 V.
3289 5068 3772 5140 Collect.'3larteur.

2255 5136 2392 5216 pag.
2417 5136 2758 5216 857,.sc'ri'bit
2786 5136 2983 5213 corpus
3011 5143 3274 5200 llichardi
3319 5147 3460 5216 regis
3485 5144 3712 5199 Dominica
3737 5136 3770 5216 iu

2270 5202 2472 5284 Palmis
2529 5202 2690 5284 juxta
2757 5202 2965 5284 patriam
3016 5230 3178 5268 suum
3246 5202 3409 5284 regi;
3452 5217 3637 5270 honore
3677 5202 3773 5274 ³Ι¹¹²⁴¹

2269 5281 2712 5336 sanctimoniales
2741 5281 2822 5336 .ab
2857 5287 3115 5356 episcopo
3156 5281 3517 5342 Lincdlniensi
3562 5286 3771 5337 humatum

2267 5366 2409 5406 esse.

2340 5421 2490 5491 (256)
2534 5421 2608 5475 Ex
2642 5421 2912 5476 Salmurio
2938 5422 3002 5477 ad
3030 5423 3257 5479 Funtem
3288 5427 3501 5481 Ebralali
3532 5425 3774 5491 Νηληίς

2267 5479 2368 5545 diit
2409 5479 2562 5562 l-lugo
2605 5493 3028 5558 diebus_scilicet
3068 5495 3154 5560 ll,
3194 5498 3262 5550 η
3295 5479 3694 5562 ξίήὶιόίΑνιήιίς,
3728 5479 3772 5533 διά

2267 5578 2426 5631 quem
2470 5566 2656 5636 etizun,
2699 5564 2786 5617 die
2834 5563 2899 5617 M
2933 5580 3034 5618 una
3074 5582 3198 5619 eum
3242 5566 3448 5622 Joanne
3491 5566 3648 5618 futuro
3688 5566 3772 5636 ξτες

2269 5635 2532 5702 perrexit,
2575 5644 2776 5688 etcum
2812 5636 3000 5690 eodem
3047 5637 3202 5691 rediit
3251 5638 3599 5693 Salmarium.
3638 5634 3698 5684 uti
3729 5634 3772 5674 τι

2269 5720 2382 5773 seq.
2410 5721 2529 5774 cap.
2563 5713 2730 5774 patet.
3316 5721 3341 5739 '-
