3962 6388
172 398 307 455 I069

1503 385 1682 441 Vl'l'A.
1717 411 1788 424 -—
1824 380 1950 436 LIB.
1996 379 2052 437 ν.
2102 418 2105 421 -

3298 382 3436 440 1070

216 488 472 571 ’κύδει-ἕρ.
510 518 558 561 et
605 508 671 562 de
710 506 946 572 pluribus
988 504 1143 574 gestis
1203 502 1438 574 ejusdem
1487 499 1750 565 Joannis,
1782 509 1827 564 Α
1859 496 1956 557 llis
1985 495 2165 561 dictis,
2197 503 2253 549 et
2299 495 2371 550 ita
2415 493 2662 565 prolatis,
2711 493 2948 565 virgines
2991 495 3094 553 illa‘
3143 498 3437 574 prudentes

237 597 385 635 suum
414 578 802 632 iusiuuautibus
827 573 1240 646 reprobatione»:
1273 573 1535 641 futuram.

238 691 394 746 Fet-ia
421 705 549 744 vero
587 697 780 759 quarta
799 690 914 754 jam
954 683 1318 740 dilueescente
1363 680 1545 753 (267),
1582 678 1751 735 frater

169 782 331 853 regis.
353 778 612 845 Joannes,
637 777 963 834 Sine-Terra
993 774 1141 847 (εδδ)
1170 773 1604 851 cognominatus,
1628 784 1752 825 sus-

106 927 114 933 ,
170 878 355 938 ceptus
388 879 474 924 est
516 868 659 937 apud
687 869 987 923 Chinouetn
1030 865 1181 936 (9.69)
1214 878 1244 918 a
1286 861 1600 934 proceribus
1626 859 1749 932 qui-

170 958 392 1014 busdam
434 957 754 1027 Anglorum,
803 964 1042 1012 castrum
1081 954 1255 1025 ipsum
1295 951 1660 1018 servantibus,
1690 959 1749 1005 ut

166 1056 424 1121 praeesset
462 1048 715 1103 omnibus
759 1047 879 1103 loco
910 1046 1099 1101 fratris
1135 1045 1241 1101 sui.
1272 1043 1499 1100 Familia
1528 1057 1748 1114 quoque

167 1139 310 1206 regis
334 1137 570 1193 defuncti
603 1132 798 1193 ibidem
821 1137 1115 1193 constituta
1141 1150 1201 1192 se
1221 1136 1289 1192 ad
1312 1135 1489 1207 ipsum
1520 1133 1748 1190 contulit

165 1228 353 1281 eadem
377 1226 488 1282 die.
518 1225 856 1282 Praestiterint
884 1224 1028 1280 enim
1068 1224 1309 1280 solemne
1338 1224 1741 1294 jurameutum,

164 1318 306 1387 quod
334 1326 717 1374 testamentum
760 1317 904 1388 regis
935 1314 1177 1371 defuncti
1207 1314 1439 1371 fideliter
1475 1327 1743 1383 exseque-

166 1419 336 1464 retur.
384 1409 537 1476 Quod
568 1420 830 1479 praeterea
861 1409 1130 1481 legitimas
1168 1408 1408 1478 priorum
1450 1413 1745 1460 consuetu-

164 1500 339 1566 dines,
382 1500 668 1569 justasqne
716 1507 985 1553 terrarum
1032 1499 1148 1556 sive
1195 1495 1514 1567 pepulerum
1563 1494 1741 1567 leges,

164 1591 358 1659 quibus
383 1600 499 1645 erat
530 1589 929 1661 praeficiendus,
959 1587 1341 1644 inviolabiliter
1368 1593 1740 1643 conservaret.

165 1679 277 1734 Rex
312 1681 529 1749 quidem
576 1679 865 1734 defunctus
901 1678 1114 1734 modico
1159 1685 1287 1733 ante
1321 1677 1533 1732 obitum
1581 1690 1739 1730 suum

166 1783 415 1842 tempore
441 1774 600 1829 terris
622 1772 874 1827 omnibus
899 1786 1037 1841 quas
1072 1771 1336 1826 habuerat
1375 1769 1550 1838 ipsum
1577 1767 1741 1823 desti-

1854 588 2159 658 pulsantetn
2219 587 2521 659 principem
2576 595 2930 656 compescunt
2993 596 3046 643 et
3109 588 3468 657 excludunt,,

1850 679 2158 750 clausisque
2196 678 2488 751 diligenter
2516 676 2726 734 foribus
2753 679 2821 733 ad
2849 679 3027 734 socias
3067 690 3433 739 revertuntur.

1919 771 1971 827 ls
1996 786 2126 827 vero
2165 771 2232 826 ad
2273 770 2585 842 episcopum
2626 785 2950 838 conversus,
3005 772 3233 843 rogabat
3275 788 3429 837 eum,

1848 873 2119 933 quatenus
2162 863 2478 933 petitionem
2518 877 2703 927 suam,
2752 877 2854 933 pro
2906 861 3178 935 suffragiis
3218 864 3434 921 illarum

1848 953 1991 1024 apud
2021 953 2188 1009 Deum
2221 954 2568 1020 obtinendis,
2600 954 2801 1011 Christi
2832 956 3047 1012 ancillis
3070 957 3429 1028 exprimeret,
3466 1012 3469 1015 .

1846 1046 2081 1119 plurima
2111 1046 2276 1102 etiam
2312 1047 2486 1112 bona,
2517 1063 2640 1119 qtue
2677 1048 2758 1104 eis
2793 1048 3043 1106 conferre
3077 1051 3428 1122 disponebat,
3464 1104 3471 1111 .

1848 1131 2054 1197 eisdem
2085 1140 2412 1211 propalaret.
2435 1140 2534 1197 Cui
2568 1141 2695 1197 ille:
2745 1159 2765 1194 ι
2807 1139 3004 1206 Nostis,
3043 1143 3232 1224 inquit
3256 1183 3273 1212 ,
3301 1145 3430 1215 quia

1780 1294 1783 1295 ν
1847 1231 1982 1291 satis
2009 1246 2232 1288 aversor
2275 1247 2436 1288 omne
2464 1233 2827 1289 mendacium.
2851 1233 3066 1292 Caveho
3093 1235 3257 1306 igitur
3299 1234 3431 1290 mihi

1848 1335 1915 1378 ne
1940 1321 2098 1378 labiis
2126 1322 2265 1377 meis
2292 1323 2559 1393 promissa
2595 1332 2773 1379 vestra
2815 1324 3092 1379 enuntiem
3113 1363 3130 1390 ,
3162 1325 3265 1379 nisi
3312 1326 3431 1381 hac

1847 1409 2152 1466 certissime
2181 1425 2210 1463 a
2242 1410 2395 1467 vobis
2421 1410 2690 1479 implenda
2716 1426 3065 1481 praesumam.
3104 1433 3123 1465 ι
3154 1412 3313 1471 Jurat
3340 1413 3431 1470 ille

1845 1512 1929 1564 se,
1972 1514 2078 1554 non
2110 1499 2271 1554 modo
2310 1514 2429 1568 qua?
2465 1510 2593 1555 tunc
2635 1502 3013 1570 promittebat,
3058 1503 3426 1574 impleturum,

1846 1591 1941 1646 sed
1964 1604 2066 1663 pro
2096 1599 2340 1661 tempore
2370 1599 2427 1645 et
2456 1590 2572 1646 loco
2613 1574 2770 1647 se'ea
2819 1576 3215 1649 cumulatnruin
3256 1594 3429 1650 abun—

1845 1682 2081 1738 (lautius.
2121 1680 2273 1748 Quod
2317 1682 2530 1737 laudent
2567 1683 2854 1753 cpiscopus
2890 1668 3433 1749 sanctitnouialibns,

1846 1772 1963 1843 ipso
1998 1782 2245 1836 astante,
2292 1773 2571 1842 exposuit,
2611 1772 2835 1843 ejusque
2877 1773 3120 1843 auspicia
3178 1774 3430 1847 precibus

168 1870 371 1924 luerat,
404 1877 470 1917 eo
510 1861 652 1932 quod
679 1861 979 1930 accepisset
1011 1875 1135 1914 eum
1167 1873 1291 1914 cum
1343 1872 1470 1939 rege
1509 1856 1745 1911 Frattco-
1778 1854 1819 1908 Β
1846 1863 2058 1918 illarum
2084 1863 2401 1932 meritisque
2430 1864 2848 1931 commendans,
2869 1863 3005 1918 data
3039 1864 3309 1921 universis
3337 1868 3432 1921 be-

165 1966 282 2006 rum
329 1952 382 2006 in
426 1951 508 2006 sui
548 1950 906 2022 perditionem
957 1949 1320 2018 conspirasse.
1373 1947 1473 2014 Qui
1531 1945 1631 2002 sub
1680 1961 1743 2001 ca

1850 1953 2177 2018 uedictione,
2220 1969 2324 2007 una
2355 1969 2477 2008 cum
2506 1952 2622 2023 ipso
2671 1968 2798 2021 rege
2830 1952 3102 2009 discessit.
3136 1953 3232 2009 Cui
3264 1954 3431 2011 etiam

166 2052 483 2114 tempestate
526 2059 630 2113 qua
678 2059 773 2098 rex
809 2041 1084 2108 occubuit,
1114 2040 1255 2110 apud
1300 2048 1548 2108 nepotem
1587 2052 1746 2092 suum
1842 2042 1954 2111 jam
1984 2044 2213 2114 plurima
2258 2044 2326 2099 de
2368 2044 2569 2113 pietate
2607 2045 2661 2099 in
2694 2044 2895 2109 Deum,
2943 2045 3010 2101 de
3049 2044 3335 2100 clementia
3374 2044 3429 2098 in

163 2135 458 2190 Arthurunt
482 2135 537 2189 in
555 2134 831 2189 Britannia
857 2131 977 2187 fuit.
1003 2131 1212 2186 Fratris
1234 2144 1363 2186 vero
1381 2142 1513 2185 nece
1541 2128 1743 2193 audita,

161 2223 462 2279 Chinonem
485 2225 632 2279 venit
652 2239 772 2279 cum
806 2222 1016 2293 paucis.
1040 2220 1294 2290 Misitque
1323 2218 1510 2275 statim
1538 2216 1605 2272 ad
1632 2217 1747 2288 epi-

160 2331 386 2386 scopum
418 2326 683 2382 nostrum,
723 2316 775 2371 in
826 2317 998 2387 burgo
1032 2314 1346 2384 supradicto
1379 2311 1528 2385 (270)
1571 2311 1746 2368 consi-

161 2414 421 2474 stentem,
467 2419 522 2462 et
569 2405 899 2476 repatriandi
940 2414 1300 2470 commeatum
1323 2403 1742 2475 praestolantem,

161 2495 481 2566 suppliciter
521 2509 755 2552 exorans
816 2507 1086 2565 quatenus
1142 2510 1298 2550 suam
1354 2493 1587 2549 celerius
1640 2493 1743 2549 sibi

163 2591 420 2647 exhibere
461 2591 778 2663 dignaretur
817 2590 1184 2662 praesentiam.
1229 2588 1311 2643 Ad
1357 2587 1514 2659 cujus
1547 2589 1651 2644 sibi
1688 2589 1742 2643 in

163 2685 247 2737 via
273 2683 614 2738 occurrentis
645 2689 962 2754 aspectum,
1017 2680 1108 2736 iile
1141 2680 1342 2751 gaudio
1379 2679 1598 2751 gavisus
1637 2678 1742 2733 im-

166 2789 369 2840 menso,
400 2773 640 2830 admisso
673 2788 814 2844 equo
840 2782 897 2829 ct
927 2772 1117 2829 relicto
1152 2771 1415 2828 comitatu
1465 2758 1739 2835 universo,

164 2864 351 2919 obvius
378 2863 427 2920 ei
462 2864 763 2933 processit,
794 2877 1029 2935 eumque
1071 2872 1359 2919 veneratus
1394 2861 1603 2933 regavit
1627 2900 1644 2926 ,
1685 2869 1744 2915 ut

165 2955 230 3009 ab
260 2969 328 3010 eo
361 2955 587 3009 minime
617 2954 941 3019 discederet,
973 2954 1069 3009 sed
1098 2953 1304 3024 pariter
1344 2968 1528 3009 secum
1562 2965 1744 3008 rever-

164 3058 317 3100 surus
348 3044 400 3098 in
448 3043 728 3114 Angliam,
768 3044 821 3098 in
858 3043 1104 3115 partibus
1143 3042 1524 3098 transmarinis
1553 3049 1744 3096 contu-

164 3131 407 3187 bernium
461 3132 582 3189 sibi'
620 3133 956 3188 individuum
1010 3133 1314 3188 exhiberet.
1351 3131 1504 3199 Quod
1548 3131 1641 3185 ille
1685 3144 1745 3187 se

165 3237 504 3293 nequaquam
541 3220 805 3277 facturum
836 3220 1063 3292 prolatis
1096 3219 1399 3276 rationibus
1428 3219 1738 3284 insinuans,

163 3319 304 3370 venit
330 3330 465 3371 cum
502 3329 568 3371 eo
606 3331 780 3386 usque
819 3314 871 3369 in
913 3313 1143 3380 Samur,
1173 3329 1297 3369 cum
1339 3314 1493 3385 prius
1529 3312 1744 3368 visitas-

160 3415 273 3461 sent
296 3407 433 3477 apud
476 3404 703 3462 Fontem
733 3404 967 3460 Ebrandi
1000 3406 1157 3460 busta
1190 3402 1416 3475 regalia,
1439 3402 1612 3473 patris
1638 3400 1745 3458 sci-

160 3496 277 3553 licet
334 3507 390 3553 et
436 3495 639 3552 fratris
680 3495 843 3551 illius.
889 3494 1028 3562 Ubi,
1066 3510 1189 3566 quae
1232 3502 1385 3565 gesta
1420 3495 1741 3558 sunttunc,

161 3602 276 3643 cum
300 3588 410 3645 sint
432 3587 647 3643 notitia
681 3595 736 3643 et
778 3586 1083 3642 imitatione
1113 3585 1306 3656 digna,
1345 3596 1452 3639 non
1495 3580 1746 3638 videntur

167 3676 426 3734 desidioso
452 3677 675 3734 silentio
701 3674 1109 3748 supprimenda.

230 3789 362 3845 (tum
393 3789 544 3845 enim
575 3787 666 3843 ille
690 3803 861 3844 novus
892 3796 1167 3842 tantarum
1194 3785 1436 3855 gentium
1469 3784 1742 3851 dominus,

166 3878 390 3949 plurima
420 3879 660 3949 stipatus
699 3877 958 3933 nobilium
1001 3887 1207 3941 turma,
1237 3877 1305 3932 ad
1345 3875 1545 3932 ostium
1591 3876 1742 3930 chori

166 3986 322 4026 manu
347 3971 571 4042 propria
599 3969 822 4041 pulsans
846 3970 1055 4042 ingredi
1089 3969 1249 4024 vellet
1275 3967 1448 4038 (271),
1474 3978 1534 4023 ιιι
1559 3967 1742 4038 sepul-

164 4076 308 4118 crum
357 4065 573 4118 videret
617 4062 1019 4134 prazdictorum,
1064 4077 1234 4133 seque
1254 4060 1591 4117 orationibus
1613 4076 1743 4117 san-
1814 4120 1823 4127 ,

165 4161 259 4207 cur
297 4152 440 4210 illius
472 4152 919 4224 congregationis
958 4152 1392 4217 commendaret,
1420 4165 1743 4222 responsum

165 4246 367 4317 accepit
400 4260 431 4301 a
471 4245 689 4300 duabus
716 4245 1026 4300 reverendae
1052 4245 1335 4316 gravitatis
1361 4243 1761 4303 sanctimoniam

164 4331 300 4390 libus
337 4336 464 4405 quia
505 4334 819 4390 mortalium
874 4334 1003 4389 nulli
1054 4324 1247 4391 liceret
1281 4347 1376 4390 aut
1410 4328 1754 4392 conventum"

165 4422 447 4496 inspicere,
487 4435 589 4481 aut
628 4435 778 4497 septa
817 4426 1079 4481 interiora
1109 4426 1282 4492 adire,
1314 4428 1416 4481 nisi
1459 4427 1561 4483 sub
1603 4442 1745 4497 prae-

1847 2134 2114 2202 subditos,
2138 2137 2205 2191 de
2226 2134 2438 2204 justitia
2464 2135 2516 2189 in
2548 2136 2828 2192 universos
2852 2136 3205 2192 disseruerat.
3234 2135 3335 2203 Qui
3363 2139 3430 2191 ad

1847 2226 2029 2281 omnia
2070 2239 2129 2281 se
2172 2235 2422 2296 paratum
2464 2227 2755 2297 animoque
2799 2241 3029 2297 pronum
3077 2240 3142 2282 ac
3175 2230 3433 2287 devotum

1846 2326 2178 2381 contestans,
2203 2318 2251 2374 ei
2286 2327 2542 2389 tanquam
2574 2319 2716 2389 patri
2742 2327 2795 2374 et
2823 2319 3139 2388 praeceptori
3167 2334 3227 2374 se
3246 2335 3314 2374 ex
3344 2319 3433 2377 in-

1848 2416 2004 2479 tegro
2030 2423 2247 2479 semper
2276 2408 2576 2480 pariturum
2607 2408 2902 2476 affirmans,
2928 2412 3093 2467 totius
3126 2411 3209 2466 sui
3240 2412 3434 2468 mode-

1847 2499 2112 2567 rationem
2164 2499 2306 2554 illius
2353 2501 2627 2556 sanctitati
2679 2501 2942 2557 attentius
2992 2503 3430 2559 commendabat.

1845 2590 1942 2645 Cui
1966 2591 2130 2646 etiam
2164 2591 2308 2647 inter
2338 2591 2526 2647 amicae
2547 2592 3006 2649 contabulationis
3047 2595 3208 2652 verba
3238 2597 3434 2666 produ-

1846 2691 1992 2738 ctum
2037 2699 2069 2740 e
2110 2683 2229 2740 sinu
2274 2682 2508 2754 lapidem
2548 2699 2682 2739 auro
2720 2684 3009 2752 inclusum,
3059 2697 3116 2741 et
3152 2688 3293 2743 collo
3331 2704 3434 2746 suo

1846 2788 2140 2846 appensum
2165 2776 2500 2839 ostenderat,
2527 2789 2781 2831 asserens
2802 2775 2945 2831 hunc
2969 2776 3184 2831 cuidam
3208 2792 3433 2836 suorum

1846 2868 2252 2937 progenitorum
2285 2881 2410 2923 cum
2449 2866 2542 2922 tali
2583 2866 2752 2924 fuisse
2791 2867 3005 2924 coalitus
3043 2867 3447 2938 pollicitatione

1846 2958 2103 3014 donatum
2124 2996 2139 3025 ,
2168 2960 2314 3028 quod
2348 2973 2623 3028 nunquam
2654 2957 2958 3029 privaretur
2999 2951 3157 3016 avitae
3188 2959 3433 3016 domina-

1847 3047 2010 3103 tionis
2052 3047 2441 3118 amplitudine,
2485 3047 2731 3123 quisquis
2781 3063 3432 3107 successorumsuorum

1846 3133 2022 3207 ipsum
2057 3138 2347 3196 meruisset
2374 3140 2673 3211 possidere.
2708 3141 2790 3197 Ad
2828 3142 2945 3200 luce
2990 3159 3118 3216 vero
3146 3143 3434 3216 episcopus

1847 3230 2132 3287 confestim
2158 3232 2506 3303 responderat
2539 3252 2553 3289 :
2585 3233 2780 3302 (Non,
2811 3214 3093 3306 inquiens:
3133 3214 3433 3303 insensibili

1847 3321 2024 3394 lapide
2052 3323 2304 3380 fiduciam
2334 3324 2572 3396 ponatis,
2616 3326 2711 3382 sed
2752 3335 2960 3389 tantum
2993 3328 3048 3385 iu
3086 3327 3267 3398 lapide
3310 3329 3451 3385 vivo.

1844 3422 1902 3468 et
1937 3427 2067 3469 vere
2091 3413 2300 3481 cmlesti
2326 3453 2343 3479 ,
2381 3415 2614 3486 Domino
2649 3424 2840 3472 nostro
2866 3414 2995 3475 Jesu
3027 3417 3265 3475 Christo.
3295 3417 3435 3476 Huic

1847 3502 2256 3561 fundamentum
2284 3506 2466 3563 cordis
2487 3506 2673 3573 vestri,
2696 3508 2825 3565 huic
2856 3508 2969 3580 spei
2995 3518 3189 3567 vestrae
3229 3510 3437 3567 aucboo

1846 3610 1965 3651 ram
2016 3595 2328 3654 firmissime
2376 3598 2725 3671 imprimatis.
2780 3599 2879 3657 llic
2924 3599 3070 3656 enim
3124 3600 3331 3658 solidus
3378 3611 3435 3656 et

1845 3688 2000 3745 vivus
2025 3688 2185 3760 lapis,
2214 3698 2274 3745 ut
2317 3702 2510 3747 omnes
2555 3691 2872 3748 resistentes
2908 3692 3009 3747 sibi
3051 3692 3320 3758 conterit,
3354 3692 3430 3747 ita

1846 3778 1949 3835 sibi
1996 3780 2289 3837 innitentes
2335 3778 2576 3842 deﬂuere
2616 3795 2725 3837 non
2775 3780 2937 3847 sinit;
2989 3781 3083 3837 sed
3123 3782 3191 3837 ad
3238 3781 3432 3838 altiora

1845 3883 2073 3941 semper
2102 3870 2378 3939 attollens,
2424 3872 2570 3943 ipsos
2610 3871 2773 3928 etiam
2812 3871 2879 3926 ad
2914 3872 3177 3943 ampliora
3216 3887 3436 3943 prome-

1846 3961 2016 4017 renda
2044 3961 2320 4018 dilatando
2345 3961 2610 4017 extendit.
2646 3981 2667 4015 ι

1917 4053 2053 4111 Cum
2084 4068 2213 4109 vero
2241 4053 2306 4108 ad
2330 4053 2599 4123 porticum
2622 4054 2734 4124 jam
2760 4053 3134 4126 pervenissent
3163 4053 3432 4120 ecclesiae,
3508 4110 3511 4115 ,

1847 4146 1936 4203 ubi
1962 4145 2173 4217 species
2199 4160 2295 4201 seu
2328 4146 2506 4217 imago
2537 4145 2835 4218 regressuri
2863 4146 3093 4201 extremi
3137 4147 3431 4223 examinis,

1846 4252 1954 4310 quo
1995 4237 2154 4295 electi
2208 4251 2239 4292 a
2285 4238 2531 4309 reprobis
2574 4248 2964 4306 secernuntur,
3018 4239 3297 4311 eleganter
3331 4253 3434 4310 pro

1846 4330 2063 4387 modulo
2082 4329 2302 4387 humani
2334 4330 2548 4385 artificii
2585 4329 2910 4401 exprimitur
2928 4344 3096 4401 opere
3120 4329 3431 4402 sculptoris,

1847 4424 2131 4495 episcopus
2156 4423 2435 4487 comitem,
2469 4422 2705 4485 futurum
2733 4423 2787 4478 in
2811 4422 3062 4494 proximo
3087 4436 3292 4491 regem,
3315 4437 3436 4476 ma-

164 4517 334 4572 scntia
385 4518 680 4575 abbatissae
725 4532 856 4572 sure.
892 4534 912 4566 ι
947 4516 1113 4581 Illius,
1164 4518 1447 4586 inquiunt,
1507 4518 1741 4573 reditum
1775 4521 1822 4581 ι)
1847 4529 1918 4569 nu
1948 4516 2217 4585 protraxit
2244 4516 2312 4570 ad
2352 4515 2541 4570 heram
2569 4512 2799 4580 iudicis,
2839 4513 2928 4567 ubi
2974 4525 3130 4582 reges
3157 4526 3281 4567 cum
3315 4511 3433 4566 suis

166 4602 324 4674 igitur
356 4622 453 4664 vos
477 4616 802 4677 exspectare
837 4615 1082 4677 oportet,
1114 4622 1237 4676 qua:
1276 4621 1401 4661 mox
1442 4606 1511 4661 de
1551 4606 1745 4661 itinere

165 4708 407 4766 speratur
436 4714 752 4756 reversum.
792 4698 905 4755 Nec
936 4700 1131 4755 durum
1172 4707 1386 4769 reputet
1424 4698 1744 4755 excellentia

166 4796 339 4841 vestta
361 4789 505 4857 quod
538 4803 639 4844 nec
670 4789 813 4844 illius
844 4789 1040 4843 iutttitu
1076 4789 1285 4844 ordinis
1313 4796 1531 4859 ,statnta
1557 4787 1757 4843 infritt?

170 4872 359 4941 simus.
399 4877 456 4933 lu
484 4878 590 4934 hoc
618 4878 799 4947 potius
825 4879 988 4934 clarae
1021 4878 1296 4934 memoriae
1322 4877 1535 4949 genitor
1561 4884 1761 4933 vester.

170 4964 319 5021 vobis
343 4967 639 5023 imitandus
678 4977 984 5036 censeatur,
1016 4968 1107 5038 qui
1142 4968 1196 5023 in
1227 4968 1359 5023 viris
1396 4966 1667 5038 religiosis
1694 4967 1747 5023 id

170 5068 327 5122 quam
359 5059 592 5113 tuaxime
619 5059 999 5124 venerabatur,
1034 5059 1078 5114 si
1112 5058 1311 5113 tradita
1348 5058 1450 5112 sibi
1479 5057 1747 5128 majorum

172 5142 410 5203 instituta
439 5149 615 5221 rigida
628 5158 684 5205 et
704 5148 998 5206 inviolabili
1021 5148 1307 5205 devotione
1334 5148 1744 5205 observarent.»

240 5299 385 5374 (ξω)
425 5301 556 5370 Qua:
577 5314 698 5359 erat
723 5304 837 5361 dies
863 5304 929 5359 14
955 5304 1172 5374 Aprilis.

242 5369 388 5439 (268)
433 5369 530 5449 Sic
559 5374 756 5449 dictus,
777 5375 881 5449 _ve_l_
908 5369 1033 5449 quia
1052 5417 1067 5443 ,
1102 5375 1366 5431 fratribus
1397 5376 1521 5449 ejus
1553 5375 1621 5449 ad
1640 5376 1743 5449 Alto-

178 5449 330 5520 notes
344 5444 718 5520 amplissimos
741 5445 809 5520 ab
840 5444 1074 5520 llenrico
1105 5456 1262 5520 patre
1291 5444 1618 5520 st_tbliinatis,
1636 5447 1750 5520 ipse

175 5507 316 5588 ’ίεὲιιι
338 5507 520 5588 llt_tt_i'o_r
545 5513 960 5588 nihil_habebat,
986 5524 1048 5571 ut
1080 5507 1273 5572 scribit
1309 5507 1617 5583 Trivettus,
1640 5507 1746 5583 vel,

177 5580 300 5658 quia
330 5596 358 5633 a
387 5580 660 5658 Richardo
686 5584 853 5640 fratre
881 5587 1047 5641 etiam
1078 5588 1293 5642 tandem
1319 5588 1559 5645 obtentis
1587 5580 1749 5645 terris

180 5647 428 5712 spoliatus
464 5652 584 5706 fuit.
1401 5668 1409 5676 ί

432 5723 678 5804 ingenim
706 5723 922 5804 (scribit
955 5724 1430 5804 Coggehaleapud
1475 5729 1743 5798 Martene,

179 5786 273 5839 col.
299 5786 419 5860 859)
451 5792 683 5850 Chinunt
714 5786 1002 5852 castellum
1032 5786 1165 5852 adiit
1184 5838 1198 5865 ,
1232 5786 1639 5859 ubi-thesaurus
1660 5786 1744 5859 ie:

1849 4603 2149 4673 insignibus
2197 4604 2340 4658 inter
2377 4603 2665 4658 damnatos
2702 4600 2942 4657 audituri
2983 4615 3001 4656 :
3043 4619 3063 4653 ι
3107 4599 3217 4667 Ite,
3262 4599 3433 4660 male-

1847 4691 2000 4758 dicti,
2043 4691 2095 4745 in
2136 4691 2317 4762 ignem
2367 4703 2631 4746 aeternum
2679 4689 2898 4761 (Matth.
2943 4706 3070 4756 xxv,
3122 4689 3258 4761 4i);
3324 4707 3345 4742 ι
3397 4704 3435 4746 ι

1828 4782 2240 4855 gehennalibus
2270 4783 2569 4839 tortoribus
2599 4784 2886 4855 rapiuntur
2915 4785 2968 4839 in
2992 4792 3279 4849 tartarum,
3304 4792 3434 4839 tunc

1849 4876 1927 4931 ait
1955 4876 2243 4948 episcopus
2266 4893 2289 4931 :.
2322 4894 2342 4928 ι
2396 4875 2600 4931 Horum
2630 4873 2873 4945 eiulatus
2904 4885 2961 4932 et
2999 4874 3434 4931 interminabiles

1848 4965 2124 5021 cruciatus
2161 4966 2315 5023 vobis
2369 4965 2742 5022 indesinenter
2786 4966 3003 5021 animus
3054 4974 3445 5037 repraesentet.

1836 5055 1980 5133 limc
2033 5068 2295 5129 perpetua
2346 5056 2605 5129 supplicia
2658 5057 2810 5113 vobis
2857 5067 2986 5113 ante
3032 5057 3217 5117 cordis
3241 5059 3439 5117 oculos

1828 5149 2067 5221 assidue
2108 5157 2411 5212 versentur.
2448 5146 2651 5204 llorutn
2704 5147 2970 5205 malorunt
3020 5148 3205 5206 sedula
3250 5165 3438 5210 recor-

1851 5278 1971 5381 gius
1998 5310 2337 5373 servabatur,
2367 5309 2673 5381 traditoque
2696 5310 2799 5367 sibi
2835 5312 3060 5367 castello
3086 5321 3142 5365 et
3164 5309 3434 5381 thesauro

1852 5379 1881 5436 ἐι
1934 5382 2171 5463 lloberto
2199 5381 2267 5437 de
2310 5379 2620 5437 Turuehatn
2644 5420 2661 5446 ,
2691 5396 2815 5443 mox
2854 5384 2962 5438 alia
3006 5379 3229 5437 castella
3250 5418 3266 5443 ,
3296 5386 3432 5442 etc.,

1851 5467 1982 5509 occn
2024 5460 2155 5506 avit.
2189 5470 2208 5503 ι

1851 5468 2376 5649 δαὲὶηῗεζινίιιυιίεθι
2430 5522 2483 5577 in
2536 5521 2838 5586 Salmurio,
2894 5520 3053 5592 vulgo
3114 5519 3332 5581 Samur,
3378 5525 3436 5572 et

1895 5609 2399 5743 aégi‘liiligregium
2433 5664 2656 5743 omnino
2689 5663 2755 5743 de
2786 5658 3229 5743 illiusntentporis
3272 5671 3436 5743 accur-

1854 5729 2126 5817 rafissitlta
2160 5729 2659 5841 Sanctimonizdium
2694 5731 2883 5789 Fontis
2919 5729 3136 5788 Ebraldi
3176 5730 3432 5786 clausura

1857 5813 2223 5861 testttnoutunt
2241 5846 2254 5861 .
3347 5841 3353 5846 .
