3976 6292
542 382 677 439 ἳίπ

544 498 691 551 datio
721 495 913 550 doceat
943 509 1037 549 vos
1067 498 1267 562 quanto
1295 487 1378 542 sui
1409 485 1694 555 dispendio
1735 484 1857 538 aliis
1884 482 1950 537 ad
1984 490 2122 538 tem-
2155 487 2197 543 Α

543 604 644 660 pus
673 588 946 640 modicmn
979 584 1343 654 pra~ficiuntur
1366 576 1616 648 regendis
1656 573 1991 639 hominibus,
2037 573 2128 642 qui

547 682 759 748 seipsos
814 680 954 733 male
1008 674 1238 747 regendo
1285 672 1402 726 sine
1451 670 1554 725 line
1604 667 1880 722 eruciandi
1924 668 2128 722 dzemo-

550 771 724 824 Iliacis
784 770 1146 835 subjiciunt-nr
1194 762 1493 830 spiritibus.
1538 758 1664 814 llaec
1707 760 2002 813 dummodo
2054 759 2133 812 vi-

552 868 669 914 tare
698 859 844 923 licet,
884 872 1094 925 semper
1133 850 1350 921 expedit
1394 849 1688 903 formidare
1734 864 1838 913 ne,
1870 865 1991 902 cum
2026 864 2131 901 non

548 950 699 1015 licet,
724 951 926 1019 jugiter
953 945 1289 1017 postmodum
1319 941 1598 1011 contingat
1628 939 1882 994 tolerare.
1920 958 1939 991 ι
1979 938 2135 993 Dice-

552 1043 647 1095 bat
680 1056 896 1111 quoque
946 1039 1258 1092 cwlaturam
1307 1047 1398 1087 seu
1447 1032 1713 1102 picturam
1760 1030 2133 1099 hujuscemodi

550 1130 606 1184 in
642 1129 774 1199 ipsis
806 1127 1169 1182 ecctesiarum
1204 1123 1438 1177 aditibus
1477 1135 1717 1191 congrua
1748 1120 1885 1176 satis
1925 1118 2137 1173 ratione

549 1217 800 1286 pra-texi,
843 1224 1112 1285 quatenus
1158 1211 1435 1275 intraturi,
1480 1219 1536 1265 et
1577 1224 1675 1279 pro
1722 1209 2138 1265 necessitatibus

549 1310 665 1363 suis
713 1310 876 1362 Deum
935 1304 1194 1376 rogaturi,
1237 1303 1380 1358 hanc
1421 1317 1688 1356 summam
1737 1310 1794 1356 et
1828 1314 2135 1371 supremam

552 1399 925 1452 necessitatem
953 1411 1107 1450 suam
1140 1409 1263 1449 esse
1285 1393 1478 1460 sciant,
1513 1402 1572 1446 ut
1596 1393 1885 1461 impetrent
1915 1390 2130 1444 veniam

549 1505 648 1558 pro
673 1490 907 1552 delictis,
938 1504 1042 1554 qua
1075 1487 1386 1555 impetrata,
1427 1496 1481 1539 et
1511 1487 1686 1543 securi
1716 1494 2071 1554 permaneant
2104 1501 2133 1539 a

516 1636 519 1645 ,
549 1582 815 1649 ςοιιειιιιτθ
833 1581 1030 1650 pinnis,
1061 1589 1111 1633 et
1144 1580 1413 1649 gaudeant
1447 1579 1497 1632 in
1531 1577 1741 1631 deliciis
1764 1575 2126 1643 sempiternis.

550 1674 611 1726 Et
640 1675 857 1742 quidem
887 1674 1173 1743 episcopus
1199 1671 1320 1725 talia
1359 1678 1680 1740 prosecutus
1705 1681 1809 1723 cst.

620 1764 916 1818 'l‘ransiens
941 1763 1139 1832 quippe
1163 1777 1362 1823 comes,
1404 1763 1455 1814 in
1487 1761 1736 1829 proximo
1771 1758 1981 1813 futurus
2012 1774 2127 1825 rex,

548 1864 603 1907 et
652 1870 812 1907 tnanu
866 1831 1050 1907 secum
1113 1852 1330 1905 trahens
1382 1851 1693 1919 episcopum
1744 1850 1811 1904 ad
1866 1850 2129 1920 parietem
2162 1831 2206 1886 Β

545 1943 876 2010 oppositum,
906 1943 1063 2010 eique
1091 1928 1384 1996 ostendens
1429 1957 1581 2010 reges
1614 1941 1875 2012 speciosis
1906 1940 2129 2011 insigni-

543 2042 628 2085 tos
659 2033 907 2091 coronis.
950 2034 1199 2104 angelico
1231 2034 1391 2088 ductu
1437 2036 1488 2087 in
1534 2033 1789 2103 gaudium
1845 2031 2130 2088 tendentes

540 2125 762 2192 superni
815 2125 1000 2194 regis:
1047 2145 1065 2175 ι
1108 2124 1251 2188 llos,
1301 2125 1503 2193 inquit,
1568 2124 1784 2178 ilondne
1840 2125 2124 2194 episcope,

545 2217 700 2271 nobis
728 2217 905 2286 potius
926 2226 1231 2272 monstrare
1257 2215 1540 2279 debuistis,
1565 2231 1795 2284 quorum
1819 2217 2125 2287 exemplum

542 2315 707 2377 atque
753 2310 1085 2362 consortium
1141 2308 1293 2378 sequi
1353 2318 1409 2362 et
1463 2308 1677 2378 assequi
1749 2309 2009 2364 habenms
2074 2310 2125 2365 in

541 2398 703 2453 votis.
745 2418 764 2450 ι
800 2399 932 2454 Tam
962 2415 1094 2454 vero
1121 2400 1173 2454 in
1201 2410 1355 2471 gestu
1385 2409 1437 2453 et
1466 2399 1627 2454 affatu
1659 2401 1747 2454 ille
1776 2402 1965 2470 paucis
2006 2411 2128 2470 post

545 2492 649 2545 hoc
677 2490 866 2547 diebus
896 2491 1155 2546 humilem
1187 2507 1246 2546 se
1268 2491 1586 2548 ostendebat
1613 2502 1667 2546 et
1694 2492 2044 2557 submissum,
2071 2503 2126 2547 ut

542 2583 822 2637 videretur
861 2583 1079 2644 modum
1129 2584 1414 2638 excedere.
1464 2581 1890 2639 Occurrentibus
1929 2584 2031 2638 sibi
2060 2586 2129 2639 ob

541 2675 650 2728 iter
678 2673 943 2729 mendicis
970 2688 1033 2728 ac
1070 2673 1243 2727 fausta
1278 2673 1726 2743 imprecantibus,
1772 2689 2000 2741 corpore
2048 2676 2128 2729 in-

542 2772 771 2816 curva'o
819 2771 875 2818 et
916 2764 1094 2830 capite
1129 2762 1292 2816 altius
1324 2762 1559 2817 demisso
1591 2764 1795 2831 gratias
1840 2762 2129 2832 diligenter

543 2853 831 2907 referebat.-
882 2853 1195 2907 Salutantes
1241 2868 1300 2908 se
1354 2868 1622 2923 pannosus
1670 2854 1832 2906 etiam
1887 2854 2128 2906 atticolas

540 2947 829 2999 mitissime
863 2944 1212 2999 resalutahzzt.
1259 2944 1327 2997 At
1367 2959 1497 2998 vero
1525 2954 1646 3015 post
1674 2944 1929 3005 triduum,
1959 2943 2127 2997 laetifi-

538 3049 696 3093 catos
730 3055 837 3092 non
872 3039 1220 3092 mediocriter
1249 3052 1316 3092 ex
1348 3038 1433 3091 his
1468 3047 1575 3090 tam
1608 3035 1919 3105 episcopum
1965 3050 2125 3104 quam

538 3141 595 3184 et
629 3133 761 3185 alios
796 3131 896 3186 ista
927 3131 1327 3199 conspicientes
1349 3171 1363 3194 ,
1413 3144 1476 3183 ex
1511 3130 1633 3183 aliis
1663 3131 1830 3199 gestis
1866 3139 1922 3184 ct
1970 3130 2127 3183 dictis
2155 3170 2197 3227 Ο

540 3221 854 3292 incongruis
896 3219 1065 3277 multo
1109 3220 1343 3289 amplius
1388 3218 1755 3274 contristavit.
1810 3219 1885 3272 Ex
1928 3219 2127 3287 quibus

537 3313 844 3382 compendii
875 3314 1066 3382 gratia,
1101 3312 1333 3382 plurima
1365 3311 1790 3381 supprimentes,
1821 3325 1990 3379 pauca
2029 3325 2117 3362 re.-

542 3401 786 3469 ferimus,
827 3413 887 3456 ut
926 3402 1180 3471 couj’eiat
1210 3401 1446 3469 prudens
1476 3401 1725 3464 auditor,
1767 3399 1855 3451 ubi
1895 3412 2124 3468 perpen-

542 3493 680 3548 derit
719 3494 882 3549 talem
912 3494 1144 3547 radicem
1168 3533 1183 3556 ,
1214 3490 1428 3561 qualem
1471 3489 1744 3543 :estimare
1783 3488 1942 3543 liceat
1976 3502 2128 3542 secu-

542 3594 717 3641 turam
750 3584 1021 3640 fructuum
1051 3598 1115 3637 ex
1144 3584 1333 3638 eadem
1363 3582 1557 3635 arbore
1589 3578 1943 3633 fertilizatem.

611 3674 746 3729 Cum
791 3675 956 3745 igitur=
997 3675 1085 3729 die
1124 3673 1500 3728 sacratissimo
1548 3670 1981 3724 Resurrcctionis
2026 3669 2126 3724 Do-

540 3768 757 3823 minicte
779 3767 928 3839 (27‘2)
950 3767 1237 3822 oblaturus
1259 3780 1322 3818 ex
1350 3777 1500 3817 more
1525 3761 1616 3816 ille
1638 3762 1705 3815 ad
1730 3777 1920 3815 manus
1944 3775 2127 3817 acres-

540 3861 703 3912 tsi-set
745 3859 1010 3929 episcopi,
1044 3857 1239 3911 altario
1279 3852 1586 3908 assistentis
1608 3891 1623 3915 ,
1650 3866 1818 3905 aurea
1847 3852 1895 3905 ei
1922 3852 2128 3905 mrmis-

543 3961 686 4005 mata
717 3968 745 4005 ει
778 3951 1113 4007 cubiculario
1135 3965 1253 4011 suo,
1286 3947 1428 4001 sicut
1460 3959 1576 3998 mos
1607 3944 1788 4012 regius
1814 3942 2124 4007 exhibebat,

542 4042 624 4094 bis
655 4055 783 4094 sena
830 4039 1100 4095 dabantur
1122 4038 1173 4091 in
1204 4035 1461 4106 palmam.
1494 4031 1616 4087 llaec
1638 4032 1738 4087 ille
1762 4033 1995 4102 stipatus
2024 4046 2124 4085 un-

542 4131 708 4200 dique
726 4131 867 4184 haud
895 4130 1104 4186 modica
1139 4128 1294 4183 turba
1323 4124 1614 4189 nobilium,
1647 4138 1769 4178 eum
1801 4132 1973 4178 staret
2001 4131 2129 4176 ante

540 4219 879 4287 epismpum,
914 4216 1118 4272 diutius
1145 4219 1378 4279 intuens,
1406 4222 1456 4269 et
1491 4214 1645 4283 quasi
1682 4212 1913 4267 ludendo
1938 4212 2126 4283 exagi-

547 4316 687 4367 tans,
718 4307 904 4361 tandiu
933 4305 1132 4361 olferrc
1168 4305 1414 4373 distulit,
1444 4318 1727 4375 quousque
1763 4318 1957 4357 omnes
2001 4318 2127 4356 eum

544 4399 819 4454 intuentes
865 4399 1214 4453 mirarentur.
1274 4396 1515 4452 Tandem
1576 4394 1770 4466 praesul
1834 4403 2012 4450 motus
2060 4395 2130 4449 ob

1432 373 1488 431 S.
1526 370 1831 429 IIUGONIS
1871 367 2080 424 El’lSC.
2122 365 2435 421 LINCOLN.
2478 366 2636 421 ΟΜ).
2678 364 2930 421 CARTII.

3642 372 3750 432 ίθῖἓ

2229 482 2372 551 quod
2409 491 2584 544 tenes,
2615 490 2669 534 et
2699 482 2909 536 recede.
2950 497 2969 530 ι
3002 477 3104 545 Qui
3146 479 3199 533 in
3234 477 3433 549 pelvim
3462 493 3746 557 argenteam,

2236 574 2289 627 in
2317 588 2479 642 quam
2507 573 2694 629 oblata
2725 573 3220 644 congregabantur;
3253 588 3498 628 nunnuos
3518 574 3641 645 ipsos
3657 596 3777 651 pm,

2228 660 2443 731 jiciens,
2479 662 2766 718 abscessit.
3770 663 3778 695 »'

2307 751 2450 807 Nihil
2485 767 2613 807 vero
2637 752 2741 808 sibi
2787 753 2854 808 de
2881 751 3156 809 oblatione
3183 754 3466 825 quisquam
3495 770 3656 813 eorum
3678 765 3748 832 qui
3776 751 3782 765 ’

2236 841 2497 912 θρίερὸρο
2552 841 2921 909 θόιιεετθιιιιιιι,
2978 841 3032 895 in
3084 843 3260 897 aliena
3292 859 3520 913 unquam
3555 848 3755 920 ecclesia;

2238 935 2341 989 nisi
2392 934 2560 1003 forte,
2609 934 2701 989 ubi
2732 934 2996 990 ecclesias
3036 936 3334 1001 dedicaret,
3395 937 3610 994 retinere
3652 957 3757 1011 pne.

2238 1027 2489 1099 sumpsit,
2515 1028 2731 1084 dicente
2758 1029 2956 1099 saepius
3002 1029 3156 1098 ipso,
3188 1029 3325 1084 satis
3352 1027 3591 1096 injustam
3627 1034 3756 1092 videri

2237 1120 2338 1175 sibi
2394 1129 2455 1175 ut
2509 1122 2578 1177 ab
2632 1136 2728 1185 ara
2783 1121 3010 1177 alterius
3064 1122 3140 1177 illi
3176 1123 3470 1193 quidquam
3519 1128 3757 1195 temporale

2238 1222 2538 1283 asportent,
2582 1214 2673 1285 qui
2705 1214 2771 1271 de
2801 1214 2971 1285 gratia
3022 1214 3198 1269 locum
3248 1215 3425 1284 ipsum
3467 1218 3759 1276 cuslodientis

2240 1304 2578 1375 spiritualem
2610 1307 2873 1361 mentium
2903 1306 3216 1361 alimoniam
3247 1306 3448 1361 ibidem
3475 1308 3759 1378 participant.

2239 1395 2351 1450 lloc
2380 1410 2595 1466 quoque
2627 1405 2734 1451 tam
2776 1397 2829 1452 in
2862 1397 3107 1467 propria,
3142 1412 3308 1466 quam
3336 1398 3390 1450 in
3418 1397 3580 1451 aliena
3606 1400 3762 1470 ubique

2237 1489 2457 1544 diteccsi
2506 1488 2851 1553 observabat,
2903 1498 2957 1544 et
3005 1489 3286 1545 observari
3336 1503 3369 1541 a
3412 1489 3522 1543 suis
3563 1489 3760 1546 facielat.

2237 1580 2346 1635 Nec
2373 1581 2441 1636 de
2486 1580 2589 1636 ista
2633 1596 2767 1651 ergo
2799 1580 3075 1636 oblatione
3117 1580 3346 1651 quilibet
3398 1593 3608 1635 suorum
3646 1583 3761 1651 quid-

2235 1691 2396 1744 quam
2448 1675 2677 1745 aecepit.
2720 1673 3017 1730 Videbatur
3074 1684 3258 1729 autem
3319 1683 3446 1729 tunc
3498 1676 3762 1745 quibusdam

2234 1768 2358 1837 quia
2391 1767 2676 1821 Dominum
2706 1767 2757 1821 in
2804 1768 2907 1821 hoc
2942 1766 3249 1822 imitaretur
3281 1766 3458 1821 fidelis
3492 1776 3545 1821 et
3575 1770 3765 1837 prudens

2231 1870 2424 1910 servus
2450 1855 2587 1924 ejus.
2622 1856 2691 1911 Ut
2720 1856 2866 1911 enim
2892 1856 3151 1912 Dominus
3180 1855 3247 1910 ad
3270 1855 3404 1911 Cain
3428 1865 3483 1911 et
3502 1856 3563 1911 ad
3590 1873 3764 1912 munera

2230 1950 2346 2016 ejus
2373 1947 2501 2001 olim
2528 1964 2633 2002 non
2665 1948 2902 2017 respexit
2924 1945 3076 2017 (Gen.
3100 1962 3174 2013 tv,
3208 1946 3297 2018 5);
3351 1948 3426 2002 ita
3456 1950 3604 2003 modo
3621 1964 3769 2005 servus

2232 2038 2477 2104 Domini,
2538 2038 2665 2108 quia
2717 2039 2960 2095 muneris
3017 2039 3319 2093 oblatorem
3383 2055 3489 2094 non
3546 2039 3769 2095 immerito

2232 2128 2575 2199 improbavit,
2602 2126 2717 2195 ejus
2746 2128 2827 2183 vel
2861 2144 3057 2183 munus
3082 2138 3305 2200 tangere
3333 2131 3660 2198 contempsit.

2304 2221 2535 2275 Verbum
2580 2229 2761 2275 autem
2793 2220 3003 2275 Domini
3035 2221 3321 2290 cpiscopus
3355 2220 3634 2275 astantium
3662 2221 3769 2274 mul-

2234 2315 2448 2369 titudini
2502 2295 2800 2380 [medicare
2845 2328 3095 2377 exorsus,
3149 2328 3273 2367 cum
3322 2310 3390 2366 de
3440 2312 3679 2365 bonorum
3704 2311 3768 2365 vel

2232 2408 2497 2461 malorum
2527 2405 2831 2475 principum
2860 2404 3124 2468 moribus,
3157 2413 3212 2459 et
3232 2404 3475 2474 prmmiis
3512 2411 3624 2472 post
3659 2401 3772 2456 futu-

2231 2498 2306 2552 ris
2333 2496 2499 2551 multa
2529 2497 2841 2561 disSereret,
2886 2495 3011 2549 dum
3044 2496 3110 2551 ab
3155 2494 3277 2551 aliis
3324 2495 3518 2550 devote
3550 2493 3770 2547 acclama-

2233 2600 2401 2653 retur,
2452 2588 2555 2643 sibi
2605 2587 2859 2658 princeps
2903 2595 3271 2651 mcmoratus,
3320 2599 3475 2639 more
3516 2584 3770 2653 principum

2229 2680 2318 2747 qui
2364 2691 2518 2732 mane
2566 2678 2874 2741 comedunt,
2929 2685 3036 2730 tam
3077 2677 3364 2731 materiam
3394 2690 3556 2745 quam
3605 2688 3770 2727 ntoiau

2231 2767 2501 2823 sermonTs
2551 2784 2659 2822 non
2709 2783 2862 2837 atque
2918 2766 3120 2831 ferens,
3163 2767 3327 2821 tertio
3380 2766 3532 2820 misit
3558 2754 3618 2817 ad
3660 2780 3774 2827 eum,

2232 2859 2486 2927 flagitans
2509 2860 2731 2925 obnixe,
2766 2868 2824 2914 ut
2851 2859 3087 2914 sermoni
3116 2869 3315 2913 metam
3347 2865 3533 2928 ponat,
3559 2866 3609 2910 et
3630 2856 3772 2908 divina

2229 2950 2487 3014 eelebret,
2541 2960 2811 3019 quatenus
2863 2948 2965 3003 sibi
3024 2957 3147 3009 post
3198 2955 3350 3002 tanta
3404 2946 3608 3016 jejunis
3658 2946 3773 2999 vesci

2229 3040 2581 3095 coacedalur.
2631 3038 2738 3093 Sed
2793 3038 2951 3093 fortis
3005 3036 3411 3107 cvangelizator
3467 3042 3661 3100 noster,
3703 3033 3775 3102 qui

2230 3147 2392 3200 super
2418 3139 2654 3184 montem
2704 3130 2976 3183 excelsum
3010 3128 3366 3190 ascenderat,
3414 3133 3540 3179 vota
3569 3131 3620 3178 et
3658 3138 3776 3176 uian-

2231 3222 2350 3274 data
2384 3219 2501 3287 ejus
2528 3219 2850 3289 despiciens,
2879 3219 3008 3288 quin
3038 3227 3091 3273 et
3114 3233 3300 3272 vocem
3332 3215 3528 3271 fortius
3548 3213 3774 3275 exaltant,

2231 3312 2633 3365 multitudinem
2689 3312 2982 3364 maximam
3021 3309 3328 3363 auditorum
3383 3317 3495 3363 tam
3541 3306 3625 3360 ditt
3668 3317 3779 3374 pane

2229 3404 2529 3473 spiritualis
2571 3404 2831 3459 doctrina:
2861 3402 3044 3457 cibare
3086 3415 3190 3455 non
3221 3400 3455 3464 destitit,
3488 3400 3650 3453 donec
3671 3412 3777 3451 cun-

2229 3496 2333 3550 ctis
2390 3493 2850 3557 acclamantibus,
2900 3491 3156 3562 plurimis
3205 3505 3425 3561 quoque
3479 3488 3783 3558 illacriman-

2231 3587 2399 3653 tibus,
2426 3587 2493 3642 ad
2533 3586 2694 3657 digne
2744 3585 3155 3657 percipiendum
3206 3598 3401 3654 panem
3453 3588 3785 3638 sacramenta-

2231 3680 2356 3745 lem,
2379 3681 2467 3750 qui
2493 3680 2557 3734 de
2581 3678 2706 3733 caelo
2726 3678 3010 3741 descendit,
3035 3686 3081 3731 et
3109 3676 3200 3731 dat
3227 3677 3384 3730 vitam
3405 3674 3605 3729 mundo
3629 3670 3782 3740 (Joan.

2229 3778 2340 3834 vtt,
2394 3769 2517 3836 55),
2574 3771 2669 3823 eo's
2720 3767 3052 3824 sullicieuter
3104 3783 3201 3836 pro
3254 3774 3504 3833 tempore
3562 3761 3784 3818 informa-

2231 3868 2315 3916 ret
2338 3858 2507 3931 (275).
2542 3857 2646 3912 Hic
2667 3871 2840 3912 autem
2867 3859 2922 3911 iu
2960 3859 3093 3912 serie
3119 3873 3325 3927 magna:
3365 3855 3504 3909 Viue
3529 3856 3788 3908 insertum

2228 3951 2382 4020 plura
2418 3948 2561 4002 uiola
2608 3946 2675 4001 de
2706 3963 2824 4017 rege
2865 3946 3093 4015 Joanne,
3123 3963 3241 4018 qua:
3289 3946 3470 4001 videre
3498 3946 3676 4015 poten‘t
3714 3942 3786 4004 ibi,

2231 4044 2322 4114 qui
2355 4041 2573 4097 voluerit
2605 4042 2823 4096 intueri.

2816 4127 3046 4184 CAPUT
3081 4126 3243 4183 XVII.

2233 4242 2594 4312 Qualiterposl
2607 4250 2822 4295 mortem
2839 4240 2969 4309 regis
2987 4237 3234 4312 Bidnti-di
3250 4238 3589 4312 repatriando
3602 4235 3791 4290 hostium

2300 4309 2519 4367 evaserit
2552 4313 2844 4373 violentias,
2869 4320 2915 4363 et
2945 4328 2975 4362 α
3005 4310 3103 4362 sibi
3125 4309 3521 4362 occurrentibus
3542 4324 3657 4361 cum
3676 4322 3794 4428 ἕρξα-

2301 4380 3116 4428 dinsilauscm31m-—Ellmcesl
3140 4395 3254 4428 can.
3275 4377 3430 4428 12.1.11
3457 4394 3650 4428 maana
3701 4375 3791 4426 ἀρ.

2301 4386 2388 4438 dio
2400 4385 2466 4437 sit
2480 4392 2845 4450 susceptum—
2859 4381 2922 4434 Et
2935 4380 3032 4433 hoc
3043 4389 3116 4433 est
3140 4395 3254 4447 cap.
3275 4378 3430 4444 l2,in
3457 4394 3650 4447 magna
3676 4378 3791 4428 Vita.

546 4490 691 4544 htlllc
724 4489 842 4560 ejus
871 4499 1082 4559 gestum
1121 4490 1212 4544 tali
1243 4490 1376 4543 hora
1409 4498 1464 4543 et
1496 4490 1547 4543 in
1580 4488 1669 4542 tali
1706 4488 1825 4543 loco
1857 4506 1869 4540 :
1912 4507 1931 4541 ι
1965 4488 2123 4555 Quid,
2159 4505 2206 4564 ι)
2304 4466 2596 4532 Sciendum
2649 4474 2829 4545 itaque
2852 4472 3025 4541 ipsum
3066 4485 3196 4525 vere
3220 4468 3435 4564 Amundi
3476 4468 3794 4564 ειειξιειυνει

545 4582 723 4650 inquit
747 4582 814 4636 ad
844 4595 992 4647 eunt,
1026 4581 1100 4635 ita
1135 4579 1402 4649 respicis?
1438 4598 1455 4631 ι
1499 4579 1599 4635 Cui
1641 4580 1717 4633 ait
1753 4578 1842 4633 ille
1881 4595 1893 4632 :
1934 4595 1953 4629 ε
1994 4576 2129 4633 Istos

546 4687 678 4726 sane
710 4673 923 4726 iuturur
952 4686 1169 4735 aureos,
1208 4684 1360 4741 quos.
1395 4671 1443 4724 si
1469 4678 1596 4723 ante
1625 4668 1744 4724 dies
1772 4668 2131 4737 paucissimos

547 4764 862 4828 tenuissem,
888 4777 993 4816 non
1025 4761 1174 4816 vobis
1196 4762 1321 4816 illos
1335 4759 1586 4816 offerrem
1613 4800 1627 4827 ,
1655 4761 1749 4816 sed
1787 4775 1920 4813 mea:
1952 4760 2145 4828 potius.

547 4866 821 4906 crumena!
851 4850 1133 4905 inferrem.
1178 4848 1563 4906 Verumtamen
1605 4848 1719 4917 jam
1777 4850 1938 4904 modo
1984 4848 2145 4903 θεοῖο.

544 4943 658 5011 pile
680 4941 815 4995 illos.
850 4958 869 4992 ι
902 4938 1216 5012 Indignatus
1237 4941 1304 4994 ad
1338 4944 1456 4995 haec
1486 4941 1570 4994 vir
1600 4938 1714 5001 Dei,
1758 4950 1814 4993 et
1840 4939 1957 4994 vice
1988 4939 2132 4994 illius

544 5032 899 5085 1vehementer
922 5031 1270 5093 erubescens,
1303 5040 1362 5084 ut
1387 5039 1506 5084 erat
1532 5029 1730 5084 mentis
1749 5028 1849 5099 piae
1866 5039 1922 5083 et
1948 5029 2132 5083 cordis

540 5124 819 5192 generosi,
848 5134 1164 5193 proteusum
1199 5123 1266 5178 ad
1314 5137 1375 5176 se
1404 5122 1633 5177 retraxit
1677 5121 1999 5185 brachium,
2031 5135 2131 5175 nec

547 5214 693 5268 illius
720 5229 911 5268 aurum
934 5217 1254 5285 cuntinget'e
1281 5228 1500 5283 passus,
1534 5227 1635 5267 nec
1671 5227 1823 5267 suam
1850 5210 2129 5265 dexteram

539 5310 644 5360 ore
672 5316 782 5360 tam
804 5302 982 5361 ‘avaro
1012 5307 1287 5359 sustinens
1325 5305 1586 5369 osculari,
1628 5302 1866 5359 fremens
1906 5317 2039 5357 vero
2077 5302 2128 5355 in

543 5397 747 5467 seipse,
782 5406 837 5452 et
884 5405 1044 5467 caput
1075 5410 1231 5449 suum
1264 5398 1484 5450 movens
1513 5414 1526 5450 :
1564 5413 1583 5446 ι
1613 5392 1788 5459 Jacta,
1824 5393 2017 5463 inquit,
2058 5391 2131 5446 ibi

617 5555 765 5625 (272)
803 5554 1036 5625 threo
1056 5564 1207 5625 anno
1232 5546 1428 5625 incidit
1452 5548 1675 5625 in‘dictu
1708 5547 1774 5604 18
1803 5532 2021 5625 Aprilis.

618 5616 766 5693 (275)
806 5616 1098 5693 Subductis
1136 5619 1346 5672 duabus
1396 5617 1551 5693 lineis
1598 5618 1843 5693 agnoscit
1874 5616 2134 5693 Vitzeab-

544 5684 821 5750 breviatur
849 5709 909 5748 se
933 5691 1184 5744 omisisse
1217 5686 1492 5750 nonnulla,
1516 5684 1807 5755 qumi'enda
1831 5687 1884 5741 in
1916 5684 2128 5753 majori,

542 5767 600 5820 id
624 5775 732 5832 est,
761 5766 827 5820 ab
850 5771 1075 5817 auctore
1110 5759 1233 5812 Vita
1263 5755 1592 5824 conscripta.

2231 4569 2352 4627 coeli
2395 4569 2592 4631 civem,
2647 4577 2845 4621 cxtunc
2888 4579 3051 4635 quam
3088 4562 3324 4617 maxime
3354 4559 3640 4632 praesentis
3676 4558 3795 4611 inco-

2233 4662 2375 4717 latus
2401 4661 2485 4716 sui
2522 4658 2803 4728 dispendia
2845 4655 3227 4717 exhorruisse,
3254 4663 3309 4708 et
3332 4650 3580 4708 ctelestis
3610 4660 3796 4718 quoque

2234 4751 2587 4809 habitationis
2646 4748 2919 4804 desiderio
2970 4745 3260 4815 ﬂagrasse,
3316 4759 3385 4798 ex
3443 4757 3557 4812 quo
3613 4738 3796 4810 plenius

2233 4842 2622 4900 animadvertit
2650 4849 2892 4911 optatam
2941 4852 2971 4891 a
3016 4836 3341 4906 quibusdam
3385 4832 3539 4904 regni
3574 4827 3796 4886 mutati»-

2232 4948 2354 4990 nem
2407 4934 2476 4987 ad
2546 4932 2818 4987 deteriora
2888 4940 3146 4997 vergere,
3215 4930 3271 4979 et
3323 4930 3601 4993 speratam
3653 4927 3797 4974 stabis

2231 5026 2583 5083 ecclesiastici
2607 5022 3039 5079 meliorationem
3064 5020 3116 5073 in
3134 5017 3420 5071 adversum
3436 5015 3635 5071 cedere
3652 5007 3794 5082 (27$).

2231 5120 2313 5175 Ad
2352 5118 2648 5174 Ecclesiam
2695 5128 2828 5185 ergo
2873 5127 3028 5167 suam
3073 5109 3397 5178 quantocius
3424 5104 3642 5160 censuit
3673 5114 3794 5168 repe-

2233 5210 2490 5275 dandum‘,
2522 5217 2789 5277 quatenus
2835 5204 2993 5259 soluti
3034 5200 3449 5256 cotnmisrarum
3496 5194 3602 5251 sibi
3652 5193 3774 5247 soler

2234 5299 2341 5351 tins
2368 5294 2671 5366 provideret
2701 5291 3029 5353 animarmn,
3077 5287 3291 5355 sibique
3323 5285 3552 5339 liberius
3585 5299 3648 5336 ex
3692 5281 3777 5331 ube

2236 5390 2365 5445 riori
2419 5389 2598 5441 fructu
2625 5384 2839 5454 pietatis
2887 5380 3211 5435 omnimodae
3243 5378 3309 5431 ad
3342 5390 3582 5444 superna
3634 5369 3795 5444 gaudia

2304 5541 2452 5613 (274)
2493 5540 2716 5595 Factum
2740 5540 2816 5613 in
2856 5551 3000 5595 anno
3034 5536 3208 5613 ﬁlii,
3254 5552 3370 5613 quo.
3398 5526 3795 5613 archiepiscopi.

2233 5600 2511 5684 episcopi,
2541 5611 2789 5665 monachi
2829 5625 2950 5664 cum
2998 5600 3237 5684 clericis,
3272 5600 3418 5678 'pulsi
3473 5606 3529 5659 in
3572 5600 3793 5659 exsilium

2234 5675 2338 5740 non
2364 5675 2644 5745 redierunt
2669 5690 2792 5737 ante
2821 5694 3021 5735 annum
3052 5675 3209 5732 1214.
3285 5675 3298 5678 ⁷
3366 5684 3375 5689 ”
