3962 6390
184 329 314 387 1075

1520 287 1697 377 ma.
1733 353 1804 367 .-
1839 320 1966 377 LIB.
2011 323 2073 376 v.

3276 371 3280 409 λ
3317 327 3460 384 nm

181 442 487 513 exquireret.
528 448 912 497 commeatum.
964 439 1278 497 Valedicens
1328 441 1512 511 itaque
1553 447 1833 504 tnemo-A
1864 439 1996 494 satis
2024 447 2079 492 et
2123 437 2281 493 anxie
2323 437 2372 493 ei
2416 439 2642 505 studuit,
2670 454 2817 509 qua:
2845 439 3134 506 didicerat,
3179 442 3453 508 nuntiare,

183 547 295 592 rato
351 532 620 604 principi,
676 534 904 590 recessit
957 533 1026 589 ab
1072 548 1136 588 eo
1194 533 1429 611 secunda
1474 532 1609 588 feria
1661 532 1762 587 Pa-

181 630 321 686 scha:
347 624 517 699 (275).
530 624 778 696 Cumque
807 626 1144 697 pervenisset
1157 627 1225 699 ad
1240 625 1420 680 villam
1445 624 1759 695 quamdam,

181 721 233 777 in
273 734 375 790 qua
424 717 685 789 hospitari
733 719 1069 785 decreverat,
1111 727 1167 773 et
1213 735 1373 789 quam
1407 717 1595 775 incolae
1639 715 1764 772 Flé-

181 815 273 869 cite
301 811 452 884 (276)
485 821 710 879 vocant,
760 813 1040 884 ingressus
1066 813 1357 869 ecclesiam
1390 813 1587 887 missas
1614 811 1762 868 cele‘

178 904 335 960 brare
362 904 609 974 parabat.
660 903 728 959 Et
767 917 916 973 ecce,
948 903 1039 960 illo
1066 904 1296 960 necdum
1326 904 1500 977 sacris
1525 903 1765 960 vestibus

178 995 386 1062 induto,
419 995 622 1050 turbati
662 994 732 1051 ad
769 1008 893 1050 eum
939 1002 1170 1051 currunt
1210 994 1442 1051 ministri
1474 993 1584 1059 sui,
1626 1008 1765 1049 nun-

154 1088 399 1154 tiantes,
423 1102 592 1158 equos
615 1095 672 1144 et
701 1087 899 1144 rhedas
928 1088 1101 1159 ipSius
1123 1087 1193 1145 ab
1220 1088 1366 1144 illius
1395 1088 1498 1144 loci
1522 1089 1765 1144 custodi-

176 1178 278 1234 bus
303 1178 524 1233 retineri
548 1218 562 1243 ,
593 1179 857 1250 quosdam
884 1179 1051 1236 etiam
1076 1187 1145 1234 ex
1170 1178 1455 1251 sagmariis
1478 1193 1698 1235 suorum
1730 1194 1761 1233 a

175 1269 517 1341 praedonibus
538 1270 759 1327 abduci.

243 1360 378 1416 Erat
421 1376 555 1418 vero
606 1361 660 1416 in
708 1361 967 1417 comitatu
1015 1360 1184 1431 ipsius
1227 1358 1526 1416 Gilihertus
1594 1359 1759 1414 Reve-

175 1453 384 1510 scensis
419 1452 571 1525 (277)
590 1453 909 1524 episcopus,
930 1460 983 1508 et
1013 1451 1197 1508 clerici
1242 1450 1578 1505 diversorum
1621 1449 1764 1505 loco-

177 1559 295 1600 rum
324 1559 489 1615 quam
522 1542 764 1614 plurimi.
797 1542 899 1612 Qui
928 1557 1118 1600 omnes
1142 1541 1475 1599 unanimiter
1501 1543 1765 1614 rogabant

172 1649 322 1699 eum,
359 1642 656 1704 quatenus,
693 1633 1061 1704 praetermissa
1101 1635 1172 1690 ob
1221 1642 1385 1689 tantae
1424 1633 1765 1688 necessitatis

172 1736 229 1782 et
264 1724 691 1797 perturbationis
721 1735 977 1782 eventum
1038 1726 1326 1781 missarum
1373 1724 1760 1794 celebratione,

1834 545 2030 601 orans
2073 529 2382 593 instantius,
2415 539 2473 583 ut
2516 529 2780 597 cilicium,
2827 533 2970 601 quod
3020 533 3233 601 agebat.
3272 533 3457 589 brevi-

1868 623 1994 677 tatis
2022 620 2345 677 lectionibus
2387 630 2768 691 percantarct;
2827 630 3097 692 quatenus
3145 623 3461 677 discursan-

1865 713 1999 766 tium
2026 721 2364 767 armatorum
2395 726 2588 767 manus
2618 710 2780 766 dubia
2808 713 2987 767 adhuc
3031 713 3131 768 sub
3169 711 3292 768 luce
3316 712 3456 768 faci-

1866 803 1970 858 lius
1994 803 2334 870 declinando,
2372 818 2496 875 cum
2523 804 2707 869 sociis,
2759 805 2849 876 qui
2893 805 3004 877 jam
3041 798 3463 876 praecesserant,

1866 894 2158 951 instantem
2193 896 2360 951 tutius
2398 884 2686 968 perageret
2723 895 2960 965 ditatem.
3007 896 3207 952 Verum
3238 897 3351 963 ille,
3398 905 3464 951 nt

1867 986 2010 1040 hunc
2030 999 2247 1055 quoque
2274 985 2544 1040 turbinem
2586 984 2894 1054 impavidus
2920 986 3156 1055 excepit,
3187 985 3267 1041 sic
3307 994 3465 1039 trano

1834 1076 2032 1147 .quille
2081 1084 2204 1131 cuin
2256 1075 2403 1131 onmi
2461 1075 2741 1147 diligentia
2793 1076 3006 1131 debitos
3067 1075 3175 1131 Deo
3228 1072 3463 1146 hymnos

1864 1165 2119 1222 exsolvit.
2158 1164 2267 1223 Nec
2303 1167 2462 1237 plane
2490 1169 2559 1224 ad
2587 1167 2957 1238 insipientiam
2981 1166 3106 1222 sibi.
3139 1167 3297 1233 Nam,
3326 1166 3459 1221 dum

1836 1269 2132 1323 -tu0ratur,
2167 1257 2338 1313 adfuit
2367 1258 2608 1330 ejusdem
2636 1258 2739 1315 loci
2779 1259 2948 1315 abbas
2977 1256 3147 1329 (282),
3185 1257 3277 1327 qui
3306 1255 3465 1310 illum.

1864 1363 2036 1418 eques
2082 1349 2463 1420 prazeessit,et
2491 1365 2590 1420 per
2617 1351 2934 1407 semitarum
2982 1348 3301 1420 compendia
3327 1348 3463 1404 illa).

1865 1453 1986 1493 sum
2015 1439 2239 1495 deduxit
2265 1440 2407 1495 ultra
2436 1441 2675 1497 civitatis
2702 1441 2980 1498 suburbia.
3006 1440 3085 1495 Ex
3106 1440 3191 1496 his
3215 1454 3345 1495 vero
3364 1440 3465 1509 qui

1866 1528 2042 1599 ipsum
2073 1538 2487 1600 praecesserant,
2520 1530 2705 1601 plures
2746 1531 3031 1602 intercepti
3067 1539 3232 1601 atque
3254 1522 3460 1585 detenti

1865 1628 1994 1675 sunt
2045 1620 2224 1676 hostili
2285 1620 2565 1677 violentia.
2621 1621 2861 1692 Reliquit
2918 1631 3098 1678 autem
3156 1622 3353 1678 ibidem
3403 1622 3465 1677 in

1865 1708 2110 1764 custodia
2141 1709 2385 1780 praedicti
2411 1708 2625 1785 abbatis
2657 1710 2853 1767 rhedas
2877 1712 3014 1766 duas
3038 1726 3161 1767 cum
3189 1710 3472 1781 aliquibus

174 1784 526 1890 Evangelium
576 1817 679 1873 sibi
727 1817 830 1889 legi
861 1826 1154 1874 contentus
1201 1817 1363 1884 foret,
1413 1825 1471 1871 et
1523 1825 1583 1872 ut
1621 1832 1682 1874 se
1709 1784 1765 1873 et
1795 1784 1839 1845 Β
1867 1799 2022 1890 θφιίε
2050 1808 2106 1890 CF
2129 1800 2282 1890 νέτῖτι
2312 1784 2661 1872 supellectili;
2691 1817 2811 1872 (ιιιαε
2830 1801 3012 1857 omnia
3043 1800 3273 1872 Ρτεείῖὶῑα
3292 1802 3467 1856 οοιιιίο

172 1924 302 1965 suos
339 1912 620 1982 expediret
664 1925 695 1966 a
748 1910 915 1967 tantis
965 1908 1227 1981 periculis
1279 1907 1609 1989 intenderet.
1659 1909 1762 1978 Qui

174 2003 309 2058 nihil
340 2005 590 2060 turbatus
618 2019 689 2060 ex
721 2003 808 2060 his
850 2019 971 2075 qua:
1000 2018 1031 2059 a
1069 2004 1382 2075 raptoribus
1410 2004 1761 2075 gerebantur,

171 2097 269 2152 sed
327 2112 429 2153 nec
475 2105 654 2153 motus
699 2111 768 2152 ex
817 2096 903 2152 his
936 2111 1057 2168 qua:
1100 2112 1130 2151 a
1181 2096 1472 2152 comitibus
1511 2111 1768 2168 suggere-

169 2188 396 2254 hantur,
425 2199 486 2244 ut
512 2191 713 2246 surdus
740 2197 794 2245 et
825 2196 1007 2244 mutus
1029 2188 1095 2243 ad
1123 2188 1308 2244 audita
1332 2188 1525 2259 emptis
1555 2196 1765 2259 tantum

170 2278 483 2335 insistebat.
542 2277 654 2335 Nec
699 2277 1020 2348 simpliciter
1058 2287 1113 2335 et
1162 2276 1321 2348 plane
1371 2293 1586 2333 sacrum
1637 2293 1769 2333 cou-
1842 2334 1847 2339 _

171 2376 362 2424 tentus
412 2367 646 2424 oﬂicium
692 2382 983 2439 peragere,
1043 2369 1152 2424 imo
1204 2369 1497 2436 sandaliis,
1554 2370 1767 2437 tunica,

170 2459 467 2513 dalmatica
525 2474 646 2513 cum
682 2460 902 2513 caeteris
950 2458 1253 2528 insignibus
1307 2467 1497 2525 utens,
1546 2470 1605 2515 ut
1645 2461 1768 2515 uni-

171 2569 364 2610 versos
404 2553 588 2609 divino
633 2552 892 2622 praesidio
937 2552 1132 2608 melius
1178 2561 1560 2621 communiret,
1593 2553 1770 2624 ponti-

175 2647 389 2701 licalem
418 2646 471 2701 in
518 2645 743 2715 agendis
769 2645 1203 2701 benedictionem
1251 2645 1612 2709 interserens,
1643 2650 1773 2702 mis-

174 2752 297 2793 sam
339 2753 494 2794 more
532 2737 758 2792 solemni
806 2752 970 2806 quam
1009 2737 1199 2793 devote
1241 2737 1467 2809 peregit.
1510 2736 1773 2794 Omnibus

175 2846 307 2901 ergo
337 2830 441 2884 rite
472 2829 774 2900 completis,
802 2828 930 2883 dum
959 2829 1131 2884 sacris
1159 2844 1218 2884 se
1244 2829 1395 2884 exuit
1419 2827 1769 2896 indumentis,

176 2928 473 2977 accurrunt
505 2923 672 2991 ipsius
699 2922 799 2977 loci
833 2922 1184 2994 magistratus
1222 2922 1274 2977 iu
1301 2920 1613 2985 ecclesiam,
1640 2934 1770 2990 sup-

175 3013 262 3083 pli~
286 3013 391 3085 iter
440 3003 494 3067 et
532 3014 732 3084 obnixe
777 3014 990 3073 veniam
1034 3022 1298 3083 petentes,
1335 3012 1479 3081 quod
1511 3011 1776 3083 impedire

176 3119 302 3159 suos
333 3103 419 3158 vel
453 3106 768 3172 perturbare
792 3105 1284 3175 prmsnmpsissent.
1322 3102 1601 3174 Spondent
1636 3118 1772 3174 quo-

174 3210 280 3263 que
300 3196 592 3264 obsequia,
635 3194 680 3249 si
725 3195 1041 3264 dignaretur
1076 3204 1401 3265 pernoctare
1441 3194 1495 3249 in
1539 3193 1679 3250 loco.
1713 3192 1773 3250 Si

174 3297 353 3340 autem
385 3286 417 3340 d
429 3286 611 3340 exerit
653 3285 880 3347 ulterius
909 3286 1330 3356 procedendum,
1357 3286 1679 3341 conduttum
1707 3301 1775 3345 ex
1836 3334 1841 3339 .

173 3380 284 3435 suis
310 3381 378 3434 ad
405 3379 534 3434 luca
569 3394 740 3449 usque
774 3379 972 3434 tutiora
1000 3378 1339 3449 pollicentur.
1355 3379 1500 3447 Quos
1531 3378 1616 3435 ille
1644 3378 1778 3435 satis
1840 3416 1841 3419 η

173 3470 429 3525 hilariter
468 3470 751 3537 allocutus,
800 3479 856 3525 ut
887 3480 1008 3526 erat
1050 3470 1315 3540 spirituali
1348 3471 1686 3543 jucunditate
1713 3485 1779 3527 ac
1840 3528 1843 3533 ι

169 3564 374 3618 ctelesti
424 3563 675 3635 repletur
720 3564 991 3632 convivio,
1036 3565 1362 3621 conductum
1407 3564 1620 3645 illorum
1670 3578 1779 3620 nol
1842 3616 1845 3621 .

171 3671 478 3728 respuens,
510 3658 769 3714 continuo
792 3658 860 3714 ab
889 3657 969 3713 eis
994 3658 1242 3714 recessit.
1281 3657 1508 3727 Ipsaque
1537 3658 1623 3712 die
1652 3672 1777 3711 cum
1840 3694 1845 3697 -

167 3750 442 3805 universo
459 3748 721 3805 comitatu
749 3748 816 3804 ad
841 3749 1230 3804 monasterium
1250 3747 1438 3804 Sancti
1463 3747 1607 3802 Petri
1631 3746 1779 3817 (278)

176 3841 232 3895 in
260 3841 532 3897 sub.trl.io
558 3841 910 3897 constitutum
940 3838 1334 3896 Cenomanensi
1365 3839 1633 3910 pervenit.
1660 3904 1663 3909 ι

248 3932 521 4002 Sequenti
571 3930 824 4001 diluculo,
857 3933 983 3988 dum
1030 3930 1348 3988 matutinale
1392 3930 1505 3987 Deu
1551 3929 1785 3986 exsolvit

177 4023 439 4090 alliciunt,
463 4034 520 4081 et
544 4024 732 4096 longas
754 4040 904 4080 more
927 4024 1091 4080 solito
1113 4024 1327 4078 recitari
1352 4022 1481 4078 facit
1503 4021 1781 4088 lectiones,

179 4118 449 4172 tumultus
480 4116 673 4188 ingens
711 4133 739 4170 a
770 4116 1040 4172 moenibus
1069 4115 1307 4171 civitatis
1336 4114 1626 4185 increpuit.
1687 4112 1785 4168 Mi-

177 4208 306 4266 lites
337 4200 582 4280 namque
627 4225 750 4265 cum
795 4224 956 4264 manu
991 4217 1200 4264 armata
1233 4207 1423 4263 directi
1455 4222 1482 4262 a
1508 4206 1786 4261 comitissa

179 4298 484 4355 Britanniae
518 4298 689 4371 (279),
719 4308 775 4355 et
801 4297 920 4368 ejus
949 4298 1057 4354 lilio
1085 4297 1320 4353 Arthuro
1358 4295 1504 4367 (280)
1530 4293 1785 4350 insultum

180 4391 459 4458 fecerunt,
492 4401 551 4447 ut
577 4390 839 4449 Joannem
885 4391 1335 4462 praenominatum
1366 4398 1644 4458 caperent.
1681 4386 1793 4468 Quid

180 4498 344 4541 nocte
385 4485 615 4556 quidem
644 4485 731 4540 illa
783 4485 913 4541 illuc
957 4485 1272 4548 advenerat,
1304 4482 1398 4537 sed
1434 4482 1787 4552 prtesentiens

182 4575 416 4632 insidias
472 4573 578 4630 sibi
635 4583 889 4645 paratas,
941 4582 1069 4630 ante
1117 4573 1253 4628 lucis
1303 4582 1483 4627 ortum
1540 4570 1784 4626 clanculo

182 4666 379 4721 urbem
410 4666 809 4736 pt-rtransierat
845 4664 1016 4736 (281).
1049 4663 1173 4720 Hmc
1201 4673 1260 4717 ut
1301 4663 1534 4734 primum
1565 4659 1787 4731 agnovit

180 4756 454 4814 Girardus
493 4756 712 4826 quidam
761 4770 827 4812 ex
873 4756 1089 4812 clericis
1131 4753 1398 4826 episcopi,
1453 4750 1787 4807 turbulenter

254 4849 416 4915 (275)
455 4849 514 4903 Id
544 4858 647 4913 est,
681 4848 747 4904 ιθ
777 4847 1003 4915 Aprilis.

256 4911 413 4990 (276)
457 4911 722 4973 Nunc‘La
752 4911 972 4990 Fléche,
995 4917 1186 4990 Latine
1225 4915 1444 4990 Flexia,
1471 4911 1662 4990 civitas
1706 4923 1791 4965 est

184 4983 722 5065 cutin_ai-ce.__decc_.m
742 4988 854 5043 fere
886 4988 1209 5065 milliaribus
1239 4987 1450 5065 distans
1475 4983 1785 5065 .Qndegavo.

257 5055 415 5129 (2³77)
462 5059 611 5114 Alias
644 5058 1088 5113 anecestrensis
1124 5059 1239 5112 sive
1279 5055 1550 5129 Rolfettsis
1577 5055 1792 5129 episco-

185 5123 307 5198 pus.
339 5132 565 5205 De_qu_o
589 5132 640 5205 in
673 5129 872 5205 Annal.
903 5128 1149 5205 Wintou.
1176 5137 1415 5205 partu,
1453 5124 1661 5205 Anglia:
1687 5123 1790 5205 Sa-

187 5192 319 5260 crae.
434 5192 569 5263 502,
614 5202 685 5253 ita
713 5199 968 5253 scribitur
992 5200 1060 5254 ad
1095 5192 1189 5253 an.
1214 5198 1389 5253 “85:
1430 5215 1448 5247 ι
1485 5192 1796 5248 Gilt-bertus

187 5269 257 5316 de
297 5273 340 5316 Ω
370 5269 591 5316 :mwilla
634 5269 902 5316 Rttﬂansis
942 5270 1229 5316 eniscnmts
1270 5267 1444 5316 facltts
1496 5272 1598 5316 est.
1643 5282 1663 5314 ι
1709 5262 1795 5316 Et.

187 5269 257 5326 de
297 5267 591 5329 Glauwilla
634 5269 902 5325 Roﬂeusis
942 5270 1229 5342 episcopus
1270 5267 1444 5321 factus
1496 5272 1598 5319 est.
1643 5282 1663 5344 ξ
1709 5267 1795 5328 Et,

189 5354 322 5425 pag.
540 5360 558 5392 ι
582 5342 757 5425 ’Διηιὲ
786 5339 956 5425 1314,
983 5338 1214 5424 durante
1253 5332 1794 5425 adltuc_itlt’ertlic_to,

188 5405 330 5466 obiit
381 5411 667 5465 Gilhertus
720 5410 985 5466 Rollensis
1025 5411 1342 5481 episcopus,
1383 5408 1474 5477 qui
1524 5405 1594 5460 50
1638 5405 1795 5457 annis

190 5484 576 5552 episcopatum
596 5482 793 5552 tenuit.
842 5501 861 5534 ι
1123 5550 1135 5552 _
1330 5547 1375 5552 η
1584 5546 1595 5552 _
1774 5543 1795 5552 _

267 5543 426 5622 (278)
475 5552 549 5605 De
579 5550 816 5622 Cultura
839 5552 1039 5607 dictum
1062 5592 1077 5614 ,
1106 5550 1173 5605 de
1195 5565 1301 5622 quo
1329 5546 1666 5622 Mahillouins
1702 5553 1741 5622 t_.
1774 5543 1795 5599 l

193 5614 499 5691 Annal.'p.
538 5623 631 5675 19|
678 5637 693 5676 :
726 5640 743 5672 ι
778 5621 936 5682 Huic.
969 5621 1144 5692 inquit
1168 5614 1245 5692 de
1268 5614 1796 5692 Bertichratnuonlo-
1848 5640 1853 5645 -

196 5707 398 5759 (μινυς.
429 5684 695 5761 originem
724 5693 883 5747 debet
912 5684 1090 5746 nobile
1120 5690 1179 5746 S.
1208 5684 1373 5747 Petri.
1406 5689 1548 5761 quod
1577 5687 1642 5761 ile
1672 5686 1795 5761 Cul-

199 5757 324 5817 tura
366 5763 468 5817 Dei
514 5757 835 5831 appellatur,
874 5763 1270 5819 tnouaslcritttn‘
1319 5762 1370 5817 in
1409 5757 1665 5814 subuthin
1698 5758 1795 5811 Ce-

1869 1889 2001 1943 tissa
2033 1888 2101 1943 ad
2134 1888 2409 1945 civitatem
2437 1890 2607 1961 ipsam
2633 1892 2878 1961 sequenti
2909 1891 2998 1945 die
3040 1891 3358 1957 adveniens,
3392 1891 3462 1944 ad

1868 1978 2044 2049 ipsum
2104 1980 2298 2037 deduci
2352 1980 2502 2049 fecit,
2549 1982 2893 2038 orationibus
2950 1982 3065 2037 suis
3112 1982 3346 2052 seipsam
3408 1991 3467 2036 et

1871 2071 2042 2127 lilium
2087 2088 2246 2129 suum
2289 2074 2533 2129 studiose
2573 2073 2981 2131 commendans.
3034 2074 3316 2147 lpsegvero
3356 2072 3461 2145 5a-

1868 2163 2108 2237 giensem
2134 2165 2390 2220 tendebat
2410 2165 2477 2221 ad
2501 2165 2689 2221 urbem
2719 2164 2892 2236 (285).

1938 2252 2241 2324 Acceperat
2270 2269 2484 2324 quoque
2502 2253 2764 2310 relatione
2797 2252 3179 2324 plurimorum,
3205 2252 3471 2307 abbatem

1871 2342 2092 2413 optimis
2135 2358 2257 2399 esse
2294 2342 2438 2416 [εοιι.
2481 2344 2730 2399 abbatem
2767 2343 2832 2399 de
2870 2343 3093 2414 optimis
3133 2357 3281 2406 esse,
3325 2339 3469 2410 eux}

1872 2434 2067 2489 studiis
2111 2434 2457 2504 praedictum,
2501 2433 2791 2505 prohisque
2826 2434 3069 2488 moribus
3123 2431 3278 2487 valde
3332 2431 3466 2486 insi-

1872 2524 2099 2593 gnitum.
2133 2524 2372 2579 Audiens
2405 2506 2620 2594 quoque
2644 2523 2787 2579 illius
2812 2523 3116 2579 ccenobinm
3147 2537 3252 2577 non
3277 2522 3467 2593 procul

1873 2631 1905 2670 a
1946 2616 2055 2683 via,
2096 2631 2202 2688 qua
2251 2616 2532 2688 pergebat,
2586 2617 2962 2681 constitutum,
2995 2615 3323 2685 cupiensque
3361 2613 3471 2669 viri

1874 2706 1970 2762 Dei
2000 2708 2247 2763 notitiam
2291 2707 2391 2763 sibi
2421 2721 2759 2777 comparare,
2785 2715 2839 2762 et
2866 2708 2984 2776 ejus
3019 2706 3356 2762 orationibus
3380 2700 3478 2759 se-

1876 2798 2050 2869 ipsum
2081 2799 2486 2863 commendare,
2519 2812 2618 2852 nec
2648 2798 2907 2868 temporis
2935 2796 3306 2867 inquietudine
3325 2835 3341 2856 ,
3369 2808 3470 2850 nec

1876 2889 2091 2945 itineris
2135 2889 2504 2960 longitudine,
2537 2889 2710 2959 potuit
2749 2889 2989 2944 revocari
3035 2888 3164 2959 quin
3193 2887 3260 2942 ad
3294 2888 3475 2959 ipsum

1877 2978 2260 3049 inquirendum
2288 2978 2453 3034 alacri
2484 2979 2769 3034 devotione
2792 2987 3129 3051 properaret.
3155 2977 3259 3033 Per
3284 2977 3476 3033 devios

1879 3071 2062 3141 itaque
2108 3071 2330 3141 suisque
2369 3071 2623 3135 omnibus
2652 3069 2863 3140 ignotos
2891 3069 3073 3141 calles,
3109 3084 3234 3126 cum
3280 3068 3473 3140 paucis

1801 3158 1844 3216 C
1877 3179 2100 3222 suorum
2128 3163 2194 3219 ad
2220 3164 2308 3218 diu
2347 3161 2633 3234 quaesitura
2666 3161 2883 3216 demum
2917 3161 3162 3231 pervenit
3193 3168 3466 3215 monaste-

1879 3257 2054 3318 rium;
2092 3255 2307 3325 reliqui,
2341 3255 2704 3312 servientibus
2724 3264 2778 3311 et
2805 3254 2970 3311 sociis
2997 3252 3373 3309 rectoitinere
3400 3252 3474 3306 ad

1880 3350 2070 3423 urbem
2100 3344 2417 3416 pratmissis,
2442 3362 2545 3416 qua
2576 3354 2695 3400 erat
2720 3347 2833 3417 ipse
2856 3344 3146 3414 hospitium
3169 3343 3473 3413 subiturus.

1880 3421 2013 3493 Cizm
2054 3435 2392 3508 cognovisset
2419 3450 2547 3491 vero
2576 3436 2824 3492 abbatem
2857 3446 2980 3492 tunc
3005 3450 3128 3490 esse
3159 3435 3469 3497 absentem,

1882 3526 2157 3582 Celebrata
2187 3528 2352 3581 missa
2378 3525 2649 3592 discessit,
2675 3537 2846 3583 tutum
2879 3524 3127 3580 videlicet
3155 3526 3471 3594 expendens

1881 3618 2182 3675 devmionis
2209 3619 2310 3690 pia:
2335 3629 2668 3689 unguentum
2700 3619 2753 3673 in
2783 3616 3185 3688 ipsojnstorum
3216 3614 3395 3685 capite
3415 3624 3472 3669 et

1886 3717 2114 3771 Domino
2150 3726 2337 3771 nostro
2356 3714 2483 3771 Jcsu
2500 3715 2738 3780 Christo,
2765 3714 2908 3784 quod
2939 3711 3261 3784 participare
3283 3710 3474 3766 decre-

1885 3818 2039 3863 verat
2081 3824 2204 3864 cum
2250 3807 2473 3873 abbate,
2530 3807 2775 3863 membro
2812 3804 2981 3876 ipsius
3021 3812 3077 3859 et
3124 3817 3283 3859 servo
3330 3800 3476 3856 ﬁdeli

1887 3899 2179 3954 admodum
2207 3909 2262 3953 et
2292 3898 2546 3955 honesto.

1954 4010 2074 4066 Jam
2127 4027 2256 4068 vero
2287 4020 2409 4082 post
2452 4012 2597 4075 haec,
2636 4010 2782 4065 omni
2838 4008 3054 4065 sublato
3108 4005 3480 4075 cujuscunque

1888 4102 2224 4159 dillicultatis
2260 4101 2564 4167 obstaculo,
2616 4101 2873 4157 Ecclesia:
2917 4113 3032 4155 sua:
3076 4098 3283 4169 gremio
3326 4095 3476 4151 exci-

1889 4194 2061 4264 pitur,
2089 4207 2279 4263 pacem
2318 4199 2632 4261 exoptatam
2665 4189 2789 4245 ﬁliis
2820 4198 3125 4259 reportans,
3154 4185 3327 4253 multo
3351 4183 3474 4253 qni-

1887 4285 2010 4342 dem
2038 4284 2256 4352 sudore,
2289 4283 2382 4340 sed
2403 4293 2460 4340 et
2483 4281 2766 4353 multiplici
2795 4280 3001 4336 honore
3024 4287 3261 4349 partam,
3286 4284 3342 4330 et
3366 4283 3478 4330 toto

1890 4376 2059 4448 ipsius
2082 4376 2207 4431 vita:
2235 4375 2411 4447 spatio
2457 4376 2794 4430 duraturam.
2832 4370 3206 4429 Occurrebant
3235 4382 3368 4421 vero
3403 4365 3477 4420 illi

1894 4467 2133 4536 undique
2163 4467 2322 4521 modo
2352 4482 2417 4521 ex
2444 4466 2692 4532 civitate,
2720 4473 2775 4518 et
2806 4463 2858 4518 in
2899 4463 3143 4525 civitate,
3174 4467 3230 4513 et
3254 4458 3308 4512 in
3339 4458 3478 4510 dim-

1892 4558 2005 4613 cesi
2037 4573 2134 4612 sua
2166 4557 2337 4612 turba:
2357 4555 2653 4610 laetantium
2680 4563 2733 4608 et
2753 4550 3190 4622 applaudcntium
3215 4555 3480 4613 tanquam

1894 4651 2017 4709 duci
2048 4641 2249 4706 eximio
2293 4647 2600 4704 sublimiter
2650 4642 3026 4714 triumphanti.
3080 4638 3303 4696 Plurimi
3341 4652 3476 4705 qun-

1892 4760 1999 4817 que
2021 4744 2121 4798 viri
2148 4744 2201 4798 in
2229 4740 2625 4797 Northmannia
2650 4779 2666 4804 ,
2714 4754 2766 4793 ιιι
2806 4737 2997 4809 Angtta
3034 4748 3162 4791 vero
3188 4748 3253 4788 ex
3287 4745 3485 4801 populo

1840 4875 1843 4878 ν
1897 4834 2195 4893 uomanicae
2219 4831 2370 4887 urbis
2392 4830 2578 4886 situm.
2623 4849 2643 4882 ι

1969 4904 2120 4978 (279)
2159 4902 2477 4978 Constantia
2512 4896 2894 4978 n_o_rn_ine,._lil_i_a
2931 4891 3135 4978 cenaui
3175 4891 3329 4978 ducis
3362 4889 3478 4978 liri-

1902 4960 2118 5039 ιεηὶηιωζ
2150 4983 2205 5029 et
2233 4968 2655 5026 viduaGaul’ridi
2694 4960 2789 5039 filii
2835 4966 3050 5039 [Rurici
3083 4964 3158 5028 Il,
3196 4963 3337 5033 regis
3371 4960 3481 5015 An-

1899 5034 2193 5118 gliietquae
2223 5044 2478 5118 ducatum
2503 5034 3056 5118 Gatt'l'ritlgcgnntulit.
3168 5103 3231 5118 Μ
3328 5101 3340 5118 1
3392 5101 3424 5118 γ’

1971 5101 2122 5182 (286)
2155 5110 2490 5182 Constantia:
2517 5120 2574 5165 et
2602 5108 2847 5165 Gaul‘ridi
2873 5107 3002 5170 lilio,
3043 5101 3489 5161 tunc‘dnodecim

1899 5180 2165 5242 annorum
2203 5180 2564 5237 adolescente.

1971 5255 2120 5326 (281)
2158 5253 2750 5326 (ἶβιιοιιιειιιιξιιεεειῐι,λιιξ
2779 5247 3179 5326 Rothomagum
3228 5254 3483 5326 perreve-A

1902 5314 1986 5383 ral
2005 5345 2019 5393 ;
2054 5314 2144 5380 ubi
2183 5324 2449 5384 Joannes,
2476 5330 2630 5393 Ateste
2661 5317 2942 5393 Trivgtto,
2996 5314 3214 5393 triginta
3230 5314 3485 5393 "damn-in

1902 5379 2167 5452 alumnum
2192 5379 2448 5464 princeps
2475 5390 2540 5464 it_t_
2568 5399 2757 5464 octava
2787 5379 3009 5464 Pascha!
3028 5379 3485 5464 ,_.Ilie.15_Aprilis

1901 5450 2028 5523 anni
2062 5450 2217 5526 H99,
2243 5450 2470 5517 ducaius
2497 5458 2907 5515 Northmannici
2931 5455 3108 5527 gladio
3129 5453 3338 5508 cinctus
3358 5450 3484 5503 fuit.

1971 5537 2120 5601 (282)
2162 5535 2218 5590 S.
2243 5533 2388 5587 Petri
2414 5533 2481 5587 de
2504 5531 2724 5586 Cultura
2753 5529 2846 5601 Dei
2878 5528 3095 5601 ab‘hasL
3337 5589 3352 5601 .
3426 5536 3429 5541 ‘

1972 5589 2554 5678 tit—35')_Vu_lgn_§eea,_
2586 5603 2639 5655 in
2685 5599 2836 5678 cujus
2874 5594 3135 5678 suburbio
3178 5589 3485 5678 coenobium

1902 5661 2002 5733 sub
2036 5661 2189 5731 ιὶιίιΙιι
2234 5661 2296 5727 δῖ
2340 5661 2590 5735 Martini,
2627 5661 2779 5739 cujus
2820 5677 2875 5723 et
2914 5668 3115 5732 abbas,
3152 5674 3211 5719 ιιι
3250 5661 3485 5725 videtur,

1850 5770 1853 5775 ’
1902 5753 2190 5820 plurimum
2223 5745 2309 5800 hic
2336 5746 2744 5799 commendatur
2794 5812 2795 5815 η
