3976 6292
201 325 329 380 nm
396 302 398 304 ’

1537 325 1714 384 νιτΑ.
1761 355 1826 368 --
1856 325 1987 384 LIB.
2027 329 2086 385 νκ

3307 334 3454 390 ιιι-ιε

193 446 451 510 spectans.
492 431 688 488 Verum
721 433 836 498 haec
865 432 1165 491 innumeris
1193 437 1500 504 verborum,
1527 454 1626 496 uec
1653 455 1760 496 non
1791 449 1835 505 Α
1867 441 2146 514 parabilia.
2173 457 2301 512 erga
2343 440 2571 498 clericos
2617 453 2950 515 agnoverant
2987 449 3229 504 exerceri
3283 449 3447 505 bene.

193 539 246 588 et
271 539 540 600 gestorum
568 523 686 594 ejus
711 541 817 581 non
849 534 932 582 est
957 541 1178 582 necesse
1199 530 1366 582 astrui
1391 529 1760 596 documentis,

192 637 305 692 quae
341 616 596 675 scribenti
649 616 716 672 ad
761 632 983 697 manum
1025 619 1168 675 satis
1211 630 1597 688 occurrerent,
1636 637 1760 678 cum

177 711 308 786 talis
331 707 492 762 animi
538 705 610 760 sit
660 705 806 762 ineo
840 721 904 761 ea
953 705 1346 780 irrefragabilis
1393 712 1758 780 approbatio,

191 804 325 874 quod
354 803 420 857 ad
455 800 731 872 proprium
761 799 1065 856 scacarium
1099 801 1214 856 sive
1242 813 1554 872 computum
1582 803 1763 858 reddi-

193 905 333 947 tuu
359 890 443 944 vel
469 904 832 958 expensorum
873 905 1094 946 suarum
1122 907 1397 963 nunquam
1419 893 1682 962 residere,
1708 903 1764 950 et

193 997 460 1052 umquam
521 981 891 1052 hujuscemodi
945 982 1138 1038 domus
1185 984 1417 1053 propria:
1465 985 1762 1040 ratiociniis

177 1076 432 1148 dignatus
458 1074 531 1130 sit
559 1074 862 1130 intendere.
895 1074 1049 1142 Quod
1080 1090 1210 1132 vero
1240 1078 1549 1148 episcopum
1579 1077 1759 1132 domui

175 1183 295 1230 sua
328 1167 462 1222 bene
494 1181 614 1222 esse
639 1165 984 1236 propositum
1010 1176 1196 1224 monet
1221 1168 1514 1238 Apostolus
1541 1166 1594 1239 (1
1625 1167 1759 1221 Tim.

193 1277 286 1326 In,
317 1259 405 1326 4),
451 1259 522 1312 ita
566 1257 899 1328 implendum
930 1259 1193 1324 docebat,
1226 1270 1281 1314 et
1318 1259 1397 1314 ita
1420 1258 1676 1328 implebat
1705 1267 1759 1314 ut

191 1350 318 1404 viris
362 1348 463 1404 ﬁde
507 1357 560 1403 et
611 1347 943 1404 discretione
990 1349 1384 1422 Opinatissimis
1431 1363 1596 1419 opera
1647 1347 1762 1404 haec

133 1455 136 1458 ί
192 1445 601 1513 imponerentur,
647 1441 714 1494 de
742 1441 938 1512 quibus
985 1451 1242 1512 tanquam
1279 1441 1346 1497 de
1397 1440 1578 1511 seipso
1634 1455 1765 1496 con-

189 1535 401 1597 ﬁderet,
437 1532 563 1586 dum
609 1547 668 1586 se
698 1533 1250 1602 irreprclieusibiliter
1278 1531 1574 1598 haberent,
1603 1546 1762 1587 secus

189 1638 311 1677 vero
345 1631 566 1692 agentes
609 1622 772 1695 (quod
817 1623 1034 1693 quidem
1065 1622 1158 1678 diu
1203 1622 1374 1679 latere
1405 1639 1510 1677 non
1561 1625 1759 1696 potuit)

192 1712 238 1767 in
291 1711 588 1767 co:.tineuti
647 1722 942 1767 amoveret.
998 1711 1109 1768 Nec
1157 1712 1301 1768 enim
1362 1713 1576 1782 privato
1630 1728 1758 1783 erga

114 1792 122 1803 ’
189 1801 476 1871 quemlibet
501 1817 690 1856 eorum
711 1843 725 1866 ,
758 1803 954 1872 quibus
981 1802 1416 1872 dispen5ationes
1443 1817 1621 1858 rerum
1650 1816 1760 1858 cre-
1794 1785 1835 1840 Β

189 1890 421 1955 diderat,
461 1905 650 1946 amore
690 1892 1000 1958 tenebatur;
1044 1906 1180 1962 quos
1223 1892 1356 1948 ﬁdes
1391 1902 1448 1947 et
1498 1891 1760 1947 industria

189 1992 387 2053 poterat
420 1984 840 2051 commendare,
885 1986 1219 2053 assumebat,
1254 2001 1359 2040 non
1391 2000 1527 2055 quos
1558 1985 1762 2055 qumvis

189 2075 378 2129 arctior
401 2075 749 2130 necessitudo
769 2115 785 2141 ,
818 2085 875 2130 ut
903 2076 1118 2140 assolet,
1147 2085 1360 2147 poterat
1389 2076 1660 2132 animare.

768 2185 997 2244 CAPUT
1038 2187 1178 2244 XIX.

187 2279 412 2354 Qualiter
421 2299 558 2352 pace
578 2284 712 2354 inter
734 2300 878 2353 reges
901 2281 1147 2338 Francia:
1163 2295 1210 2338 et
1225 2283 1428 2354 Anglia:
1451 2284 1758 2354 reformata,

249 2352 329 2406 eui
358 2365 404 2406 et
431 2365 616 2408 noster
654 2352 809 2422 (lngo
840 2355 1112 2416 intererat,
1139 2373 1168 2408 a
1194 2352 1386 2424 rege—et
1403 2352 1765 2424 archiepisco-

249 2439 308 2491 po
336 2434 552 2493 accepta
577 2425 806 2481 licentia.
842 2433 896 2476 ut
931 2422 1268 2477 Cnrtltnsiani
1295 2422 1614 2487 declinaret,
1649 2422 1753 2478 Pa-

249 2495 400 2546 risim
446 2496 735 2555 veniendo,
785 2495 975 2547 ibidem
1015 2493 1278 2547 Ludovico
1339 2495 1473 2563 regis
1515 2493 1762 2548 Francia:

244 2564 381 2632 filio,
413 2573 460 2618 et
514 2565 741 2618 Arthuro
779 2563 1002 2618 Joannis
1052 2566 1223 2632 nepoti
1284 2563 1632 2618 saluberrima
1683 2573 1761 2618 est

245 2633 442 2688 locutus
465 2650 494 2688 :
527 2645 575 2688 et
605 2635 667 2686 de
692 2633 920 2704 quodam
950 2634 1047 2686 sibi
1071 2644 1372 2704 occurrente
1397 2643 1445 2686 et
1472 2633 1761 2704 absolutio-

248 2721 356 2758 nem
411 2713 656 2771 petente,
705 2703 854 2773 quem
893 2703 947 2756 in
993 2703 1192 2773 Anglia,
1225 2703 1760 2773 eacontmunirnrerat

243 2773 401 2828 multo
447 2772 1140 2843 tcmporetnnrelnpso.—
1169 2772 1236 2827 Et
1279 2773 1376 2826 Itoc
1397 2775 1656 2843 estcapit.
1696 2772 1763 2828 15

242 2845 296 2897 in
339 2845 467 2898 serie
513 2860 717 2913 magna:
762 2842 926 2914 Viue,
981 2843 1076 2898 sub
1123 2859 1226 2914 quo
1259 2845 1418 2898 etiam
1469 2842 1764 2899 continetur

241 2913 467 2985 capitula
483 2931 538 2967 ιιι
564 2913 882 2982 pra'cedens.

248 3007 468 3077 Expleta
505 3006 724 3076 quidem
750 3004 861 3076 jam
894 3019 1036 3059 anno
1085 3003 1232 3076 (286)
1263 3011 1386 3075 post
1430 3004 1574 3076 regis
1600 3003 1763 3059 Joan-

1843 537 2006 592 .licia.
2037 536 2254 591 Cunctis
2299 535 2482 604 itaque
2511 536 2817 592 advenienti
2869 536 2919 590 in
2967 541 3184 595 nomine
3232 540 3446 614 Domini

1862 625 2327 695 applandeutibus,
2363 625 2448 681 his
2480 626 2666 681 osculo
2703 635 2759 681 et
2798 627 3051 697 alquuio,
3087 629 3192 686 illis
3224 642 3454 701 aspectu

1863 717 1978 772 solo
2015 733 2136 774 cum
2181 720 2555 777 benedictione
2598 720 2746 777 illius
2787 721 3082 792 glorianter
3123 723 3454 792 pet-{ruenti-

1863 808 1985 873 bus,
2020 824 2050 863 a
2091 811 2364 867 nonnullis
2393 812 2460 866 ad
2503 812 2794 883 hospitium
2835 814 3221 884 urgentissime
3250 815 3453 870 invita-

1845 895 2041 974 batur.
2074 896 2179 952 Sed
2211 900 2337 955 dum
2373 901 2626 958 omnibus
2669 902 2722 958 in
2768 903 2872 960 hoc
2901 905 3155 960 satisfieri
3195 922 3300 960 non
3327 923 3454 976 pos-

1862 988 2086 1053 set,.uni
2115 997 2340 1053 tantum,
2375 992 2472 1062 «η
2493 992 2696 1062 pridem
2741 1009 2904 1064 prece
2931 995 3162 1056 sollie’ta
3203 997 3303 1051 hoc
3348 997 3453 1051 imr-

1863 1089 2079 1148 pctrare
2108 1089 2398 1152 satagcrat,
2433 1099 2551 1139 sese
2589 1084 2639 1138 in
2667 1084 2906 1154 hospitio.
2926 1102 3029 1140 non
3057 1088 3294 1158 negavit.
3322 1087 3449 1140 Erat

1865 1169 1952 1224 hic
1987 1170 2176 1239 ipsius,
2217 1181 2277 1226 ut
2305 1173 2584 1227 dicebatur
2606 1185 2888 1245 cognatus,
2917 1177 3134 1231 nomine
3167 1176 3446 1246 Raymnno

1863 1261 1994 1328 dus,
2041 1262 2123 1316 vir
2172 1263 2338 1318 multa
2385 1264 2672 1321 honestate
2714 1269 3068 1338 conspicuus,
3114 1269 3181 1322 ab
3227 1270 3345 1338 ipso
3391 1270 3451 1323 in

1864 1351 2182 1405 canonicum
2201 1350 2654 1420 Lincolniensem,
2672 1369 2734 1411 ac
2757 1357 2972 1412 demum
2997 1358 3050 1413 in
3070 1357 3450 1414 archilevitant.

1862 1441 2310 1512 Leycestrensem
2338 1451 2638 1512 promotus.

1935 1533 2296 1588 V-cniLautem
2325 1533 2376 1588 in
2403 1531 2692 1602 hospitium
2717 1533 2858 1589 illius
2881 1537 3112 1593 invisere
3133 1537 3455 1608 episcopum

1865 1625 2249 1680 illustrissimte
2299 1625 2494 1681 indolis
2543 1624 2877 1694 adolescens,
2926 1629 3068 1698 regis
3109 1630 3448 1684 Francorum

1864 1717 2004 1773 ﬁlius
2034 1729 2089 1773 et
2125 1719 2298 1772 haeres
2329 1717 2660 1783 Ludovicus,
2692 1718 2782 1787 qui
2830 1719 3076 1789 proxime
3113 1720 3262 1791 (291)
3294 1714 3450 1774 sum.-

1863 1818 2050 1879 pserat
2101 1809 2154 1863 in
2204 1807 2513 1879 conjugium
2568 1807 2862 1879 Anglorum
2921 1809 3063 1881 regis
3113 1819 3326 1879 neptem
3381 1826 3450 1864 es

1863 1914 2072 1964 sorore,
2107 1900 2488 1970 Hispaniarum
2523 1897 2774 1954 videlicet
2812 1899 3020 1970 regina,
3054 1899 3272 1953 nomine
3307 1898 3452 1954 Can-

1863 1993 2044 2048 didam
2069 1992 2241 2063 (292).
2275 1991 2432 2047 Venit
2456 1998 2635 2044 autem
2661 2005 2839 2045 secum
2867 2005 3033 2060 nepos
3057 1989 3250 2062 privati
3281 1990 3450 2058 regis,

1861 2084 2156 2151 Arthurus,
2185 2083 2410 2140 Galt‘ridi
2442 2084 2656 2139 comitis
2682 2083 2962 2137 Britonum
2991 2081 3262 2152 quondam
3283 2080 3463 2146 ﬁlius,

1865 2186 1990 2232 ttmc
2019 2192 2191 2232 annos
2213 2177 2432 2232 circiter
2456 2176 2868 2247 quatuordecim
2898 2185 3078 2229 natus.
3105 2173 3216 2228 Hos
3243 2172 3450 2244 pariter

1861 2270 2177 2341 complexus
2223 2266 2380 2338 ﬁngo
2427 2268 2545 2338 pius
2570 2267 2770 2338 cuique
2813 2265 3025 2320 illorum
3056 2279 3296 2335 congrua
3342 2260 3454 2317 sibi

1863 2360 2067 2416 tnonita
2113 2358 2471 2414 saluberrima
2502 2355 2732 2411 dulciter
2773 2353 3091 2410 instillabat.
3141 2349 3461 2405 Ludovicus

1861 2451 2012 2506 vultu
2059 2449 2304 2522 placido,
2337 2461 2459 2517 quae
2498 2446 2839 2509 dicebantur,
2891 2441 3048 2496 avide
3099 2439 3464 2502 intendebat,

1860 2545 2132 2600 Arthurus
2159 2541 2329 2613 (295),
2361 2546 2715 2608 aspernanter
2749 2537 2798 2591 id
2832 2533 3066 2590 maxime
3107 2531 3450 2595 admittebat,

1862 2635 2006 2707 quod
2036 2649 2162 2690 eum
2191 2632 2258 2688 de
2287 2631 2578 2687 dilectione
2610 2638 2665 2685 et
2703 2642 2838 2698 pace
2866 2627 2934 2683 ad
2977 2633 3231 2697 patruum
3269 2637 3461 2687 suum,

1861 2745 2046 2800 regem
2074 2727 2395 2799 Anglorum,
2426 2723 2674 2780 habenda
2712 2721 3059 2778 admonebat.
3101 2715 3311 2772 Interea
3348 2713 3451 2768 La.-

1861 2821 2086 2880 dovicus
2114 2818 2426 2892 pontiﬁcem
2471 2823 2616 2882 orat,
2663 2823 2722 2870 ut
2768 2828 2963 2870 novam
3007 2819 3252 2882 nuptam,
3284 2822 3459 2878 quam.

1861 2915 2113 2979 duxerat,
2161 2911 2395 2966 invisere
2433 2909 2772 2980 dignaretur.
2814 2907 2884 2960 At
2933 2904 3025 2960 ille
3072 2903 3302 2974 benigne
3345 2915 3456 2954 an-

1862 3019 2063 3071 nuens,
2105 3003 2219 3059 suis
2260 3001 2487 3072 pedibus
2529 2998 2598 3054 ad
2642 2998 2952 3071 proximum
2999 2993 3140 3066 regis
3191 2990 3448 3064 palatium
3520 3056 3523 3060 ι

188 3097 266 3153 nis
304 3095 712 3152 coronatiunem
743 3094 812 3149 ad
842 3093 985 3148 illius
1024 3093 1338 3163 petitionem
1389 3091 1761 3148 transfretavit
1787 3121 1834 3182 ε
1865 3097 1982 3162 ivit,
2022 3095 2277 3152 alllictam
2313 3107 2532 3166 quoque
2573 3108 2704 3150 casu
2739 3090 2944 3147 recenti
2987 3084 3452 3175 adolescentulam

189 3195 368 3244 iterum
393 3190 708 3260 episcopus,
737 3197 798 3241 ut
825 3187 1118 3242 interesset
1142 3185 1406 3256 colloquio
1438 3187 1606 3257 ipsius
1636 3200 1758 3241 cum

188 3297 305 3352 rege
343 3281 712 3346 Francorum,
753 3281 806 3335 in
839 3295 946 3350 quo
976 3279 1191 3334 demum
1223 3295 1325 3349 pax
1359 3277 1652 3333 reformata
1679 3286 1764 3334 est

189 3375 321 3429 inter
363 3390 476 3430 eos.
515 3372 818 3428 Videbatur
865 3369 966 3426 sibi
1017 3370 1166 3442 Hugo
1211 3380 1339 3426 tunc
1398 3383 1761 3442 opportunum

190 3465 446 3519 invenisse
482 3475 724 3534 tempus,
770 3471 830 3517 ut
862 3462 1081 3518 domum
1127 3463 1384 3518 Inviseret
1411 3461 1764 3518 Carthasien-

186 3571 312 3609 seut.
359 3555 606 3610 Licentia
654 3556 818 3626 igitur
860 3571 889 3607 a
925 3570 1052 3626 rege
1078 3561 1134 3609 et
1167 3553 1578 3624 archiepiscopo
1621 3553 1764 3625 apud

187 3657 416 3702 castrum
461 3650 532 3703 de
583 3647 773 3702 Andeli
824 3648 986 3718 petita
1018 3656 1072 3703 et
1101 3655 1322 3716 accepta
1353 3645 1534 3718 (287),
1576 3645 1764 3701 ultima

186 3737 268 3790 die
297 3738 497 3792 mensis
531 3735 653 3791 Maii
685 3736 870 3808 (288),
922 3752 1043 3806 qua:
1091 3735 1192 3790 fuit
1229 3735 1362 3789 furia
1393 3745 1586 3806 quarta
1630 3733 1764 3790 Pen-

189 3837 430 3897 tecostes,
459 3827 733 3900 proﬁcisci
764 3828 949 3898 cmpit.
982 3826 1222 3881 Parisius
1257 3841 1386 3882 vero
1423 3827 1627 3888 iturus,
1673 3826 1760 3880 di-

187 3921 340 3975 vertit
376 3921 444 3976 ad
488 3922 711 3977 beatum
754 3918 1068 3989 Dionysium
1120 3912 1293 3989 (289).
1341 3918 1532 3975 Vicum
1577 3925 1765 3972 autem

187 4014 501 4070 clericorum
555 4013 706 4068 illum
747 4027 1022 4083 egressus,
1069 4013 1366 4067 innumera:
1415 4012 1464 4067 ei
1505 4008 1772 4067 occurre-

185 4106 309 4160 bant
336 4116 552 4161 turture.
579 4105 906 4159 Catervatim
939 4119 1173 4174 namque
1201 4103 1429 4158 ruehant
1457 4104 1522 4158 de
1549 4104 1768 4159 civitate

188 4198 238 4252 in
266 4199 482 4253 obviam
513 4196 805 4264 universali
841 4216 860 4248 ι
892 4195 1200 4252 scholarum
1224 4195 1517 4250 consultori
1548 4195 1719 4267 (290),
1744 4216 1764 4248 ι

186 4303 242 4347 ιιι
265 4293 332 4349 de
359 4292 448 4347 illo
476 4291 700 4363 quidam
730 4288 1070 4345 versiﬁcator
1100 4289 1328 4360 insignis
1350 4289 1444 4343 ait.
1480 4288 1771 4346 Universa-

188 4401 300 4438 rnm
332 4400 468 4454 pene
505 4383 784 4438 nationum
816 4380 1127 4436 scholastici
1168 4394 1291 4434 eum
1331 4395 1514 4435 coram
1546 4395 1772 4436 cernere

1865 3190 2046 3247 verbis
2076 3187 2262 3258 paucis
2300 3188 2352 3242 in
2386 3194 2592 3241 tantum
2625 3183 2951 3240 exhilaravit
2985 3191 3044 3235 ut
3073 3171 3282 3244 statim,
3309 3189 3453 3230 moe-

1866 3265 1990 3338 rore
2030 3280 2351 3352 postposito,
2398 3293 2520 3348 qua:
2556 3276 2746 3331 diebus
2783 3275 2990 3345 aliquot
3023 3270 3268 3343 lugubris
3306 3269 3455 3324 ince-

1851 3357 2050 3440 debat,
2079 3374 2144 3429 de
2168 3381 2365 3428 cancro
2391 3381 2446 3425 et
2479 3369 2683 3424 vultum
2713 3377 2768 3424 et
2790 3367 3031 3422 animum
3056 3371 3270 3436 gereret
3293 3359 3454 3416 lauis-

1867 3481 2083 3522 suuum.

1939 3559 2069 3614 Post
2091 3558 2226 3621 haec,
2255 3570 2378 3611 cum
2406 3553 2730 3610 Trecensem
2757 3549 2871 3620 jam
2904 3549 3258 3622 przeteriisset
3285 3543 3456 3602 comi-

1869 3659 2062 3718 tatum,
2086 3650 2236 3704 venit
2255 3650 2322 3702 ad
2344 3662 2469 3702 eum
2493 3647 2574 3700 vir
2596 3646 2816 3716 quidam
2833 3644 2981 3715 (294)
3005 3657 3136 3699 voce
3159 3635 3471 3696 miserabilis

1869 3741 2300 3798 misericordiam
2332 3740 2476 3794 illitts
2507 3735 2826 3808 implorans.
2875 3735 3169 3790 Fatebatur
3198 3731 3340 3787 enim
3372 3743 3452 3792 se,

1869 3834 2043 3904 culpis
2085 3832 2200 3888 suis
2233 3830 2591 3902 exigentibus,
2626 3825 3205 3885 excounuuuicationis
3241 3831 3457 3877 senten-

1871 3925 2000 3981 tiatn
2036 3924 2105 3979 ab
2147 3925 2263 3994 ipso
2310 3922 2614 3992 excepisse,
2658 3920 2801 3975 unde
2847 3934 2970 3972 cum
3015 3925 3159 3972 metu
3198 3913 3456 3970 continuo

1873 4016 2048 4072 linalis
2075 4016 2328 4071 interitus
2357 4014 2566 4069 crebris
2595 4013 2800 4084 jugiter
2832 4010 3145 4066 infortuniis
3172 4007 3453 4079 agebatur.

1873 4106 2168 4162 Sententiae
2210 4121 2370 4162 causa
2406 4107 2507 4161 ista
2540 4103 2643 4160 luit
2680 4122 2694 4160 :
2739 4104 2941 4160 Fuerat
2971 4110 3156 4158 custos
3183 4097 3456 4170 quondam

1871 4201 2124 4256 villarum
2154 4199 2383 4256 comitis
2413 4198 2758 4271 Leycestrire,
2785 4212 2892 4267 quo
2938 4205 3179 4263 tempore
3222 4189 3308 4244 fur
3343 4188 3459 4258 qni-

1874 4295 1996 4348 dam
2029 4293 2081 4348 in
2111 4292 2401 4349 ecclesiam
2432 4291 2680 4362 confugit
2700 4289 2865 4363 villae,
2904 4304 3025 4358 qua:
3050 4294 3274 4341 vocatur
3301 4282 3461 4336 Brac-

1873 4387 2066 4453 kcleia,
2107 4384 2264 4454 cujus
2320 4384 2437 4455 ipse
2475 4383 2687 4438 villicus
2737 4380 2856 4437 fuit.
2906 4381 3002 4436 Est
3037 4387 3216 4434 autem
3262 4373 3460 4427 fundus

185 4478 495 4546 cupiebant,
519 4489 618 4546 per
641 4488 802 4544 quem
825 4481 948 4543 post
976 4482 1224 4528 sanctum
1253 4470 1532 4528 Nicolaum
1563 4473 1774 4529 incom-
1804 4463 1852 4519 Ῐ)
1877 4479 1990 4548 ipse
2020 4478 2071 4532 in
2101 4478 2415 4548 episcopatu
2460 4474 2852 4531 Lincolniensi.
2899 4471 3161 4527 Dominus
3187 4466 3338 4522 fundi
3370 4480 3460 4540 an-

255 4611 401 4682 (286)
442 4607 1110 4682 Ecclesiasticolorsitan,
1150 4623 1256 4662 non
1280 4607 1548 4682 naturali.
1583 4608 1640 4663 ln
1687 4623 1774 4664 re-

185 4678 302 4752 gem
359 4678 508 4736 enim
567 4679 800 4752 Joannes
846 4679 1088 4752 Londini
1129 4687 1423 4752 coronatus
1477 4678 1578 4752 fuit
1627 4694 1774 4752 anno

190 4748 344 4831 1199,
374 4753 426 4831 in
451 4752 540 4831 die
565 4749 916 4831 ascensionis
939 4749 1173 4831 Domini,
1203 4763 1324 4831 quin
1343 4758 1463 4831 erat
1483 4749 1578 4831 _2‘l
1596 4828 1605 4831 _
1625 4748 1772 4831 Maii,

188 4823 267 4876 vel
299 4823 349 4877 in
384 4821 666 4876 Dominica
696 4819 835 4875 infra
866 4828 1086 4874 octavas
1109 4818 1238 4874 dicti
1265 4819 1411 4880 festi,
1445 4818 1496 4873 id
1528 4828 1633 4883 est,
1682 4819 1772 4885 50,

187 4893 312 4946 dicti
341 4893 566 4946 mensis.
614 4891 676 4946 Et
705 4909 726 4944 ι
760 4903 900 4944 anno
926 4887 1098 4957 1200,
1144 4889 1226 4944 ιιιί
1261 4888 1452 4944 scribit
1478 4889 1774 4959 Triveltns,

190 4963 242 5016 in
269 4963 603 5017 Ascensione
635 4961 844 5017 Domini
870 5001 886 5025 ,
909 4975 1031 5030 qua
1071 4960 1390 5030 occurrebat
1413 4959 1502 5015 die
1531 4959 1597 5014 l8
1627 4958 1775 5024 Maii,

190 5032 330 5086 inter
355 5033 662 5088 Vernonem
699 5042 750 5086 et
782 5029 1012 5086 insulam
1048 5029 1323 5084 Andeliaci
1362 5031 1412 5084 in
1459 5030 1772 5097 subscripta

189 5102 361 5172 forma
394 5119 502 5172 pax
540 5111 596 5156 et
619 5102 906 5172 cencordj‘a
940 5102 1082 5155 inter
1125 5110 1412 5172 utrumque
1459 5114 1640 5171 regem
1655 5115 1780 5172 __re-

189 5168 478 5227 formatur.
525 5190 543 5224 ι
582 5172 656 5226 Ita
687 5173 794 5226 ille.
843 5169 1042 5227 Verum
1075 5185 1260 5240 pacem
1307 5168 1609 5240 factam'x-t
1654 5168 1776 5223 Kal.

187 5243 332 5299 Junii
363 5243 481 5298 sive
508 5241 578 5297 22
612 5241 758 5309 Maii,
781 5258 866 5298 ex
909 5239 1140 5313 Rogerio
1175 5239 1337 5297 refert
1379 5239 1687 5312 Raynaldus
1724 5240 1778 5295 in

187 5313 409 5366 Annal..
447 5327 574 5366 nan.
601 5312 692 5366 47.

187 5315 409 5375 Annal.,
447 5327 574 5375 pag.
601 5315 692 5366 47.

261 5328 409 5375 man,
447 5328 574 5383 pag.
601 5328 692 5366 ιιι.

261 5383 412 5454 (287)
464 5385 622 5439 Circa
679 5384 804 5446 hoc,
853 5382 930 5454 uti
972 5396 1038 5437 ex
1076 5381 1317 5454 Trivetto
1355 5380 1608 5454 vidimus.
1649 5395 1777 5454 pax,

192 5455 276 5524 cui
311 5451 466 5524 Ilttgo
505 5465 692 5509 uoster
716 5453 980 5524 interfuit,
1024 5452 1245 5515 coaluit,
1285 5462 1340 5508 et
1371 5451 1780 5524 Hugoobtinnit

194 5521 516 5578 facultaicm
559 5525 790 5578 adeundi
813 5523 1156 5577 Cartlinsiam
1195 5531 1249 5577 et
1299 5521 1500 5578 cwtera
1531 5523 1668 5591 loca,
1711 5522 1779 5577 de

193 5595 389 5662 onihus
419 5598 478 5647 lit
509 5599 713 5649 utentia
744 5595 794 5647 in
823 5594 1194 5662 sequentibus.

267 5657 416 5734 (288)
447 5662 802 5720 Pentecostes
826 5679 892 5718 eo
905 5657 1061 5716 'anuo
1081 5663 1342 5734 inciderat
1371 5664 1425 5720 in
1453 5663 1522 5720 28
1553 5662 1698 5731 Maii,
1723 5673 1778 5719 et

195 5731 348 5789 Furia
384 5731 580 5804 quarta
612 5736 662 5790 in
696 5735 753 5788 5|
789 5733 1026 5806 ejusdem
1061 5733 1282 5790 mensis.

1947 4607 2096 4671 (289)
2151 4608 2225 4663 De
2264 4607 2624 4664 celeberrimo
2679 4606 2782 4660 hoc
2832 4601 3164 4659 monasterio
3215 4599 3335 4671 0rd.
3396 4597 3458 4653 S.

1875 4669 2151 4802 gignant
2169 4679 2486 4735 consulatur
2508 4675 2866 4743 Mabillonius,
2887 4684 3018 4728 tom.
3043 4671 3064 4726 ι
3089 4669 3308 4734 Annal.,
3335 4684 3458 4738 pag.

2007 4761 2038 4800 e
2099 4762 2215 4802 seu.

2007 4757 2061 4800 et
2099 4762 2215 4802 seu.

2287 4818 2359 4875 28
2384 4819 2596 4889 integer
2619 4815 2768 4872 cerni
2810 4813 3010 4886 poterit
3041 4825 3257 4876 versus,
3307 4807 3462 4878 cujus

1880 4888 2254 4962 hicparsuna
2278 4888 2520 4962 ponitur.
2606 4958 2639 4962 __
2681 4957 2696 4962 _
3030 4950 3052 4962 ,
3119 4958 3129 4962 _
3199 4949 3211 4962 .

1973 4950 2122 5029 (291)
2164 4950 2430 5029 Posiridie
2451 4957 2569 5027 ejus
2591 4957 2722 5029 diei,
2754 4967 2996 5029 qua‘pax
3027 4950 3171 5029 facta
3199 4950 3345 5004 inter
3374 4963 3461 5002 re-

1879 5022 2113 5101 ges,_uti
2139 5028 2308 5101 _r_el‘ert
2340 5022 2651 5101 Raynaldus
2680 5022 2813 5101 Nota
2845 5022 2996 5101 (286)
3022 5022 3244 5101 citatus:

1958 5089 2106 5167 (292)
2139 5097 2288 5152 lianc
2314 5099 2404 5154 alii
2423 5089 2712 5160 'Blancam,
2743 5089 3076 5167 ﬁlanchiam,
3106 5100 3162 5167 et
3197 5089 3460 5167 Blandum

1881 5159 2099 5222 vocant;
2129 5167 2262 5237 Filia
2306 5168 2405 5223 fuit
2449 5159 2868 5237 Alphousi_Vll_l_
2911 5163 3056 5237 regis
3107 5159 3367 5216 Castella:
3393 5173 3460 5237 ex

1887 5239 2172 5306 Eleonora,
2201 5236 2415 5292 Henrici
2452 5238 2492 5293 ll
2519 5227 2677 5307 'regis
2715 5234 2920 5304 Anglia:
2964 5227 3073 5288 lilia
3115 5242 3172 5286 et
3202 5239 3376 5284 mater
3401 5227 3457 5278 S.

1882 5309 2315 5379 Ludovici‘regis
2341 5308 2603 5364 Franciaz.
2749 5375 2761 5379 Α
2879 5374 2892 5379 Α
2996 5372 3008 5379 _
3074 5314 3076 5316 '

1952 5378 2102 5451 (295)
2139 5370 2269 5433 Jurc
2306 5380 2449 5434 enim
2477 5387 2704 5449 paterno
2742 5375 2832 5448 jus
2878 5374 2932 5430 in
2981 5370 3187 5442 Angliae
3233 5379 3460 5438 regnum

1952 5449 2269 5502 intendebat.
3417 5462 3423 5469 '

1922 5457 2269 5504 raatenilehat.
3110 5511 3123 5515 _
3166 5508 3198 5515 __
3273 5510 3275 5512 .
3417 5462 3423 5469 ”
3444 5503 3457 5515 .

1882 5465 2269 5520 praetendebat.
3184 5508 3198 5520 .
3273 5510 3275 5512 η
3417 5465 3457 5515 .-

1953 5517 2102 5587 (294)
2144 5517 2366 5574 Roberti
2411 5519 2626 5575 comitis
2672 5516 2994 5587 Lcycestriaa
3044 5509 3338 5587 s_uhtlitus,_
3365 5518 3462 5574 qut

1879 5580 2010 5644 olim
2050 5580 2366 5658 deliquerat,
2403 5607 2545 5646 nunc
2579 5580 2978 5660 penitentiam,
3029 5580 3157 5636 olim
3198 5583 3466 5649 spretam»

1882 5661 2026 5716 ultro
2070 5659 2296 5732 suscipit
