3962 6408
574 340 739 425 ~1079

594 495 704 543 tem
740 480 1044 555 prrecipuus
1081 481 1302 538 habitus
1331 478 1445 541 fuit,
1468 478 1521 533 in
1549 477 1758 534 bellicis
1796 478 1997 544 rebus;
2027 475 2169 531 linea

589 592 723 635 vero
751 574 1036 646 sanguinis
1065 572 1314 646 generosi
1345 570 1645 643 potioribus
1678 571 1825 643 regni
1856 567 2175 641 proceribus

583 668 934 742 iungebatur.
967 667 1107 723 llinc
1134 665 1278 736 regis
1305 664 1490 720 favore
1515 662 1827 726 comitatus,
1856 674 1962 717 non
1995 660 2174 716 minus

589 763 703 817 suis
734 775 895 831 quam
948 758 1049 814 sibi
1085 754 1339 812 nonnulla
1371 762 1572 826 prater
1597 753 1687 823 jus
1718 751 2013 822 usurpandi
2045 750 2172 806 [ldu-

587 852 729 906 ciam
752 849 1079 906 vindicabat.
1101 845 1369 903 OlIiciales
1391 847 1572 915 itaque
1595 844 1738 900 illius
1757 852 1945 925 contra
1969 841 2172 897 monita

589 940 887 1010 Scriptum:
941 939 1170 996 dicentis
1217 955 1232 992 :
1295 956 1314 989 ι
1373 935 1493 992 Noli
1547 951 1668 993 esse
1719 934 2172 1014 nimiumjustus

587 1030 787 1101 (Eccle.
819 1045 918 1095 vn,
947 1029 1058 1097 i7),
1094 1048 1113 1081 ι
1149 1028 1201 1082 in
1234 1026 1533 1093 hominem,
1564 1034 1893 1097 qumrentem
1919 1023 2173 1080 Ecclesia:

586 1120 1036 1183 misericordiam,
1080 1133 1277 1174 saevam
1316 1128 1635 1174 exercentes
1672 1117 1965 1191 justitiam,
1997 1115 2170 1187 ipsum

586 1210 653 1263 de
692 1208 893 1264 Christi
934 1208 1082 1280 asylo
1126 1209 1451 1280 productum
1491 1209 1638 1273 dolo,
1679 1217 2028 1277 peremerunt
2054 1223 2172 1264 sus-

572 1285 804 1368 pendio.
844 1300 996 1356 Tunc
1039 1315 1167 1356 vero
1212 1302 1496 1372 episc0pus
1530 1302 1581 1356 in
1627 1302 2008 1356 transmarinis
2045 1316 2171 1373 age—

585 1388 698 1443 bat.
723 1388 875 1446 Unde
899 1405 1171 1454 reversus,
1192 1402 1266 1456 et,
1291 1393 1433 1460 quod
1458 1390 1657 1446 factum
1679 1400 1818 1456 erat,
1845 1407 2169 1463 agnoscens,

585 1480 909 1534 sententiam
931 1481 1236 1552 generalem
1265 1481 1318 1535 in
1346 1491 1595 1540 auctores
1620 1491 1674 1537 et
1695 1481 1987 1551 complices
2010 1483 2035 1538 l‘
2051 1480 2170 1552 eius

584 1569 858 1626 ntalefacti
913 1572 1297 1644 promulgavit.
1358 1571 1602 1642 Reliquis
1658 1589 1806 1640 vero,
1858 1574 1952 1647 qui
2007 1590 2171 1645 super

585 1660 891 1729 huiusmodi
918 1664 1200 1733 sacrilegio
1221 1664 1580 1719 cauteriatam
1605 1664 1864 1731 gerebant
1886 1665 2170 1721 conscien-

587 1752 717 1806 tiam
745 1754 1132 1809 ecclesiasticze
1166 1756 1443 1810 humiliter
1470 1771 1526 1810 se
1558 1754 1977 1825 subiicientibus
2005 1756 2166 1812 disci-

584 1843 765 1913 plinre,
815 1845 902 1901 hic
946 1846 1333 1903 satisfactionis
1381 1847 1681 1903 abhorrens
1727 1848 2120 1904 districtionem
2149 1890 2164 1915 ,

584 1932 897 2002 relinquens
924 1932 1195 2004 Angliam,
1226 1936 1292 1989 as'
1334 1935 1613 1992 dominum
1664 1953 1821 1993 suum
1849 1937 2169 2010 confugerat

583 2024 637 2080 itt
695 2025 1032 2102 Ncustriam.
1084 2027 1359 2098 Siquidem
1412 2030 1673 2101 compulsi
1729 2040 1885 2085 erant
1940 2030 2015 2085 illi
2074 2033 2165 2101 qui

581 2132 769 2174 necem
834 2119 1127 2176 intulerant
1183 2119 1441 2193 fugitivo,
1501 2138 1604 2178 nec
1664 2139 1769 2179 non
1830 2134 1885 2180 et
1943 2126 2015 2180 illi
2072 2127 2163 2196 qui

579 2210 887 2279 proditione
935 2211 1085 2267 illunt
1137 2213 1202 2267 de
1254 2214 1421 2284 septis
1470 2215 1716 2269 ecclesiae
1762 2224 2163 2285 protraxeraut,

579 2303 850 2367 omnibus,
889 2305 1131 2375 exceptis
1171 2303 1540 2368 femoralibus,
1585 2306 1823 2362 vestibus
1867 2308 2015 2366 nudi.
2051 2305 2162 2375 jam

579 2392 941 2460 putrefactum
991 2395 1223 2450 cadaver
1270 2396 1503 2451 hominis
1549 2397 1803 2462 ell‘odere,
1857 2398 2165 2473 fet-atroque

579 2482 890 2548 impositura
937 2500 966 2537 a
1008 2487 1276 2555 snspendii
1326 2486 1463 2550 loco,
1502 2489 1744 2546 humeris
1788 2494 1860 2548 ita
1898 2495 2074 2561 nudis,
2110 2495 2162 2549 in

577 2572 760 2627 villam
806 2568 905 2644 per
947 2576 1106 2630 unius
1145 2575 1256 2631 fere
1299 2568 1536 2633 milliarii
1581 2582 1814 2649 spatium
1858 2593 2159 2653 reportare.

575 2665 657 2719 Ad
684 2660 925 2721 omnium
954 2682 1170 2740 quoque
1196 2670 1378 2725 limina
1406 2671 1762 2728 ecclesiarum
1802 2675 1971 2746 ipsius
2000 2677 2100 2731 vici
2130 2692 2160 2731 a

559 2759 788 2829 cunctis
822 2759 964 2815 illius
994 2762 1209 2834 capituli
1239 2765 1570 2837 presbyteris
1603 2766 1893 2832 verberati,
1924 2769 2161 2826 circum-

574 2849 771 2916 portati
814 2853 1058 2920 corporis
1095 2854 1358 2920 membra,
1397 2853 1512 2922 jmt
1556 2857 1838 2926 putredine
1871 2859 2157 2927 labefacta,

572 2941 809 3010 propriis
854 2944 1119 3008 manibus,
1164 2957 1242 3011 et,
1272 2957 1330 3001 ut
1371 2947 1576 3004 dictum
1619 2959 1725 3014 est,
1755 2951 1912 3008 nudis
1942 2966 2160 3022 semper

572 3032 890 3101 corporibus
941 3034 993 3088 in
1040 3038 1415 3092 cminetct-iunt
1467 3038 1731 3103 basilicae,
1785 3044 1928 3096 unde
1976 3042 2156 3098 vivum

573 3119 893 3184 eduxeram,
944 3125 1174 3193 sepelire
1224 3136 1351 3181 sunt
1399 3129 1593 3184 coacti.
1653 3127 1782 3185 Post
1835 3131 1950 3186 haec
1998 3133 2157 3188 nudis

571 3212 799 3281 pedibus
821 3212 1154 3271 Lincolniam
1178 3218 1349 3282 adire,
1371 3235 1436 3274 ac
1458 3235 1568 3289 prae
1591 3219 1795 3277 foribus
1817 3223 2151 3294 singularum

574 3307 736 3357 tanta:
758 3303 994 3360 civitatis
1023 3307 1373 3363 ecclesiarum
1410 3308 1576 3365 latera
1605 3311 1830 3382 ﬂagellis
1859 3327 2152 3383 exponere,

570 3403 628 3450 et
657 3396 741 3451 his
769 3397 988 3463 similia,
1020 3399 1235 3455 hiemali
1274 3404 1576 3471 przrsertiut
1616 3416 1878 3476 tempore,
1908 3407 1974 3462 ad
2018 3408 2152 3464 tole-

569 3490 801 3545 randum
830 3491 964 3547 satis
993 3508 1180 3562 aspera
1201 3494 1339 3562 jussi
1368 3507 1489 3552 sunt
1522 3498 1781 3567 perferre.

647 3602 770 3658 Ila-c
807 3603 924 3664 iste,
956 3603 1021 3659 de
1051 3621 1158 3675 quo
1198 3607 1399 3677 agitur,
1437 3625 1557 3663 cum
1590 3624 1726 3665 unus
1753 3622 1898 3666 esset
1927 3628 1993 3667 ex
2023 3613 2151 3677 illis,

568 3695 712 3750 fsrrc
760 3698 1209 3766 ttou,sustiueus,
1253 3698 1502 3769 Angliam
1555 3700 1744 3755 maluit
1794 3702 1944 3758 exire
1987 3720 2150 3773 quam

567 3787 759 3858 Anglis
812 3804 877 3843 ex
929 3790 1194 3860 condigna
1227 3792 1545 3862 pwniteotia
1586 3793 1838 3866 gaudium
1871 3795 2149 3852 exhibere.

566 3879 835 3935 Caeterum
866 3881 1047 3953 (sicut)
1083 3882 1238 3953 juxta
1278 3888 1603 3940 sententiam
1636 3886 1776 3941 beati
1804 3885 1905 3942 Job
1935 3905 1949 3942 :
1989 3908 2006 3938 ι
2049 3889 2149 3955 Qui

566 3969 722 4023 timet
749 3971 1020 4039 pruinam,
1052 3971 1224 4028 irruet
1248 3988 1410 4043 super
1429 3990 1550 4031 cum
1587 3975 1673 4030 nix
1709 3976 1852 4046 (Job.
1880 3994 1953 4041 vt,
1988 3978 2095 4046 l6),
2128 3998 2146 4031 ›

565 4066 620 4113 et
650 4074 792 4129 saepe
830 4063 1166 4132 periclitatur
1206 4063 1415 4130 morbo,
1459 4067 1548 4136 qui
1581 4084 1686 4121 non
1728 4069 1931 4137 patitur
1960 4085 2151 4139 aspere

569 4149 790 4204 tractari
816 4166 844 4204 a
875 4153 1105 4217 medico,
1136 4154 1260 4210 huic
1290 4171 1395 4210 non
1427 4156 1761 4213 dissimiliter
1781 4175 1843 4213 ex
1870 4175 1968 4213 suo
1987 4160 2152 4215 cessit

566 4240 815 4295 consilio.
860 4243 960 4309 Qui
1002 4245 1145 4298 enim
1192 4255 1375 4300 reatus
1414 4249 1494 4301 sui
1541 4250 1712 4303 noluit
1752 4252 2146 4306 eorrectionem

565 4332 860 4399 sustinere,
895 4334 1022 4389 dum
1051 4337 1226 4391 adhuc
1252 4346 1426 4393 status
1462 4341 1540 4393 sui
1582 4341 1945 4411 integritatem
1977 4345 2150 4412 potuit

562 4427 821 4490 retinere,
857 4429 1231 4493 ingruentibus
1259 4430 1385 4484 hinc
1427 4433 1551 4487 lude
1575 4448 1738 4504 super
1759 4450 1880 4489 eum
1910 4432 2147 4490 adversi-

562 4526 736 4572 tatum
761 4519 1032 4588 procellis,
1049 4535 1114 4575 eo
1138 4536 1306 4591 usque
1328 4522 1537 4579 damnis
1558 4523 1784 4580 aﬂ‘ertus
1803 4536 1885 4581 est
1906 4536 1961 4582 et
1983 4528 2149 4586 variis

559 4610 940 4685 incommodis,
971 4618 1050 4677 ut,
1095 4610 1234 4667 sicut
1270 4613 1566 4678 asserebat,
1603 4614 1823 4670 taederet
1858 4631 1982 4670 eum
2024 4619 2147 4673 vita:

560 4719 691 4759 suat.
723 4702 933 4758 Domini
962 4719 1178 4775 quoque
1203 4706 1305 4771 sui,
1337 4706 1420 4761 cui
1450 4719 1709 4777 pnes-tare
1736 4711 2056 4777 obsequium
2087 4726 2147 4768 se

560 4796 855 4850 arbitratus
892 4805 997 4862 est,
1039 4798 1167 4851 dum
1212 4807 1403 4853 contra
1435 4799 1748 4869 episcopum
1798 4801 2146 4859 recaleitrare

561 4892 712 4944 nisus
754 4903 857 4951 est.
905 4893 1039 4946 adeo
1081 4894 1311 4962 gratiam
1349 4892 1451 4947 sibi
1495 4902 1745 4948 senserat
1776 4910 1841 4949 ex
1882 4895 1986 4951 hoc
2026 4897 2145 4965 ipso

563 4981 854 5047 sublatam,
893 4994 946 5038 nt
981 5000 1102 5040 eum
1140 4985 1190 5039 in
1229 5000 1328 5041 suo
1363 4998 1461 5040 nec
1486 4985 1748 5057 obsequio
1776 4987 1977 5043 sineret
2017 5003 2142 5058 per-

560 5087 802 5136 manere,
853 5090 954 5131 nec
1003 5076 1054 5131 in
1102 5094 1200 5131 suo
1248 5088 1469 5148 aspectu
1524 5078 1755 5134 libenter
1804 5096 1926 5134 eum
1982 5079 2144 5134 vellet

629 5270 779 5350 (Q95)
811 5272 1403 5350 Omittit_abbreviator
1432 5280 1701 5348 quaedam,
1747 5296 1866 5350 ane
1915 5270 2144 5336 siaddi-

552 5344 905 5420 dissetJahor
921 5361 1024 5420 tto_tt
1042 5346 1228 5420 [uisset
1243 5344 1492 5403 inanisob
1505 5344 2142 5420 alittiqttila'tetnmtaximc

556 5417 602 5472 si
631 5415 754 5470 talia
772 5414 947 5470 forent
970 5415 1390 5474 Bollandianisin
1408 5420 1524 5473 Vita
1542 5419 1598 5474 S.
1616 5414 2138 5486 Antoniiincognita.

528 5487 778 5561 ’,(1296)
824 5506 843 5538 ι
874 5486 1003 5561 Hinc
1026 5496 1110 5545 est
1134 5487 1192 5543 S.
1222 5490 1437 5561 Antonii
1462 5491 1689 5561 ecclesia
1713 5493 1778 5546 de
1802 5501 1943 5545 tuota
1977 5506 2140 5561 prope

553 5554 819 5612 Viennam
872 5558 1055 5613 (verba
1087 5570 1208 5615 sunt
1244 5558 1528 5612 Mabillonii
1564 5568 1690 5614 tom.
1742 5562 1784 5616 V
1816 5554 2007 5617 Annal.
2040 5554 2139 5616 Be-

553 5628 677 5679 neal.
712 5645 764 5695 p.
805 5627 932 5699 569)
980 5627 1046 5682 ad
1095 5645 1255 5699 quam
1288 5630 1465 5698 magni
1509 5629 1651 5683 illius
1683 5632 1739 5684 ὃ.
1770 5633 1985 5688 Antonii
2015 5648 2139 5687 cor-

552 5710 678 5765 pus.
720 5697 920 5751 srerulo
962 5714 1040 5761 xt,
1092 5697 1412 5754 translatum
1481 5701 1719 5765 tradunt,
1751 5702 1839 5754 ubi
1894 5712 2071 5757 erecta
2111 5717 2139 5757 a

553 5763 758 5823 Montis
792 5766 1008 5840 Maioris
1042 5772 1318 5827 monachis
1360 5770 1491 5827 cella
1529 5786 1651 5826 cum
1683 5763 1936 5842 adjuncto
1961 5772 2149 5831 Xenc-.

1485 363 1542 421 s.
1588 361 1890 422 uueoms
1927 360 2141 419 EPISC.
2179 331 2505 419 umecta.
2534 356 2694 415 ora).
2722 352 2978 410 CARTll.

2199 465 2250 538 λ
2279 466 2565 543 apparere.
2599 470 2701 538 Qui
2734 472 2984 525 reversus
3013 467 3227 521 laudent
3260 465 3313 520 in
3342 481 3419 533 se,
3443 482 3579 538 quem
3601 477 3743 532 censuit

2274 563 2584 636 fugiendum
2613 604 2628 629 ,
2682 559 2799 631 jam
2859 559 3131 615 medicum
3188 557 3410 613 credidit
3458 565 3741 631 expetendum.

2272 655 2445 724 Quem
2471 653 2652 724 getiam
2695 651 2924 707 anhelus
2972 660 3029 707 et
3075 651 3267 709 anxius
3299 653 3497 707 demum
3539 654 3744 723 ioveait,a

2260 760 2380 819 quo
2429 755 2485 803 et
2525 745 2795 802 medelam
2845 745 2900 799 in
2950 743 3178 799 remotis
3217 745 3387 816 posito
3430 745 3510 799 vix
3554 751 3745 817 percepit,

2271 854 2434 910 quam
2462 839 2515 894 in
2543 839 2727 895 vicino
2755 846 2951 907 sponte
2976 835 3215 892 oblatam
3247 837 3474 906 recipere
3493 842 3745 909 contempsit.

2272 928 2689 1001 Subiitquejam
2720 927 3183 998 laatus'septenttis
3204 927 3462 982 sarcinam
3487 928 3747 996 prauitatis,

2270 1020 2361 1093 qui
2393 1020 2693 1076 breviorem
2724 1015 3021 1089 adimplere
3048 1024 3457 1086 contempserat.

2343 1113 2493 1186 (295)
2535 1112 2638 1167 Hic
2663 1121 2839 1165 autem
2878 1106 2936 1165 in
2968 1125 3164 1180 magna
3197 1108 3312 1163 Vita
3346 1108 3567 1161 inseritur
3594 1113 3750 1178 peregri.

2271 1205 2437 1268 natio,
2467 1219 2625 1273 quam
2651 1201 2772 1272 fecit
2802 1200 2958 1270 Hugo
2998 1208 3174 1254 uoster
3203 1199 3270 1252 ad
3304 1196 3367 1251 Β,
3396 1198 3651 1263 Antonium,
3673 1214 3750 1252 ιιι

2272 1292 2650 1346 miraculorum
2678 1290 2909 1361 plurium
2946 1289 3181 1359 ejusdem
3222 1287 3287 1342 Β.
3316 1287 3513 1341 Antonii
3537 1299 3646 1341 recta
3667 1290 3751 1342 mi-

2269 1384 2483 1438 tatione.
2525 1382 2679 1448 Quod
2709 1392 2873 1436 totum
2904 1396 2999 1451 pro
3031 1372 3244 1434 vitanda
3278 1378 3583 1448 digressiouis
3601 1379 3752 1447 prolixi-

2269 1484 2373 1530 tate
2399 1474 2900 1546 prwlermittendum
2926 1483 3166 1527 censetur
3193 1472 3263 1525 ad
3286 1487 3517 1542 primum

2870 1585 3099 1643 CAPUT
3138 1580 3259 1641 XX.

2243 1677 2348 1732 .De
2382 1679 2605 1732 adventu
2634 1677 2782 1732 illius
2823 1687 2870 1731 et
2911 1687 3117 1743 receptu
3150 1674 3292 1744 apud
3328 1673 3698 1743 Gratianopolin,
3723 1685 3753 1727 rt

2341 1748 2702 1812 Cartltusiam,
2728 1758 2775 1801 et
2799 1746 3027 1817 qualiter
3065 1763 3120 1800 se
3158 1747 3214 1817 in
3238 1745 3367 1800 locis
3395 1745 3491 1797 illis
3510 1744 3688 1813 gerebat.
3706 1744 3754 1798 De
3784 1804 3791 1811 ο

2202 1821 2241 1880 Β
2339 1820 2483 1886 pacis
2498 1835 2589 1885 per
2602 1819 2771 1885 ipsum
2796 1815 3168 1887 reformatione
3185 1815 3322 1887 inter
3334 1817 3599 1887 eiiiscopum
3620 1824 3657 1867 et
3670 1831 3753 1866 m-

2339 1883 2862 1961 aulcutGeuevcuses,
2875 1897 2918 1940 et
2941 1886 3166 1961 qualiter
3194 1903 3224 1938 a
3244 1883 3513 1961 Cartlwsia
3543 1900 3755 1961 remrem

2338 1960 2403 2012 de
2419 1959 2648 2027 reliquiis
2667 1957 2984 2011 ordinauerit
3000 1975 3032 2009 ιι
3044 1973 3099 2011 δε
3118 1965 3164 2011 et
3185 1973 3284 2010 suo
3298 1955 3535 2009 monacho
3544 1955 3753 2022 exquisitis.

2339 2048 2547 2104 Debitis
2578 2047 2875 2116 ergo‘votis
2912 2057 3142 2117 patrono
3171 2053 3324 2100 tanto
3357 2044 3434 2115 (S.
3465 2043 3673 2111 Antonio)
3699 2059 3755 2097 so-

2268 2126 2414 2206 lutis,
2437 2155 2561 2195 cunt
2587 2148 2640 2193 et
2662 2138 3052 2193 xenodocbium
3076 2137 3246 2208 ipsius
3269 2136 3370 2191 Icci
3389 2134 3525 2208 (296)
3544 2133 3756 2199 visitassct,

2266 2240 2323 2286 et
2358 2231 2410 2285 in
2443 2230 2638 2286 solatia
2668 2222 2983 2284 victualium
3012 2229 3301 2298 pecuniam
3327 2228 3611 2283 custodibus
3630 2225 3756 2294 largiri

2268 2324 2615 2395 praecepisset
2669 2323 2930 2395 (grandis
2982 2323 3182 2393 quippe
3229 2320 3482 2377 debilium
3528 2318 3753 2381 multitudo,

2267 2431 2402 2485 quos
2428 2426 2555 2471 ante
2578 2416 2915 2471 curationem
2946 2415 3167 2469 morbus
3189 2430 3254 2470 va
3265 2414 3361 2469 riis
3386 2411 3615 2467 membris
3633 2409 3754 2480 priva-

2265 2510 2363 2573 vit,
2394 2508 2589 2563 ibidem
2619 2506 2889 2579 consistit)
2924 2506 3358 2576 Gratianopolitn
3386 2505 3525 2575 (297)
3562 2501 3755 2574 proﬁcisci

2265 2600 2518 2654 instituit.
2568 2600 2694 2655 lude
2751 2613 2983 2668 namque
3034 2599 3101 2652 ad
3144 2596 3487 2653 Cartbusiam
3530 2611 3611 2666 per
3645 2594 3758 2647 ardua

2266 2694 2528 2748 montium
2566 2701 2620 2748 et
2659 2706 2850 2762 aspera
2891 2690 3105 2761 rttpiutn
3144 2690 3249 2745 iter
3278 2689 3567 2759 expeditius
3594 2696 3636 2741 et
3664 2684 3759 2738 loco-

2264 2801 2382 2838 rum
2427 2794 2616 2839 natura
2662 2792 2717 2838 et
2758 2782 3180 2839 commeantium
3223 2782 3519 2853 frequentia
3560 2777 3758 2849 patefecit

2262 2876 2426 2947 Cujus
2449 2876 2559 2945 iam
2592 2879 2875 2941 adventus,
2917 2891 3040 2929 mox
3068 2883 3125 2929 nt
3146 2863 3759 2944 Gratianopolitanisium-

2264 2970 2386 3037 luit,
2423 2969 2658 3025 universi
2692 2967 2896 3039 pariter
2928 2967 3142 3022 obviam
3187 2975 3359 3021 ruunt
3386 2966 3495 3020 viro
3519 2964 3576 3018 ad
3606 2957 3758 3015 modum

2260 3056 2553 3118 venerabili
2599 3070 2750 3115 extra
2807 3058 2959 3114 urbis
2998 3057 3196 3114 moenia
3222 3097 3238 3121 ,
3295 3073 3361 3112 ac
3404 3064 3669 3124 susceptum
3696 3062 3761 3121 per

2185 3166 2227 3224 (ζ
2262 3153 2449 3208 urbem
2484 3154 2716 3208 mediam
2750 3151 2975 3208 ﬂoribus
3003 3159 3058 3206 ct
3084 3150 3266 3221 palliis
3298 3148 3607 3209 holosericis,
3633 3143 3758 3196 vario-

2259 3261 2366 3315 que
2395 3245 2592 3301 decore
2617 3242 2686 3298 ob
2712 3242 2830 3313 ejus
2858 3243 3221 3298 reverentiam
3254 3238 3554 3310 specialiter
3570 3245 3615 3292 ct
3636 3233 3761 3303 spleo-
3819 3230 3827 3240 '

2188 3386 2193 3391 .
2258 3336 2434 3391 (lidius
2485 3343 2757 3400 ornatam,
2792 3350 2962 3405 usque
2990 3334 3056 3389 ad
3098 3331 3155 3388 S.
3195 3330 3425 3388 Joannis
3452 3330 3671 3401 Baptista
3702 3339 3761 3380 ee

2256 3426 2477 3482 clesiam
2509 3424 2872 3481 eatbedralem
2899 3441 3022 3481 cum
3053 3422 3287 3481 canticis
3318 3422 3510 3478 lietitiaz
3528 3429 3577 3476 et
3597 3414 3758 3474 solemn

2258 3518 2533 3573 deducunt
2560 3517 2926 3587 processione.
2981 3517 3111 3572 Erat
3162 3528 3348 3573 autem
3403 3512 3644 3571 natalitins
3684 3509 3763 3564 dies

2256 3603 2497 3680 ejusdem
2548 3609 2721 3681 (298),
2771 3617 2892 3679 post
2939 3608 3151 3663 unicam
3196 3610 3385 3663 mundi
3433 3607 3667 3663 dominam
3699 3596 3762 3652 liti

2256 3699 2609 3767 Gettitricem,
2635 3710 2744 3756 tam
2771 3701 2978 3756 ordinis
3015 3699 3423 3756 Carthusiensis
3461 3712 3601 3769 quam
3626 3702 3669 3748 et
3686 3689 3763 3756 epi-

2257 3794 2405 3861 scopi
2434 3790 2627 3860 nostri,
2654 3790 2905 3862 specialis
2934 3790 3202 3853 advocati,
3231 3786 3573 3859 praet-umoris
3592 3776 3761 3836 Doluini.

2261 3883 2358 3939 Ubi
2399 3886 2620 3940 missam
2653 3882 2912 3952 majorem
2957 3881 3192 3936 maxima
3221 3896 3347 3935 cum
3379 3877 3635 3934 devotione
3659 3869 3764 3938 litigo

2254 3977 2572 4044 celebravit,
2611 3987 2665 4032 et
2699 3987 2823 4047 post
2861 3974 3208 4046 Evangelinm
3251 3985 3550 4027 sermonem
3588 3963 3686 4019 fecit
3719 3958 3763 4012 :ul

2254 4068 2511 4141 populum
2552 4068 2705 4123 mira:
2741 4066 3026 4121 suavitatis
3064 4074 3284 4118 nectare
3317 4062 3594 4116 conditura.
3620 4053 3763 4154 Sicque

2254 4160 2580 4231 getttiuatam
2605 4157 2866 4222 hetitiatn,
2885 4166 2941 4211 et
2963 4169 3157 4209 attnure
3178 4151 3551 4213 solemnitatis,
3571 4156 3613 4201 ct
3633 4151 3766 4214 ptith

2254 4259 2370 4320 post
2402 4249 2769 4319 episcopatum
2798 4246 3124 4301 visitationis
3160 4260 3296 4309 sum,
3333 4245 3536 4299 civibus
3559 4234 3763 4308 quondam

2252 4352 2305 4397 et
2336 4340 2594 4396 fratribus
2638 4340 2751 4396 suis
2793 4339 3028 4394 salubris
3057 4338 3279 4408 alloquii
3321 4336 3490 4408 gratia
3520 4326 3765 4390 cumulavit.

2252 4444 2310 4489 ut
2341 4450 2477 4504 pane
2514 4433 2874 4506 laerymarum
2903 4415 3112 4486 cibaret
3138 4445 3254 4493 eos,
3288 4431 3426 4485 dans
3458 4427 3535 4483 eis
3558 4431 3706 4496 potqu
3728 4415 3764 4471 in

2180 4503 2227 4562 θ
2255 4503 2529 4598 laci-ymis,
2572 4503 2664 4582 sed
2713 4526 2766 4580 iu
2812 4540 3062 4580 mensura
3108 4523 3283 4594 (Psal.
3324 4538 3515 4588 1.xxtx,
3545 4520 3610 4590 ϐ).
3643 4512 3766 4568 Tanti

2222 4619 2486 4688 -tleni«‘pte
2513 4629 2634 4672 cum
2662 4617 2986 4683 humilitate,
3010 4617 3215 4686 talione
3237 4631 3304 4672 cx
3330 4614 3603 4670 devotione
3624 4602 3766 4701 suil'ra:

2217 4716 2223 4725 ‘
2249 4716 2333 4780 gia
2362 4713 2668 4766 orationum
2699 4710 2766 4765 ab
2797 4708 3067 4764 universis
3100 4709 3345 4778 expetiit,
3379 4706 3689 4777 exiguitatem
3710 4708 3765 4747 sul

2248 4812 2305 4857 et
2332 4802 2701 4871 indignitatem
2743 4817 3098 4872 exaggerans,
3126 4817 3288 4869 quem
3324 4814 3550 4870 superna
3586 4786 3766 4863 dignatio

2248 4893 2314 4945 de
2341 4872 2586 4947 stercore
2617 4891 3235 4955 elevatuutcolloeasset
3274 4891 3336 4944 .in
3383 4886 3607 4950 sublimi,
3643 4889 3688 4933 ιιι
3718 4876 3766 4927 δι’

2246 4983 2420 5038 oculis
2462 4985 2703 5038 omnium
2749 4984 2931 5038 exitus
2970 4997 3231 5052 aquarmn
3260 4984 3551 5038 educerent
3576 4966 3765 5041 lacrimis

2247 5075 2572 5131 dislillantes
2600 5076 2740 5131 oculi
2774 5076 2874 5132 sui.
2920 5140 2927 5147 .

2249 5275 2465 5348 docbio,
2500 5276 2821 5346 recipiendis
2855 5275 3091 5332 Antonio
3130 5276 3254 5348 igne
3285 5273 3635 5331 laborantibus
3660 5264 3764 5319 ἱιειίτ·

2238 5347 2350 5409 ηιιιίς
2380 5347 2655 5407 tieputato.
2693 5367 2711 5398 ι
3160 5347 3173 5348 ”
3735 5402 3744 5412 ο

2318 5417 2467 5487 (297)
2517 5416 2685 5481 Vulgo
2756 5417 3015 5473 Crenoble
3046 5459 3060 5480 ,
3127 5416 3473 5487 Dr-lpltinattts
3530 5413 3641 5466 urbs
3688 5419 3763 5474 tm'

2245 5488 2440 5548 maria,
2478 5488 2529 5541 in
2567 5504 2669 5556 qua
2720 5492 2875 5544 sedes
2907 5490 3255 5558 episcopalis;
3301 5489 3352 5540 io
3390 5504 3491 5556 qua
3545 5489 3647 5558 post
3671 5489 3762 5558 ζειν

2244 5568 2389 5611 ctum
2422 5544 2698 5628 ilngot'tent
2744 5574 2838 5614 sex
2870 5544 2956 5612 alii
2980 5544 3355 5622 successerunt
3388 5544 3452 5612 ex
3476 5544 3645 5610 ordine
3667 5544 3761 5595 ΕΜ·

2246 5628 2506 5684 lltttsiettsi
2538 5631 2819 5697 assttmpti.

2316 5700 2466 5768 (9.98)
2492 5699 2592 5766 Qui
2623 5700 2691 5754 24
2720 5686 2866 5753 Junii
2892 5716 3071 5756 annue
3100 5699 3348 5759 recurrit,
3376 5711 3483 5766 quo
3505 5706 3551 5749 et
3578 5691 3627 5746 S.
3652 5686 3758 5768 “illi”

2245 5770 2368 5826 illnc
2416 5766 2501 5823 aut
2554 5772 2876 5839 prmtedcuti
2919 5773 3004 5827 dic
3037 5773 3200 5839 venit,
3232 5769 3523 5826 honoziticc
3552 5766 3754 5827 recepim-
