3976 6292
519 294 656 353 Ιθεδ

517 422 608 466 res
637 408 773 462 duos
805 419 874 462 ex
903 406 1095 464 ordine
1131 403 1434 464 Cat-thasiae
1453 441 1468 465 ,
1513 411 1570 456 ut
1601 393 1666 456 co
1691 403 1854 454 nitent
1898 399 2109 454 diutino
2140 401 2184 454 Α

517 496 766 566 corporis
812 493 1073 565 languore
1112 501 1444 548 maceratum
1484 491 1928 552 exhortarentttr,
1973 504 2108 558 qua-

517 599 678 648 tenus
715 589 856 659 patri
893 604 992 642 suo
1031 587 1284 657 episcopo
1309 591 1364 639 et
1403 581 1660 636 Ecclesiae
1689 580 1852 634 matri
1879 593 1992 634 sua!
2025 594 2110 633 re-

517 680 798 738 conciliari
851 679 1156 736 festinaret.
1210 673 1393 730 Posuit
1431 689 1647 744 quoque
1691 674 1854 728 verba
1907 674 1960 728 in
2014 687 2111 727 ore

518 775 731 838 eorum,
766 771 818 824 id
845 769 1116 842 praecipue
1147 765 1463 821 discendum
1495 764 1544 819 ei
1575 763 1886 826 inculcans,
1931 771 1988 817 ut
2019 777 2113 832 pa.

521 861 620 916 tris
645 859 959 932 llagcllztntis
984 858 1214 928 gratiam
1247 865 1522 927 satageret
1551 855 1854 924 inquirere,
1871 871 1950 910 ne
1973 871 2115 914 mor.

523 961 576 1006 te
602 951 763 1007 citius
805 951 1044 1022 irruente
1077 949 1232 1002 ﬁeret
1261 946 1498 1002 extorris
1540 961 1570 999 a
1601 941 1856 1000 filiorum'
1879 946 1970 1002 Dei
2005 945 2116 1000 ha!-

522 1041 770 1098 reditate.
809 1040 917 1096 llos
941 1054 1069 1093 vero
1101 1039 1190 1094 ille
1229 1039 1296 1093 ad
1331 1055 1390 1095 se
1421 1039 1550 1093 talia
1583 1039 1896 1108 loquentes,
1929 1053 2114 1109 asper-

522 1137 718 1184 nanter
747 1128 964 1198 quidem
995 1129 1222 1183 audivit.
1263 1127 1368 1184 Sed
1388 1173 1402 1196 ,
1431 1139 1720 1200 postquam
1747 1139 2110 1196 recesserunt,

521 1223 743 1276 obtentu
777 1220 876 1274 viri
905 1219 1016 1283 Dei,
1045 1229 1104 1275 ιιι
1129 1221 1244 1291 ipse
1271 1222 1590 1290 perhibebat
1611 1263 1624 1282 ,
1662 1221 1714 1276 in
1743 1235 1803 1276 se
1828 1237 2112 1288 reversus,

519 1326 586 1366 ac
618 1311 925 1368 medullitus
959 1312 1026 1367 ad
1058 1313 1164 1366 vim
1193 1314 1516 1379 verborum,
1549 1329 1670 1384 qua:
1707 1313 1780 1368 iili
1824 1315 2118 1368 mandave-

523 1408 626 1466 rat,
653 1411 1032 1470 compunctus,
1063 1401 1330 1468 eet-lesire,
1363 1419 1524 1475 quam
1559 1405 1792 1470 lit-serat,
1818 1405 2112 1472 satisfecit;

521 1488 706 1558 sicque
756 1490 1038 1546 absolutus
1090 1492 1324 1561 primtun
1375 1507 1406 1546 a
1463 1495 1774 1561 sententia,
1832 1494 2028 1552 deinde
2083 1511 2116 1550 a

520 1578 702 1632 carnis
738 1579 974 1642 sarcina,
1003 1579 1058 1633 in
1089 1595 1220 1646 pace
1248 1581 1474 1650 quievit.

593 1669 723 1724 Post
771 1671 1008 1739 spatium
1049 1681 1231 1726 autem
1277 1672 1438 1726 trium
1471 1665 1968 1738 hebdomadarum,
2003 1675 2116 1745 epi-

523 1775 723 1830 scopus
777 1763 956 1818 sciens
1009 1765 1267 1833 scriptum
1313 1779 1481 1819 esse:
1539 1783 1559 1815 ι
1615 1765 1900 1835 Relinquet
1952 1744 2115 1823 homo
2148 1744 2190 1804 Β

521 1859 730 1919 patrem
763 1861 814 1905 et
847 1862 1098 1918 matrem,
1136 1865 1190 1908 et
1214 1853 1512 1910 adhaerebit
1547 1857 1698 1910 uxori
1724 1873 1836 1913 sum
1867 1857 2020 1930 (Gen.
2049 1875 2110 1927 tt,

524 1939 654 2010 24);
696 1939 762 1994 ad
791 1939 1050 1996 Ecclesia:
1091 1958 1276 1998 curam
1295 1984 1309 2008 ,
1340 1960 1500 2013 quam
1528 1945 1656 2000 olim
1681 1947 1782 2002 sibi
1813 1949 2116 2018 desponde-

525 2039 644 2095 rat,
681 2031 855 2086 redire
887 2033 1215 2103 disponens,
1252 2045 1450 2104 przetcr
1484 2037 1590 2092 alia
1614 2038 1859 2104 donaria,
1888 2041 2114 2112 pignora

523 2119 974 2176 intestimabiliter
1005 2123 1239 2192 pretiosa
1279 2124 1558 2188 Ecclesim,
1593 2142 1621 2180 a
1661 2128 1816 2197 cujus
1847 2130 2111 2184 uberibus

521 2209 578 2264 in
609 2211 784 2266 virum
823 2213 1121 2284 perfectum
1153 2216 1452 2281 coaluerat,
1479 2217 1593 2286 jam
1641 2220 1889 2274 ultimum
1927 2221 1976 2274 ei
2021 2237 2115 2276 va-

524 2301 818 2368 lefaeieus,
858 2305 1082 2375 jamque
1107 2307 1393 2364 discedens
1415 2349 1428 2374 ,
1462 2309 1514 2364 in
1554 2321 1866 2380 perpetuam
1893 2313 1974 2368 sui
2005 2329 2116 2369 me-

529 2398 760 2451 moriam
807 2399 1113 2469 tlereliquit.
1155 2399 1400 2456 llabchat
1445 2404 1589 2458 enim
1641 2405 1692 2458 in
1744 2407 1962 2462 scriniis
2005 2406 2118 2462 suis

525 2489 806 2558 capsulam
838 2501 1182 2562 argenteam,
1223 2509 1382 2562 quam
1425 2495 1477 2548 in
1520 2494 1866 2550 basilicarum
1897 2497 2118 2553 dedica—

529 2579 766 2634 tionibus
789 2581 1206 2638 circumferebat
1237 2585 1288 2636 in
1337 2581 1616 2646 manibus,
1665 2589 1970 2643 numerosis
1994 2605 2121 2644 san-

529 2679 740 2724 ctormn
769 2682 1188 2744 sanctarumque
1213 2673 1458 2744 reliquiis
1489 2675 1726 2746 plenam.
1743 2675 1850 2734 llas
1873 2679 1956 2736 vel
1983 2681 2122 2751 ipse-

528 2770 660 2823 met,
699 2761 784 2816 vel
823 2761 1062 2832 ipsorum
1115 2764 1436 2819 scriniorum
1459 2775 1692 2830 'custos,
1738 2769 2036 2824 monachus
2067 2779 2124 2826 et

530 2852 838 2920 capellanus
875 2870 1022 2918 suus,
1066 2855 1306 2926 plerique
1349 2857 1402 2912 in
1439 2857 1572 2912 locis
1604 2859 1984 2928 acquisiverat.
2015 2860 2122 2918 Sed

529 2946 814 3016 episcopus
834 2963 862 3002 a
891 2961 950 3004 se
971 2949 1297 3018 perquisitas
1319 2950 1436 3006 viro
1459 2951 1864 3022 religiosissitno
1885 2953 2122 3010 Cartbu-

528 3037 693 3092 siensi
731 3038 972 3094 sacristrc
1011 3053 1193 3094 coram
1221 3042 1401 3111 priore
1431 3049 1484 3094 et
1519 3039 1780 3096 fratribus
1813 3043 2039 3098 tradidit
2069 3044 2120 3098 in

527 3127 646 3182 loco
676 3128 764 3184 illo
789 3125 1189 3188 conservandos
1217 3149 1230 3186 :
1262 3131 1529 3188 monacho
1555 3143 1734 3187 autem
1765 3147 1892 3190 suas
1915 3133 2122 3189 dimisit

527 3220 597 3274 ad
633 3223 912 3292 proprium
941 3224 1330 3279 monasterium
1359 3225 1744 3294 apportandas.

1125 3315 1354 3372 CAPUT
1387 3315 1528 3370 XXI.

533 3402 708 3468 Quam
763 3406 976 3460 devotus
1019 3406 1275 3459 ert-stiterit
1325 3407 1380 3460 in
1441 3405 1779 3475 reliquiarum
1819 3416 2122 3461 sanctorum

601 3475 897 3528 risitntione
923 3487 968 3528 et
993 3475 1372 3538 conquisitione
1399 3493 1605 3540 eorum,
1643 3487 1690 3530 et
1715 3477 1943 3540 qualiter
1964 3477 2027 3530 de
2047 3477 2121 3530 eis

601 3545 836 3617 [iunliter
864 3545 1144 3617 ordinavit.
1177 3575 1237 3585 —-
1271 3543 1338 3598 Et
1380 3549 1674 3600 continetur
1701 3549 1754 3600 in
1787 3563 1976 3617 magna
2003 3545 2122 3600 Vita

601 3615 696 3668 sub
729 3633 842 3685 rap.
889 3615 975 3680 H,
1007 3615 1146 3669 circa
1179 3617 1404 3671 medium
1434 3617 1575 3671 illus
1599 3618 1834 3685 copituii.

601 3707 737 3773 Quia
769 3707 920 3778 (508)
959 3722 1090 3761 vero
1131 3711 1197 3762 de
1235 3717 1552 3763 sanctorum
1599 3707 1844 3778 reliquiis
1893 3707 2124 3763 fecimus

529 3783 884 3860 mentionem,
920 3815 1024 3854 non
1057 3801 1272 3856 videtur
1297 3799 1664 3865 otiosutn,sed
1690 3801 1754 3854 ad
1783 3799 2009 3870 gloriam
2037 3799 2122 3854 vel

530 3889 941 3944 {editicationen‘t
985 3889 1333 3945 Autlicntitttn
1378 3906 1519 3954 esse,
1563 3890 1606 3946 si
1658 3889 1842 3945 dehis
1887 3891 2123 3945 breviter

534 3982 712 4036 adhuc
742 3983 922 4054 aliqua
965 3984 1285 4039 referamus.
1332 3984 1578 4040 Jusserat
1618 3995 1800 4040 autetn
1839 3985 2122 4056 episcopus

537 4072 638 4127 sibi
677 4074 934 4128 annulum
984 4075 1096 4129 fieri
1146 4091 1211 4129 ex
1249 4091 1384 4130 auro
1429 4075 1722 4144 purissimo
1751 4086 1807 4129 et
1855 4075 2121 4144 lapidibus

535 4162 812 4232 pretiosis,
849 4163 1135 4218 habentem
1168 4165 1220 4218 in
1257 4175 1431 4234 parte,
1465 4181 1586 4234 quin.
1623 4165 1850 4235 digitum
1881 4165 2122 4220 exterius

536 4251 832 4318 ambiebat,
871 4254 1023 4322 quasi
1057 4255 1326 4323 quoddam
1373 4271 1696 4318 concauum,
1736 4257 1878 4326 quod
1911 4257 2122 4326 reposi-

537 4339 735 4396 torium
773 4359 897 4400 esse
927 4343 1098 4398 voluit
1123 4355 1434 4400 sanctarum
1468 4347 1838 4416 reliquiarum.
1871 4348 2001 4402 Erat
2023 4364 2122 4402 att-

1404 287 1462 344 S.
1507 287 1811 346 HUGONIS
1847 283 2060 341 EPlSC.
2101 283 2415 340 LINCOLN.
2449 285 2613 342 0111).
2653 283 2910 342 CAliTll.

3640 291 3752 350 IOM

2211 412 2428 472 gereret
2469 416 2634 470 super
2693 401 3056 471 acquisitione
3093 410 3202 456 tam
3248 401 3476 457 salubris
3523 405 3750 465 thesauris

2213 491 2413 546 institit
2463 507 2824 562 magnopere,
2875 501 3146 560 quatenus
3204 492 3272 546 tle
3327 509 3550 563 corpore
3607 502 3752 568 magni

2211 583 2414 639 Christi
2440 583 2793 646 confessoris.
2825 585 3196 654 praecipitique
3233 586 3612 640 monachorum
3633 589 3756 646 ducit

2211 687 2268 734 et
2297 675 2620 748 legislatoris
2651 677 2924 732 Benedicti
2953 676 3158 746 aliquid
3185 677 3474 732 obtineret.
3503 677 3664 747 Super
3685 682 3754 734 tali

2213 781 2429 838 quoque
2451 767 2721 822 desiderio
2733 781 2834 820 suo
2857 765 3066 822 litteras
3087 766 3288 820 direxit
3315 765 3628 821 aﬂ'ectuosas
3651 769 3758 826 viris

2215 860 2620 916 venerabilibus
2657 859 2840 913 abbati
2899 869 2954 914 et
2997 858 3282 914 monachis
3319 859 3550 911 ('(Bttobii
3587 859 3759 912 Floria-

2215 953 2396 1008 censis
2422 951 2595 1024 (509),
2646 943 2734 1005 ttbi
2783 949 3126 1005 sanctissima
3163 949 3298 1002 tanti
3351 948 3526 1002 Patris
3579 952 3756 1018 requie.

2215 1051 2378 1098 scunt
2404 1057 2552 1110 ossa,
2577 1041 2824 1098 scribens
2867 1042 2971 1105 eis,
3021 1049 3078 1095 et
3119 1040 3342 1093 mittens
3385 1053 3482 1106 per
3509 1043 3758 1107 quemdam

2215 1150 2408 1191 eorum
2439 1133 2690 1199 fratrem,
2721 1143 2777 1188 et
2815 1133 3164 1198 monachum,
3209 1141 3268 1186 et
3307 1130 3580 1186 custodem
3619 1132 3758 1202 (3w),

2217 1219 2580 1294 quarumdam
2605 1233 2941 1288 sanctarum,
2971 1236 3109 1294 quas
3143 1233 3329 1276 secum
3369 1220 3650 1275 Lincolniae
3685 1224 3760 1276 oh-

2219 1317 2459 1372 tiuuerat
2499 1315 2850 1384 reliquiarum
2887 1313 3500 1384 possessionem,’petiit
3527 1313 3760 1382 obnixius,
3835 1381 3842 1390 Ι

2217 1419 2487 1478 quatenus
2507 1407 2610 1464 sibi
2639 1407 2994 1478 dignarentur
3023 1405 3290 1476 impertiri
3312 1408 3378 1458 de
3399 1406 3550 1474 copia
3578 1422 3762 1462 suarum

2218 1500 2271 1556 in
2302 1501 2406 1555 hac
2433 1509 2586 1568 parte
2619 1499 2956 1554 divitiarum.
2985 1497 3124 1565 Quid
3157 1497 3364 1552 multa?
3403 1497 3562 1552 rediit
3586 1499 3762 1554 tandem

2220 1593 2524 1649 litterarum
2551 1591 2784 1661 hajulus,
2815 1599 2980 1661 atque
3009 1591 3188 1646 attulit
3219 1589 3335 1646 viro
3367 1599 3558 1644 sancto
3599 1601 3650 1644 et
3687 1591 3762 1644 tle-

2221 1687 2570 1750 sidetiorum,
2619 1685 2872 1740 desiderii
2916 1684 2997 1740 soi
3035 1685 3322 1754 prccisque
3371 1697 3486 1738 sua:
3523 1681 3762 1748 effectum,

2219 1795 2383 1834 unum
2413 1777 2662 1832 videlicet
2691 1779 2908 1831 dentem
2943 1793 3009 1831 ex
3034 1775 3287 1830 dentibus
3307 1776 3488 1830 sancti
3515 1791 3630 1828 cum
3655 1777 3764 1844 palla

2217 1873 2390 1944 (3H),
2417 1887 2520 1941 qua
2582 1879 2737 1926 erant
2793 1869 3016 1924 involuti
3055 1870 3238 1925 crines
3275 1869 3454 1924 sancti
3505 1868 3766 1933 Benedicti,

2217 1981 2324 2020 non
2370 1964 2578 2017 modica
2633 1963 2908 2032 portione.
2965 1959 3164 2016 Habuit
3209 1975 3432 2030 quoque
3469 1960 3522 2013 in
3560 1961 3768 2014 manibus

2218 2057 2358 2110 idem
2397 2053 2608 2122 bajulus
2661 2053 2971 2121 reciprocas
3016 2051 3234 2106 illorum
3275 2050 3517 2114 litteras,
3560 2051 3622 2104 ad
3661 2068 3770 2119 quos

2217 2148 2418 2202 tniSsus
2466 2145 2666 2211 fuerat,
2720 2146 2918 2212 quibus
2969 2153 3023 2199 et
3067 2151 3220 2198 tanto
3273 2142 3426 2200 Patri
3467 2143 3770 2199 salutationis

2218 2239 2414 2293 debita:
2455 2235 2822 2304 repcudebaut
2839 2235 3178 2304 obsequium,
3205 2245 3260 2288 et
3287 2233 3606 2288 muneribus
3628 2244 3772 2287 trans-

2218 2331 2400 2386 missis
2423 2329 2780 2384 ituluhitatutn
2823 2327 3130 2382 referebant
3169 2325 3566 2384 testimonium.
3603 2325 3774 2392 Quibus

2221 2421 2440 2475 tandem
2492 2421 2731 2489 acceptis
2775 2429 2830 2472 et
2885 2419 3060 2486 lectis,
3105 2419 3191 2472 vir
3241 2418 3339 2473 Dei
3393 2419 3538 2472 miro
3573 2417 3772 2488 gestiens

2231 2511 2451 2582 gaudio,
2500 2509 2656 2578 jussit
2699 2509 2974 2580 extemplo
3013 2509 3294 2564 aurificem
3335 2525 3501 2564 suum
3529 2510 3768 2572 accersiri,

2219 2604 2311 2675 qui
2359 2603 2412 2658 in
2459 2613 2638 2660 castro
2683 2601 2853 2674 ipsius
2889 2600 3557 2668 manebat,Banveubiria
3603 2616 3776 2654 nuncu-

2219 2707 2366 2770 pato.

2296 2791 2495 2846 Verum
2523 2798 2764 2860 tempore
2787 2787 2880 2844 illo
2900 2803 3009 2858 quo
3035 2787 3154 2843 lucc
3183 2794 3338 2858 gesta
3367 2795 3518 2850 sunt,
3551 2783 3778 2840 consiste-

2221 2885 2315 2941 bat
2355 2885 2644 2956 episcopns
2696 2884 2748 2938 in
2783 2881 3032 2938 manerio
3086 2897 3206 2948 suo,
3249 2881 3394 2950 quod
3435 2879 3774 2934 Dorcacestria

2225 2973 2376 3048 (512)
2411 2975 2631 3038 dicitur,
2662 2983 2718 3029 et
2751 2975 2892 3044 quod
2927 2971 3168 3027 distabat
3203 2970 3540 3026 milliaribus
3578 2969 3680 3024 fere
3699 2969 3776 3020 tri-

2224 3067 2372 3138 gittta
2394 3082 2424 3122 a
2455 3075 2640 3122 castro
2667 3065 3080 3136 praenominato.
3105 3063 3337 3128 Interea,
3366 3063 3500 3116 dum
3529 3059 3780 3116 instruitur

2226 3157 2468 3221 nuntius,
2509 3156 2600 3228 qui
2639 3153 3114 3210 erataurifabrum
3141 3154 3512 3216 adducturus,
3544 3159 3778 3222 quatenus

2221 3251 2580 3306 instrumenta
2623 3247 2840 3318 inberet
2891 3247 3066 3318 ipsum
3121 3261 3306 3301 secum
3355 3243 3576 3309 afferre,
3617 3241 3782 3311 quibus

2221 3339 2435 3412 aperire
2471 3339 2862 3394 convenienter
2919 3338 3217 3408 potuisset,
3265 3337 3578 3404 iterumque
3637 3334 3782 3388 reclu-

2221 3432 2352 3488 dere
2400 3430 2661 3486 annulum
2709 3427 3164 3486 sacramentalem
3215 3428 3462 3498 episcopi
3515 3427 3616 3498 (sic
3661 3425 3780 3479 enim

2221 3523 2650 3594 cognominabat
2691 3537 2838 3586 eum,
2879 3521 3006 3591 quia
3047 3521 3100 3575 in
3135 3519 3392 3574 ordinum
3427 3528 3488 3574 et
3521 3531 3780 3572 consecra-

2223 3619 2430 3674 tionum
2461 3614 2918 3672 celebrationibus
2941 3613 3006 3668 ad
3035 3611 3342 3668 devotionis
3365 3609 3686 3666 incentivum
3707 3607 3782 3662 illo

2221 3709 2560 3780 frequentius
2575 3707 2848 3777 utebatur)
2868 3720 2996 3762 ecce
3017 3705 3220 3769 subito,
3236 3710 3328 3773 qui
3347 3701 3574 3771 jubetnr
3595 3699 3780 3768 inquiri,

2224 3799 2437 3856 aurifex
2467 3801 2643 3866 adest,
2667 3808 2724 3854 et
2751 3808 2862 3852 tam
2889 3798 3226 3868 inepinutam
3263 3811 3430 3865 quam
3457 3803 3690 3863 optatam
3717 3789 3782 3842 sui

2222 3893 2568 3964 praesentiam
2601 3891 2966 3963 gaudentibus
2979 3889 3183 3960 pariter
3204 3897 3260 3942 et
3277 3887 3622 3957 stupentibus
3635 3882 3780 3936 πίτυι-ι.

2223 3984 2541 4052 Requisitus
2591 3997 2724 4039 vero
2779 3983 3042 4037 adventus
3087 3980 3171 4035 sui
3219 3995 3468 4043 causam,
3515 3975 3784 4031 allirmalnt

2223 4074 2514 4130 dormienti
2555 4074 2658 4128 sibi
2683 4073 2831 4128 circa
2861 4072 3038 4127 noctis
3068 4071 3306 4126 medium
3343 4070 3592 4125 astitisse
3627 4081 3784 4134 quem-

2223 4167 2370 4232 dam,
2399 4166 2490 4236 qui
2519 4167 2738 4234 juberet
2763 4180 2888 4220 eum
2921 4181 3046 4219 mox
3077 4163 3144 4218 ad
3187 4165 3505 4233 episcopum
3533 4160 3782 4216 fe~tiuarc.

2230 4273 2249 4308 t
2283 4257 2421 4310 Sunt
2446 4257 2614 4324 enim,
2647 4255 2841 4326 inquit,
2875 4257 2923 4311 ei
2957 4255 3296 4309 transmissa:
3329 4253 3577 4323 reliquiae
3607 4251 3780 4320 pretio-

2225 4347 2478 4412 sissimae,
2521 4363 2657 4418 quas
2695 4357 2747 4402 te
2773 4347 3066 4417 oportetin
3095 4345 3214 4414 ejus
3241 4344 3450 4400 annulo
3495 4342 3782 4398 recondere.

537 4441 645 4489 tem
693 4435 821 4491 ilhtd
864 4437 1264 4506 receptaculum
1295 4439 1362 4492 ad
1395 4449 1628 4508 quatuor
1673 4439 1786 4496 fere
1825 4441 2118 4510 digitorum
2153 4470 2200 4529 ο
2227 4439 2402 4510 Surge
2427 4454 2556 4510 ergo
2583 4440 2873 4504 velociter,
2907 4440 3158 4508 interque
3186 4439 3251 4492 ad
3283 4439 3599 4507 episcopum
3623 4447 3786 4502 aggre-

537 4529 850 4584 tncnsuram
883 4531 1122 4601 undique
1151 4531 1338 4586 latum.
1363 4532 1419 4586 ln
1453 4533 1554 4588 hoc
1583 4533 1861 4604 portiones
1896 4549 2121 4603 congcs.

535 4632 680 4676 serat
707 4631 1016 4677 sanctorum
1047 4623 1332 4694 pignorum
1365 4625 1429 4680 ad
1461 4640 1747 4680 numerum
1789 4641 1959 4696 usque
2016 4627 2124 4682 tri:

539 4727 838 4767 cenat-tum.

607 4803 740 4858 Cum
791 4818 915 4859 vero
973 4819 1040 4859 ex
1069 4805 1328 4860 maxima
1369 4805 1654 4861 devotione
1702 4803 2120 4861 sollicitudinem

609 4937 756 5010 (308)
795 4940 1059 4994 Contenta
1091 4939 1250 5006 hujus
1281 4939 1476 5010 capitis
1511 4939 1632 4993 aliis
1670 4939 1918 4994 evenisse
1939 4939 2119 5004 annis,

541 5023 646 5062 non
673 5009 725 5060 in
755 5011 869 5063 sttlo
903 5013 1003 5064 hoc
1035 5011 1246 5071 itinere,
1278 5025 1343 5064 ex
1374 5018 1630 5064 contextu
1661 5010 1851 5078 liquet.

607 5078 756 5149 (ἰοῦ)
793 5079 1112 5134 Cmnobiutn
1164 5091 1244 5134 est
1289 5080 1444 5149 longe
1488 5080 1924 5147 celeberrimum,
1958 5081 2120 5134 situm

539 5148 604 5200 ad
645 5147 879 5218 L‘get'itn
909 5151 1160 5204 diteecsis
1193 5147 1626 5215 Aurelianensis,
1674 5151 1878 5218 dequo
1921 5151 2121 5217 passim

537 5219 834 5289 scriptorcs
879 5221 1075 5274 Rerum
1117 5221 1588 5276 Benctlictiuarum
1627 5219 1900 5289 J'cpczius,
1931 5220 2122 5275 lluccl-

537 5287 704 5346 linus,
743 5289 1100 5346 Mabillouius.
1129 5301 1235 5347 etc.
1693 5287 1705 5289 _
1888 5287 1892 5288 ν
2001 5297 2016 5310 ’

611 5359 761 5428 (510)
809 5359 1030 5416 Videtur
1065 5362 1360 5416 monachus
1391 5363 1480 5416 hic
1523 5361 1687 5416 futsse
1723 5361 1985 5428 Morinos,
2030 5359 2120 5429 qui

540 5429 605 5481 ad
636 5431 838 5484 calcem
865 5447 982 5500 cap.
1017 5429 1124 5501 726,
1161 5431 1400 5501 llugouis
1446 5431 1646 5486 dicitur
1685 5430 1850 5485 fuisse
1883 5431 2120 5486 eleemo-

540 5502 792 5570 synarius
823 5501 960 5570 apud
1003 5500 1170 5554 Stobe
1209 5500 1424 5570 portum
1455 5501 1762 5556 defunctus.
1795 5501 1956 5556 Certe
1981 5502 2122 5555 alius

540 5569 644 5628 tau
701 5571 770 5628 ab
807 5569 1028 5626 auclore
1062 5569 1248 5636 Vitae,
1277 5572 1402 5623 dum
1447 5571 1535 5624 hie
1569 5571 1998 5630 Cantuarieusis.
2035 5570 2120 5623 ille

540 5641 908 5699 Floriacensis
958 5640 1058 5697 fuit
1103 5640 1440 5704 monachus;
1490 5640 1578 5694 hic
1620 5653 1981 5706 quoquenon
2015 5640 2118 5694 nisi

545 5713 698 5780 “nica
731 5726 875 5768 nocte
905 5713 1110 5784 llugoni
1134 5709 1306 5767 abluit.
1356 5709 1455 5764 iste
1469 5709 1888 5764 vcroLiucolnia
1913 5709 2116 5764 Floria-

2227 4532 2408 4587 dere.»
2443 4533 2521 4586 Ad
2551 4533 2690 4588 hanc
2725 4547 2910 4586 vocem
2960 4545 3225 4586 excussus
3258 4547 3286 4584 a
3327 4545 3546 4592 somno,
3583 4529 3650 4580 ita
3691 4539 3784 4577 sus-

2228 4639 2428 4696 pensos
2458 4623 2710 4693 gerebam
2743 4623 2956 4677 animos
2985 4631 3044 4676 ut
3085 4621 3220 4676 nihil
3265 4621 3588 4692 cujusquam
3629 4613 3785 4682 oreris

2231 4722 2464 4769 tractare
2495 4727 2733 4784 possem,
2766 4726 3052 4781 quousque
3082 4711 3148 4765 ad
3176 4725 3271 4766 vos
3302 4710 3404 4763 ista
3435 4709 3694 4766 dicturus,
3721 4712 3782 4764 el,

2228 4805 2274 4860 si
2303 4819 2429 4861 vera
2459 4813 2667 4872 essent,
2695 4819 2816 4874 quae
2845 4803 3149 4868 audieram,
3182 4801 3515 4874 probaturus
3549 4795 3782 4850 venirem.

2227 4937 2352 4998 cum
2402 4941 2601 4998 missus
2653 4948 2710 4996 et
2779 4939 2906 4995 inde
2963 4939 3135 4994 redux
3185 4934 3574 4993 Dorcacestriae
3626 4942 3786 4985 sacras

2229 5013 2496 5080 reliquias
2510 5011 2741 5082 ﬁngorti
2767 5010 3136 5082 prtesentavit.

2297 5069 2448 5207 ἷῖγιί)
2491 5069 2577 5140 0b
2595 5069 2810 5138 dientet'n
2833 5082 2886 5136 in
2911 5076 3340 5162 metiteCassino
3367 5091 3396 5130 a
3417 5069 3784 5196 qpodamclatp

2317 5162 2487 5207 atum.
2535 5161 2594 5207 ιιι
2633 5154 2775 5207 anud
2813 5151 3056 5207 Bollantl.
3091 5165 3144 5203 tn
3181 5146 3298 5201 Vtta
3331 5145 3390 5200 S.
3479 5143 3652 5198 enedu
3671 5151 3702 5193 ιι
3729 5139 3758 5190 lt

2225 5139 2594 5227 ablatum,ut
2633 5154 2775 5227 apud
2813 5151 3056 5227 Boll_antl_.
3091 5150 3144 5203 in
3181 5146 3298 5227 Vita
3331 5145 3390 5200 S.
3427 5139 3786 5227 pepedit-lilia

2226 5227 2411 5294 gitur,
2438 5212 2650 5294 cogitur
2669 5212 2774 5294 diti
2802 5221 3206 5294 restitutionem
3247 5217 3314 5276 is,
3347 5212 3783 5294 qui.absluleral:

2228 5281 2319 5350 hic
2343 5281 2482 5348 mira
2507 5281 2599 5348 Dei
2625 5292 2962 5362 providentia
2981 5298 3232 5362 monetur
3252 5297 3316 5362 et_
3333 5281 3556 5362 urgetur
3575 5281 3786 5334 aurifex.

2229 5375 2290 5420 ttt
2319 5364 2600 5420 ﬂuaonem
2626 5355 2793 5416 adeat
2828 5360 3045 5415 dentem
3069 5357 3269 5412 annulo
3305 5355 3632 5410 inclusurus.

2235 5483 2238 5486 .
2299 5425 2454 5502 (315)
2493 5431 2692 5490 Locus.
2723 5430 2866 5485 unde
2896 5425 3604 5502 episcopatusLincolniatn
3637 5431 3788 5474 trans-

2227 5495 2372 5560 latus
2397 5495 2517 5558 fuit.
2544 5502 2796 5556 Castrum
2829 5495 2958 5570 vero
2985 5495 3342 5570 Bativenbiria
3371 5497 3462 5570 ubi
3489 5495 3670 5570 situm,
3691 5502 3786 5570 non

2229 5571 2668 5646 invettio.__Fo_rte
2692 5569 2974 5646 Lincolnia
3005 5583 3108 5646 n_on
3133 5567 3318 5646 procul
3341 5565 3544 5646 aberit,
3585 5562 3784 5630 triginta

2235 5643 2349 5699 fero.
2374 5642 2700 5698 milliarihns
2733 5639 2988 5697 distans'a
3017 5639 3412 5694 Dorcaccstria.

3917 245 3923 280 l
