3976 6292
180 327 305 382 1085

1509 315 1692 371 \‘lTA.
1731 343 1801 354 —
1843 314 1974 371 LII}.
2004 316 2066 376 γ.

3303 321 3414 381 086

159 460 197 510 Vr
227 437 362 493 Ecce
391 431 553 501 igitur
591 441 713 499 ego,
769 437 825 484 et
853 443 981 486 ecce
1008 429 1260 485 utensilia
1289 431 1436 486 mea!
1483 429 1590 514 Yos
1627 428 1731 484 uti-
1759 432 1810 492 Α
1837 428 2052 485 cialiter
2073 435 2450 495 attrectamus,
2480 436 2536 485 et
2559 429 2740 486 debito
2770 446 2892 486 eum
2923 433 3127 492 honore
3147 439 3416 494 servanda

175 529 295 590 mini
345 521 566 580 artificis
614 535 800 592 opera,
843 521 989 577 sicut
1036 521 1242 578 scitis»
1296 521 1424 578 Haec
1467 521 1732 592 siquidem

173 618 386 680 artilicis
419 613 674 670 revelatio
705 623 868 683 atque
907 614 1101 669 relatio
1126 623 1181 670 et.
1211 613 1595 670 certitudinem
1645 629 1735 670 re-

172 709 445 782 liquiarum
473 701 768 766 roboravit,
789 711 845 756 et
863 702 1162 757 cumulavit
1187 702 1431 757 laetitiam
1455 703 1733 768 omnibus,

170 805 254 876 qui
288 808 576 872 prmsentes
601 798 704 852 ista
739 807 1128 867 cognoverant.
1166 797 1408 854 Partitus
1439 806 1524 855 est
1550 806 1732 854 autem

169 893 474 964 quibusdam
502 889 786 944 abbatibus
823 897 879 944 et
905 889 1045 957 aliis,
1073 889 1166 960 qui
1191 889 1573 954 interfuerunt,
1601 890 1734 946 viris

169 982 420 1055 religiosis
449 981 610 1036 homo
639 980 1057 1038 liberalissimus
1099 981 1474 1052 portiunculae
1500 981 1566 1038 de
1591 980 1734 1052 palla

168 1090 317 1145 quam
341 1081 686 1142 susceperat;
737 1072 955 1128 dentem
998 1088 1130 1130 vero
1167 1073 1492 1132 suavissime
1537 1073 1736 1144 saepius

167 1163 519 1222 deosculatum
551 1163 604 1217 in
631 1162 834 1220 annulo
855 1179 956 1220 suo
989 1164 1196 1221 recludi
1226 1164 1379 1220 fecit.

227 1273 375 1344 Apud
397 1273 682 1344 Festapnm
707 1274 856 1344 (5l3)
878 1290 1092 1346 quoque
1110 1275 1322 1346 insigne
1345 1273 1732 1331 monasterium

165 1367 227 1420 de
249 1379 368 1420 osse
396 1365 602 1420 brachii
645 1365 794 1444 (δη)
839 1367 1167 1422 beatissima:
1207 1367 1409 1423 Christi
1441 1367 1734 1424 dilectricis

163 1456 336 1512 Maria:
387 1455 713 1526 Magdalenze
753 1457 862 1512 duo
913 1458 1188 1514 mordicus
1245 1457 1488 1514 excussit
1538 1458 1729 1514 frusta.

163 1547 331 1616 Ipsum
360 1553 541 1599 autem
565 1560 627 1600 os
659 1546 838 1600 nullus
870 1556 998 1602 tunc
1025 1547 1396 1615 praesentium,
1425 1546 1508 1602 vel
1537 1547 1730 1614 abbas,

163 1636 240 1691 vel
277 1634 572 1690 monachus
592 1636 883 1706 aliquando
908 1637 1218 1706 inspexerat
1244 1637 1480 1708 tegmine
1504 1639 1727 1693 nudum.

163 1729 284 1786 Erat
308 1726 450 1781 enim
471 1725 776 1796 duplicibus
801 1728 993 1799 pannis
1017 1728 1208 1784 sericis
1233 1739 1290 1784 et
1320 1729 1463 1785 lineo
1492 1729 1726 1800 simplici

162 1819 455 1876 arctissime
500 1820 758 1876 insutum.
807 1821 973 1890 Cujus
1014 1822 1408 1893 inspectionem
1448 1823 1575 1878 dum
1615 1822 1729 1892 epi-

161 1925 313 1980 scopo
339 1909 600 1981 ﬂagitanti
632 1912 891 1966 exhibere
918 1913 1094 1968 nullus
1125 1913 1368 1976 auderet,
1398 1913 1510 1979 ille,
1539 1929 1570 1968 a
1594 1929 1730 1984 quo-

161 2003 275 2057 dam
329 2004 545 2058 notario
593 2019 693 2059 suo
733 2000 1047 2075 scalpellum
1087 2005 1376 2075 arripiens,
1411 2004 1730 2062 festinanter

162 2092 241 2147 ﬁla
278 2093 555 2158 dissecuit,
595 2104 759 2165 atque
800 2095 1102 2150 involutum
1149 2094 1280 2150 illud
1324 2095 1599 2160 dissuens,
1641 2110 1728 2151 sa-

159 2183 513 2239 cratissimum
547 2201 610 2240 os
647 2187 729 2240 ori
773 2195 830 2241 et
879 2187 1082 2241 osculis
1131 2187 1247 2241 suis
1288 2195 1606 2241 reverenter
1634 2200 1730 2255 ap-

157 2271 351 2341 plicuit.
382 2274 423 2326 Α
447 2288 558 2343 quo
587 2273 712 2328 dum
745 2274 1102 2343 impressione
1129 2275 1420 2344 digitorum
1446 2275 1580 2330 nihil
1607 2275 1729 2346 qui-

157 2365 598 2428 vissetexcutere,
613 2365 764 2435 prius
777 2366 1056 2432 incisivos,
1073 2367 1268 2422 deinde
1285 2367 1520 2423 molares
1535 2367 1728 2423 dentes

157 2455 412 2524 apposuit,
431 2470 668 2525 quorum
694 2457 900 2512 viribus
927 2458 1062 2512 duas
1085 2458 1208 2512 inde
1253 2458 1417 2512 citius
1448 2459 1727 2527 portiones

157 2547 377 2617 abrupit,
402 2563 545 2617 quas
570 2549 804 2604 dexterre
845 2549 947 2604 ista
996 2549 1290 2604 scribentis
1332 2547 1479 2618 (515)
1525 2549 1726 2612 intulit,

156 2638 222 2692 ita
245 2639 451 2694 dicens:
492 2659 511 2692 ι
545 2641 714 2694 Serva
739 2639 894 2695 nobis
916 2642 1030 2696 haec
1052 2641 1408 2712 peroptime.»
1425 2640 1728 2709 Cernentes

153 2745 272 2786 vero
295 2732 393 2786 hoc
417 2732 592 2787 abbas
618 2742 673 2787 et
697 2733 966 2796 monachi,
995 2734 1107 2803 jam
1137 2733 1344 2803 pridem
1369 2742 1648 2804 stupentes
1675 2740 1730 2786 ct

152 2822 340 2891 pavidi,
365 2836 514 2876 nunc
534 2837 663 2876 vero
684 2823 971 2877 saevientes
995 2833 1050 2876 et
1078 2823 1228 2885 irati.
1251 2823 1724 2878 exclamaverunt:

158 2930 175 2961 ι
208 2909 338 2964 Proh
385 2911 572 2966 nefas!
621 2913 977 2968 credebamus
1016 2913 1328 2984 episcopum
1365 2913 1730 2969 venerationis

151 2998 357 3053 obtentu
391 3001 691 3070 expetiisse
721 3003 835 3057 haec
873 3017 1028 3057 sacra
1060 3003 1358 3068 referenda,
1383 3014 1438 3058 et
1465 3019 1592 3059 ecce
1621 3004 1726 3058 ritu

152 3093 334 3147 canino
373 3095 496 3150 hmc
522 3095 776 3151 dentibus
809 3097 1031 3151 tradidit
1062 3097 1332 3152 lanianda.
1368 3116 1386 3150 ι
1418 3095 1565 3164 Quos
1595 3097 1720 3152 talia
1751 3129 1797 3191 Ο

150 3194 532 3254 prosequentes
553 3186 640 3238 ille
661 3186 870 3242 blandis
892 3188 1232 3242 sermonibus
1252 3187 1516 3254 delinivit,
1541 3188 1724 3244 dicens

148 3274 281 3330 inter
311 3286 515 3332 cmtera
557 3279 780 3333 verbum
815 3279 1203 3334 memorabile:
1245 3297 1263 3331 ι
1297 3280 1378 3346 Si,
1429 3281 1620 3351 inquit,
1651 3280 1726 3350 ip-

149 3367 254 3422 sius
281 3367 470 3424 Sancti
515 3379 826 3425 sanctorum
872 3371 1032 3440 patilo
1061 3380 1188 3426 ante
1217 3387 1416 3442 corpus
1445 3372 1727 3428 sanctissi-

149 3473 286 3514 mum
313 3461 502 3532 digitis
531 3462 658 3516 licet
689 3464 924 3534 indignis
964 3466 1443 3530 eontreclavimns,
1475 3466 1727 3524 dentibus

147 3564 352 3622 quoque
395 3553 488 3608 vel
536 3553 692 3610 labiis
731 3564 1080 3610 attrertatnm
1128 3558 1195 3610 ad
1239 3558 1494 3612 interiora
1541 3569 1726 3612 nostra

148 3646 574 3709 transmisimus,
639 3663 810 3717 quare
871 3665 977 3703 non
1031 3650 1194 3704 etiam
1246 3662 1557 3705 sanctorum
1608 3652 1726 3719 ejus

147 3737 380 3790 membra
404 3737 477 3791 ad
503 3738 672 3793 nostri
699 3739 971 3794 munimen
995 3750 1048 3794 et
1064 3741 1724 3810 ipsorumvenerationem

147 3833 300 3895 atque
325 3831 652 3884 memoriam
673 3830 830 3887 nobis
851 3832 1147 3902 impensius
1174 3834 1566 3889 conciliandam
1591 3835 1729 3890 fido»

210 3960 354 4031 (513)
403 3963 562 4039 Nunc
603 3966 970 4039 Fiseamuum,
1017 3969 1174 4039 vulgo
1223 3967 1446 4032 Fescon.
1489 3987 1582 4026 seu
1617 3971 1722 4026 Fe-

144 4045 308 4100 ramp,
341 4050 443 4102 pro
487 4037 810 4108 virginibus,
849 4040 992 4092 circa
1035 4037 1234 4093 annum
1284 4041 1388 4094 658
1419 4041 1723 4108 fumlatum,

145 4117 280 4155 nuuc
323 4107 720 4181 Ilionaehorum
747 4110 991 4181 _ord.AS.
1031 4110 1292 4181 Benedaa
1331 4127 1428 4164 sua
1453 4113 1562 4181 jam
1600 4107 1724 4167 inde

145 4176 566 4237 restauratione,
599 4178 796 4232 szcenlo
827 4196 858 4233 x
892 4179 1052 4234 facta.
1085 4179 1215 4235 Vide
1241 4176 1514 4236 Mabilloit.
1544 4183 1722 4238 tom.~l

141 4240 330 4297 Annal.
366 4245 596 4322 Ben_etl.,
619 4248 900 4322 pagairlﬂ,
931 4260 985 4306 et
1016 4260 1145 4306 tom.
1178 4251 1240 4317 ll,
1280 4269 1336 4322 p.
1375 4253 1506 4317 540,
1533 4268 1596 4308 ac
1627 4253 1726 4308 itc-

140 4325 259 4386 rum
281 4325 413 4369 tom.
451 4316 540 4379 IV,
563 4316 733 4386 pagfl
746 4319 836 4374 52.

210 4384 360 4460 (ἵξμ)
384 4384 576 4460 eum
595 4384 662 4443 de
687 4391 948 4458 reliquiis.
964 4393 1092 4460 quin
1115 4392 1254 4446 etde
1276 4393 1514 4449 brachiis
1537 4393 1597 4448 Β.
1616 4394 1725 4450 Ma-

1835 518 2014 584 nobis,
2050 531 2174 574 cum
2203 517 2433 574 facultas
2465 519 2645 587 datur,
2673 534 2797 604 non.
2814 522 3179 590 acquirimus?
3213 545 3234 579 ι

1903 606 2026 661 Alio
2069 622 2284 678 quoque
2330 616 2571 678 tempore
2615 609 2756 680 apud
2803 610 3031 681 burgum
3079 612 3264 671 Sancti
3311 615 3416 672 Pe-

1837 699 1904 754 tri
1937 699 2089 768 (3I6)
2140 700 2206 756 de
2236 700 2460 757 brachio
2499 701 2719 770 gloriosi
2751 703 2893 773 regis
2934 714 2990 760 et
3035 709 3290 778 martyris
3319 710 3420 766 Os-

1835 789 1995 845 waldi
2019 791 2184 861 (quod
2205 793 2383 849 adhuc
2409 809 2531 849 cum
2558 795 2772 852 ossibus
2801 807 2857 851 et
2882 797 3038 866 pelle,
3071 814 3236 854 carne
3255 802 3417 856 etiam

1834 889 2077 946 cruenta;
2113 889 2368 951 tanquam
2399 895 2650 941 recentcr
2675 885 2741 941 de
2771 902 2998 956 corpore
3025 888 3146 943 vivo
3174 889 3418 946 excisum

1835 976 2194 1044 monstratur)
2233 992 2484 1044 nervum,
2515 977 2605 1048 qui
2639 980 3001 1050 prominebat,
3048 981 3248 1036 lentum
3280 998 3420 1053 quo-

1833 1081 1938 1136 que
1958 1076 2015 1122 et
2043 1067 2256 1123 mollem
2287 1072 2452 1125 ductu
2481 1085 2540 1126 se
2571 1073 2935 1127 contrectanti
2969 1074 3263 1144 praebebat,
3306 1074 3419 1128 rul-

1825 1159 1966 1214 ‘tello
1995 1159 2220 1227 excidit,
2249 1171 2415 1232 atque
2448 1162 2772 1220 servandum
2795 1163 2940 1219 ornni
2965 1181 3086 1220 cum
3118 1165 3418 1221 reverentia

1833 1250 1936 1308 sibi
1969 1251 2212 1307 retinuit.

1903 1342 2033 1398 Haec
2080 1343 2265 1414 itaque
2319 1359 2442 1399 eum
2493 1345 2632 1408 aliis,
2680 1361 2815 1416 quas
2841 1361 3164 1402 enumerare
3198 1345 3416 1416 longum

1832 1445 1936 1502 est,
1976 1437 2150 1492 sacris
2182 1435 2424 1505 reliquiis
2449 1436 2500 1492 in
2534 1438 2733 1491 annulo
2760 1439 3064 1508 composuit
3084 1437 3279 1508 sa-pius
3306 1451 3419 1491 tne-

1834 1537 2064 1582 morato.
2093 1525 2229 1583 Cum
2260 1535 2441 1581 autem
2474 1525 2592 1581 vice
2622 1527 2850 1596 quadam
2895 1543 2924 1580 a
2957 1527 3203 1596 partibus
3232 1534 3384 1581 trans
3405 1551 3418 1564 ι

1833 1619 2062 1674 marinis
2109 1620 2346 1674 venisset
2391 1618 2753 1681 Lincolniam,
2794 1619 2936 1673 hunc
2977 1619 3235 1672 annulum
3270 1630 3418 1670 more

1833 1710 2059 1765 solemni
2092 1711 2144 1766 in
2171 1726 2367 1765 munus
2394 1710 2667 1766 obtulerat
2693 1724 2858 1780 super
2897 1709 3068 1763 altare
3095 1709 3266 1762 beatae
3291 1706 3428 1761 Vir--

1833 1801 1973 1871 ginis
2004 1800 2257 1855 similiter
2287 1801 2357 1854 ibi
2385 1801 2796 1855 asservandum.
2829 1799 2996 1866 Ilujus
3035 1809 3218 1869 postea
3264 1797 3420 1852 obla-

1833 1891 1996 1945 tionis
2027 1891 2332 1954 immemor,
2380 1891 2552 1959 ipsum
2603 1906 2820 1960 quoque
2859 1891 3018 1946 t0ties
3060 1897 3419 1944 memoratum

1829 1979 2088 2034 annulum
2114 1981 2591 2036 Carthusiensibus
2622 1998 2744 2036 eum
2772 1983 2988 2037 cancris
3025 1983 3142 2035 dari
3176 1981 3420 2050 reliquiis

1831 2070 2135 2140 imperavit.
2175 2070 2308 2126 Cum
2339 2079 2519 2125 autem
2566 2072 2632 2124 ad
2679 2072 2993 2126 incinoriam
3024 2072 3072 2125 ei
3116 2070 3422 2126 reduxisset

1830 2163 2129 2217 monachus
2153 2178 2284 2218 suus
2311 2163 2484 2234 (317),
2513 2163 2750 2234 ipsorum
2784 2178 3067 2217 sacrorum
3095 2171 3304 2225 custos,
3338 2161 3419 2213 fa.

1829 2263 1971 2308 ctam
2022 2253 2091 2308 ab
2138 2268 2204 2308 eo
2252 2253 2461 2323 pridem
2509 2252 2695 2307 annuli
2742 2253 3112 2314 donationem,
3157 2250 3414 2304 annulum

1823 2343 1984 2413 jussit
2016 2343 2268 2401 Ecclesia!
2300 2343 2659 2400 Lincolniensi
2688 2343 2929 2408 restitui;
2975 2343 3248 2410 capsulam
3291 2355 3420 2393 vero

1829 2452 1893 2490 ex
1921 2451 2054 2488 auro
2099 2447 2154 2489 et
2178 2436 2410 2504 gemmis
2457 2435 2831 2498 fabrefactum,
2875 2449 2995 2502 qua:
3025 2433 3164 2500 apml
3194 2429 3414 2484 Lincol-

1830 2527 1974 2580 niam
2008 2526 2108 2580 fuit
2140 2527 2192 2581 in
2227 2527 2445 2581 scriniis
2478 2527 2616 2589 suis,
2663 2527 2745 2581 eis
2790 2526 3106 2579 mittendam
3153 2523 3320 2588 dedit,
3367 2522 3420 2575 in

1828 2632 1934 2686 qua
1961 2626 2358 2686 reponerentur
2383 2615 2592 2672 collata:
2623 2617 2793 2687 ipsius
2818 2617 3058 2686 reliquize
3083 2625 3420 2670 sanctorum.

1831 2711 1983 2778 Quod
2013 2711 2205 2765 eodem
2241 2710 2510 2766 monacho
2541 2719 2825 2781 satagente
2855 2718 2976 2779 post
3003 2723 3284 2764 excessum
3315 2705 3420 2760 viri

1829 2802 2002 2857 sancti
2035 2802 2313 2872 impletum
2341 2811 2445 2857 est.
2685 2813 2688 2816 ’

2391 2891 2621 2946 CAPUT
2661 2890 2827 2946 XXII.

1827 2985 1908 3040 De
1957 2985 2085 3039 locis
2125 3001 2244 3054 quae
2283 2985 2615 3053 pertransirit
2669 2985 2735 3037 de
2773 2983 3056 3037 Carthasiu
3087 2985 3140 3038 in
3171 2983 3420 3052 Angliam

1902 3053 2226 3120 revertendo,
2257 3065 2304 3108 el
2341 3057 2406 3108 de
2442 3053 2556 3123 ejus
2594 3055 2752 3122 gestis
2789 3054 2842 3107 in
2882 3054 3091 3120 iisdem,
3123 3066 3169 3108 et
3195 3054 3422 3123 qualiter

1902 3072 2226 3120 revertendo,
2257 3072 2304 3108 et
2341 3072 2406 3108 ae
2442 3072 2556 3178 eiu
2594 3072 2752 3122 gem:
2789 3072 2842 3107 m
2882 3072 3091 3120 iuueni,
3123 3072 3169 3108 er
3195 3072 3422 3123 qunttter

1898 3127 2058 3197 fuerit
2107 3137 2386 3194 antequam
2434 3127 2438 3130 ’
2501 3124 2786 3178 ondonium
2860 3125 3050 3178 veniret
3110 3125 3422 3196 (egritudine

1897 3207 2264 3266 pergravalus.

1899 3285 2124 3354 Expleta
2153 3300 2281 3340 vero
2321 3284 2606 3356 largitione
2639 3279 2884 3353 prmfata,
2925 3283 3210 3353 cpiscopus
3233 3282 3303 3336 ad
3330 3283 3418 3336 in-

1829 3373 2028 3429 feriora
2064 3390 2453 3430 conversorum
2496 3374 2804 3429 habitacula
2835 3375 3090 3428 continue
3121 3373 3418 3428 descendit.

1829 3465 1924 3522 Dic
1950 3475 2162 3536 postera
2185 3467 2487 3522 Cartliusiae
2511 3466 2604 3522 Dei
2627 3465 3060 3522 benedictionem
3085 3465 3416 3534 imprecans,

1826 3569 1881 3614 et
1910 3575 2062 3614 suam
2097 3559 2353 3630 largiens,
2384 3574 2614 3629 corpore
2639 3569 2796 3614 tenus
2836 3559 3088 3613 discessit
3129 3574 3157 3611 a
3194 3557 3328 3620 loro,
3364 3557 3417 3609 in

1827 3667 1936 3722 quo
1959 3653 2122 3708 corde
2144 3651 2348 3724 jugiter
2375 3653 2674 3722 permansit
2700 3661 2755 3707 et
2791 3652 2995 3706 animo.
3047 3650 3285 3720 Rogatus
3319 3663 3420 3701 au-

1829 3754 1936 3801 tem
1966 3745 2166 3814 szepius
2210 3741 2605 3798 instantissime
2655 3759 2684 3797 a
2716 3743 2832 3798 viro
2860 3744 3056 3797 devoto
3087 3749 3137 3794 et
3168 3750 3416 3802 strenuo,

1827 3839 1995 3910 priori
2027 3836 2208 3892 Sancti
2241 3836 2471 3891 Dominii
2499 3835 2670 3908 (518),
2699 3843 2966 3905 quatenus
2993 3835 3230 3896 domum,
3251 3845 3413 3900 quam

1825 3981 1879 4027 et
1898 3971 2178 4034 asseritnr,
2196 3971 2338 4040 quod
2358 3968 2678 4040 E:hrlllcda,
2701 3968 2804 4022 lilia
2821 3965 3232 4040 regis/Elfredi,
3255 3983 3271 4014 ι
3293 3980 3417 4040 ossa

1826 4041 1885 4095 Β.
1916 4041 2146 4098 Oswaldi
2169 4035 2311 4111 regis
2342 4057 2405 4094 ex
2426 4039 2801 4111 Bai-deneiaad
2831 4035 2930 4111 hoc.
2951 4039 3328 4111 Glocesl‘rensr
3355 4035 3416 4088 S.

1826 4111 1973 4166 Petri
1999 4106 2303 4166 easnoltitint
2331 4110 2684 4164 transtulerit.
2719 4129 2737 4162 ι
2768 4109 3130 4177 |ltidem,pag.
3155 4107 3275 4171 ΜΞ,
3294 4106 3422 4177 Bar-

1827 4182 2147 4238 dcneianum
2164 4181 2550 4240 monasterium
2567 4180 2617 4233 in
2640 4195 2770 4250 agro
2783 4175 3145 4250 Lincolniensi
3160 4175 3425 4250 describi:

1829 4261 1936 4318 tttr,
1971 4270 2034 4307 ac
2060 4253 2203 4306 inter
2247 4263 2443 4307 caetera
2467 4246 2800 4314 memoratur
2834 4269 2851 4301 ‹
2878 4265 3076 4317 corpus
3109 4246 3416 4318 S.Usvva|di

1828 4316 2060 4392 primum
2099 4323 2412 4377 Bardeneize
2441 4320 2710 4388 sepultum
2748 4320 2836 4374 ubi
2862 4316 3025 4392 erant
3059 4319 3116 4392 id
3156 4316 3418 4387 temporis

1834 4390 2063 4447 trecenti
2087 4394 2396 4454 monachi,»
2423 4401 2525 4445 etc.
2555 4391 2686 4457 Quzc
2708 4392 2832 4444 dum
2860 4390 2960 4460 legi
2988 4390 3197 4460 etinter
3213 4399 3424 4442 se‘con-

137 4451 228 4538 ria:
242 4451 573 4538 Magdalenas
587 4451 1230 4538 reccu‘sentliolli:ndiani,
1245 4462 1355 4538 μγ,
1374 4466 1730 4538 mensisJulii.
1764 4484 1812 4538 ι)
1837 4463 1954 4538 tulii
1973 4465 2110 4538 coepi
2130 4451 2378 4538 dubitare
2395 4451 2704 4538 debrachio
2725 4461 2849 4514 dicti
2877 4451 3215 4538 Sintlsvvahli,
3241 4466 3420 4538 utrum

140 4521 439 4581 Verum'de
470 4530 569 4582 hoc
592 4544 713 4584 osse
736 4530 936 4586 brachii
967 4533 1108 4586 nulla
1140 4521 1354 4587 ab'illis'
1379 4533 1438 4588 lit
1469 4537 1690 4590 mentio.

209 4595 362 4666 (515)
406 4597 656 4666 Seipsum
695 4612 884 4654 auctor
907 4603 1178 4669 intelligit.
1206 4602 1354 4658 Unde
1375 4613 1428 4657 et
1449 4606 1561 4659 hate
1583 4607 1727 4661 actio

135 4669 516 4744 uno_es__tril_ms
538 4673 822 4744 postrema
841 4673 967 4744 vitae
981 4671 1284 4740 S.Ilugonis
1307 4675 1462 4728 annis
1477 4677 1723 4744 r0atigit.

206 4735 359 4807 (516)
403 4739 557 4813 ᾼριςό
584 4740 817 4813 {iurgant
839 4741 896 4796 S.
934 4741 1096 4796 Petri.
1125 4735 1445 4798 Cmoobium
1469 4760 1566 4813 per
1589 4735 1726 4800 ³ὶὶιί-

135 4819 301 4881 quum
329 4808 454 4862 ord.
481 4809 544 4881 AS.
577 4811 773 4881 Bened.
808 4812 859 4864 in
893 4812 1106 4881 Anglia.
1135 4814 1268 4867 alias
1299 4808 1498 4873 dictum
1536 4815 1722 4870 Petro-

135 4873 434 4949 bttrgense,
461 4879 526 4933 de
551 4895 658 4947 quo
696 4873 1035 4936 Mabillonitis
1061 4873 1185 4936 tom.
1222 4884 1238 4937 I
1266 4884 1462 4937 Annal.
1495 4883 1720 4949 Bened.,

135 4945 200 4998 ad
223 4964 314 5001 an.
344 4948 474 5003 655.
499 4945 656 5002 Aliud
678 4962 757 5006 est
780 4951 1016 5018 ejusdem
1047 4954 1240 5009 ibidem
1264 4955 1470 5009 ordinis
1494 4957 1550 5008 S.
1576 4945 1720 5012 Petri

135 5020 543 5094 monasterium
563 5020 1065 5094 GlocestrenseaDe
1091 5025 1280 5094 priori,
1309 5025 1518 5080 scilicet
1539 5025 1724 5080 l’etro—

133 5084 395 5162 burgensi
442 5089 616 5162 fusius
659 5091 835 5162 agitur
868 5094 940 5146 in.
967 5084 1575 5162 Monastici'Anglicaui
1611 5106 1648 5150 ι.
1678 5096 1722 5162 Ι,

132 5168 186 5242 p.
343 5175 413 5214 ex
438 5176 546 5242 quo
566 5157 864 5242 clausulam
888 5164 1027 5242 addo
1054 5183 1066 5219 :
1100 5183 1118 5214 ι
1148 5170 1305 5242 Anno
1329 5157 1452 5242 9719,
1483 5165 1541 5220 S.
1566 5157 1726 5242 Adel;
1797 5226 1800 5228 γ

130 5227 348 5305 tvoldus
377 5227 664 5305 episcopus
687 5232 978 5305 Wintonite
1004 5236 1278 5291 transtulit
1314 5236 1379 5290 de
1409 5227 1726 5294 einmeterio

131 5301 185 5376 il}
232 5301 528 5376 ecclesiam
565 5301 823 5376 reliquias
869 5305 928 5360 S.
960 5307 1253 5372 Swithuni,
1282 5317 1414 5370 etc.,
1456 5318 1726 5364 monaste-

132 5372 276 5449 rium
306 5372 478 5426 etiam
516 5376 582 5449 de
624 5373 1092 5449 Medeshamstede
1120 5376 1596 5449 (Petr'oburgcusc)
1641 5395 1727 5434 re.-

129 5447 390 5524 slaurarp
419 5445 606 5524 coepit,
633 5454 689 5499 et
718 5445 944 5524 bttrgum
974 5447 1031 5502 S.
1066 5445 1210 5524 Petri
1241 5445 1548 5524 appellavit,
1577 5445 1726 5524 anno

130 5508 620 5590 desolationis'sure
645 5508 1486 5590 aequalitercentesimaj-llanc
1516 5508 1726 5576 desola-

136 5581 344 5636 tionem
377 5581 577 5639 factam
601 5587 669 5641 ad
697 5581 900 5641 annum
918 5587 1021 5641 77b
1047 5589 1212 5644 refert
1234 5589 1574 5648 Mabillonius
1597 5601 1636 5645 t.
1662 5589 1726 5646 Ill

130 5649 332 5727 ῥῃιιδι.
360 5653 589 5721 Bened.,
614 5672 667 5727 p.
696 5656 818 5727 167.
845 5657 1020 5727 Ροηό
1043 5659 1113 5714 de
1136 5661 1466 5719 monasterio
1495 5661 1534 5716 S
1579 5660 1725 5716 Petri

131 5719 510 5783 Glocestrensi
535 5719 784 5798 agiturin
811 5726 1088 5787 Monastici
1113 5730 1263 5801 Augl.
1297 5742 1424 5786 tom.
1453 5731 1489 5792 1,
1521 5749 1569 5802 p.
1606 5735 1722 5796 108,

1836 4535 1890 4586 in
1922 4525 2445 4602 Petrolmrgensivel
2469 4532 2519 4583 in
2545 4529 2905 4602 Glorestrensi
2933 4529 2989 4581 S.
3010 4528 3150 4602 Petri
3173 4525 3422 4602 coenobio

1827 4602 2119 4657 exstiterit.
2146 4595 2252 4656 Séd
2276 4601 2494 4654 dubium
2523 4601 2699 4662 solxit,
2720 4599 2883 4667 quod,
2912 4609 2968 4650 ut
2993 4596 3156 4650 refert
3177 4595 3422 4650 Mabillo-

1829 4674 1958 4727 nius
1988 4683 2026 4726 t.
2053 4671 2112 4731 V,
2139 4670 2329 4724 Annal.
2349 4687 2470 4740 pag.
2491 4670 2616 4723 475.
2637 4668 2885 4740 Caput_S.
2913 4667 3272 4740 (glsvvaldi‘una
3298 4679 3420 4740 cum

1827 4757 2058 4813 corpore
2073 4740 2130 4813 _S.
2145 4737 2450 4813 Chutbc'rti,
2464 4756 2607 4813 anno
2626 4741 2756 4794 1004
2769 4780 2782 4802 ,
2805 4737 2967 4813 fuerit
2987 4738 3036 4813 in
3060 4737 3288 4813 ecclesia
3317 4737 3420 4788 Du-

1825 4806 2088 4867 neh'neusi
2107 4823 2400 4880 repertum.
2418 4809 2478 4873 Si.
2495 4810 2636 4863 enim
2653 4817 2813 4880 caput
2827 4811 2881 4863 S.
2904 4808 3064 4877 Regis
3079 4806 3416 4880 Dunehnnm,

1829 4898 1930 4938 cur
1960 4899 2065 4936 non
2087 4891 2138 4936 et
2166 4875 2408 4949 ejusdem
2433 4875 2800 4949 brachinm‘ad
2828 4875 3212 4932 lltttlttlSICr-Illtt
3239 4875 3423 4949 Petro-

1828 4953 2095 5023 bnrgeuse
2121 4946 2298 5022 poiuit
2336 4950 2614 5005 transferri
2642 4950 2756 5004 sive
2781 4947 3098 5014 Bardeueia,
3138 4949 3252 5002 sive
3285 4946 3418 5001 Glo-

1829 5023 2028 5080 cestria
2047 5024 2070 5076 ?
3364 5075 3368 5080 .

1905 5094 2054 5165 (5|?)
2091 5091 2566 5165 Monachnsxsnus.
2599 5089 2750 5165 Quod
2794 5090 3270 5165 seipsnm‘auetor
3328 5086 3418 5141 hic

1833 5158 2045 5228 innuat,
2070 5163 2204 5219 satis
2237 5163 2473 5216 imlieant
2499 5162 2779 5230 sequentia
2807 5177 2821 5213 :
2857 5158 2886 5212 ί
2910 5161 3061 5226 Quod
3087 5158 3276 5231 eodem
3304 5173 3418 5210 mo-

1834 5237 2009 5290 nacho
2029 5244 2306 5303 satageute
2337 5242 2456 5302 post
2486 5228 2770 5303 exc—essunt
2803 5231 2901 5286 viri
2935 5232 3114 5303 sancti
3136 5228 3415 5297 impletum

1835 5314 1940 5361 est.
1972 5325 1990 5357 ι
2020 5301 2241 5358 AuctOri
2263 5301 2464 5374 ctenim
2487 5314 2690 5372 quanta
2710 5302 2862 5374 llugo
2885 5313 3012 5358 ante
3032 5301 3234 5356 obitum
3257 5312 3414 5351 suum

1835 5375 2197 5437 commiserit,
2230 5373 2368 5428 infra
2395 5374 2624 5428 dicetur.
2808 5373 2813 5374 ⁷
2963 5377 2970 5383 ’

1901 5447 2051 5518 (518)
2091 5433 2238 5518 Cella
2269 5445 2492 5518 est,_cni
2514 5443 2810 5518 aliquando
2840 5442 3052 5512 prchuit
3075 5439 3282 5518 genus
3308 5433 3414 5517 Ye-

1825 5507 2298 5590 nerabjlisiabbas
2341 5507 2730 5590 Cltt_ltiarteitsis.
2917 5528 3024 5581 quo
3072 5507 3414 5590 hla'ltilltittitts

1831 5586 2056 5658 tont.7V,
2088 5585 2307 5658 Annal.,
2337 5586 2519 5658 μω
2556 5604 2628 5640 :.r
2662 5585 2998 5658 (iniistitutus
3052 5590 3173 5658 est,
3220 5585 3413 5658 inquit,

1831 5649 2052 5713 deinde
2085 5657 2235 5713 cellae
2290 5649 2357 5712 de
2399 5657 2632 5713 Domena
2677 5655 2926 5710 diwcesis
2956 5649 3414 5720 Gratianopolita-

1832 5746 1912 5786 nae
1942 5730 2281 5800 przepositus.
2327 5748 2345 5781 ι
