3962 6458
184 394 351 452 1389
370 420 375 424 δ

1572 393 1749 450 VITA.
1779 426 1849 436 —-
1884 397 2011 450 LIB.
2056 396 2094 451 ν

3339 414 3488 473 1090

176 510 439 568 liberius
482 507 791 565 inserviret.
839 505 937 575 Qui
986 508 1152 563 nostri
1201 484 1472 587 poI'itilicis
1516 508 1677 579 longo
1718 526 1782 565 ex
1817 520 1862 576 Α
1894 512 2173 566 munitam
2230 508 2381 578 Quoi
2426 525 2554 582 erga
2600 528 2697 570 nos
2728 514 3114 576 Cluniacenses
3145 523 3245 580 hoc
3288 529 3486 588 ordine

177 610 457 671 tempore
480 609 787 654 exaestuans
812 597 1100 663 desiderio,
1116 597 1275 651 aifatu
1299 598 1470 668 ipsius
1489 608 1543 654 et
1565 608 1787 669 aspectu

173 693 465 761 cupiebat
514 686 780 754 refoveri;
827 689 971 757 quod
1012 690 1177 743 etiam
1209 704 1305 758 per
1344 690 1789 757 internuntiosei

174 796 344 853 sa‘pe
375 783 708 836 inuoluerat.
740 778 1088 835 Processerat
1122 780 1339 849 quidem
1370 780 1454 834 vir
1481 780 1573 836 ille
1602 781 1795 836 beatus

173 881 236 935 in
270 881 484 937 diebus
520 880 656 945 suis,
694 888 750 935 et
787 881 1057 935 mediante
1076 879 1190 950 jam
1219 882 1508 934 mundanae
1537 879 1674 935 lucis
1705 897 1796 936 oc-

171 997 323 1039 casu
361 983 436 1037 ad
466 983 952 1038 indeterminabilis
986 984 1091 1040 diei
1122 984 1432 1053 suspirabat
1464 985 1789 1056 ingressum.

132 1083 139 1089 ’
170 1089 301 1146 Nec
314 1090 620 1145 dissimiles
635 1091 824 1157 animi,
842 1091 1089 1161 quamvis
1104 1086 1157 1147 in
1179 1101 1338 1146 aetate
1358 1091 1603 1147 dissimili
1619 1092 1786 1163 (5‘27).

170 1201 395 1248 nostro
424 1191 664 1261 pontifici
692 1202 870 1247 erant.
896 1191 1014 1248 Jam
1041 1194 1186 1248 enim
1211 1193 1412 1249 caduca
1436 1193 1644 1260 omnia,
1668 1208 1790 1263 qua:

172 1293 355 1347 annis
380 1293 487 1348 sub
538 1292 741 1347 teneris
793 1307 1009 1362 semper
1064 1292 1460 1363 vilipenderat,
1519 1293 1573 1347 in
1634 1292 1786 1363 gravi

169 1395 358 1450 etiam
393 1394 616 1450 fastidio
657 1395 907 1451 habebat.
936 1396 1135 1467 Optato
1178 1398 1343 1466 igitur
1381 1405 1609 1466 uterque
1642 1398 1787 1468 poti-

172 1495 270 1540 tus
318 1485 623 1555 colloquio,
664 1486 861 1557 singuli
896 1488 1247 1547 conscientiae
1281 1502 1392 1543 suae
1433 1502 1680 1543 recessus
1719 1503 1785 1543 ex

170 1577 431 1633 alterum
511 1578 815 1633 sanctitatis
876 1577 1122 1650 fulgore,
1189 1579 1315 1634 dtnn
1378 1594 1474 1633 sna
1544 1580 1785 1635 vicissim

168 1668 413 1722 occulta
462 1667 743 1737 pandunt,
789 1667 1183 1747 splendidiores
1221 1668 1472 1725 reddunt.
1515 1668 1616 1736 Qui
1668 1679 1785 1725 tan-

168 1759 309 1811 dem
366 1758 535 1813 simul
580 1757 646 1812 ad
696 1773 983 1813 commune
1038 1757 1269 1814 fratrum
1325 1760 1566 1814 omnium
1620 1775 1783 1815 vene-

168 1865 317 1911 runt
389 1857 742 1926 colloquium.
806 1855 959 1912 Tunc
1020 1873 1050 1911 a
1111 1856 1475 1917 Lincolniensi
1531 1858 1782 1914 dominus

167 1956 476 2027 quondam
501 1955 747 2012 Belensis
775 1954 1005 2011 formam
1034 1956 1184 2026 pacis
1208 1956 1355 2011 inter
1378 1970 1532 2027 reges
1563 1965 1782 2014 nostros

170 2048 337 2104 initae
388 2048 498 2103 sibi
545 2047 699 2117 petiit
723 2061 907 2102 coram
934 2045 1199 2102 fratribus
1234 2048 1428 2102 retexi.
1474 2044 1608 2100 Nam
1650 2061 1780 2102 eon-

166 2141 397 2197 (τοι-ἀίω
456 2141 669 2195 illorum
729 2139 901 2210 ipsum
943 2138 1256 2194 interfuisse
1305 2147 1653 2209 cognoverat.
1698 2139 1781 2193 Ad

166 2248 349 2301 quam
395 2233 501 2287 viri
547 2232 679 2287 tanti
724 2231 1038 2301 petitionem
1084 2231 1522 2287 ferventissimus
1570 2232 1781 2287 ordinis

163 2320 422 2385 zela'tor.
476 2324 617 2379 haud
662 2323 874 2379 modice
925 2323 1302 2389 contristatus,
1359 2322 1684 2392 itaJeniter
1722 2331 1781 2377 et

165 2416 343 2486 quasi
381 2414 623 2484 joeando
663 2414 773 2468 ait:
827 2431 846 2465 ι
885 2412 930 2469 0
960 2412 1143 2478 Pater,
1196 2414 1472 2484 inquiens,
1522 2429 1776 2468 rumores

168 2504 381 2559 audire
409 2505 473 2558 et
497 2502 701 2558 referre
724 2503 829 2558 etsi
859 2502 1021 2557 liceat
1047 2504 1456 2572 episcopis,sed
1488 2505 1777 2559 monachis

170 2609 285 2648 non
319 2593 491 2659 licet;
532 2593 586 2647 in
623 2593 788 2648 cellas
833 2593 917 2648 vel
955 2593 1252 2648 claustrum
1288 2609 1535 2649 rumores
1566 2595 1775 2665 ingredi

170 2697 283 2736 non
314 2682 491 2748 licet,
516 2681 677 2736 urbes
699 2681 968 2745 deserere,
997 2681 1127 2760 etin
1152 2681 1499 2737 solitudinem
1528 2698 1775 2739 rumores

171 2771 381 2827 ali‘erre
402 2787 511 2828 non
537 2771 682 2826 licet.
709 2789 728 2820 ι
752 2769 876 2825 11ωο
904 2771 1090 2826 dicens
1119 2772 1186 2826 ad
1215 2771 1514 2841 spiritualis
1541 2771 1776 2827 aadifica-

173 2863 345 2918 tionis
355 2863 626 2928 studium,
640 2862 948 2932 postpositis
961 2862 1289 2927 rumoribus,
1310 2863 1469 2918 verba
1482 2865 1721 2918 converti
1731 2873 1769 2919 t.

246 2951 522 3023 Sequitur
568 2966 731 3022 quam
769 2952 964 3006 devote
1012 2951 1329 3007 Cluniaenm
1386 2952 1581 3007 adierit
1619 2952 1770 3022 (528)

169 3052 229 3099 et
288 3059 462 3113 quam
540 3042 994 3098 reverendiSsime
1044 3059 1075 3097 a
1133 3053 1285 3098 tanta
1347 3043 1489 3099 illius
1566 3054 1772 3099 saneta:

171 3136 551 3193 multitudinis
616 3136 917 3207 frequentia
977 3145 1241 3205 exceptus
1288 3136 1390 3198 sit.
1452 3145 1507 3190 et
1561 3148 1766 3205 quanta

169 3229 418 3298 ejusdem
490 3229 929 3300 congregationis
1006 3228 1261 3283 instantia
1332 3228 1509 3282 triduo
1576 3243 1764 3283 secum

165 3320 416 3385 morari;
493 3327 658 3389 atque
714 3317 863 3374 vires
910 3327 1033 3388 post
1085 3318 1324 3372 laborem
1385 3317 1457 3372 sit
1520 3316 1765 3386 compul-

167 3426 262 3467 sus
317 3425 630 3467 resumere.
684 3408 851 3477 Cujus
902 3409 1005 3465 loci
1059 3408 1398 3478 disciplinam
1447 3408 1500 3461 in
1554 3407 1764 3471 choro,

164 3502 221 3557 in
257 3503 520 3559 claustro
558 3511 613 3557 et
656 3502 709 3557 in
761 3500 1070 3565 refectorio,
1107 3501 1252 3555 inter
1284 3513 1379 3555 eos
1420 3497 1779 3554 familiariter-

166 3596 362 3652 missas
404 3595 670 3651 diversas
702 3593 1007 3657 celebrans,
1035 3601 1090 3647 et
1131 3607 1256 3646 cum
1286 3591 1366 3645 eis
1391 3590 1598 3661 pariter
1628 3604 1763 3644 eon-

161 3703 415 3756 vescens,
442 3703 586 3744 cum
616 3686 829 3758 plenius
861 3686 1181 3741 attendisset
1209 3699 1272 3739 ac
1296 3683 1588 3755 plurimum
1619 3698 1764 3738 com-

165 3782 510 3845 mendasset,
548 3780 629 3834 sic
647 3778 864 3834 demum
896 3777 1004 3832 ait:
1042 3794 1061 3828 ι
1101 3775 1260 3840 Vere,
1303 3775 1346 3830 si
1389 3775 1563 3828 locum
1593 3775 1759 3843 hunc,

167 3879 227 3925 ut
250 3871 436 3938 modo,
482 3868 862 3941 pervidissem,
891 3877 947 3922 et
974 3868 1203 3923 necdum
1248 3866 1593 3921 Carthusiam
1627 3865 1761 3920 ada-

170 3975 440 4037 massent,
496 3984 657 4025 suum
698 3983 785 4024 me
829 3965 1118 4024 Cluniacns
1159 3965 1480 4030 monachum
1520 3961 1757 4017 fecisset.

169 4061 450 4129 Quoddam
483 4063 629 4116 inter
653 4069 849 4116 caetera
881 4058 1113 4129 speciale
1152 4057 1347 4113 ibidem
1379 4056 1529 4109 vidit'
1549 4064 1606 4111 et
1644 4055 1759 4110 lauo

167 4152 335 4220 davit,
367 4138 519 4224 quod
555 4149 756 4206 idcirco
786 4149 1024 4205 breviter
1057 4142 1594 4218 pag'inm'lnserimns
1630 4145 1757 4214 quia

167 4257 195 4296 a
222 4244 378 4299 beato
417 4243 721 4298 Benedicto
744 4241 1047 4297 institutum
1075 4239 1144 4294 ab
1170 4236 1422 4293 omnibus
1443 4235 1642 4305 ubique
1674 4236 1757 4289 loc-

1900 613 2325 699 compleveruut.
2371 613 2498 670 Post
2524 620 2921 687 susceptionem
2969 624 3227 698 episcopi,
3269 646 3490 700 preces-

1900 702 2051 758 sione
2080 703 2264 759 festiva
2298 719 2659 777 perceptaque
2695 710 2841 765 illius
2878 713 3275 787 benedictione,
3306 723 3481 792 ipsum

1898 800 2150 859 dominus
2188 806 2335 875 prior
2375 807 2425 860 in
2466 807 2787 866 locutorium
2826 814 3074 881 deduxit;
3123 817 3211 873 ubi
3256 837 3377 876 cum
3418 839 3485 881 eo

1897 906 2058 969 sedit,
2091 908 2386 977 assumptis
2430 910 2635 980 pariter
2676 922 2731 968 et
2771 915 3078 973 senioribus
3116 919 3181 974 de
3213 934 3480 979 conventu

1897 1004 2122 1061 circiter
2149 1004 2454 1063 duodecim.
2496 1007 2649 1065 Unus
2693 1015 3064 1072 assistentium
3095 1033 3222 1075 veto
3252 1019 3479 1077 fratrum

1898 1104 2141 1159 codicem
2193 1106 2389 1176 regula:
2413 1110 2700 1177 pastoralis
2726 1112 2788 1167 Β.
2819 1112 3065 1186 Gregorii
3097 1132 3268 1187 papaa,
3317 1136 3476 1189 quem

1899 1192 1966 1247 ad
2009 1192 2113 1248 hoc
2166 1194 2341 1281 ipsum
2386 1198 2634 1254 manibus
2679 1200 2901 1257 allatum
2949 1205 3201 1273 tenebat,~
3233 1211 3476 1277 aperuit;

1894 1296 2301 1367 procedensque
2355 1299 2406 1353 in
2436 1302 2710 1371 'medinm,
2750 1305 3052 1375 capitulum
3087 1323 3253 1364 unum
3294 1321 3481 1380 aperte

1892 1395 1949 1441 et
2007 1386 2261 1443 distincte
2317 1392 2384 1444 ad
2430 1390 2838 1460 intelligendum
2893 1401 3262 1464 percurrendo
3326 1401 3474 1471 legit.

1890 1476 2009 1544 Quo
2047 1479 2335 1547 completo,
2364 1479 2585 1537 ineunte
2623 1485 2823 1553 priore,
2874 1486 3031 1542 linem
3067 1489 3283 1545 lectioni
3326 1490 3473 1556 fecit,

1889 1577 1940 1621 et
1968 1568 2253 1639 episcopus
2281 1572 2531 1627 similiter
2561 1575 2626 1628 ad
2658 1586 2843 1630 nutum
2887 1578 3084 1647 prioris
3129 1581 3275 1638 dicto
3304 1582 3479 1638 Bene-

1888 1669 2045 1723 dicite
2074 1668 2324 1740 loquendi
2356 1673 2627 1729 licentiam
2659 1679 3013 1744 prasentibus
3035 1681 3202 1737 dedit.

1963 1768 2142 1825 Sedet
2181 1770 2503 1826 Cistcrcium
2551 1772 2698 1844 (5:29)
2748 1776 2949 1830 cursim
2996 1782 3472 1847 pertransivimns.

1893 1856 2012 1925 Quo
2053 1861 2305 1925 divertit,
2350 1870 2409 1915 nt
2456 1862 2745 1916 missarum
2796 1864 3057 1919 solemnia
3110 1868 3163 1921 in
3213 1869 3474 1938 prtet-lata

1886 1948 2182 2008 festivutate
2241 1953 2641 2022 Assumptionis
2692 1953 2785 2008 Dei
2842 1954 3131 2011 Genitricis
3193 1960 3473 2016 celebrare

1883 2040 2168 2110 potuisset.
2209 2039 2381 2097 Gallia
2434 2058 2669 2113 namque
2720 2045 2969 2099 universa
3003 2052 3470 2117 prteterqua-dam

1883 2131 2223 2204 privilegiata
2255 2135 2582 2190 monasteria
2612 2149 2672 2189 ea
2700 2146 3019 2209 tempestate
3046 2138 3145 2193 sub
3174 2138 3463 2202 interdicta

1882 2223 1985 2279 fuit
2006 2225 2182 2296 (3'50).
2218 2225 2423 2281 Deinde
2458 2241 2682 2299 comprs
2716 2227 2960 2295 effectus,
2993 2241 3049 2285 et
3072 2230 3297 2285 fratrum
3329 2232 3473 2288 illius

1880 2315 1984 2371 loci
2023 2318 2359 2372 orationibus
2392 2319 2822 2392 commendatus,
2859 2320 3270 2378 Claramvallem
3314 2325 3468 2394 (551)

1880 2425 2094 2485 quoque
2144 2411 2399 2487 visitavit.
2460 2411 2683 2467 Miserat
2731 2414 2998 2483 siquidem
3040 2425 3241 2471 sancta:
3284 2432 3468 2471 recor-

1878 2502 2116 2556 dationis
2136 2501 2374 2556 Joannes
2406 2502 2554 2571 (552)
2592 2504 2863 2571 quondam
2913 2504 3350 2576 Lugdunens'um
3377 2523 3469 2561 ar-

1877 2589 2253 2658 cltiepisc0pns
2298 2590 2348 2642 in
2371 2605 2660 2645 occursum
2691 2591 2807 2660 ejus
2829 2594 3092 2663 quosdam
3126 2597 3467 2653 verezabiles

1876 2679 2045 2744 viros,
2073 2679 2272 2735 obnixe
2300 2679 2628 2751 supplicans,
2660 2695 2926 2752 quatenus
2953 2685 3056 2741 sibi
3087 2685 3141 2739 in
3173 2685 3292 2741 loco
3322 2703 3464 2756 pra:-

1875 2779 2064 2825 notato
2088 2770 2453 2825 commoranti
2484 2771 2613 2849 olim
2635 2773 2994 2828 desideratam
3026 2776 3325 2843 praesentia.
3347 2792 3465 2832 suae

1874 2862 2085 2931 copiam
2112 2861 2418 2933 exhiberet.
2450 2861 2583 2928 Quia
2619 2863 2733 2932 jam
2755 2879 2870 2919 mvo
2896 2864 3078 2931 gravis
3107 2864 3283 2920 ollicio
3315 2882 3462 2923 cura:

1871 2953 2161 3024 pastoralis
2205 2955 2631 3027 renuntiaverat,
2658 2957 2989 3024 retentisque
3011 2957 3269 3031 duntaxat
3302 2959 3459 3026 jussu

1872 3046 2072 3101 summi
2126 3044 2395 3116 pontificis
2431 3045 2735 3116 insignibus
2777 3040 3022 3115 pristinis
3056 3047 3108 3102 in
3143 3048 3235 3104 illo
3272 3060 3460 3104 sancto

1871 3138 2123 3195 coenobio
2182 3153 2352 3193 sacrae
2405 3138 2847 3215 contemplationi
2919 3138 3139 3195 sedulus
3205 3140 3453 3196 vacabat.

1874 3228 2186 3285 Sciscitanti
2230 3238 2411 3283 autem
2460 3231 2735 3298 episcopo,
2793 3228 2990 3298 quibus
3016 3227 3130 3299 jam
3158 3228 3460 3300 Srripturis

1871 3321 2245 3377 meditationis
2269 3334 2380 3374 suae
2409 3320 2625 3390 negotia
2650 3320 2992 3390 potissimum
3024 3319 3350 3382 devovisse'.
3380 3322 3456 3378 ita

1869 3412 2189 3482 respondit:
2211 3430 2231 3463 ι
2259 3410 2623 3476 Psalntornnt,
2653 3409 2845 3481 inquit,
2878 3411 3158 3467 meditatio
3185 3410 3299 3466 sola
3337 3417 3454 3482 jam

1866 3504 2084 3575 penitus
2114 3512 2285 3560 totum
2316 3518 2402 3558 me
2423 3503 2526 3559 sibi
2551 3503 2881 3558 vendieavit.
2917 3521 2937 3555 ι
2980 3502 3057 3557 Ex
3102 3503 3185 3558 his
3214 3506 3461 3574 quotidie

1867 3611 2062 3653 recens
2095 3605 2151 3652 et
2178 3597 2434 3652 continue
2455 3594 2769 3651 demnlcens
2802 3595 3081 3651 interioris
3100 3596 3337 3671 hominis
3360 3611 3459 3668 pa-

1864 3686 2034 3741 latum
2068 3687 2201 3741 mihi
2232 3686 2471 3751 refectio
2494 3687 2812 3741 indeiiciens
2830 3684 3036 3758 jugiter
3066 3686 3377 3742 innovatur.

1934 3777 2063 3834 Post
2089 3778 2211 3843 hoc,
2235 3777 2621 3833 monasterium
2651 3776 2834 3832 Sancti
2862 3776 3086 3847 Remigii
3116 3775 3263 3848 (555)
3289 3790 3454 3835 secis

1863 3865 2209 3928 Remensium
2260 3866 2534 3921 civitatem
2595 3867 2757 3921 situm
2797 3866 3105 3922 sanctitatis
3149 3868 3452 3937 magnifica:

1861 3955 2150 4023 laetiticavit
2183 3971 2427 4012 accessu.
2482 3955 2582 4012 Ubi
2611 3966 2855 4029 moratus
2881 3970 2979 4027 per
3010 3955 3246 4011 triduum
3277 3957 3447 4012 libro-

1862 4072 1981 4111 rum
2017 4056 2364 4126 antiquorum
2407 4055 2620 4125 copiam
2666 4056 2741 4110 ibi
2788 4056 3080 4125 repositam
3123 4055 3277 4111 miral
3305 4065 3449 4123 stur,

1860 4136 2245 4207 ntodernoru'm
2282 4146 2613 4205 dcsidiosam
2651 4146 2986 4215 exprobrans
3017 4146 3304 4215 incuriam,
3351 4147 3447 4218 qui

1859 4254 1964 4294 non
2004 4239 2178 4294 solum
2219 4238 2440 4294 Patrum
2487 4238 2747 4297 studiain
2774 4238 3074 4299 condendis
3099 4238 3253 4295 libris
3283 4251 3446 4309 atque

166 4349 351 4409 σεθνιιεη
412 4334 732 4399 ῐηοηειοιιῖε,
780 4346 879 4388 ποθ
935 4331 1133 4386 Ῐθεῐιιῐη
1176 4329 1442 4384 miram“?
1494 4336 1551 4384 ει
1599 4326 1797 4397 quasi“
1856 4332 2160 4389 scribendis
2194 4332 2439 4388 (nuntiari
2494 4333 2825 4399 detrectant,
2867 4335 2963 4391 sed
3017 4347 3193 4403 neque
3240 4334 3440 4404 legere,

166 4425 421 4483 oblivioni
473 4426 758 4481 traditum.
810 4424 991 4494 Agens
1032 4437 1266 4491 namque
1289 4420 1357 4476 de
1394 4419 1756 4489 suscipiendis

164 4515 469 4588 hospitibus
522 4517 576 4571 in
627 4512 833 4585 Regula
882 4529 980 4568 sua
1030 4512 1379 4567 beatissimus
1425 4511 1754 4565 Benedictus

1856 4440 1951 4481 seu
1988 4435 2297 4482 reverenter
2319 4425 2511 4481 saltem
2545 4435 2781 4483 tractare
2805 4442 2835 4481 a
2860 4424 3113 4483 Patribus
3136 4424 3446 4483 elaborato:

1856 4516 2072 4571 codices
2113 4531 2298 4571 sacros
2335 4515 2727 4573 student..liic
2760 4512 3047 4573 vasculum
3080 4530 3297 4585 quoque
3344 4530 3443 4583 per

165 4608 307 4665 inter
350 4620 552 4666 czetera
594 4607 758 4663 dicit:
807 4604 1034 4676 Legatur
1076 4618 1253 4657 coram
1301 4602 1501 4670 hospite
1536 4601 1620 4655 lea:
1667 4601 1752 4654 di»
1778 4620 1831 4679 υ
1856 4604 2164 4661 columbam
2213 4606 2429 4662 caelitus
2470 4604 2703 4660 delatam
2733 4607 2898 4661 beato
2931 4604 3179 4674 Remigio
3210 4604 3442 4661 miratus

165 4698 303 4765 cina,
346 4711 403 4753 ut
445 4697 772 4768 ωάὶβεειιιη
800 4693 989 4749 deinde
1030 4692 1267 4747 omnisei
1294 4689 1603 4745 exhibentur
1642 4691 1747 4744 hu-

235 4895 380 4966 (527)
419 4893 823 4966 Sexagenariiis
870 4892 1123 4947 nimirum
1168 4900 1282 4945 tum
1299 4900 1464 4966 “erat,
1491 4891 1571 4966 ait
1604 4890 1750 4947 Chif-

166 4959 338 5018 ﬂetins
362 4960 429 5020 ex
459 4959 643 5030 Sutrio,
671 4964 730 5019 S.
753 4964 908 5030 Hugo
926 5003 941 5026 ,
970 4978 1091 5018 cum
1113 4973 1234 5017 erat
1257 4961 1463 5018 affecta:
1482 4961 1594 5030 jam
1620 4973 1749 5018 teta—

166 4978 338 5018 uetms
363 4982 429 5020 ex
459 4978 643 5030 anno,
672 4978 730 5019 δ.
753 4978 834 5018 rtu
874 4978 908 5017 o
926 5003 941 5026 ,
970 4978 1091 5018 eum
1113 4978 1234 5017 erat
1257 4978 1463 5018 auecue
1482 4978 1594 5030 jam
1620 4978 1742 5018 tnta:

166 5035 234 5120 iis
358 5037 697 5120 Artbaitdus,
743 5050 810 5120 ac
840 4978 1742 5120 gortasse.uonagenariotna‘jor.

169 5100 359 5177 Senem
395 5106 708 5177 capularem
737 5118 861 5177 eum
887 5113 1045 5177 vocat
1073 5103 1239 5177 abbas
1282 5100 1565 5177 Morotins.
1604 5100 1745 5177 Cen-

170 5174 427 5244 tenariam
460 5173 763 5242 crederem,
796 5175 871 5240 si,
905 5183 963 5229 ut
993 5174 1210 5241 dicitur,
1244 5175 1452 5244 primus
1484 5174 1579 5227 fuit
1606 5173 1742 5229 Car-

169 5242 357 5314 thusiae
384 5246 615 5302 Alveria:
648 5247 815 5314 prior.

234 5312 382 5383 (3‘28)
422 5312 733 5370 Clunincnm
804 5315 1047 5379 adierit,
1124 5314 1226 5370 sub
1291 5312 1515 5384 Hugone
1563 5314 1604 5369 V
1672 5329 1737 5370 ex

168 5379 492 5457 Raditigeitsi
522 5388 718 5442 abbate
742 5385 1105 5457 Cluniacensi.
1136 5386 1211 5441 De
1232 5379 1493 5457 Cluni'aeo
1515 5384 1741 5457 ejusque

172 5452 449 5527 abbatibus
502 5458 681 5527 agitur
734 5457 787 5511 in
839 5452 1737 5527 bibliothecmCluniac.AAndt’ea:

170 5519 484 5593 Quen-celaui
518 5519 610 5582 seu
636 5527 712 5581 Du
742 5526 974 5593 Chesne,
1002 5537 1057 5582 et
1083 5529 1133 5581 in
1158 5524 1345 5584 Gallia:
1366 5524 1566 5583 Christ.
1596 5534 1742 5581 tomo

168 5589 252 5656 IV,
285 5595 385 5668 col.
420 5597 555 5668 H_l7
592 5608 646 5653 et
701 5612 817 5667 seq.
846 5597 942 5652 llic
962 5589 1210 5668 refertur
1260 5595 1492 5668 insignis
1520 5595 1742 5668 Clunia-

172 5664 402 5746 fettsium
450 5665 565 5735 ejus
592 5664 850 5739 temporis
879 5669 996 5722 laus
1049 5683 1079 5722 a
1136 5667 1196 5724 S.
1258 5664 1481 5738 Hugone
1534 5666 1744 5723 Lincol-

172 5742 356 5787 ntensi.
664 5772 670 5781 ρ
702 5777 722 5792 ,

195 5801 376 5887 λδᾷρ)
404 5804 515 5887 .Se_d
572 5819 618 5864 et
667 5808 996 5887 Cislercium,
1032 5808 1281 5887 deﬂui)
1324 5808 1505 5887 etiam-
1532 5807 1584 5862 in
1613 5807 1740 5887 Gai-

174 5865 250 5924 lia:
293 5865 609 5936 Christiana:
651 5886 790 5936 tom.‘
828 5878 919 5935 IV.
963 5865 1068 5934 col.
1098 5865 1205 5936 980'
1232 5878 1595 5937 Benedictinte
1626 5880 1739 5935 edi-

1852 4706 1909 4753 et
1933 4707 2222 4753 veneratus
2250 4705 2354 4762 est,
2383 4696 2437 4759 in
2461 4710 2570 4767 quo
2589 4693 2794 4768 jugiter
2816 4696 2883 4751 ad
2915 4694 3222 4755 unctionem
3248 4707 3440 4764 regum

1853 4894 2036 4950 tionis.
2087 4893 2454 4952 Celeberrimo
2498 4894 2617 4951 loco
2647 4903 2776 4950 tunc
2804 4901 3035 4964 praeerat
3061 4893 3231 4949 abbas
3260 4893 3439 4952 Guido

1850 4966 1918 5032 ll,
1944 4978 2127 5036 postea
2155 4966 2448 5021 cardinalis
2472 4967 2761 5035 episcopus
2782 4963 3167 5036 pnenestitms.

1924 5032 2071 5107 (550)
2106 5037 2264 5091 Anno
2310 5036 2468 5103 H99,
2506 5032 2917 5107 illud—propter
2963 5032 3257 5107 divortium
3294 5034 3437 5090 inter

1850 5105 2029 5172 regem
2055 5105 2116 5177 et
2142 5107 2383 5173 reginam
2418 5106 2836 5177 promulgatum,
2877 5113 2931 5161 et
2961 5119 3103 5177 anno
3127 5105 3261 5177 lit)!
3299 5108 3432 5161 sub~

1850 5123 2029 5172 regem
2062 5123 2116 5161 et
2142 5123 2383 5173 reginam
2456 5123 2836 5177 rommgaunn,
2877 5123 2931 5161 et
2961 5123 3103 5158 anno
3133 5123 3261 5159 tzm
3299 5123 3318 5160 s

1847 5177 2014 5232 latum
2046 5176 2167 5247 fuit.
2197 5177 2273 5231 Ita
2317 5178 2386 5247 de
2413 5123 2616 5247 Bangis
2643 5187 2691 5242 et
2724 5174 3000 5247 Trivettns
3030 5175 3083 5229 in
3113 5175 3318 5247 Chron.

1913 5248 2061 5318 (551)
2098 5245 2312 5302 Claram
2337 5244 2596 5318 “Ya‘llem,
2646 5247 2767 5318 s_nb_
2802 5245 3071 5318 Guidone
3096 5244 3313 5318 abbate,
3369 5256 3428 5300 ut

1844 5315 2132 5374 colliao’ex
2165 5325 2299 5371 tom.
2335 5315 2401 5372 IV
2426 5315 2614 5373 Gallia:
2643 5315 2845 5372 Christ.
2877 5316 2983 5372 col.
3013 5315 3137 5372 796.

1914 5383 2064 5459 (532)
2092 5386 2174 5459 7A»
2205 5386 2353 5441 bellis
2408 5387 2658 5459 manibus
2709 5388 3149 5459 cognominatus.
3217 5401 3278 5440 ea
3338 5383 3429 5459 Pi-

1839 5455 2106 5515 ctaviensi
2145 5455 2866 5529 designatusNarbonensis
2909 5459 3164 5529 primum.
3199 5471 3321 5529 mox
3346 5456 3424 5508 fa-

1846 5528 1966 5584 ‘ctu's
1987 5542 2127 5584 anno
2160 5526 2314 5593 1181,
2343 5527 2779 5597 archiepiscopus
2809 5526 3202 5597 Lugdunensis,
3228 5527 3296 5581 de
3317 5542 3428 5596 quo

1848 5598 2185 5670 plttr:Lt_om_t)
2209 5598 2271 5652 IV
2304 5598 2489 5655 Callia:
2519 5598 2720 5670 Christ.
2748 5599 2850 5653 col.
2888 5598 3010 5670 150.

1917 5668 2069 5737 (555)
2107 5667 2486 5724 Monasterium
2531 5668 2592 5723 S.
2639 5668 2878 5738 Remigii.
2932 5668 3007 5723 De
3069 5667 3192 5728 hoc,
3242 5675 3299 5721 et
3350 5664 3420 5721 de

1846 5752 2005 5795 sacra
2035 5739 2266 5808 ampulla
2294 5741 2415 5794 vide
2441 5739 2602 5794 tonui
2625 5739 2912 5794 Annalium
2932 5737 3266 5793 Benedicti".
3297 5752 3421 5807 pagi

1846 5809 1934 5872 6|,
1966 5809 2187 5864 Joannis
2218 5809 2535 5872 Mabillenii,
2568 5811 2658 5878 qni
2706 5810 2763 5864 in
2805 5810 2904 5867 hoc
2938 5809 3267 5866 monasterio
3296 5821 3423 5863 vota

1848 5882 2145 5938 tuonast‘ci
2179 5881 2288 5937 Deo
2321 5881 2671 5951 nuneupavit.
