3976 6292
522 325 651 384 10M

1405 317 1461 374 S.
1499 317 1806 375 llUGONlS
1845 313 2060 398 EPtSC.
2100 311 2412 368 LINCOLN.
2451 313 2610 369 ΟΜ).
2651 313 2909 370 C.\ll'l‘ll.

3626 318 3745 378 1092

520 437 765 499 Franciae
816 435 960 494 sacri
1019 433 1246 493 balsami
1299 431 1452 502 copia
1517 432 1756 486 rediviva
1814 428 2092 484 exuberat.
2127 424 2324 485 Avilla
2351 439 2494 496 saepe
2515 425 2683 491 dicta,
2709 421 2798 481 ubi
2829 439 2941 482 rem
2973 426 3361 499 prodigiosam,
3408 442 3529 499 qua:
3559 433 3760 489 tunciu-

591 535 727 591 Cum
775 542 955 588 autem
995 529 1328 602 pervenisset
1356 526 1424 581 ad
1461 532 1702 580 castrum
1757 523 1944 578 Sancti
1987 521 2098 576 Au-

522 626 732 681 domari
768 625 942 696 (554),
975 623 1118 693 quod
1147 637 1178 676 a
1225 627 1382 690 portu
1433 615 1761 672 Wistandite'
1781 615 1929 685 (555)
1983 613 2102 669 titil-

523 718 663 772 libus
692 716 880 770 decem
906 712 1240 782 abjungitur.
1269 709 1344 763 lbi
1376 721 1672 778 parumper
1712 722 1739 760 a
1783 704 2102 777 fatigatione

521 809 743 863 diutina
780 815 906 862 ante
955 804 1122 859 maris
1175 803 1481 873 ingressum
1513 799 1665 853 duxit
1700 799 2101 869 respirandum.

525 897 654 952 Erat
694 898 818 951 inde
855 893 994 950 haud
1033 891 1218 962 procul
1255 891 1419 944 situm
1470 888 1858 944 monasterium
1894 887 2104 943 ordinis

522 988 919 1052 Cistercicnsis,
949 984 1104 1040 Clara
1139 982 1332 1038 Mareis
1367 980 1517 1054 (556)
1555 981 1624 1035 ab
1660 981 1851 1035 incolis
1896 995 2105 1036 nuncu-

521 1089 727 1150 patum.
768 1077 1005 1131 Instabat
1039 1074 1204 1130 etiam
1256 1082 1378 1144 post
1426 1071 1665 1126 triduum
1712 1071 1948 1142 gloriosa
2009 1087 2100 1128 so-

522 1170 777 1225 lemuitas
827 1166 1141 1221 Nalivitatis
1189 1173 1466 1235 perpetuae
1509 1164 1747 1234 Virginis
1792 1173 1849 1219 et
1888 1164 2102 1219 miseri-

521 1259 721 1316 cordia:
752 1239 962 1313 matris.
1000 1256 1227 1311 Nolebat
1257 1265 1438 1310 autem
1474 1255 1764 1325 episcopus
1805 1253 2043 1326 elongari
2074 1269 2104 1309 a

521 1349 713 1403 vicinia
747 1348 870 1410 luci,
902 1363 1009 1417 quo
1038 1347 1217 1401 divina
1244 1344 1505 1399 celebrari
1533 1343 1728 1400 licebat
1756 1354 1880 1399 ante
1907 1344 2102 1398 festum

519 1441 654 1493 adeo
701 1438 1044 1504 praeclarum,
1090 1453 1158 1492 ue
1203 1437 1346 1493 forte
1372 1450 1504 1489 aura
1535 1435 1885 1490 dissentiente
1909 1436 1960 1489 in
1993 1436 2106 1490 An-

520 1528 681 1599 gliam
708 1530 773 1582 ad
805 1529 907 1583 hoc
936 1528 1323 1584 celebrandum
1354 1525 1532 1580 minus
1567 1526 1884 1596 tempestive
1911 1541 2109 1580 occur-

519 1631 685 1675 reret.
718 1621 835 1691 Ipsa
877 1621 1039 1692 igitur
1065 1620 1171 1686 die,
1195 1637 1298 1691 qua
1341 1619 1405 1675 ad
1441 1619 1696 1675 Sanctn‘m
1740 1618 2105 1672 Audomarum

521 1716 691 1777 venit,
731 1713 832 1766 sibi
873 1728 1066 1767 venam
1102 1711 1262 1766 incidi
1297 1711 1448 1775 fecit,
1482 1727 1589 1780 quo
1633 1709 1856 1764 liberius
1900 1719 1954 1764 et
1994 1710 2107 1765 ala-

2204 517 2400 582 notuit,
2430 513 2617 588 paucis
2643 519 2995 589 explicamus.

2276 609 2457 666 Pistor
2478 612 2697 682 quidam
2721 611 2951 668 farinam
2975 613 3062 668 die
3087 612 3368 668 Dominica
3395 625 3763 685 consperserat,

2207 702 2348 756 unde
2377 701 2622 772 sequenti
2656 712 2812 757 nocte
2843 718 3010 772 panes
3034 719 3253 773 quoque
3279 703 3502 757 venales
3552 714 3760 760 coxerat.

2205 792 2354 859 Quos
2383 792 2510 844 dum
2539 806 2700 846 mane
2729 794 3007 863 sequentis
3037 793 3187 847 feria:
3218 793 3560 862 protraheret
3581 806 3643 848 ex
3676 794 3761 849 cli-

2206 882 2370 947 bauo,
2394 882 2552 951 panis
2575 882 2797 952 quidam
2821 885 2872 938 in
2902 884 3212 954 pavimento
3240 883 3458 938 fortiter
3477 883 3650 940 allisus
3672 883 3763 941 fra-

2205 981 2417 1028 cturam
2445 973 2591 1039 fecit,
2623 975 2766 1030 unde
2792 990 2916 1030 mox
2937 975 3216 1045 sanguinis
3238 975 3411 1039 rivus,
3455 975 3543 1043 qui
3596 991 3758 1045 pane

2207 1065 2631 1136 circumquaque
2662 1066 2928 1132 inliceret,
2953 1067 3177 1123 ellluxit.
3209 1067 3328 1134 Quo
3358 1067 3527 1136 pistor
3553 1067 3656 1122 viso
3676 1069 3762 1124 tale

2208 1165 2520 1225 portentum
2549 1157 2903 1212 vehementer
2929 1157 3166 1226 expavit.
3194 1155 3394 1209 Panem
3425 1155 3643 1223 denique
3661 1169 3762 1210 cru-

2208 1255 2395 1302 entum
2423 1247 2696 1302 frustatim
2729 1248 3069 1313 comminuit,
3099 1257 3155 1302 et
3182 1263 3279 1318 per
3320 1247 3564 1318 singulas
3589 1248 3762 1303 fractu-

2210 1357 2300 1397 ras
2329 1356 2578 1397 cruorem
2601 1342 2866 1412 liquidum
2895 1343 3104 1398 stillare
3130 1341 3286 1395 vidit.
3312 1339 3498 1410 Fregit
3529 1349 3578 1394 et
3623 1355 3763 1409 panes

2211 1430 2347 1486 alios
2369 1440 2531 1500 atque
2565 1431 2722 1496 alios,
2753 1440 2807 1488 et
2846 1432 2898 1486 in
2929 1432 3182 1487 omnibus
3207 1429 3527 1485 fracturosis
3547 1445 3763 1486 cruorem

2211 1521 2522 1591 implentem
2573 1523 2693 1579 illos
2746 1523 2982 1594 aspexit.
3039 1523 3385 1579 Conterritus
3452 1521 3628 1591 itaque
3673 1532 3764 1578 tatu

2213 1624 2557 1670 monstruoso
2584 1624 2780 1670 eventu
2814 1631 2982 1686 panes
3010 1631 3109 1686 per
3131 1631 3294 1670 unam
3345 1613 3462 1669 fere
3507 1614 3763 1669 hebdom-

2214 1708 2360 1773 dam,
2390 1721 2457 1763 ne
2481 1709 2550 1764 ab
2577 1708 2698 1764 aliis
2723 1709 3056 1774 viderentur,
3080 1707 3397 1764 occultavit.
3446 1706 3551 1762 Sed
3579 1707 3761 1762 interim

519 1804 668 1858 crius
695 1814 813 1872 post
833 1804 1059 1872 expleta:
1088 1803 1442 1857 observantia:
1466 1779 1676 1870 tempus
1705 1803 1868 1872 (quod
1897 1803 1949 1856 in
1976 1802 2104 1857 που-
2134 1779 2180 1840 Β
2210 1798 2529 1855 mercenarii
2561 1815 2655 1855 seu
2676 1799 2838 1855 vicini
2862 1800 2980 1871 ejus
3004 1800 3056 1854 id
3080 1800 3224 1869 quod
3255 1799 3527 1854 acciderat
3545 1798 3606 1851 ad
3629 1812 3761 1854 aures

519 1895 756 1948 botnmia
803 1894 925 1962 quis
958 1895 1234 1948 vindicare
1263 1895 1364 1948 sibi
1394 1893 1552 1963 solet)
1581 1895 1944 1975 desideratam
1983 1911 2109 1966 per-

519 1983 728 2056 coleret
765 1984 1163 2038 celebritatem.
1209 1983 1328 2039 Jam
1361 1987 1507 2040 enim
1556 1987 1748 2041 diebus
1793 1987 2002 2056 aliquot
2052 1989 2106 2042 in

519 2051 743 2146 singulis
767 2076 1046 2140 membris,
1068 2087 1123 2132 et
1147 2077 1198 2131 in
1222 2093 1452 2148 corpore
1471 2094 1572 2134 suo
1598 2087 1731 2145 toto,
1757 2080 2106 2148 gravedinem

515 2181 640 2220 cum
664 2167 812 2222 lento
841 2171 1076 2238 quodam
1114 2169 1300 2224 dolore
1325 2180 1574 2226 senserat
1609 2172 1934 2227 accrevisse.
1981 2172 2111 2228 Post

519 2258 873 2313 minutionem
899 2275 1028 2314 vero
1056 2261 1193 2314 adeo
1222 2261 1275 2315 in
1301 2262 1603 2317 continenti
1649 2263 1763 2318 haec
1795 2263 1908 2334 ipsa
1939 2263 2105 2319 mole-

519 2350 624 2402 stin
661 2359 1008 2420 auginentata
1039 2360 1122 2406 est
1157 2361 1211 2406 ut
1254 2352 1320 2406 de
1365 2369 1570 2419 mensa,
1600 2369 1704 2424 qua
1735 2355 2105 2421 discubuerat,

520 2450 644 2492 cum
687 2439 770 2491 vix
821 2440 1095 2494 modicum
1148 2440 1277 2509 quid
1328 2452 1624 2512 gustasset,
1677 2444 1890 2498 caeteris
1930 2446 2108 2501 adhuc

518 2527 802 2582 edentibus
852 2529 1149 2585 abscedere
1210 2539 1268 2585 et
1290 2531 1474 2587 lectuli
1534 2533 1775 2602 quieteut
1826 2535 1979 2590 adire
2033 2536 2107 2591 sit

517 2621 846 2691 compulsus.
896 2622 1068 2689 Quem
1118 2639 1265 2693 mox,
1309 2635 1368 2680 ut
1414 2628 1680 2682 cervicem
1724 2608 2104 2699 rccliuavcrat,

518 2712 687 2766 sudor
746 2710 937 2766 al'fudit
999 2713 1476 2782 allluentissimus,
1533 2718 1623 2787 qui
1679 2719 1768 2773 die
1824 2719 1936 2790 ipsa
1996 2731 2106 2776 tota

518 2816 644 2856 cum
715 2804 952 2858 maxima
1019 2817 1176 2876 parte
1235 2809 1410 2864 noctis
1466 2810 1721 2865 insecuta:
1781 2809 1948 2868 [luere
1999 2829 2106 2868 non

519 2896 773 2950 cessavit.
829 2895 1061 2953 Tantum
1111 2915 1328 2970 quoque
1381 2901 1486 2956 cibi
1542 2901 1818 2957 fastidium
1860 2921 1984 2958 tnox
2024 2904 2110 2960 itt-

519 2987 714 3052 currit,
747 2998 801 3041 ut
834 3005 930 3058 per
959 2991 1086 3045 illttd
1114 2993 1349 3046 triduttm
1376 2993 1654 3064 quidpiam
1690 2997 2008 3065 gustaverit.

591 3080 750 3136 Circa
775 3085 1110 3153 vespertinas
1133 3101 1315 3141 autem
1341 3088 1504 3144 horas
1543 3090 1594 3143 in
1628 3091 1806 3159 vigilia
1850 3092 2111 3146 festivita-

520 3175 592 3228 tis
619 3188 927 3230 memorata‘.
955 3179 1230 3247 profectus
1253 3191 1337 3234 est
1361 3182 1427 3236 ad
1469 3184 1775 3237 cmuobium
1826 3183 2110 3252 prteuomi-

520 3273 730 3329 natum,
758 3265 937 3335 ibique
982 3283 1088 3322 uno
1144 3278 1353 3324 tantum
1383 3274 1691 3337 monacho,
1743 3289 2112 3344 conversoque

520 3365 630 3404 uno
659 3365 726 3403 cx
765 3352 878 3406 suis
931 3367 1114 3407 secum
1167 3355 1392 3410 retentis
1441 3359 1798 3426 pernoetavit.
1855 3358 2112 3428 Reliquos

518 3453 649 3492 vero
673 3454 794 3493 cum
813 3442 977 3510 cquis
1003 3443 1068 3496 ad
1093 3443 1410 3513 hospitium,
1439 3447 1580 3500 unde
1603 3457 1888 3511 venerant,
1935 3449 2112 3506 redite

514 3527 696 3597 jussit,
728 3531 882 3596 satis,
905 3534 1081 3601 quoad
1112 3533 1262 3588 licuit
1287 3576 1303 3601 ,
1337 3537 1711 3591 resistentibus
1741 3538 1933 3593 abbate
1961 3540 2110 3611 (557)

519 3629 575 3672 et
604 3619 864 3676 fratribus
903 3622 1028 3689 loci,
1059 3624 1370 3680 universum
1395 3626 1538 3682 illius
1564 3627 1877 3682 comitatum
1927 3645 2110 3685 secum

511 3709 864 3779 summopere
892 3712 1136 3768 detinere
1178 3716 1536 3771 certantibus.
1597 3717 1895 3787 Episcopus
1930 3729 2109 3775 autem

521 3801 574 3855 in
599 3802 895 3856 inlirmaria
921 3804 1203 3872 quiescere
1227 3805 1520 3876 prieelegit,
1546 3807 1698 3876 cujus
1717 3806 1768 3860 in
1791 3808 2109 3879 obsequium

521 3893 760 3962 deputati
791 3903 916 3948 sunt
947 3895 1053 3949 duo
1078 3894 1295 3955 fratres,
1322 3896 1412 3965 qui
1441 3897 1608 3950 nimia
1657 3896 1944 3954 devotione
1995 3901 2113 3971 ejus

522 3981 802 4038 famulatui
837 3984 1178 4040 insistebant.
1203 3985 1242 4038 A
1277 3987 1498 4056 quibus,
1535 4002 1656 4041 cum
1690 3989 1823 4042 nihil
1850 4003 1989 4044 cscm
2020 4006 2112 4044 su-

522 4088 670 4126 mere
699 4074 818 4144 cogi
842 4075 1124 4143 potuisset,
1158 4077 1324 4146 pedes
1357 4077 1456 4131 sibi
1483 4077 1800 4146 abluendos,
1828 4091 1878 4134 et
1909 4081 2111 4135 cilicio-

524 4164 737 4218 sissime
760 4165 1043 4229 fovendos,
1069 4177 1124 4221 et
1148 4170 1508 4238 extergendos
1534 4171 1846 4240 compulsus
1879 4183 1963 4228 est
2016 4191 2113 4230 ex-

529 4255 734 4309 hibere.
757 4256 997 4322 Quorum
1024 4258 1112 4313 ille
1138 4258 1472 4327 benignitate
1493 4263 1627 4316 satis
1654 4262 1978 4332 delectatus,
2033 4267 2113 4323 eis

526 4344 830 4400 devotionis
857 4361 968 4399 suae
989 4347 1106 4400 vice
1134 4347 1224 4402 Dei
1257 4357 1312 4402 et
1339 4363 1494 4404 suam
1550 4350 1982 4410 benedictionem
2026 4372 2112 4411 re-

526 4435 816 4505 penilcbat.
849 4435 958 4492 Nec
981 4438 1208 4493 multum
1230 4448 1374 4508 post,
1404 4439 1542 4494 alter
1561 4457 1748 4496 eorum
1782 4443 1833 4496 in
1859 4444 2107 4499 abbatem

524 4529 695 4599 (358),
732 4543 787 4584 et
815 4524 952 4585 alter
977 4528 1028 4585 in
1059 4529 1296 4599 ejusdem
1334 4532 1434 4587 loci
1460 4533 1697 4603 priorem
1727 4534 1914 4589 favore
1929 4537 2112 4593 divino

524 4629 823 4690 promotus,
869 4636 967 4676 nos
997 4621 1050 4676 in
1082 4623 1258 4678 exsilii
1316 4625 1485 4679 nostri
1537 4627 1822 4694 praesentis
1878 4643 2112 4684 excursu

525 4715 593 4766 ad
615 4729 712 4769 eos
739 4730 1030 4784 parmnpcr
1057 4715 1328 4786 digressos
1350 4718 1585 4772 humane
1625 4720 1758 4774 satis
1790 4733 2116 4792 recognove-

525 4815 670 4860 rant.
698 4806 754 4860 lu
781 4808 1020 4861 crastino
1047 4816 1227 4863 autem
1259 4808 1613 4877 penultimam
1663 4811 1861 4866 ibidem
1913 4812 2114 4868 Christi

527 4897 764 4971 pontifex
793 4897 1084 4975 celebravit
1111 4900 1332 4954 missam
1359 4918 1373 4954 :
1399 4916 1503 4970 qua
1532 4901 1880 4957 devotissime
1903 4902 2114 4972 expleta

523 4985 738 5058 jejunus
763 5002 792 5042 a
817 4989 940 5045 cibo
965 4989 1230 5060 corporali
1260 4991 1554 5062 hOSpitium
1581 4991 1801 5062 repetiit
1845 5007 2003 5048 suum
2055 4993 2110 5048 in

524 5277 557 5284 _
606 5208 755 5284 (554)
788 5209 1152 5284 Audomarum
1179 5212 1317 5284 alias
1340 5220 1397 5284 et
1433 5210 1906 5284 Audomaropolis,
1950 5211 2112 5284 vulgo

529 5281 878 5354 Sciat-Umer
906 5323 922 5354 ,
964 5282 1112 5354 Aurbs
1173 5283 1400 5337 Artesim
1446 5292 1550 5347 est,
1579 5281 1761 5354 Acujus’
1823 5281 2112 5354 episc0pits

530 5352 936 5430 archiepiscopi
952 5351 1362 5430 Cameracensis
1392 5361 1483 5430 est
1503 5350 1918 5430 suifraganeus'.“

603 5421 749 5492 (555)
793 5423 846 5477 In
877 5421 1148 5479 Chronico
1192 5423 1249 5477 S.
1285 5422 1484 5476 Bcrtini
1513 5437 1543 5475 a
1568 5421 1810 5478 Martcue
1834 5423 1978 5478 edito
2006 5424 2110 5480 col.

532 5493 657 5556 688,
691 5495 761 5547 ita
817 5494 1054 5562 legitur:
1109 5511 1126 5544 ι
1167 5493 1362 5546 Statim
1393 5502 1594 5558 autem,
1646 5502 1704 5546 ut
1753 5493 1851 5548 hos
1897 5503 2113 5550 sanctos

533 5563 769 5625 exsules,
821 5582 838 5613 ι
905 5562 1213 5616 Οειιιιιιιιιδὶω
1267 5563 1582 5626 monachos,
1634 5580 1652 5612 ι
1684 5564 1827 5617 dom.
1876 5562 2112 5620 Joannes

534 5633 703 5687 abbas
727 5635 868 5701 apud
908 5630 1216 5686 Wisautmu
1247 5631 1569 5700 applicuisse
1591 5633 1866 5700 cognovit,
1908 5654 1926 5686 ι
1957 5644 2067 5687 etc.
2096 5691 2100 5696 ,

605 5701 752 5773 ι556)
790 5701 1247 5765 Claronmriscus,
1309 5701 1542 5767 Latine,
1618 5703 1824 5758 ordinis
1895 5703 2090 5758 Cistcr-

2207 1890 2450 1960 publicas
2477 1891 2803 1946 detulerunt.
2826 1890 2964 1957 Quid
2987 1891 3175 1961 plura?
3197 1891 3305 1946 Res
3331 1890 3548 1944 demum
3572 1889 3764 1960 oppida-

2207 1981 2293 2036 nis
2322 1980 2534 2036 cunctis
2563 1981 2832 2036 innotuit:
2865 1997 3004 2037 unus
3024 1982 3188 2036 etiam
3219 1998 3284 2036 ex
3314 1982 3399 2036 bis
3426 1983 3645 2052 panibus
3676 1983 3765 2055 epi—

2207 2085 2372 2142 scopo
2400 2086 2429 2125 a
2458 2072 2804 2127 convicaneis
2831 2072 3138 2137 exhibetur,
3173 2070 3528 2144 frangebatur
3556 2091 3583 2129 a
3613 2077 3760 2142 nobis,

2207 2171 2263 2216 et
2297 2177 2419 2218 mox
2448 2163 2776 2232 sequebatur
2802 2178 2966 2218 cruor
2991 2161 3310 2228 fracturam,
3339 2179 3407 2218 ac
3457 2165 3504 2219 si
3559 2166 3763 2223 hominis

2207 2251 2323 2306 sive
2354 2251 2460 2306 vivi
2493 2249 2862 2322 cujuscunque
2893 2251 3143 2308 animalis
3163 2267 3292 2307 caro
3315 2253 3763 2310 incideretnrJlu-

2200 2343 2292 2412 jus
2319 2358 2537 2413 quoque
2579 2343 2736 2414 panis
2784 2343 3012 2398 frustum
3059 2359 3164 2401 non
3203 2343 3475 2400 modicum
3520 2347 3763 2404 nobiscum

2209 2434 2332 2489 inde
2360 2434 2414 2488 in
2437 2435 2557 2488 sinu
2587 2434 2900 2489 detulimus.
2932 2434 3064 2490 Erat
3094 2445 3274 2490 autem
3298 2436 3458 2505 panis
3506 2436 3765 2494 fermenta-

2209 2534 2315 2580 tus.
2351 2524 2502 2582 Cocti
2542 2526 2743 2596 pariter
2772 2524 2986 2581 fuerant
3031 2525 3084 2581 in
3115 2525 3330 2582 clibano
3359 2527 3583 2598 praefato
3625 2546 3764 2601 panes

2209 2617 2384 2688 azymi
2414 2626 2467 2672 et
2491 2616 2824 2681 fermentati,
2853 2617 2946 2672 sed
2967 2617 3143 2689 azymi
3181 2618 3233 2672 iii
3265 2635 3362 2674 sua
3391 2621 3644 2688 qualitate
3665 2625 3762 2692 puri

2207 2706 2655 2772 ostendebantur,
2688 2706 2760 2760 nil
2783 2707 3147 2779 prodigiosum
3179 2707 3468 2774 habentes;
3493 2711 3766 2769 fennentati

2211 2813 2339 2854 vero
2363 2813 2552 2854 omnes
2583 2799 2879 2856 fundebant
2904 2802 3248 2871 sanguinem,
3279 2805 3325 2858 si
3361 2804 3668 2864 fractionein
3692 2824 3768 2865 ac-

2209 2889 2453 2959 ciperent
2499 2890 2580 2944 vel
2620 2893 2938 2947 sectionem.
3001 2892 3138 2948 [line
3180 2897 3488 2952 sentiebant
3535 2900 3764 2964 nonnulli,

2210 2980 2453 3049 puuitam
2487 2980 2656 3036 fuisse
2688 2983 2780 3036 tali
2829 2997 2959 3038 casu
3015 2985 3252 3040 hominis
3298 2987 3478 3058 cupidi
3526 2991 3768 3044 temerita-

2219 3079 2348 3133 tem,
2373 3084 2479 3139 qua
2503 3070 2594 3149 die
2621 3071 2898 3128 Dominica
2923 3084 3302 3144 pra‘parasset,
3354 3078 3498 3145 quod
3553 3081 3768 3149 sequenti

2218 3159 2352 3214 feria
2380 3146 2644 3217 maturius
2670 3163 3019 3229 distraheret,
3050 3165 3174 3220 dum
3217 3168 3374 3235 panis
3414 3146 3637 3240 azymus
3667 3179 3770 3241 post

2217 3253 2541 3308 sacrtelucis
2582 3255 2958 3324 crepusculum
3009 3271 3338 3326 conspersus
3366 3267 3448 3314 .et
3484 3270 3658 3316 coctus
3705 3261 3770 3316 nil

2217 3343 2437 3397 admisit
2465 3343 2820 3411 horrendum,
2846 3354 2900 3400 et
2927 3356 3054 3401 ante
3082 3362 3366 3417 vesperam
3412 3359 3596 3405 contra
3640 3351 3773 3405 insti-

2198 3443 2387 3489 -ιιιιιιιιι
2421 3436 2473 3489 in
2506 3450 2738 3491 massam
2771 3437 3029 3494 subactus
3051 3449 3105 3494 et
3134 3438 3627 3505 fermentatus,non
3647 3457 3773 3512 qua-

2214 3529 2318 3584 stui
2344 3528 2565 3598 profuit,
2594 3531 2688 3586 sed
2713 3539 2988 3587 auctorem
3007 3547 3162 3586 suum
3184 3531 3578 3590 fecitostentni.
3604 3535 3774 3592 Plures

2214 3621 2481 3690 siquidem
2511 3636 2579 3676 ex
2610 3622 2694 3676 his
2720 3623 2948 3692 panibus
2974 3637 3071 3692 per
3093 3625 3422 3680 monasteria
3449 3637 3505 3681 et
3532 3627 3774 3683 Ecclesia:

2213 3711 2633 3782 circumquaque
2652 3713 2800 3768 missi
2829 3722 2956 3768 sunt
2977 3712 3044 3767 ad
3083 3725 3492 3770 monumentum
3527 3718 3739 3786 posteris
3759 3757 3773 3785 ,

2213 3810 2269 3855 et
2297 3803 2740 3872 prmsmnpttmsis
2765 3803 3165 3858 solemnitatum
3197 3819 3478 3861 sacrarum
3524 3808 3775 3864 violatori-

2215 3890 2337 3956 bus,
2363 3901 2417 3946 et
2442 3893 2510 3948 ad
2539 3894 2894 3950 correctionis
2917 3893 3298 3950 documentum
3327 3895 3610 3969 diligenter
3658 3912 3774 3954 con-

2215 3984 2487 4038 servandi.

2283 4075 2354 4127 At
2380 4089 2508 4128 vero
2538 4073 2726 4130 Matris
2760 4074 3146 4131 misericordiae
3170 4089 3274 4146 ope
3304 4084 3428 4149 post
3449 4079 3775 4144 celebratam,

2215 4174 2274 4218 ut
2303 4163 2506 4234 praefati
2537 4180 2745 4232 smnus,
2778 4166 2831 4220 in
2855 4169 3060 4221 honore
3083 4167 3252 4238 ipsius
3294 4167 3515 4224 missam
3568 4168 3779 4222 famulus

2214 4254 2456 4323 ejusdem
2487 4265 2544 4309 et
2572 4257 2809 4311 vicarius
2859 4258 3243 4313 devotissimus
3273 4257 3430 4329 Hugo
3465 4260 3779 4330 aegritudinis

2217 4361 2329 4401 sure
2354 4345 2602 4402 levamen
2636 4362 2741 4401 non
2769 4347 3040 4402 modicum
3077 4348 3341 4419 percepit.
3385 4347 3587 4405 Exacta
3635 4349 3780 4420 igitur

2219 4439 2305 4493 die
2327 4439 2686 4493 solemnitatis
2714 4454 2836 4493 cum
2865 4439 3055 4494 lmtitia
3077 4450 3131 4494 et
3157 4440 3541 4508 exsultatione,
3593 4443 3644 4496 in
3672 4456 3780 4497 cra-

2217 4531 2361 4584 stino
2389 4529 2842 4585 Widsandensem
2894 4537 3110 4598 portum
3156 4545 3278 4585 cum
3325 4532 3441 4586 suis
3473 4532 3652 4586 adivit.
3695 4531 3780 4586 Sc-

2214 4620 2429 4690 quentis
2450 4635 2581 4676 vero
2612 4621 2715 4674 diei
2743 4635 2939 4674 aurora
2980 4620 3156 4691 ipsum
3206 4621 3388 4678 navim
3440 4621 3780 4678 conscendere

2217 4713 2351 4767 vidit
2388 4711 2664 4782 genitricis
2712 4711 2896 4767 Maria:
2945 4720 3143 4778 mater,
3197 4710 3512 4768 beatissima
3555 4713 3780 4768 videlicet

2215 4803 2390 4858 Anna.
2419 4803 2551 4869 Quae
2579 4803 2752 4872 primo
2776 4802 3058 4859 remissius
3089 4803 3412 4872 spiraverat,
3452 4805 3668 4860 carbasa
3705 4819 3780 4859 re-

2215 4904 2376 4963 pente
2400 4892 2662 4963 implevit.
2693 4891 2883 4947 Solent
2904 4891 3121 4961 quidem
3144 4892 3382 4946 universi
3407 4902 3781 4949 transvectum

2220 4985 2465 5052 Mariam,
2491 4987 2632 5041 sicut
2658 4984 2826 5041 maris
2877 4983 3090 5039 stellam
3141 4984 3446 5051 attendere,
3497 4994 3554 5039 ut
3583 5000 3780 5040 cursum

2217 5225 2417 5269 mensus
2451 5209 2726 5282 egregium
2751 5206 3059 5265 coenobium
3095 5205 3241 5261 circa
3277 5219 3482 5260 annum
3512 5203 3654 5260 “‘0'
3670 5202 3782 5257 fun-

2217 5283 2425 5338 datmn.

2290 5352 2440 5422 (557)
2479 5349 2580 5418 Qui
2622 5359 2750 5405 tunc
2795 5346 3247 5422 erat‘Cerardus
3277 5345 3344 5402 de
3379 5344 3690 5416 Campania,
3734 5342 3782 5396 in

2220 5419 2708 5493 ablntteinelec_tus
2751 5419 3088 5493 anno_l198.
3148 5487 3169 5493 _
3283 5487 3296 5493 _
3675 5481 3686 5493 _

2290 5493 2437 5568 (558)
2476 5491 2726 5546 Nicolaus
2750 5489 3001 5545 videlicet
3026 5498 3118 5568 aut
3148 5487 3488 5568 Lambcrtus,
3511 5499 3576 5567 ex
3599 5481 3784 5568 quibus

2218 5557 2428 5632 primus
2447 5571 2677 5637 praeerat
2708 5576 2875 5637 anno,
2921 5560 3127 5637 quu_in
3178 5557 3427 5637 exsiliunt
3480 5557 3628 5612 missi
3670 5559 3784 5610 sunt

2217 5626 2658 5699 Cantuarienses,
2692 5633 2829 5689 alter
2865 5626 2994 5686 vero
3022 5630 3250 5686 durante
3272 5626 3484 5683 exsilio.
