3976 6292
180 341 308 404 I093

1482 326 1685 387 .vrrs.
1720 325 1949 385 mus.
1990 330 2087 413 νη

3287 346 3428 405 I_09I

178 460 415 529 dirigant,
467 449 539 504 ita
571 426 756 502 Maria:
787 409 1039 501 ’ωδε
1078 439 1335 513 precibus
1372 440 1641 504 advocare
1684 451 1735 499 et

1850 441 2136 514 aseiverat)
2175 444 2486 516 episcopum
2533 446 2783 515 certatim
2827 445 3064 510 invisere
3100 450 3431 526 gaudebant,

176 546 473 611 muneribus
512 537 823 608 cum
864 534 1097 600 subire,
1147 543 1215 590 ιιι
1251 548 1472 590 currere
1518 543 1742 605 queant,

137 643 288 697 cum
366 626 759 689 sude
830 633 1145 686 Vettiorum.
1185 622 1477 693 spiramina
1535 622 1746 679 itineris

174 733 529 787 commeatum
543 726 760 790 negant.
801 715 936 773 Huic
990 730 1121 770 vero
1166 729 1381 786 semper
1425 714 1573 786 (559)
1623 722 1747 786 post

172 822 337 893 ipsius
358 822 543 872 nataui
571 810 887 866 hmiliarius
913 808 1067 880 liugo
1091 816 1147 863 et
1171 806 1421 863 devotius
1470 808 1744 877 depende-

171 915 261 970 bat
281 904 635 965 vmtionis
681 901 1051 973 obsequelam.
1102 899 1234 966 Quae
1261 898 1363 955 sibi
1408 898 1646 955 vicissim
1688 899 1741 954 in

172 1000 369 1061 cunctis
395 994 804 1054 necessitatibus
831 1002 885 1049 et
909 991 1165 1060 periculis
1198 990 1430 1047 celerem
1479 989 1742 1062 repende-

171 1089 699 1162 ltatopitulationem.
727 1085 880 1143 Tunc
908 1098 1124 1156 quoque
1171 1099 1292 1140 eam
1343 1081 1618 1138 invocanti
1657 1080 1740 1136 fe-

172 1189 301 1246 stina
320 1184 510 1251 adfuit,
538 1190 701 1251 atque
725 1194 887 1236 cursu
924 1176 1295 1248 placidissimo
1332 1175 1503 1232 littori
1557 1182 1743 1246 optato

171 1280 409 1339 celeriter
430 1273 709 1346 appulsum
733 1274 868 1329 adeo
888 1270 1213 1328 exliilaravit
1233 1278 1293 1327 ut
1314 1269 1598 1327 confestim
1620 1274 1743 1339 post

169 1387 371 1445 pressas
399 1368 636 1440 vestigiis
658 1382 856 1423 arenas
880 1364 1168 1421 ecclesiam
1190 1370 1420 1435 peteret,
1450 1362 1741 1418 missarum

170 1463 416 1521 solemnia
468 1460 534 1517 de
586 1473 741 1515 sacro
786 1458 956 1529 ipsius
998 1456 1289 1529 puerperio
1340 1455 1735 1511 celebraturus.

170 1558 278 1625 Quo
304 1562 448 1608 certe
468 1567 533 1607 ex
563 1551 704 1607 facto
726 1551 858 1607 satis
882 1550 1057 1622 patuit
1111 1557 1312 1618 quanta
1365 1546 1529 1603 fuerit
1579 1546 1633 1602 in
1675 1562 1741 1603 eo

169 1661 285 1715 erga
309 1644 583 1700 Dominica
610 1652 951 1699 sacramenta
981 1641 1216 1707 devotio,
1232 1655 1404 1711 .quem
1422 1654 1599 1710 neque
1623 1654 1741 1694 ma-

169 1741 276 1797 rina
297 1736 537 1805 jactatio,
563 1750 663 1791 nec
683 1750 805 1790 cum
826 1733 1070 1789 morbida
1093 1728 1403 1789 valetudine
1427 1730 1620 1788 inedia:
1642 1744 1740 1800 per

170 1830 353 1887 multos
391 1828 501 1899 jam
534 1825 653 1882 dies
683 1835 959 1897 protracta
1010 1824 1329 1891 maceratio,
1373 1838 1405 1879 a
1431 1822 1735 1879 divinorum

168 1918 514 1980 celebratione
540 1916 712 1987 potuit
742 1917 1021 1982 cohibere,
1049 1912 1202 1987 quia,
1223 1914 1366 1971 sicut
1388 1912 1596 1985 pridem
1621 1927 1739 1979 mo:

166 2000 381 2074 nacbus,
404 2007 618 2078 quoties
643 2007 709 2062 de
733 2006 999 2078 permissu
1028 2004 1236 2061 ordinis
1256 2002 1410 2060 licuit
1452 2001 1627 2074 (540),
1659 2002 1734 2058 ita

161 2101 262 2172 iam
287 2100 589 2169 episcopus,
615 2098 828 2169 quoties
854 2098 991 2153 ratio
1038 2082 1385 2168 possibilitati
1434 2091 1734 2162 concurrit,

165 2192 347 2249 missas
377 2190 655 2247 celebrare
685 2190 831 2246 nullo
857 2199 1097 2260 tempore
1120 2188 1491 2260 praetermisit.
1521 2189 1600 2245 Ex
1627 2205 1734 2261 qua

163 2281 415 2352 praecipue
446 2278 688 2336 muneris
716 2278 856 2335 sacri
887 2278 1237 2334 devotissima
1296 2277 1733 2349 frequentissima

162 2370 491 2447 perceptione
520 2380 578 2425 ct
599 2369 928 2441 singularem
953 2369 1135 2425 cordis
1162 2369 1481 2425 munditiam
1505 2377 1559 2426 et
1588 2368 1737 2424 insu-

162 2454 788 2534 perabilem'coustantia:
820 2462 1249 2530 cunctarumque
1274 2461 1537 2516 virtutum
1566 2459 1739 2514 ﬁrmi-

162 2565 314 2611 tatem
341 2554 589 2609 obtinere
615 2548 940 2624 promeruit;
972 2551 1068 2609 sed
1091 2562 1143 2608 et
1176 2551 1527 2608 invisibilium
1550 2565 1731 2607 rerum

151 2656 210 2702 et
225 2642 583 2719 spiritualium
608 2654 942 2701 secretorum
970 2646 1226 2718 mysteria
1251 2646 1299 2721 ei
1333 2645 1592 2701 divinitus
1640 2660 1738 2715 pa-

161 2736 315 2792 tuisse
340 2736 483 2790 inter-
508 2733 626 2806 ipsa
652 2734 948 2791 reverenda
975 2736 1201 2791 canonis
1245 2744 1455 2792 secreta
1504 2735 1735 2792 familia-

160 2834 240 2884 res
269 2828 430 2898 ipsius
452 2843 564 2883 non
603 2827 781 2882 latuit.
828 2827 1132 2899 Aliquando
1163 2836 1344 2884 tamen
1395 2828 1731 2899 capellanum

158 2934 326 2984 suum,
366 2935 531 2991 quem
586 2914 761 2991 pridie
811 2920 1127 2990 sanguinem
1174 2921 1434 2977 minuisse
1488 2920 1731 2985 sciebat,

162 3009 370 3065 missam
413 3010 728 3066 celebrasse
771 3010 1022 3082 cognovit
1056 3026 1073 3076 ;
1127 3024 1288 3080 quem
1342 3018 1468 3064 tunc
1517 3009 1733 3080 quidem

158 3100 337 3156 blande
358 3092 646 3173 corripuit,
679 3101 773 3157 sed
801 3102 903 3156 hoc
931 3101 1515 3156 iterum'attentantem
1545 3100 1734 3155 durius

161 3192 466 3264 increpavit,
506 3194 757 3250 districte
785 3192 1077 3263 prohibens
1105 3207 1172 3248 ne
1204 3192 1431 3259 ulterius
1461 3193 1511 3248 id
1551 3192 1731 3249 facere
1758 3174 1804 3237 (ἶ

154 3294 517 3352 praesumeret,
541 3293 597 3339 et
619 3282 859 3359 pericula
904 3298 972 3338 ex
1024 3284 1115 3338 tali
1160 3285 1578 3355 pmumptione
1605 3299 1732 3339 -non

155 3374 308 3431 semel
334 3362 619 3441 accidisse,
646 3388 701 3434 et
726 3378 825 3433 sibi
853 3378 1152 3432 innotuisse
1180 3377 1534 3432 memorabat.

232 3466 450 3534 Verum,
480 3480 545 3522 ut
582 3478 755 3538 empta
800 3468 1058 3539 procedat
1078 3466 1281 3529 oratio,
1304 3466 1450 3521 'diem
1474 3468 1755 3524 adventus

152 3556 234 3612 sui
260 3557 311 3613 in
338 3557 589 3630 Angliam
620 3560 757 3628 apud
790 3559 1022 3614 Douram
1049 3556 1198 3628 (5M)
1221 3557 1310 3612 ubi
1332 3558 1595 3628 applicuit
1622 3573 1729 3613 una

156 3662 270 3703 eum
304 3638 524 3705 clericis
552 3650 782 3720 aliisque
804 3649 1117 3705 domesticis
1129 3657 1188 3705 et
1215 3648 1410 3703 amicis
1436 3649 1550 3706 suis
1570 3650 1732 3722 (quo-

153 3734 265 3793 rum
299 3732 500 3796 ibidem
545 3742 702 3796 turba
746 3756 851 3796 non
883 3741 1093 3797 modica
1130 3752 1405 3813 speratam
1437 3751 1493 3798 et
1526 3756 1726 3813 praeco-

152 3826 346 3896 gnitam
380 3829 554 3900 ipsius
585 3830 928 3899 praesentiam
960 3833 1397 3904 exspectaverat)
1429 3822 1606 3889 laetam
1639 3832 1729 3888 Iae-

151 3927 233 3972 tus
262 3917 376 3986 ipse
405 3932 536 3973 cum
566 3917 703 3974 lastis
747 3920 948 3990 exegit.
991 3920 1048 3975 lu
1098 3923 1344 3978 crastino
1401 3922 1730 3979 Doberniam

147 4008 309 4063 venit.
338 4009 413 4064 Ibi
435 4008 645 4065 Christi
689 4010 967 4065 basilicam
1005 4026 1151 4077 mox,
1185 4013 1276 4067 ubi
1308 4014 1498 4069 urbem
1524 4013 1733 4085 ingres-

148 4111 256 4162 sus,
278 4099 449 4153 adivit
485 4098 543 4153 in
567 4113 674 4169 qua
713 4099 890 4170 primo
916 4099 982 4154 ad
1012 4099 1313 4157 Salvatoris
1335 4117 1513 4167 aram,
1536 4103 1731 4158 deinde

147 4188 211 4242 ad
239 4189 483 4262 singulas
505 4199 817 4245 sanctorum
844 4191 897 4245 in
915 4206 978 4246 ea
1000 4192 1395 4262 quiescentium
1420 4196 1731 4262 memorias,

142 4283 486 4352 uiaixinieque
516 4282 584 4337 ad
610 4281 831 4355 gloriosi
879 4284 1136 4356 martyris
1180 4284 1401 4342 Thema:
1446 4287 1728 4343 mausolaa-

145 4386 230 4426 um
258 4374 587 4443 diutissime,
638 4376 733 4431 sed
760 4385 823 4447 et
857 4377 1202 4435 devotissime
1256 4393 1440 4447 orans,
1493 4380 1731 4449 seipsum

142 4474 197 4518 et
223 4480 353 4522 suos
382 4464 844 4540 diviuo'prtesidio
880 4477 929 4523 et
961 4470 1263 4539 patrocinio
1297 4470 1390 4525 Dei
1416 4480 1728 4527 sanctorum

142 4558 404 4612 attentius
435 4558 858 4614 commendavit.
899 4557 1055 4624 Hinc,
1086 4559 1268 4630 priore
1300 4560 1588 4630 multisque
1615 4560 1728 4616 fra-
1762 4542 1808 4602 θ

142 4648 315 4704 tribus
344 4664 521 4720 usque
550 4650 617 4704 ad
655 4649 852 4704 atrium
885 4652 1125 4706 exterius
1153 4651 1327 4721 ipsum
1358 4666 1481 4708 cum
1504 4668 1728 4708 venera-

136 4738 284 4793 tione
305 4739 729 4807 deducentibus,
752 4742 820 4797 ad
836 4741 1127 4813 hospitium
1161 4758 1316 4799 suum
1341 4734 1581 4800 divértit.
1610 4744 1725 4801 Illic

138 4830 282 4900 regis
321 4829 635 4899 justitiarii,
675 4848 776 4889 nec
804 4848 910 4889 non
937 4845 994 4889 et
1041 4834 1283 4905 plerique
1310 4836 1600 4906 optimates
1636 4850 1722 4891 re-

128 4922 225 4992 gni
254 4926 419 4993 (quos
446 4922 515 4979 ad
553 4924 731 4980 locum
763 4925 933 4991 illum,
984 4927 1168 4982 nescio
1223 4928 1344 4997 quis
1390 4942 1570 4993 casus,
1600 4937 1727 4985 tunc

208 5035 555 5111 (539)_lgitu_r
577 5038 686 5108 jam
710 5038 768 5094 S.
800 5037 1042 5111 IIugonis
1073 5048 1315 5111 tempore
1341 5042 1726 5111 sanctaAnua,

136 5116 217 5183 ut_
250 5108 628 5183 navigantium
674 5108 935 5183 patrona,
984 5110 1373 5183 venerabaturg
1402 5111 1455 5165 in
1512 5109 1728 5183 Anglia,

134 5176 293 5245 cujus
333 5176 620 5235 veneratio
670 5176 963 5251 plurimum
1007 5181 1181 5238 crevit
1228 5182 1296 5238 ad
1347 5180 1508 5237 tinem
1547 5176 1729 5238 saeculi

136 5261 247 5301 XIV.

206 5318 361 5394 (.340)
406 5318 543 5375 Vide
565 5328 749 5394 notam
781 5318 982 5394 li_b._'tv.
1006 5336 1131 5394 cap.
1160 5320 1249 5394 i2.
1286 5325 1609 5394 appositam,
1642 5325 1727 5380 cui

122 5386 300 5464 addo,
334 5386 581 5464 tempore
596 5393 759 5445 etiam
789 5391 1051 5464 Guigonis
1080 5386 1147 5458 γ,
1173 5386 1476 5449 Cartliusite
1507 5386 1724 5464 prioris,

136 5455 188 5508 in
224 5475 326 5513 usu
360 5455 533 5517 fuisse
564 5462 855 5533 tricenaria
884 5455 1423 5519 Fecenter'defunctis
1447 5455 1725 5533 concessa,

134 5540 378 5604 quorum
414 5531 690 5596 quodlibet
737 5533 1080 5604 requirebat,
1114 5541 1171 5587 ut
1201 5549 1297 5602 per
1344 5536 1562 5604 triginta
1613 5531 1730 5590 ilics

122 5594 235 5679 sibi
267 5594 508 5679 iltyICéllt
532 5594 906 5679 succedentes
927 5594 1097 5679 inissa
1124 5594 1226 5674 pro
1251 5594 1507 5679 defuncto
1539 5606 1728 5661 redde-

136 5670 289 5742 retur
323 5670 379 5723 in
421 5671 635 5742 publico
666 5671 747 5727 vel
780 5674 832 5727 in
859 5674 1090 5742 privato.
1128 5670 1173 5713 ὀ

205 5740 361 5804 (3M)
413 5739 591 5796 Dnnra
652 5743 809 5799 hodie
862 5739 1107 5798 'Dourres
1143 5786 1157 5812 ,
1211 5744 1339 5802 urbs
1384 5753 1457 5801 et
1537 5754 1725 5815 portus

1846 533 2100 589 adventui
2131 533 2246 601 ejus
2275 536 2703 607 cotigratulando
2731 538 3118 609 applaudeutes
3141 586 3155 609 ,
3196 547 3290 603 sed
3318 563 3427 603 mo-

1845 618 2014 685 lestia:
2041 624 2331 694 corporali,
2378 641 2481 697 qua
2510 627 2656 683 illum
2686 628 2938 685 affectum
2970 633 3290 704 didicerant,
3346 639 3434 694 ni—

1847 710 1958 786 mio
2013 727 2251 771 rnmrore
2294 719 2708 787 compatientes.
2764 719 2911 788 Quos
2959 722 3046 778 ille
3089 716 3428 795 magnanima

1844 801 2025 856 cordis
2046 803 2265 874 orisque
2295 809 2598 879 constantia
2625 824 2955 881 magnopere
2999 814 3269 870 consolari
3317 826 3432 871 stu-

1845 890 2280 967 duit;,vultnque
2307 914 2502 956 sereno
2536 901 2742 974 ﬂagella
2786 904 3062 962 Dominica
3111 909 3283 964 servis
3327 910 3431 966 Do-

1845 985 1978 1040 mini
2005 983 2181 1042 dulcia
2211 1004 2331 1045 esse
2355 991 2571 1058 debere,
2601 1002 2657 1049 et
2685 996 2863 1052 verbis
2910 999 3116 1066 docuit,
3163 1009 3217 1056 et
3259 1002 3430 1073 suiip-

1844 1076 1958 1132 sius
2007 1080 2256 1149 exemplo
2283 1081 2598 1139 declaravit.
3382 1160 3389 1165 I

1916 1167 1978 1224 Et
2013 1183 2147 1225 sane
2174 1171 2455 1229 oculorum
2496 1176 2765 1234 bebetudo
2804 1182 3007 1237 sensim
3052 1181 3346 1255 irrepserat
3374 1184 3428 1241 ei

1842 1273 1964 1329 qua:
1992 1260 2233 1329 pulveris
2258 1271 2312 1316 et
2347 1267 2616 1322 eaumatis
2664 1270 2981 1327 continuato
3026 1271 3263 1345 ingesta,
3309 1291 3426 1333 me-

1843 1361 2068 1406 morata:
2103 1351 2453 1422 profectionis
2494 1365 2757 1427 tempore,
2788 1360 3072 1418 oculorum
3106 1365 3277 1421 aciem
3304 1363 3455 1435 plut"
3499 1364 3506 1371 ”

1841 1443 2038 1498 rimutn
2063 1444 2523 1502 reverberaverat.
2551 1447 2651 1514 Qui
2679 1451 2871 1514 crebro
2895 1456 3305 1525 suggerentibus
3329 1474 3428 1511 nn-

1841 1534 1949 1602 bis,
1988 1546 2258 1606 quatenus
2305 1537 2533 1610 alicujus
2576 1554 2734 1611 opem
2781 1543 3001 1600 medela:
3027 1547 3233 1603 sineret
3270 1549 3427 1604 adbi-

1839 1628 2002 1695 beri,
2063 1643 2167 1685 una
2211 1644 2429 1701 semper
2471 1639 2528 1686 et
2560 1628 2774 1686 eadem
2835 1648 2968 1690 voce
3002 1640 3421 1709 respondebat:

1847 1737 1867 1771 ο
1902 1718 2066 1783 Satis,
2110 1720 2382 1792 inquiens,
2435 1720 2576 1778 oculi
2610 1722 2767 1781 nobis
2802 1721 2890 1778 isti
2917 1722 3210 1791 suillcient,
3255 1744 3427 1799 quan-

1768 1802 1812 1864 B
1840 1811 1929 1867 diu
1957 1812 2121 1869 fuerit
2151 1813 2390 1884 ipsorum
2414 1829 2544 1870 usus
2571 1815 2729 1871 nobis
2759 1817 3120 1874 necessarius.
3144 1817 3239 1875 llis
3261 1820 3428 1891 igitur

1840 1903 2202 1961 exterioribus
2241 1919 2534 1975 parumper
2570 1905 2799 1971 obtusis.
2836 1922 2938 1965 nec
2979 1918 3157 1966 tamen
3197 1910 3428 1981 pristino

1840 1996 2036 2052 decore
2064 1997 2307 2055 exterius
2343 1999 2596 2069 privatis,
2637 1998 2900 2057 luminum
2938 2002 3256 2059 interiorum
3309 2000 3429 2057 lim-

1782 2090 1797 2102 ‘
1839 2087 2018 2158 pidior
2047 2090 2115 2146 de
2149 2089 2237 2146 die
2294 2091 2348 2146 in
2405 2092 2549 2147 diem
2602 2092 2821 2149 claritas
2870 2094 3220 2153 reddebatur.
3258 2096 3426 2173 ~Apud

1838 2179 2187 2237 Cantuariam
2237 2198 2390 2249 vero,
2449 2184 2538 2240 ubi
2600 2184 2778 2242 solent
2820 2187 3185 2257 quorumdam
3227 2190 3429 2259 saepius

1838 2273 2004 2329 levari
2040 2274 2410 2346 aegritudines,
2448 2277 2619 2347 ipsius
2655 2279 2792 2334 adeo
2820 2278 3101 2349 ingravata
3141 2290 3225 2337 est
3264 2283 3429 2350 ateri-

1840 2363 1991 2429 tudo,
2038 2374 2098 2418 ut
2128 2365 2253 2420 inde
2301 2366 2630 2431 Londonias,
2677 2382 2784 2423 non
2836 2379 3036 2438 pra'ter
3091 2371 3423 2444 molestiam.

1836 2454 2035 2524 partim
2077 2455 2397 2524 equitando,
2430 2456 2630 2526 partim
2660 2457 2839 2513 navali
2883 2459 3135 2534 vehiculo
3173 2460 3430 2530 deporta~

1839 2538 2009 2599 retur.
2041 2545 2183 2601 Nihil
2210 2555 2389 2602 tamen
2435 2548 2548 2603 haec
2574 2549 2688 2605 suis
2712 2550 2853 2606 votis
2881 2551 3297 2620 adversabatur,
3327 2569 3428 2611 nec

1836 2634 2111 2704 precibus,
2134 2650 2269 2707 quas
2296 2636 2352 2692 in
2383 2637 2584 2707 templo
2613 2638 2807 2709 devote
2843 2640 3131 2709 libaverat,
3162 2643 3426 2717 quidquid

1836 2724 1889 2781 ei
1911 2725 2127 2793 accidit,
2168 2726 2221 2781 in
2250 2726 2434 2798 aliquo
2458 2728 2735 2784 obviabat.

2405 2838 2633 2897 CAPUT
2670 2839 2856 2899 XXIII.

1840 2947 2082 3016 Qualiter
2108 2947 2487 3030 Londoniisjn
2530 2970 2628 3008 sua
2657 2956 2998 3030 a'grotatione
3035 2957 3177 3013 mala
3219 2957 3427 3030 Anglia

1908 3031 2173 3099 ventura"
2199 3023 2442 3099 praedixit
2469 3064 2485 3086 ,
2538 3023 2746 3079 sacrant
2812 3028 3109 3099 unctionem
3152 3023 3376 3099 suscepit
3403 3071 3423 3099 ,

1910 3091 2249 3166 suadentibus
2275 3094 2324 3146 ei
2349 3101 2711 3161 testamentum
2740 3112 2851 3151 esse
2880 3091 3180 3165 faciendum
3207 3091 3423 3166 respuit;

1907 3161 2009 3241 dit,
2051 3170 2098 3214 et
2143 3163 2330 3241 selum,
2377 3179 2756 3241 quemsemper
2799 3161 2888 3241 ad
2917 3168 3151 3241 diuinum
3195 3161 3425 3241 eﬂieium

1906 3230 2182 3294 habuerat,
2217 3248 2321 3307 non
2373 3230 2575 3307 dimisit
2608 3230 2919 3307 et'qnaliter
2943 3237 3014 3292 ad
3041 3254 3209 3307 regem
3227 3230 3427 3294 "Joan-

1906 3316 2022 3354 nent
2054 3309 2116 3373 et
2160 3302 2607 3373 archiepiscopum
2648 3302 2712 3359 se
2741 3304 2925 3361 habuit
2967 3302 3129 3362 causa
3171 3308 3424 3365 uisitandi

1905 3370 2268 3426 accedentibus
2287 3373 2358 3426 ad
2386 3370 2648 3428 eumdem.

1904 3481 2200 3553 Postquam
2227 3497 2356 3540 vero
2378 3486 2657 3556 proprium
2682 3487 3063 3557 diversorium,
3086 3490 3229 3562 quod
3262 3505 3424 3549 secus

1836 3571 2144 3631 Londonias
2182 3575 2325 3647 apud
2354 3585 2510 3632 vetus
2532 3577 2791 3648 templum
2824 3579 3137 3651 possidebat
3167 3580 3318 3654 (542)
3347 3582 3426 3637 in-

1836 3679 2064 3734 gressus,
2084 3675 2189 3733 est,
2213 3666 2525 3724 anbelantia
2559 3667 2800 3725 febribus
2836 3673 3077 3727 membra
3124 3674 3280 3744 quies
3347 3672 3425 3728 lc—

1838 3754 1968 3809 ctuli
1992 3757 2238 3825 protinus
2261 3757 2660 3829 excepit.Quod
2683 3751 2982 3816 amicorum
3010 3761 3178 3832 ipsius
3202 3762 3424 3833 plurimi

1838 3841 2131 3909 intuentes,
2179 3845 2439 3901 maestitia
2480 3846 2934 3913 conﬁciebantur,
2969 3858 3023 3904 et
3061 3849 3179 3921 ipso
3207 3864 3424 3921 quoque

1838 3933 2095 3990 audiente
2142 3936 2382 3992 divinam
2413 3939 2715 3995 exorabant
2754 3940 3119 4008 clementiam,
3157 3953 3425 4014 quatenus

1836 4024 2014 4095 ipsum
2042 4025 2369 4083 incolumem
2395 4028 2653 4084 Ecclesize
2683 4045 2794 4094 suae
2830 4031 2975 4097 filiis,
3013 4031 3079 4088 ad
3113 4033 3281 4103 ipsius
3306 4033 3423 4104 jam

1836 4115 1927 4170 diu
1958 4118 2192 4174 reditum
2242 4120 2399 4176 valde
2445 4123 2725 4192 suspensis
2780 4125 2992 4181 restitui
3036 4126 3273 4197 iuberet.
3312 4127 3426 4184 llos

1812 4207 1927 4271 ille
1953 4210 2143 4281 paucis
2168 4210 2363 4268 blande
2379 4212 2687 4271 consolatus
2715 4216 2793 4271 ait
2819 4230 2835 4270 :
2864 4235 2885 4270 ι
2936 4215 3088 4275 Filiis
3112 4220 3312 4275 nostris
3361 4220 3418 4276 in

1835 4295 2045 4356 Christ:
2080 4301 2436 4366 cbarissimis,
2476 4303 2592 4359 sive
2632 4320 2874 4375 praesens
2898 4303 3146 4378 curpore,
3172 4308 3289 4365 sive
3328 4297 3441 4365 ab-'

1835 4377 1983 4455 scus,
2020 4392 2286 4463 sprrituali
2320 4410 2596 4465 nunquam
2628 4399 2915 4465 praesentia
2944 4400 3133 4456 deesse
3155 4400 3365 4456 valebo.
3397 4420 3419 4455 ι

1837 4478 2039 4534 Verum
2068 4480 2137 4535 de
2165 4482 2474 4539 valetudine
2516 4486 2631 4541 sive
2658 4488 2944 4557 prassentia
2979 4504 3096 4544 mea
3126 4490 3421 4561 corporali,

1836 4566 1948 4623 imo
1979 4576 2034 4623 et
2084 4569 2151 4632 de
2189 4571 2399 4642 mcipso
2427 4583 2559 4640 toto,
2601 4575 2779 4632 Patris
2805 4577 2993 4643 solius,
3039 4579 3129 4649 qui
3181 4581 3236 4636 iu
3268 4581 3425 4640 curiis

1835 4666 1941 4723 est,
1979 4657 2229 4740 voluntas
2257 4674 2473 4733 semper
2495 4663 2609 4719 fiat.

1906 4750 2200 4808 Transacta
2225 4768 2352 4809 vero
2383 4755 2435 4810 in
2472 4758 2661 4814 eodem
2697 4759 2814 4816 loco
2843 4770 3002 4818 nocte
3030 4777 3159 4829 una,
3207 4774 3423 4835 postera

1834 4841 1944 4908 die,
1972 4843 2071 4914 ipsi
2100 4844 2191 4915 qui
2219 4844 2335 4901 haec
2355 4849 2572 4918 scripsit
2596 4850 2743 4919 (545)
2775 4851 2875 4907 ista
2902 4853 3115 4911 locutus
3140 4866 3254 4912 est:
3279 4876 3297 4910 ι
3331 4856 3419 4921 Hi,

1834 4933 1926 5002 qui
1958 4947 2077 4999 nos,
2115 4934 2311 5005 inquit,
2334 4939 2705 5010 temporaliter
2733 4942 2985 5013 diligunt,
3017 4944 3141 5000 .itno
3169 4953 3224 5013 et
3262 4947 3424 5018 spici.

1835 5043 2466 5169 iA.nglia:lmeridionalis,
2489 5065 2520 5106 e
2549 5052 2769 5124 regione
2791 5053 2984 5123 Caleti,
3025 5055 3256 5114 celebris
3283 5057 3415 5117 Gal-

1861 5130 1925 5169 tae
1951 5132 2049 5169 nor
2077 5133 2158 5169 us.
2936 5136 2945 5141 ‘
2978 5158 2979 5161 η

1861 5130 1925 5170 ta:
1951 5126 2158 5179 portus.
2351 5169 2360 5179 .
2936 5136 2945 5141 ’
2978 5158 2979 5161 η

1907 5132 2271 5266 ἴβιῖἒῗῗτῗοιιοο
2295 5169 2487 5266 estora
2514 5191 2572 5247 S.
2620 5191 2883 5266 IIugnnis,
2914 5205 2974 5266 ut
3015 5196 3178 5265 infra,
3219 5212 3268 5253 c.
3314 5199 3407 5263 27,

1834 5256 2117 5337 dicitttr;,.a
2141 5274 2370 5337 corpore
2400 5262 2672 5329 obl.sta,in
2706 5256 2834 5320 vase
2859 5256 3109 5337 pluinbco
3139 5256 3419 5323 recondita

1836 5338 1985 5408 sunt.
2027 5327 2367 5408 νειμ-ξηιιά
2418 5327 2946 5408 vocatttnrespectn
3010 5338 3132 5392 novi
3191 5338 3415 5408 templi;

1837 5400 2165 5478 unde_apu_d
2204 5399 2506 5478 'I‘rivettlttit
2537 5405 2589 5459 in
2616 5399 2822 5460 Chron.
2844 5408 2917 5478 ad
2949 5422 3077 5461 ann.
3106 5408 3268 5478 ,l2l9,
3299 5399 3423 5478 qui;

1835 5469 1957 5546 datu
1976 5468 2281 5546 ΔΙέςῑιιειοιιίτίξ
2306 5476 2663 5546 (δραίινηουιιηι
2693 5476 2940 5546 teutplunt
2968 5477 3248 5546 sepelitur.

1904 5538 2055 5616 (545)
2096 5538 2587 5616 Auctori'scilicet
2621 5538 2917 5616 Vitatfqui
2968 5538 3091 5616 post
3147 5562 3317 5616 pauca
3359 5564 3420 5605 se

1834 5612 2157 5691 monachum
2207 5622 2262 5669 et
2303 5615 2678 5688 presbyterum
2720 5612 3166 5687 linguais'fuissc
3195 5616 3421 5691 proﬁte-

1834 5690 1936 5735 tur.
2947 5734 2950 5736 η
