3962 6400
526 346 663 411 1095

1415 349 1472 404 S.
1517 345 1820 403 llUGOXIS
1860 342 2078 400 EI‘lSC.
2113 340 2430 400 LINCOLN.
2466 344 2629 401 ΟΜ).
2672 345 2929 404 (λΑιιτιι.

528 469 749 524 tualiter
788 481 888 523 nos
917 464 1332 536 amplectuntur,
1366 463 1528 517 vitam
1557 476 1731 517 meam
1771 448 2115 531 temporalem
2148 472 2192 527 Α
2226 462 2440 531 indigne
2470 463 2783 527 commissa,
2810 480 2931 517 cunt
2956 464 3390 520 circumstantiis
3413 471 3677 519 reatuum
3704 479 3818 523 sm-

528 560 674 632 (quae
700 560 830 614 mihi
860 571 1047 614 revera
1080 556 1293 614 fastidio
1330 553 1441 622 jam
1489 553 1694 624 pridem
1754 553 1920 622 carpit
1958 552 2119 620 esse)

528 653 659 706 satis
684 659 946 722 cuperent
990 647 1315 720 prolongari.
1343 646 1450 700 Sed
1483 645 1641 699 nobis
1667 644 1932 700 sententia
1962 643 2120 714 longe

528 744 738 798 distans
768 751 874 806 est,
913 741 1004 811 qui
1049 739 1327 794 cernimus
1353 736 1659 800 manifeste,
1688 750 1850 805 quam
1882 735 1935 788 in
1970 734 2116 789 brevi

528 833 724 890 ﬁebilis
745 835 814 890 sit
839 834 1047 888 iuturus
1085 838 1256 885 status
1284 827 1534 902 Ecclesim
1560 826 1890 897 Anglicanaz.
1933 824 2120 879 Melius

531 927 718 996 itaque
749 926 900 980 nobis
928 922 1063 979 mori
1094 928 1177 976 est
1204 935 1365 990 quam
1396 920 1580 973 vivere
1616 928 1669 972 et
1712 917 1900 971 videre
1943 916 2120 970 immi-

533 1017 717 1069 nentia
743 1012 916 1084 gentis
947 1010 1106 1080 hujus
1137 1009 1277 1063 mala
1318 1017 1373 1061 et
1403 1015 1716 1062 sanctorum
1759 1005 1929 1076 (544).
1984 1003 2117 1058 Nam

532 1105 719 1174 procul
748 1103 908 1157 dubio
935 1101 985 1155 in
1019 1100 1251 1168 posteris
1282 1098 1496 1153 Henrici
1531 1098 1672 1168 regis
1695 1096 1900 1166 impleri
1935 1106 2121 1150 neces-

531 1210 589 1248 se
622 1202 728 1257 est,
766 1192 906 1261 quod
932 1190 1216 1259 Scriptura
1245 1190 1534 1258 pradocuta
1565 1197 1649 1243 est
1676 1205 1689 1240 :
1738 1207 1756 1239 ι
1788 1187 1983 1258 Spuria
2035 1188 2119 1241 vi-

533 1283 794 1338 tulamina
840 1297 946 1336 non
986 1282 1193 1335 dabttnt
1220 1279 1435 1334 radices
1463 1280 1598 1332 altas
1629 1277 1780 1349 (δίῳ.
1821 1294 1896 1342 tv,
1934 1275 2013 1347 ὅ),
2066 1288 2119 1330 et

448 1360 463 1421 ί
532 1374 600 1430 ab
625 1377 978 1446 iniquothoro
1005 1373 1664 1431 semenextcrminabitur
1685 1371 1834 1443 (Sap.
1861 1387 1943 1438 ttt,
1964 1370 2070 1441 ili).
2094 1389 2112 1423 ι

532 1464 640 1519 Sed
681 1475 733 1519 et
775 1482 865 1519 rex
893 1467 1186 1520 modernns
1231 1463 1587 1517 Francorum
1620 1461 1770 1533 (345)
1819 1450 2116 1532 genitorem

531 1570 689 1610 suum
717 1555 1046 1611 Ludovicum
1072 1554 1365 1609 ulciscetur
1394 1553 1447 1605 in
1471 1552 1655 1607 sobole
1672 1544 2121 1622 praevariCatricis

533 1648 684 1721 (546)
724 1666 845 1720 qtae
873 1649 1087 1702 thorum
1117 1658 1238 1699 cum
1268 1660 1334 1699 eo
1361 1644 1766 1698 immaculatum
1793 1642 2116 1713 repudiavit,

531 1738 758 1809 ejusque
798 1736 992 1791 remulo
1044 1733 1157 1804 regi
1205 1733 1523 1804 Anglorum
1559 1731 1827 1801 impudica
1866 1731 2113 1786 atllttesit.

2226 569 2342 607 rtnn
2379 564 2647 624 prompte,
2678 567 2835 612 acute
2874 565 2929 611 et
2955 556 3113 626 plene
3160 572 3510 612 enumerare.
3544 556 3606 612 In
3652 559 3816 614 coui-

2224 646 2384 702 temlo
2430 649 2574 701 istud
2621 663 2838 717 semper
2888 649 3225 713 replicabat:
3286 668 3305 701 ι
3357 648 3521 714 Mala,
3569 649 3820 720 inquiens

2225 754 2342 791 mea
2391 753 2539 799 vera.
2581 753 2740 807 pura,
2779 748 2834 793 et
2862 738 2979 794 sola
3014 740 3155 793 mala
3189 749 3348 805 sunt;
3397 740 3569 805 bona,
3611 739 3662 796 si
3710 756 3820 811 qua

2222 841 2346 883 sunt
2401 844 2506 883 non
2550 831 2624 884 ita
2676 839 2823 896 sunt,
2878 831 2971 886 sed
3028 832 3295 886 malorum
3340 831 3684 887 admistione
3726 833 3819 889 im.-

2223 938 2378 993 pnra,
2420 923 2576 977 malis
2615 923 2855 992 undique
2894 933 3171 990 concerta,
3217 934 3273 979 et
3306 923 3515 979 idcirco
3553 938 3665 978 nec
3693 939 3814 979 vera

2221 1014 2538 1084 simpliciter
2564 1023 2691 1067 sunt
2719 1014 2881 1071 bona.
2928 1033 2948 1066 ι

2240 1118 2243 1121 ‘
2290 1104 2574 1160 Crlebrata
2610 1105 2775 1175 igitur
2807 1119 2902 1174 per
2931 1106 3168 1161 triduum
3198 1102 3579 1176 hujuscemodi
3610 1105 3821 1161 confes-

2221 1197 2393 1259 sione,
2426 1196 2569 1249 circa
2602 1196 2793 1250 horam
2835 1196 3048 1250 tertiam
3079 1196 3131 1250 in
3163 1195 3347 1265 vigilia
3372 1206 3709 1259 memorata,
3730 1211 3821 1249 cu-

2220 1286 2492 1341 CilﬂflSli:l!
2518 1286 2585 1340 ad
2614 1300 2672 1342 se
2698 1285 2890 1340 delatae
2916 1287 3130 1341 obviam
3158 1287 3363 1356 plantis
3393 1286 3583 1351 nudis,
3624 1287 3820 1351 ciiitii,

2223 1380 2401 1435 tunica
2429 1389 2485 1433 et
2523 1379 2732 1433 cnculla
2763 1378 3026 1444 vestitus,
3056 1380 3327 1450 processit
3351 1396 3383 1434 a
3412 1379 3638 1436 lectulo.
3690 1382 3822 1434 Aule

2223 1468 2396 1538 ipsum
2424 1483 2639 1537 quoque
2664 1466 3004 1524 tremendum
3035 1467 3390 1537 divinumque
3414 1478 3822 1522 sacramenta

2220 1575 2393 1629 genua
2422 1558 2664 1623 ﬂectens,
2691 1568 2747 1613 et
2771 1558 3092 1627 suppliciter
3111 1558 3369 1621 adorans,
3389 1558 3604 1613 diutius
3625 1558 3819 1623 oravit,

2221 1664 2655 1704 commemorans
2679 1648 2904 1703 inﬁnita
2932 1647 3195 1703 beneﬁcia
3225 1646 3538 1702 Salvatoris
3590 1649 3822 1700 homno

2220 1735 2403 1805 generi
2442 1736 2711 1805 impensa,
2744 1735 2932 1804 illique
2954 1733 3158 1802 gratias
3183 1734 3311 1788 inde
3339 1733 3599 1787 referens
3619 1773 3638 1799 ,
3682 1748 3744 1787 ac
3766 1746 3821 1786 se

532 1831 901 1897 Quamobrem
932 1826 1172 1882 Gallicus
1223 1826 1327 1880 iste
1352 1824 1629 1894 Philippus
1683 1824 1886 1894 regiam
1918 1823 2116 1895 Anglo-
2148 1830 2190 1888 l}
2221 1826 2384 1881 nimis
2412 1825 2761 1896 culpabilem,
2789 1835 2850 1879 ut
2872 1823 3112 1888 dicebat,
3133 1823 3252 1892 ejus
3278 1823 3812 1880 misericordissima

533 1936 653 1974 rum
687 1919 759 1973 ita
799 1918 998 1973 delebit
1038 1918 1280 1986 stirpem.
1326 1914 1784 1985 quemadmodum
1829 1915 1936 1970 bos
1984 1916 2113 1968 her-

531 2011 654 2066 bam
692 2010 829 2065 solet
860 2012 1031 2080 usqne
1062 2008 1129 2063 ad
1166 2008 1376 2062 radices
1404 2023 1647 2077 carpere.
1694 2005 1827 2061 Nam
1872 2022 1901 2060 a
1947 2005 2116 2062 Gallis

533 2109 644 2155 tres
668 2100 837 2172 ipsius
877 2100 988 2154 nati
1021 2100 1131 2170 jam
1166 2098 1351 2153 abrasi
1386 2107 1537 2163 sunt,
1561 2113 1716 2168 rcges
1738 2096 1987 2152 videlicet
2011 2097 2117 2151 duo

529 2191 703 2265 (547),
733 2203 791 2248 ct.
830 2208 969 2246 unus
1013 2191 1235 2257 consul;
1269 2199 1514 2260 quartus,
1546 2192 1638 2260 qui
1674 2190 1945 2261 superest,
1992 2203 2119 2244 cur-

534 2294 644 2338 tam
676 2284 898 2339 habebit
927 2298 1114 2354 pacem
1157 2283 1226 2336 ab
1271 2283 1351 2338 eis
1392 2282 1561 2354 (548).
1617 2281 1738 2337 Scis
1790 2297 1939 2350 vero,
1987 2282 2114 2353 quia

534 2383 656 2443 post
682 2374 902 2428 biduum
926 2375 1123 2430 Natale
1154 2374 1366 2430 Domini
1397 2368 1500 2427 mei
1523 2373 1871 2444 evangelista!
1897 2383 1951 2428 et
1978 2388 2116 2442 apo-

534 2464 657 2519 sto!i
688 2464 923 2517 Mattluei
950 2465 1061 2519 lict.
1097 2465 1220 2519 Dies
1244 2464 1332 2518 illa
1370 2464 1475 2517 utei
1519 2478 1734 2533 quoque
1773 2465 2119 2533 episcopatus

534 2553 817 2608 natalitius
846 2563 1001 2617 erat;
1041 2553 1095 2606 in
1125 2566 1189 2607 ea
1217 2556 1384 2619 enim,
1414 2562 1473 2606 ut
1497 2553 1628 2617 scis,
1682 2553 1992 2607 unctionem
2033 2568 2119 2606 su-

532 2643 680 2713 scepi
712 2642 1083 2713 pracsularem.
1117 2641 1328 2710 Saepius
1350 2652 1531 2697 autem
1586 2643 1653 2696 ab
1693 2641 1913 2697 ineunte
1958 2652 2119 2698 tetate

531 2737 810 2807 aegrotavi,
854 2750 955 2791 nec
997 2735 1159 2789 ullam
1203 2743 1383 2790 tamen
1416 2736 1724 2793 unctionem
1754 2750 1874 2805 qua:
1902 2734 2119 2807 proprie

532 2828 869 2884 inﬁrmorttm
915 2828 1132 2894 dicitur,
1171 2827 1430 2883 hactenus
1457 2828 1692 2898 percepi.
1737 2828 1862 2883 Sola
1909 2844 1974 2883 ex
2018 2844 2118 2882 un-

532 2919 943 2988 ctionibusqute
977 2933 1108 2996 mea:
1140 2928 1361 2988 possent
1390 2933 1691 2989 congruere
1719 2933 1985 2987 persona},
2004 2917 2118 2973 hmc

532 3009 665 3085 mihi
692 3010 920 3064 necdum
947 3017 1031 3063 est
1077 3007 1296 3063 collata.
1344 3007 1494 3061 lianc
1519 3008 1680 3078 igitur
1705 3023 1830 3063 cras
1856 3008 1907 3063 in
1939 3008 2115 3078 vigilia

530 3099 672 3156 beati
696 3100 1047 3170 Evangelistm
1066 3099 1360 3169 promereri
1383 3109 1598 3169 exopto.
1625 3098 1742 3167 iam
1769 3100 1933 3169 igitur
1958 3101 2116 3154 modo

531 3189 723 3247 faciem
754 3192 964 3245 Domini
999 3191 1297 3261 praevenire
1326 3191 1585 3245 debemus
1628 3191 1682 3244 in
1712 3206 1845 3261 pura
1892 3200 1946 3246 et
1988 3206 2112 3245 vera
2142 3183 2184 3240 C

530 3282 894 3347 confessione,
937 3290 997 3351 ut
1030 3282 1146 3353 ipso
1192 3281 1422 3353 Domino
1449 3282 1720 3336 annuente
1752 3293 1860 3337 lant
1893 3296 2118 3337 venera-

533 3374 641 3428 bile
671 3382 1073 3429 sacramentum
1108 3374 1267 3441 dignc
1303 3388 1400 3443 pro
1434 3375 1651 3430 modulo
1686 3382 1873 3429 nostro
1899 3383 1954 3428 et
1981 3373 2115 3428 salu-

533 3463 704 3525 briter
727 3480 824 3534 pro
853 3465 1014 3519 domo
1046 3464 1323 3520 suanobis
1347 3466 1624 3537 contingat
1650 3465 1947 3534 suscipere.
1986 3483 2005 3516 ι

529 3610 535 3615 .
594 3558 700 3627 llis
728 3558 910 3627 itaque
939 3558 1277 3622 memoratis,
1304 3558 1567 3629 quidquid
1598 3558 1650 3613 in
1685 3544 2007 3614 se.noverat
2028 3572 2120 3610 ac-

531 3650 794 3716 cusabile,
838 3650 920 3705 vel
964 3650 1229 3721 quidquid
1261 3651 1314 3706 in
1344 3651 1585 3721 quolibet
1614 3652 1780 3720 gradu
1809 3654 2005 3727 tetatis,
2035 3666 2120 3706 or-

529 3743 694 3810 diuis,
721 3754 813 3798 aut
836 3743 1190 3815 profeSsionis
1211 3742 1312 3811 sibi
1335 3745 1524 3799 deesse
1538 3743 1826 3814 displicere
1847 3750 2116 3813 potuerat,

529 3837 700 3911 erepit
751 3837 807 3892 in
858 3845 1148 3911 conspectu
1188 3836 1419 3891 .Domini
1466 3836 1568 3893 sub
1614 3836 1923 3892 testimonio
1970 3834 2157 3905 prius,

529 3929 798 3998 ejusdem,
839 3942 962 3987 cum
1000 3944 1108 3999 quo
1161 3928 1504 3999 loquebatur,
1537 3929 1869 3991 tnonacltiet
1896 3916 2122 3998 presby-

528 4020 635 4079 teri
667 4020 773 4084 sui,
807 4020 1003 4079 deinde
1035 4021 1083 4076 ei
1125 4020 1396 4091 adjunctis
1445 4022 1617 4078 tribus
1669 4021 1979 4077 reverendae
2027 4021 2121 4075 bo-

529 4113 760 4173 ttcstatis
790 4111 1165 4173 sacerdotibus
1191 4112 1421 4168 sollicite
1443 4112 1716 4168 conﬁteri.
1741 4111 1981 4180 Quorum
2011 4109 2122 4181 pri-

528 4218 657 4261 mus
678 4203 1069 4263 Lincolniensis
1088 4203 1347 4270 decanns,
1380 4204 1651 4258 secundus
1675 4213 1974 4273 pneccptor
1998 4201 2117 4273 [al.,

524 4293 860 4367 pt‘a‘centor]
898 4296 990 4366 qui
1016 4295 1335 4350 cathedram
1360 4294 1531 4364 ipsius
1555 4303 1677 4363 post
1713 4310 1835 4350 eum
1878 4294 2124 4349 ascendit

526 4388 709 4456 «διω,
744 4389 936 4444 tertius
962 4402 1090 4443 vero
1111 4387 1528 4443 archidiaconus
1549 4386 1955 4443 Northamtona:
1979 4395 2118 4452 erat,

528 4483 619 4541 Νῦν
650 4483 763 4537 vita
796 4482 986 4554 utique
1008 4490 1067 4537 c’t
1093 4481 1338 4539 doctrina
1364 4481 1727 4537 clarissimus.
1763 4481 1821 4536 In
1859 4480 1962 4535 hac
1989 4494 2119 4534 con-

523 4574 774 4629 iussione
818 4589 919 4629 nec
956 4572 1045 4629 illa
1073 4572 1293 4637 omisit,
1317 4587 1438 4643 qua:
1471 4572 1777 4627 innumeris
1798 4572 2016 4643 pridem
2046 4570 2122 4623 vi-

534 4668 689 4720 cibus
714 4664 895 4720 fuerat
922 4665 1057 4721 viris
1086 4666 1296 4731 devotis
1325 4680 1488 4733 quam
1531 4664 1774 4735 pluribus
1817 4663 2120 4720 confessus.

529 4758 740 4814 Horum
781 4760 1006 4830 quilibet
1031 4759 1186 4814 fateri
1243 4759 1449 4815 solebat
1487 4760 1630 4829 quod
1661 4759 1930 4813 neminem
1976 4755 2124 4826 quis-

532 4866 700 4919 quam
726 4866 914 4906 corum
944 4862 1168 4906 eatenus
1196 4851 1438 4915 vidisset,
1463 4851 1577 4921 qui,
1609 4851 1752 4917 sicut
1776 4850 1858 4905 vir
1895 4849 2124 4911 istc,se-

538 4939 713 5011 ipsum
744 4952 931 4999 nosset
974 4957 1267 5008 accusare,
1305 4950 1359 4997 et
1384 4941 1466 4997 sic
1517 4957 1548 4995 a
1600 4956 1662 4995 se
1719 4940 1943 5006 omissa,
1984 4938 2125 4997 sicut

608 5099 759 5168 (544)
792 5099 922 5166 Qua:
954 5108 1078 5169 post
1105 5097 1435 5170 S.'llugonis
1463 5097 1671 5152 obitum
1698 5102 2026 5170 evenerunt,
2067 5105 2123 5150 et

538 5172 628 5227 diu
677 5164 1033 5232 duraverunt,
1082 5175 1230 5226 clero
1275 5164 1400 5225 cum
1443 5170 1727 5223 monachis
1773 5182 1825 5221 tn
1868 5164 2119 5222 exsiliunt

537 5243 726 5302 misso,
751 5251 808 5294 et
832 5249 943 5293 tota
976 5242 1087 5295 t'ere
1118 5240 1308 5302 Anglia
1341 5240 1481 5295 bello
1520 5248 1759 5293 vastata.

537 5256 726 5302 misso,
751 5256 808 5294 et
832 5256 943 5293 tota
976 5256 1087 5295 tere
1118 5256 1198 5297 All
1242 5256 1308 5295 tta
1341 5256 1481 5295 uctto
1520 5256 1759 5293 vastata.

522 5312 529 5317 ’
610 5311 762 5385 (545)
793 5311 1073 5385 Philippus
1101 5310 1165 5374 ll,
1191 5256 1367 5379 dictus
1390 5315 1685 5385 Angustus,
1711 5307 1898 5385 anno}
1917 5304 2036 5370 I79,
2068 5306 2122 5362 in

537 5378 1322 5455 regem"(iallim‘coronatum
1379 5378 1514 5436 obiit
1555 5396 1698 5435 anno
1749 5378 1888 5434 1225
1940 5391 2127 5433 mense

535 5455 697 5512 Jttlio.

542 5576 543 5579 η
611 5526 760 5600 (546)
790 5523 914 5600 Fuit
943 5522 1036 5600 illa
1066 5522 1390 5600 A3ienordis,
1418 5522 1691 5600 dlicuom.
1727 5536 1869 5575 nunc
1893 5517 2123 5600 ﬂagito:

522 5588 632 5666 ira;
654 5588 781 5666 quae
813 5598 956 5653 l'acto
980 5595 1215 5649 divortio
1247 5607 1380 5666 cum
1414 5588 1691 5666 Ludovico
1725 5607 1849 5666 rege
1890 5589 2122 5666 Philippi

541 5661 782 5737 pricdicti
830 5678 1004 5738 patre,
1039 5680 1184 5721 anno
1233 5662 1397 5738 1152,
1431 5664 1483 5714 itt
1529 5661 1719 5738 A_ngli_a
1772 5661 1824 5715 in
1870 5661 2122 5738 maritum

541 5730 693 5793 duxit
752 5730 1044 5794 lleitricutn
1075 5746 1202 5792 tunc
1232 5730 1636 5790 Nortltmatmize
1669 5732 1883 5795 ducem,
1931 5730 2125 5785 deinde

2215 1918 2402 1988 pietati
2428 1917 2818 1973 commendans
2836 1958 2852 1982 ,
2902 1916 3073 1988 ipsius
3098 1916 3331 1986 denique
3357 1915 3737 1985 patrocinium
3769 1926 3821 1969 et

2216 2010 2479 2065 auxilium
2504 2015 2676 2079 usque
2701 2009 2755 2064 in
2786 2008 2949 2064 ﬁnem
2970 2008 3073 2065 sibi
3104 2005 3295 2071 aﬁ'ore,
3346 2023 3451 2062 nec
3500 2021 3566 2062 se
3589 2022 3821 2076 utiquam

2216 2102 2470 2158 deserere
2491 2090 2744 2159 ﬂebiliter
2773 2101 3101 2172 imploravit.
3139 2100 3403 2156 Reiectus
3434 2100 3686 2169 denique
3706 2101 3822 2154 vita:

2215 2205 2433 2250 aeternae
2455 2194 2704 2266 dapibus,
2732 2203 2789 2250 et
2831 2202 3077 2248 extrema
3102 2192 3359 2247 unctione
3388 2191 3442 2246 in
3474 2202 3821 2262 peccatorum

2216 2285 2593 2340 remissionem
2618 2283 2909 2346 delibutus,
2940 2282 3145 2352 gratias
3192 2281 3304 2351 egit
3347 2281 3613 2347 Domino,
3673 2281 3820 2334 dixit-

2215 2393 2325 2448 que
2352 2380 2511 2434 nobis
2539 2397 2555 2432 :
2594 2396 2613 2429 ι
2637 2374 2758 2432 dam
2788 2376 3013 2431 medicis
3035 2384 3094 2431 et
3125 2375 3331 2430 morbis
3355 2375 3588 2439 nostris,
3643 2384 3704 2427 ut
3730 2387 3818 2444 po.

2220 2471 2364 2536 terit,
2397 2469 2705 2533 conveniat,
2736 2469 2803 2524 de
2834 2469 3080 2538 utrisque
3107 2465 3306 2521 amodo
3347 2464 3456 2520 erit
3508 2465 3565 2520 in
3608 2472 3820 2535 pectore

2219 2575 2405 2620 nostro
2426 2578 2556 2618 cura
2589 2562 2787 2616 minor.
2845 2561 2905 2614 Ei
2934 2574 3021 2614 me
3062 2558 3335 2623 commisi,
3386 2557 3545 2611 illum
3590 2556 3818 2627 suscepi,

2220 2657 2392 2725 ipsum
2425 2653 2641 2720 tenebo,
2659 2661 2711 2707 et
2734 2651 2834 2722 ipsi
2861 2649 3171 2713 adltmrebo,
3199 2648 3289 2702 cui
3311 2647 3603 2702 adluerere
3628 2647 3818 2701 hostium

2216 2757 2320 2809 est,
2351 2756 2407 2801 et
2435 2761 2594 2817 quem
2626 2754 2813 2800 tenere
2845 2744 3066 2797 beatum
3093 2749 3199 2796 est.
3247 2740 3423 2807 Quem
3448 2740 3547 2809 qui
3573 2738 3817 2809 suscipit,

2216 2849 2266 2893 et
2298 2838 2382 2891 cui
2413 2852 2473 2892 se
2495 2837 2586 2907 qui
2613 2834 2922 2898 committit,
2951 2833 3162 2888 validus
3188 2842 3244 2886 et
3272 2838 3422 2885 tutus
3456 2839 3567 2885 est.
3622 2846 3645 2882 ι

2285 2929 2608 2983 Admonitus
2633 2935 2810 2982 autem
2836 2934 3046 2996 postea,
3076 2924 3203 2979 dum
3220 2922 3453 2992 languor
3479 2922 3820 2992 iugum-sce-

2218 3030 2320 3082 ret,
2349 3019 2593 3073 utetiam
2623 3025 3011 3071 testamentum
3040 3015 3107 3068 de
3151 3028 3299 3069 more
3326 3011 3655 3074 conﬁceret,
3702 3011 3776 3063 ait
3800 3037 3814 3072 ;

2221 3131 2238 3162 ι
2276 3109 2461 3164 Taedet
2494 3123 2579 3163 me
2629 3121 2762 3163 sane
2802 3104 2964 3175 hujus
2992 3103 3407 3160 consuetudinis
3452 3101 3573 3172 jam
3620 3101 3816 3171 passim

2220 3202 2269 3256 in
2292 3201 2588 3256 Ecclesium
2615 3199 2897 3270 traductas.
2928 3196 3064 3251 Nam
3091 3197 3269 3266 quoad
3308 3194 3559 3251 animum
3621 3207 3815 3255 nterim,

2219 3291 2352 3346 nihil
2386 3288 2696 3345 ontnimode
2723 3295 2817 3342 aut
2842 3285 3057 3357 possedi
3102 3298 3369 3355 unquam,
3414 3292 3509 3336 aut
3568 3280 3817 3350 possideo

2218 3399 2358 3438 nunc
2396 3381 2537 3451 quod
2566 3393 2846 3435 censerem
2876 3392 3080 3439 meum.
3102 3384 3161 3431 et
3194 3389 3303 3431 non
3329 3374 3519 3445 potius
3553 3388 3679 3429 esse
3715 3370 3814 3426 Ec.

2215 3474 2395 3529 clcsite
2416 3488 2577 3543 quam
2604 3471 2876 3542 regebant,
2905 3468 3205 3539 proprium.
3235 3467 3517 3527 Attamen,
3562 3479 3637 3519 ne
3659 3464 3816 3517 ﬁscus

2217 3565 2376 3621 solito
2404 3564 2600 3634 rapiat,
2648 3563 2694 3618 si
2743 3560 2871 3632 quid
2922 3560 3184 3616 bonorum
3236 3555 3647 3628 temporalium,
3700 3561 3818 3625 post

2219 3674 2397 3714 meum
2434 3658 2638 3713 obitum
2673 3655 2728 3709 in
2757 3654 3075 3725 episcopatu
3109 3651 3273 3707 fuerit
3300 3649 3657 3711 derelictum;
3704 3647 3813 3718 jatu

2220 3767 2363 3805 nunc
2391 3750 2645 3803 universa
2680 3761 2801 3817 qua:
2844 3745 3034 3801 videor
3079 3742 3359 3813 possidere
3383 3781 3399 3805 ,
3451 3739 3817 3811 indigentibus

2218 3830 2491 3913 eroganda
2517 3841 2708 3911 detego
2738 3837 2965 3893 Domino
2986 3847 3173 3892 nostro
3195 3834 3322 3891 Iesu
3351 3831 3600 3888 Christo.
3624 3849 3645 3883 ο
3663 3827 3814 3884 Acci-

2221 3937 2396 4006 tisqne
2419 3936 2628 3990 decano
2658 3941 2715 3988 et
2732 3929 2945 3985 duobus
2970 3928 3226 3984 Ecclesia:
3253 3942 3370 3981 suae
3395 3921 3813 3985 archidiaconis,

2218 4041 2557 4096 qmccunqne
2587 4025 2638 4079 in
2670 4022 3076 4094 posscssionum
3109 4032 3333 4075 suarmn
3367 4015 3817 4071 lacnltatiimsre-

2219 4117 2382 4187 periri
2412 4121 2683 4186 poterant,
2716 4126 2905 4167 eorum
2928 4108 3242 4183 provisione
3260 4104 3645 4178 disperticnda
3691 4103 3813 4172 ipsis

2219 4202 2571 4260 contradidit.
2606 4202 2732 4257 Post
2764 4202 2880 4255 hmo
2916 4198 3160 4254 orarium
3210 4212 3370 4252 suum
3425 4195 3485 4263 (i.
3526 4209 3575 4248 ε.
3627 4194 3813 4249 stolam

2219 4293 2634 4363 sacerdotalem)
2658 4292 2822 4362 jussit
2856 4289 3063 4348 aﬁ‘erri.
3088 4290 3233 4359 quod
3268 4287 3473 4342 cervici
3505 4285 3814 4356 appendeu

2220 4386 2703 4442 anathematizavit
2737 4384 2861 4439 illos
2886 4395 3098 4447 omnes,
3117 4381 3208 4452 qni
3239 4380 3309 4436 de
3354 4379 3525 4434 rebus
3570 4378 3691 4433 suis
3724 4373 3817 4430 ali-

2221 4479 2351 4548 quid
2384 4475 2757 4531 iratnlulentcr
2782 4473 3144 4545 supprimere.
3176 4470 3257 4528 vel
3282 4470 3511 4525 auterre
3533 4466 3810 4526 violenter.

2226 4570 2559 4639 liberamque
2591 4568 2901 4623 facultatem
2950 4563 3307 4634 exsequendi,
3361 4562 3511 4631 quod
3558 4559 3810 4630 iusserat,

2224 4662 2499 4733 prmdictis
2530 4659 2940 4717 exsecutoribus
2969 4661 3237 4727 denegare
3274 4664 3607 4710 tentassent.

2297 4755 2430 4812 Post
2454 4742 2767 4826 susceptum
2819 4767 2950 4807 vero
3000 4765 3197 4806 munus
3231 4761 3494 4805 extremm
3530 4742 3810 4803 unctionis.

2227 4855 2508 4902 crescente
2553 4847 2606 4899 in
2658 4845 2775 4899 dics
2826 4854 2959 4898 testu
3003 4842 3253 4902 t'ehrinm.
3306 4838 3525 4897 duobus
3569 4835 3810 4891 continue

2229 4937 2504 4993 mensibus
2528 4935 2722 4992 lectulo
2752 4932 3028 4995 decubuit,
3054 4930 3370 5001 quotidiana
3394 4945 3554 4998 pene,
3579 4940 3633 4984 et
3650 4941 3811 4996 quau-

2233 5109 2411 5164 regem
2451 5092 2681 5164 electum
2711 5090 2936 5164 Anglim.

2780 5132 2968 5234 ﬁndor
2988 5166 3058 5234 Act
3107 5154 3437 5234 ltlchardns,
3469 5162 3700 5234 uterque
3723 5163 3802 5203 rex

2229 5225 2453 5305 Anglias'.
2484 5232 2726 5288 ille'vivo
2751 5230 2951 5305 adhuc,
2987 5232 3070 5305 hic
3100 5239 3333 5305 inm-tun
3374 5225 3801 5305 "cllt'iquntrr.

2216 5293 2533 5362 ~Canft'edtts
2555 5320 2620 5359 ex
2648 5302 2846 5357 comite
2884 5293 2998 5354 dux
3030 5298 3343 5363 Britanniae,
3375 5296 3545 5350 etiam
3598 5293 3801 5347 [lentici

2229 5377 2293 5439 II.
2326 5376 2465 5446 regis
2491 5374 2697 5446 Anglia!
2731 5370 2893 5427 ﬁlius.
2973 5439 2985 5446 _
3428 5436 3457 5446 ,ν
3548 5400 3553 5404 .

2220 5431 2241 5454 ’ί
2281 5431 2453 5515 ἰδΐκ)
2482 5431 2718 5500 Joannes
2751 5458 2865 5506 tcx,
2897 5439 2988 5510 qtti
3015 5437 3299 5515 obiit-post
3332 5431 3755 5515 multasclades,
3775 5444 3799 5479 a

2227 5504 2395 5576 Gallis
2426 5504 2629 5580 Anglia:
2653 5515 2828 5569 illatas
2854 5504 2999 5565 anno
3026 5504 3185 5581 iﬁlli
3198 5522 3382 5581 mense
3403 5504 3777 5581 (lctobri'._“-

2302 5570 2451 5658 (Sto)
2491 5570 3091 5658 Willehnusvidelicet_
3121 5577 3416 5658 nti-serpis.
3469 5570 3792 5658 ιιιιηοβὲτ

2229 5640 2577 5714 consecratus
2618 5657 2670 5712 in
2726 5654 3038 5726 cpiscOpum
3073 5640 3513 5704 Lincoltiicuscm
3550 5642 3644 5715 qui
3678 5640 3792 5695 obiit

2228 5746 2370 5786 anno
2406 5727 2557 5783 1⁸206.

3960 2670 3962 2763 l

3960 3048 3962 3179 |

3960 3644 3962 3761 l

3960 3834 3962 3913 l
