3962 6396
172 327 305 388 109⁸1

1509 328 1689 384 VITA.
1731 360 1800 370 —
1839 328 1968 383 LIB.
2012 328 2077 382 ν.

3291 335 3314 393 1
3325 333 3429 392 098

170 445 344 512 doque
369 437 566 510 saepius
591 438 645 494 in
676 439 764 495 die
795 439 1145 496 confessione
1175 440 1426 512 repetita,
1449 441 1754 497 levissimos
1781 447 1826 505 Α
1853 440 1979 495 dum
2008 420 2354 494 conScieutia:
2383 448 2581 492 nostra:
2610 436 2790 492 abdita
2809 438 3026 506 revolvo
3049 457 3284 516 quoque,
3305 450 3431 518 quia

169 531 549 604 cogitationum
577 540 754 586 motus
774 545 840 586 ac
859 531 1148 586 verborum
1173 546 1448 597 excessus,
1471 531 1516 588 si
1534 531 1750 602 quando

171 623 410 682 anxianti
442 623 686 679 eveniret
713 623 1149 680 ministrantibus
1173 623 1465 694 indignari,
1515 639 1748 694 purgare

171 714 451 770 festinans.
483 712 730 768 Orationi
754 727 909 770 mens
928 711 1046 782 ejus
1071 728 1288 783 semper
1316 713 1650 770 intendebat.
1667 713 1749 769 Di-

170 807 348 861 vinum
377 803 612 860 oﬂieium
640 813 871 874 tumque
898 813 1162 874 tempore,
1197 803 1371 860 noctis
1403 803 1651 860 videlicet
1694 813 1751 859 et

168 891 291 963 diei,
325 895 568 952 studiose
597 897 828 952 curabat
850 895 1004 953 horis
1027 895 1244 951 statutis
1289 895 1594 961 exsolvere,
1648 911 1750 952 nec

169 991 330 1048 horas
345 997 566 1058 propter
587 989 953 1045 accessionem
981 996 1147 1044 aestus
1173 985 1381 1044 febrilis
1399 997 1494 1044 aut
1524 997 1748 1058 praeter-

167 1097 244 1137 tre
277 1079 586 1152 patiebatur
612 1121 629 1148 ,
673 1089 789 1134 aut.
817 1080 1140 1150 praevenire.
1193 1077 1466 1136 Psallebat
1497 1089 1554 1136 et
1612 1079 1748 1148 ipse,

164 1188 286 1248 cum
321 1169 467 1227 vires
496 1173 874 1244 suppetebant,
904 1187 1026 1228 cum
1051 1167 1748 1242 psallentibus.'Neglectim

168 1279 260 1322 seu
292 1272 652 1335 preperanter
681 1263 924 1334 legentes
946 1271 1042 1319 aut
1066 1261 1361 1334 psallentes
1381 1259 1606 1317 terribili
1625 1275 1748 1315 mox

165 1373 294 1414 voce
319 1363 416 1414 aut
441 1356 623 1413 sonitu
652 1355 977 1428 castigabat.
1014 1353 1308 1424 Utriusque
1338 1353 1416 1409 rei
1450 1367 1660 1408 summa
1698 1351 1748 1408 ei

165 1464 292 1504 cura
326 1457 439 1504 toto
465 1463 682 1519 semper
707 1462 824 1503 arvo
847 1445 1178 1517 precedenti
1209 1445 1335 1510 fuit,
1384 1452 1445 1499 ut
1495 1443 1752 1499 distincte

162 1547 222 1608 et
241 1539 426 1594 debito
443 1546 684 1607 tempore
705 1535 950 1592 Creatori
979 1534 1312 1606 persolveret
1341 1531 1529 1588 laudes
1548 1529 1750 1586 consti-

161 1617 334 1682 tutas.
363 1625 807 1684 Vieissitudinem
835 1626 1000 1681 etiam
1025 1623 1203 1680 standi
1232 1636 1288 1679 et
1327 1621 1551 1678 sedendi
1600 1619 1750 1691 (350)

163 1718 305 1774 inter
329 1716 685 1787 psallendum,
715 1715 954 1784 quandiu
977 1713 1166 1778 valuit,
1199 1723 1256 1770 et
1281 1714 1513 1783 ipsemet
1555 1711 1753 1767 obser-

1853 546 1950 587 vos
1964 545 2106 601 saepe
2119 535 2187 586 ad
2201 530 2310 585 iras
2321 529 2747 599 provocaverim,
2760 530 3038 588 evidenter
3053 534 3291 604 invenio,
3305 541 3436 610 quid

1853 630 2030 680 tamen
2052 621 2175 676 inde
2197 619 2564 691 ptenitendnm
2587 622 2659 674 sit
2676 621 2828 687 mihi,
2855 635 2959 676 non
2985 629 3276 694 perpendo.
3306 629 3435 699 Sed,

1848 711 1976 780 quia
2009 712 2204 782 saepius
2225 710 2582 768 etinstantius
2608 711 2709 767 hoc
2734 711 2905 782 ipsum
2928 727 3034 768 non
3056 717 3281 785 egerim,
3305 721 3435 775 mihi

1849 801 2137 879 dolendum
2148 804 2284 858 scio.
2301 802 2666 864 Sedcrebrius
2677 803 2858 870 solito,
2875 805 2918 860 si
2935 805 3141 869 diutius
3158 810 3434 876 vobiscum

1849 892 1960 948 vita
1976 893 2217 949 ducenda
2239 903 2487 960 restaret,
2515 895 2566 950 id
2591 894 2764 965 ipsum
2789 910 2874 951 me
2897 895 3165 953 facturum
3189 899 3290 954 sub
3314 915 3433 964 ocu-

1849 983 1916 1039 lis
1927 991 2122 1039 cuncta
2137 984 2470 1055 inspicientis
2491 985 2584 1040 Dei
2611 985 2916 1042 firmissime
2935 1004 3195 1061 propono.
3219 989 3434 1045 Memini

1851 1090 2084 1145 namque
2129 1076 2278 1145 quia,
2307 1085 2366 1130 ut
2411 1077 2564 1132 vobis
2604 1077 2994 1149 morigerarer,
3025 1096 3088 1136 ea
3127 1097 3248 1151 qua:
3277 1081 3433 1136 vobis

1853 1177 2033 1225 tacere
2057 1183 2164 1222 non
2184 1167 2760 1242 debuissem,quteque
2785 1187 2816 1226 a
2841 1173 3016 1235 nobis.
3032 1175 3077 1230 si
3104 1175 3432 1240 dicerentur,

1851 1256 2236 1328 aequanimiter
2263 1273 2370 1314 non
2395 1259 2734 1325 audirentur,
2766 1275 2853 1317 me
2882 1276 3256 1332 smpenumero
3285 1264 3430 1336 igna-

1849 1346 1993 1402 viter
2014 1348 2409 1417 suppressisse,
2437 1349 2625 1419 sicque
2653 1365 2773 1406 mea
2800 1352 2956 1421 culpa
2983 1363 3224 1408 vestram
3252 1354 3431 1424 potius

1849 1450 2014 1505 quam
2045 1434 2245 1502 Patris,
2272 1436 2365 1506 qui
2417 1435 2469 1492 in
2506 1439 2659 1494 ctelis
2698 1449 2803 1506 est,
2831 1439 3092 1498 offensam
3137 1443 3431 1500 declinavi.

1850 1527 1931 1584 Ex
1959 1543 2068 1599 qua
2096 1529 2296 1586 accidit
2322 1529 2467 1600 quod
2497 1546 2604 1586 non
2632 1531 2808 1588 solum
2852 1534 2906 1588 in
2949 1535 3117 1591 Deum
3141 1536 3304 1604 (unde
3347 1538 3429 1592 in-

1851 1617 2181 1690 dulgentiam
2214 1619 2439 1690 supplex
2470 1619 2842 1693 iuquiro),sed
2865 1624 2919 1679 in
2952 1636 3188 1683 vestram
3212 1643 3429 1698 quoque

1850 1709 2237 1779 paternitatem
2268 1721 2325 1766 et
2359 1711 2414 1766 in
2446 1714 2739 1782 primatum
2764 1724 3027 1778 vestrum,
3062 1733 3162 1772 nec
3210 1718 3426 1786 leviter,

177 1784 357 1871 vabat,
389 1816 444 1863 et
475 1807 702 1862 clericos
733 1821 863 1864 suos
907 1805 1199 1862 observare
1247 1801 1635 1872 compellebat,
1660 1809 1752 1865 ut,
1787 1784 1830 1844 η
1858 1816 1960 1858 nec
1985 1800 2367 1873 episcopaliter
2392 1804 2614 1874 deliqui.
2639 1825 2658 1856 ι

170 1897 303 1953 (ιιιιῐι,
324 1912 464 1952 unus
493 1896 729 1953 sedendo
760 1895 982 1966 fatigata
1011 1894 1257 1956 membra
1310 1893 1574 1958 reticeret,
1617 1893 1756 1948 alius

164 1989 358 2045 stando
401 1989 600 2044 divinae
646 1998 702 2043 et
745 1986 1003 2059 angelica:
1047 1986 1350 2057 praesentia:
1397 1983 1754 2041 reverentiam

163 2079 467 2136 exhiberet.
496 2079 630 2134 Cum
664 2079 876 2150 magnis
908 2080 1201 2135 interesset
1225 2076 1488 2134 nobilium
1517 2091 1756 2132 conven-

166 2171 315 2227 tibus
349 2180 446 2226 aut
492 2170 810 2228 dccidendis
837 2184 1138 2226 causarum
1194 2169 1400 2232 litibus,
1449 2168 1589 2224 sicut
1634 2167 1756 2223 aliis

162 2261 336 2318 moris
391 2269 477 2317 est
523 2263 592 2318 ad
639 2262 954 2319 formandas
995 2259 1434 2317 interlocutorias
1485 2259 1754 2314 interdum

156 2351 452 2414 secedere,
483 2349 592 2416 ita,
645 2365 770 2406 cum
800 2351 1082 2420 exigerent
1127 2357 1402 2406 momenta
1447 2347 1605 2413 lucis,
1642 2347 1757 2419 ipse

156 2441 538 2497 divertebatur
567 2440 636 2496 ad
659 2441 934 2513 canendas
955 2441 1119 2496 horas
1138 2448 1446 2496 consuetas.
1503 2439 1562 2494 ln
1605 2438 1758 2494 dedi-

159 2531 462 2593 cationibus
488 2532 866 2598 ecclesiarum,
923 2539 979 2586 et
1006 2531 1062 2586 in
1106 2528 1561 2586 celebrationibus
1609 2527 1756 2582 ordi-

160 2640 286 2679 num
310 2639 430 2680 mos
455 2625 505 2680 ei
534 2639 640 2680 non
663 2621 943 2680 dissimilis
971 2618 1170 2676 fuerat.

177 2765 180 2768 .
230 2715 397 2772 Venit
425 2723 607 2770 autem
639 2729 734 2770 rex
762 2713 912 2785 (551)
961 2711 1196 2768 invisere
1235 2717 1615 2781 aegrotantem,
1664 2708 1753 2765 cui

161 2807 252 2862 ille
277 2821 379 2862 nec
410 2806 622 2862 modice
643 2807 794 2862 visus
821 2814 905 2862 est
925 2805 1144 2876 quidem
1183 2817 1474 2872 assurgere
1499 2802 1584 2859 vel
1613 2803 1753 2859 assi-

161 2896 307 2962 dere,
341 2912 468 2952 cum
497 2899 725 2954 necdum
748 2899 896 2954 vires
917 2898 968 2954 ei
991 2897 1241 2953 deessent
1266 2895 1443 2950 adhuc
1465 2894 1534 2950 ad
1563 2891 1758 2967 seden-

162 2993 284 3047 dum
316 2992 372 3048 in
395 3001 571 3048 strato
594 3008 714 3058 suo,
764 2994 892 3049 dum
940 2991 1194 3047 alimenta
1240 2986 1593 3059 percipiebat.
1636 2986 1754 3042 Rex

161 3083 206 3139 ei
269 3086 792 3156 compatientissime
853 3084 1206 3154 loquebatur,
1265 3093 1540 3151 exponens
1586 3078 1635 3136 ei
1692 3093 1753 3134 se

159 3177 328 3246 ipsum
361 3186 412 3232 et
447 3193 542 3232 sua
578 3177 646 3232 ad
675 3176 1070 3246 beneplacitum
1123 3173 1292 3244 ipsius
1321 3171 1745 3242 exsequendum.
1779 3171 1824 3195 “

159 3267 248 3322 lllo
269 3279 482 3330 autem.
532 3269 771 3325 exclusis
823 3269 1074 3324 omnibus
1122 3266 1255 3331 suis,
1306 3275 1432 3322 ante
1479 3263 1747 3332 jacentem

158 3357 352 3414 diutius
373 3360 629 3422 sedente,
655 3368 711 3413 et
735 3358 948 3413 blandis
976 3355 1318 3412 sermonibus
1349 3355 1519 3411 multa
1565 3369 1752 3424 prosc-

155 3457 373 3516 quente,
433 3449 729 3518 episcopus
776 3447 888 3503 fere
914 3446 1046 3502 nihil
1079 3446 1348 3502 referebat
1389 3445 1606 3500 auditis.
1644 3443 1752 3499 lies

156 3540 364 3593 tandem
387 3552 528 3592 suas
553 3548 609 3592 et
642 3537 951 3592 testamenti
983 3535 1065 3590 sui
1102 3546 1453 3590 exsecutores
1473 3549 1596 3589 cum
1638 3541 1751 3588 tota

157 3626 355 3693 pariter
377 3626 753 3682 Lincolniensi
787 3624 1025 3680 Ecclesia
1045 3624 1366 3694 protectioni
1409 3623 1550 3694 regis
1603 3637 1751 3678 eom-

162 3717 444 3783 mendans,
470 3719 589 3787 ipse
611 3716 876 3772 valefecit.
925 3715 1316 3786 Desperaverat
1357 3715 1470 3786 jam
1509 3713 1750 3786 profecto

161 3806 224 3862 de
251 3808 496 3863 maneria
527 3808 715 3880 ipsius,
741 3806 1095 3878 quamobrem
1121 3821 1295 3878 pauca
1322 3806 1372 3861 ei
1403 3805 1748 3876 loquebatur,

162 3913 228 3954 ne
251 3901 504 3970 perderet
525 3900 782 3971 pulchros
808 3913 1088 3955 sermones
1111 3913 1261 3954 suos.

227 3991 680 4064 Metropolitanus
699 4007 913 4064 quoque
933 3991 1126 4062 ipsius,
1172 3990 1324 4060 (552)
1349 3991 1618 4061 iacentem
1647 3991 1750 4046 ali-

160 4083 370 4152 quoties
395 4084 650 4149 visitans,
679 4083 940 4154 quidquid
975 4081 1328 4138 humanitatis
1367 4090 1422 4137 et
1446 4081 1748 4153 benignita-

161 4174 226 4230 tis
252 4183 418 4242 esset,
441 4175 492 4231 ei
515 4189 614 4245 pro
633 4173 840 4231 viribus
859 4187 920 4228 se
944 4171 1312 4229 exhibiturum
1334 4170 1635 4242 pollicetur.
1651 4171 1750 4226 Cui
1777 4221 1782 4224 .

160 4265 223 4319 ad
256 4275 597 4335 postremum
624 4263 956 4335 suggerenti,
987 4273 1067 4329 ut,
1114 4263 1174 4335 si
1199 4277 1360 4334 quem
1402 4259 1542 4317 forte
1584 4261 1752 4318 verbo

161 4364 249 4410 aut
277 4355 423 4412 facto
454 4356 641 4412 minus
664 4356 812 4426 justo
856 4355 1128 4410 irritasset
1147 4353 1232 4410 vel
1261 4352 1509 4416 laesisset,
1538 4351 1749 4407 veniam

161 4446 226 4500 ab
245 4446 450 4504 offenso
471 4457 660 4518 petere
683 4446 1036 4508 meminisset,
1079 4459 1144 4500 ac
1197 4444 1414 4500 demum
1464 4442 1754 4514 profitente
1783 4483 1829 4542 υ

161 4537 283 4606 quia
312 4553 444 4596 suos
471 4539 673 4609 saepius
711 4547 767 4592 et
795 4537 1113 4607 frequenter
1139 4535 1352 4592 animos
1399 4533 1752 4589 acerbissime

161 4641 518 4696 provocasset
561 4630 676 4700 (qui
711 4640 894 4684 tamen
941 4637 1095 4699 pater
1140 4625 1438 4696 spiritualis
1463 4634 1518 4680 et
1549 4626 1752 4695 primas

161 4721 275 4789 ejus
294 4714 634 4793 haberetur),
665 4721 808 4776 unde
837 4719 1017 4775 cordis
1039 4717 1340 4788 ptenitudo,
1357 4717 1633 4786 veniteque
1653 4730 1751 4772 ne-

161 4813 394 4866 cessaria
424 4813 703 4868 videretur
731 4811 1038 4882 postulatio,
1064 4809 1138 4864 ita
1180 4807 1491 4878 respondit:
1530 4826 1549 4858 σ
1577 4806 1745 4873 Sane,

232 4961 382 5031 (550)
415 4963 726 5019 Secundum
768 4964 1048 5032 antiquum
1099 4962 1307 5017 ordinis
1338 4960 1741 5016 Carthusieusis

166 5035 627 5154 ﬁonsuetudinem,
659 5049 782 5104 qua:
823 5034 988 5089 etiam
1017 5047 1160 5088 nunc
1202 5034 1527 5090 observatur
1570 5033 1622 5086 in
1650 5046 1742 5086 or-

204 5117 307 5154 tne.

204 5117 307 5155 Ille.

191 5217 194 5220 .
235 5171 381 5242 (35f)
404 5171 668 5235 Joannes,
687 5173 754 5228 de
781 5170 935 5241 cujus
963 5171 1229 5242 Maneria,
1261 5171 1313 5226 id
1340 5180 1446 5233 est,
1480 5171 1533 5224 ni
1560 5169 1738 5235 fallor,

169 5241 408 5297 moribus
439 5254 512 5298 et.
537 5244 773 5313 ingenio,
802 5243 858 5297 S.
895 5243 1048 5312 llugo
1086 5241 1356 5313 dubitare,
1407 5243 1515 5296 imo
1542 5242 1745 5313 despe-

171 5323 288 5382 rare
310 5315 497 5382 erepit.
527 5311 790 5380 Joanltern
813 5311 997 5367 tamen
1020 5324 1198 5382 regem
1223 5311 1454 5382 finalitcr
1478 5311 1740 5382 sali-alunt

171 5377 450 5453 colligitur
481 5399 550 5438 ex
590 5377 1268 5453 visione,"quamjecitat
1326 5381 1637 5453 Ilaynaldus
1685 5383 1738 5436 in

168 5445 355 5520 Annal.
389 5452 456 5505 ad
481 5468 684 5507 annum
712 5445 984 5520 1226,1'01.
1009 5451 1134 5506 555.

109 5577 126 5598 κ
199 5517 382 5598 ,(552)
420 5521 707 5598 llubertus
771 5517 962 5598 nempe
1008 5520 1448 5598 archiepiscopus
1499 5523 1739 5598 Cantua-

171 5590 382 5653 riensis,
399 5607 568 5664 quem
580 5592 800 5663 saepius,
817 5602 884 5648 et»
898 5590 1006 5658 hic,
1037 5590 1251 5658 etalibi,
1271 5590 1426 5663 llugo
1457 5594 1738 5664 corripuit,

174 5668 267 5711 nec
301 5663 625 5717 corrinuisse
657 5664 848 5717 doluit.
1416 5675 1427 5684 ‘

233 5725 381 5802 (555)

473 5732 584 5784 irea
649 5731 844 5788 festum
896 5732 1363 5801 igitur.0mnium
1414 5734 1736 5792 Sanctorum

479 5821 752 5883 Ρηιιοι..
808 5821 1020 5882 CLIII.
1697 5850 1701 5853 ·

2405 1892 2632 1950 CAPUT
2673 1894 2862 1950 XXIV.

1860 1999 2103 2073 Qualiter
2129 2003 2386 2073 magistro
2419 2003 2636 2072 fabrica:
2681 2004 3063 2062 Lincolniensis
3089 2007 3340 2064 Ecclesia:
3372 2011 3432 2065 dc

1929 2072 2178 2150 [sciendo
2214 2072 2600 2150 pra’pqralione
2627 2086 2810 2150 contra
2844 2078 3086 2150 generale
3120 2077 3432 2150 colloquium

1927 2141 2119 2218 ibidem
2259 2141 2416 2218 brevi
2442 2143 2688 2218 futurum
2727 2141 2976 2212 injuitxit,
3007 2157 3056 2218 et
3103 2141 3334 2218 qualiter
3374 2166 3432 2204 eo

1928 2211 2346 2286 descripsitque:
2371 2211 2797 2286 circa‘ejustlem;
2812 2217 3087 2285 exsequias
3115 2211 3172 2271 ἐι
3206 2224 3421 2286 sepultu-

1929 2295 2045 2352 rom
2074 2280 2236 2334 voluit
2266 2280 2626 2346 obseruari,“
2657 2284 2884 2352 qualiter
2909 2280 2964 2340 se
2991 2287 3176 2341 habuit
3211 2280 3280 2341 tul
3314 2304 3431 2342 sua-

1927 2350 2128 2404 sionem
2158 2354 2224 2404 de
2241 2367 2335 2406 esu
2357 2353 2598 2406 carnium
2619 2350 2720 2406 sibi
2739 2355 2961 2422 factam.

1927 2438 2277 2494 Postmodum
2301 2440 2618 2498 imminente
2649 2442 2750 2498 sibi
2771 2443 2885 2510 jam
2914 2453 3038 2512 post
3058 2445 3174 2499 dies
3209 2445 3425 2514 quinde

1857 2530 1965 2584 cim
2011 2529 2160 2600 (555)
2206 2530 2344 2586 lueis
2390 2531 2550 2600 hujus
2598 2531 2687 2586 die
2736 2546 3012 2602 suprema,
3065 2533 3328 2594 Gaufrido
3372 2537 3434 2591 de

1858 2619 2072 2686 Voires,
2097 2619 2296 2677 nobilis
2324 2620 2545 2678 fabrica:
2575 2624 2944 2680 constructori
2979 2629 3164 2694 (quam
3197 2627 3362 2696 erepit
3406 2643 3433 2682 ι·

1855 2712 2224 2768 fundamentis
2249 2713 2304 2768 in
2335 2715 2646 2769 renovanda
2670 2713 3041 2771 Lincolniensi
3071 2716 3303 2772 ecclesia
3327 2717 3409 2772 eri

1855 2818 1984 2875 gere
2013 2804 2253 2876 llugonis
2307 2804 2593 2876 magnifica
2632 2820 2760 2876 erga
2807 2807 3060 2862 decorem
3105 2808 3297 2863 domus
3340 2808 3432 2866 Dei

1856 2894 2096 2964 dilectio)
2132 2895 2260 2950 talia
2288 2895 2464 2952 eidem
2493 2904 2579 2952 est
2624 2895 2876 2952 locutus:
2915 2915 2936 2950 ι
2973 2896 3109 2963 Quia
3155 2899 3431 2958 dominum

1859 2999 2038 3056 regem
2073 3001 2198 3041 cum
2227 2986 2530 3058 episcopis,
2555 2986 2830 3058 totiusque
2862 2988 3011 3059 regni
3047 2987 3210 3058 hujus
3234 2991 3410 3060 primo

1858 3076 2380 3143 ribus,Lincolniam
2403 3079 2456 3134 iu
2483 3078 2808 3150 proximoad
2831 3079 3082 3152 generale
3107 3081 3431 3152 colloquium

1855 3167 2006 3241 (554)
2037 3177 2402 3225 conventuros
2434 3169 2766 3240 accepimus,
2790 3170 3058 3236 accelera,
3083 3181 3138 3228 et
3159 3187 3288 3227 cura
3319 3173 3427 3228 sin-

1853 3261 1999 3331 gula,
2049 3275 2382 3331 quaecunque
2431 3261 2740 3317 necessaria
2787 3271 2911 3317 sunt
2961 3263 3029 3318 ad
3067 3264 3318 3320 decorem
3380 3277 3431 3321 et

1853 3361 2105 3407 ornatum
2144 3351 2290 3407 circa
2334 3351 2505 3406 altare
2548 3352 2753 3408 domini
2808 3369 2870 3410 ac
2929 3355 3143 3424 patroni
3193 3355 3301 3413 mei
3370 3354 3411 3411 S

1853 3441 2075 3497 Joannis
2105 3442 2380 3511 Baptistae,
2405 3443 2688 3513 perficere,
2716 3444 2860 3514 quod
2889 3444 3054 3500 etiam
3082 3460 3182 3515 per
3210 3445 3432 3502 fratrem

1855 3540 2101 3586 nostrum
2150 3531 2461 3590 Roffensem
2515 3533 2829 3604 episcopum
2859 3535 3032 3605 (555),
3068 3551 3193 3591 cum
3229 3549 3294 3592 eo
3327 3553 3432 3592 una

1853 3641 1978 3680 cum
2005 3627 2222 3680 caeteris
2248 3625 2533 3680 advenerit
2571 3624 2866 3696 episcopis,
2897 3628 3144 3683 volumus
3169 3629 3429 3684 dedicari.

1852 3715 1988 3771 Nam
2037 3726 2090 3772 et
2131 3731 2229 3790 nos
2263 3716 2363 3786 ipsi
2409 3717 2711 3772 denuntiati
2764 3727 3006 3788 tempore
3045 3718 3296 3789 colloquii
3329 3719 3432 3774 illic

1853 3815 2148 3876 praesentes
2193 3807 2399 3862 erimus
2451 3805 3012 3878 (356).°Optabamus
3061 3822 3194 3865 sane
3249 3817 3430 3880 nostro

1855 3898 1985 3953 illud
2015 3899 2319 3956 ministerio
2340 3915 2684 3976 consecrare,
2709 3900 2966 3971 sed,quia
2997 3902 3256 3957 Dominus
3278 3903 3428 3958 aliter

1854 3990 2140 4060 disposuit,
2167 3990 2434 4056 volumus,
2451 3999 2509 4046 ut
2529 3991 2854 4062 priusquam
2885 3991 3011 4058 illuc
3030 3993 3430 4062 perveniamus,

1853 4083 2143 4138 occasione
2180 4083 2329 4138 omni
2386 4092 2621 4151 remota,
2661 4093 3036 4141 consecretur.
3071 4102 3090 4136 ι
3144 4082 3270 4140 Illuc
3315 4084 3430 4155 ipsa

1853 4175 2014 4228 verba
2038 4182 2093 4227 et
2131 4172 2252 4227 aliis
2281 4173 2605 4243 quibusdam
2641 4175 2880 4245 repetiit,
2909 4175 3044 4233 dans
3072 4175 3125 4229 in
3159 4175 3429 4232 mandatis

1854 4263 2218 4320 servientibus
2238 4264 2354 4321 suis
2373 4264 2688 4336 cunctisque
2713 4265 3011 4336 majoribus
3041 4264 3294 4321 Ecclesiae
3321 4279 3429 4321 sua,

1854 4354 2122 4423 personis,
2178 4361 2236 4408 ut
2284 4354 2368 4409 vel
2425 4355 2480 4408 in
2530 4355 2792 4410 extremis
2832 4353 3128 4424 obsequiis,
3175 4362 3429 4423 quantam

1855 4453 2102 4512 possent,
2128 4442 2403 4500 deferrent
2440 4445 2935 4509 honorificentiam,
2966 4460 3072 4500 non
3099 4444 3272 4500 solum
3298 4445 3428 4513 regi,

1855 4534 1951 4586 sed
1995 4541 2051 4588 et
2086 4533 2380 4602 episcopis,
2420 4533 2655 4604 aliisque
2706 4533 2899 4588 amicis
2937 4533 3052 4588 suis
3096 4531 3427 4587 Lincolniam

1853 4623 2086 4677 adventu
2096 4623 2190 4678 ris.

1927 4713 2128 4783 Urgere
2159 4714 2364 4770 interea
2393 4727 2515 4768 eum
2541 4713 2764 4784 languor
2790 4712 3292 4796 vehementissimus
3321 4728 3424 4770 ca:-

1850 4804 1950 4873 pit,
1986 4813 2042 4860 et
2085 4805 2376 4876 geminatis
2396 4805 2636 4875 quotidie
2663 4804 3001 4875 paroxysmis
3034 4806 3085 4859 in
3117 4805 3286 4860 solida
3313 4805 3425 4874 ejus

1848 4961 2146 5026 mandavit,
2176 4978 2294 5031 quae
2323 4972 2624 5033 sequuntur
2661 4964 2980 5020 architecto.
3023 4963 3159 5018 Item
3200 4965 3426 5021 ecclesia!

1847 5033 2298 5118 sure-cogitatum,
2339 5035 2415 5088 ait
2444 5033 2694 5118 Giraldus
2723 5033 3088 5118 .Clarnbrensis,
3147 5051 3271 5118 pag.
3303 5037 3426 5103 419,
3506 5064 3545 5081 --

1849 5103 1990 5176 apud
2010 5101 2404 5176 _Whartouum,
2433 5105 2598 5170 pariis
2627 5104 2890 5171 lapidibus
2915 5101 3320 5176 marmoreisque
3343 5101 3420 5161 eo?

1849 5171 2047 5226 luntnis
2073 5173 2207 5227 miro
2239 5174 2466 5242 artiﬁcio
2490 5175 2772 5240 renovavit,
2802 5186 2910 5229 etc.
2942 5191 3061 5244 qua:
3093 5176 3164 5231 ibi
3192 5171 3430 5246 sequun-

1852 5251 2074 5437 ωζ554)
2113 5312 2215 5380 Qui
2251 5327 2317 5366 ao
2357 5313 2608 5383 generale
2651 5313 2752 5368 hoc
2799 5313 3136 5370 Lincolniam
3178 5315 3430 5376 venerint

1852 5381 1934 5437 col
1956 5383 2199 5437 nauium.
2233 5383 2501 5436 indicatur
2527 5381 2664 5437 infra
2690 5399 2738 5437 c.
2766 5383 2857 5437 27.

1849 5381 2199 5451 colloquium,
2233 5381 2501 5436 indicatur
2527 5381 2664 5438 infra
2690 5399 2738 5438 c.
2766 5383 2857 5437 27.

1919 5452 2070 5523 (555)
2103 5452 2235 5507 Erat
2266 5454 2310 5507 is
2336 5452 2607 5508 Gilbcrtus
2649 5455 2715 5505 de
2755 5453 3040 5520 Glanvilla,
3085 5455 3150 5508 de

1847 5533 1997 5580 ctum
2029 5524 2081 5578 in
2107 5533 2232 5593 nota
2258 5523 2409 5593 (ΞΠ)
2437 5523 2584 5593 δάιε.
2621 5525 2680 5578 l7
2713 5523 2870 5593 hujus
2893 5524 3037 5578 libri.

1921 5593 2072 5665 (556)
2102 5591 2344 5648 Praesens
2392 5591 2588 5657 adfuit,
2636 5609 2756 5665 non!
2783 5591 3039 5661 corpore,
3069 5592 3164 5665 sed
3210 5591 3425 5661 spiritu,

1845 5663 1959 5791 amo
1985 5673 2038 5718 et
2055 5662 2317 5734 corpore,
2347 5678 2558 5719 summo
2587 5679 2709 5718 cum
2746 5663 2954 5726 honore
2989 5662 3281 5734 sepultura:
3315 5671 3426 5716 tra-

1886 5744 2012 5790 rtus.

2914 5823 2992 5885 3-3

3194 5469 3318 5528 quo,
3347 5451 3430 5521 dig
