3962 6398
504 325 643 384 1099

1368 318 1426 373 S.
1470 314 1771 374 HUGONIS
1803 313 2015 372 EPISC.
2055 304 2385 369 LlNC-OLN.
2414 304 2573 362 0RD.
2615 302 2871 360 CARTII.

495 441 738 503 membra
763 437 946 495 debile
974 434 1230 492 steviebat
1258 432 1588 495 incendium,
1609 429 1792 484 vitalia
1822 437 1877 485 et
1900 428 2073 483 inter-
2106 431 2149 486 Α
2178 423 2353 478 habeo
2376 418 2613 490 sepeliri.
2643 416 3007 485 Quamobrem
3045 415 3273 472 exuvias
3315 415 3569 486 corporis
3627 416 3782 484 hujus

495 547 689 591 norum
756 527 1023 585 medullas
1092 522 1402 597 dysenteria
1477 519 1865 600 exhauriebat.
1926 518 2079 574 Unde

495 626 687 681 diebus
714 621 923 691 aliquot
951 627 1077 672 ante
1098 616 1306 671 obitutn
1352 626 1534 677 suum,
1564 624 1923 681 quacunque
1950 617 2080 664 ante

496 712 785 782 exsequias
812 717 883 765 et‘
910 708 1241 776 Septiltnratu
1277 716 1434 759 suam
1460 701 1629 756 voluit
1662 699 1889 770 expleri,
1925 698 2082 754 nobis

499 806 697 860 iterato
726 799 1016 857 insinuavit
1037 797 1380 852 documento.
1399 811 1420 846 ι
1444 789 1856 862 Cineres(557),
1883 787 2076 859 inquit,

498 894 728 951 solemni
766 893 870 947 ritu
899 885 1265 945 benedicendo
1287 886 1622 954 praeparate,
1653 896 1790 951 quos
1818 880 1874 935 in
1898 879 2081 935 crucis

500 984 720 1039 modum
750 979 1022 1051 spargetis
1058 986 1225 1044 super
1253 973 1431 1030 locum
1466 981 1627 1028 terrae
1658 970 1834 1036 nudae,
1875 970 1930 1024 in
1971 983 2080 1039 quo

498 1076 847 1147 ponetis-tne,
874 1086 997 1127 cum
1042 1071 1247 1124 instare
1287 1065 1537 1123 videritis
1573 1065 1765 1121 horam
1811 1077 2080 1133 supremae

498 1164 849 1238 aspirationis
884 1160 1301 1218 meae.Cilicium
1325 1157 1492 1225 enim,
1522 1171 1676 1213 more
1696 1153 2078 1225 quorumdam,

500 1260 554 1314 in
580 1257 773 1313 ordine
798 1264 981 1310 nostro
1007 1251 1387 1324 migrantibus,
1410 1261 1754 1319 nequaquam
1778 1245 2085 1300 substet-uir

499 1360 607 1406 tur.
636 1349 712 1404 Eo
734 1348 933 1417 quippe
968 1344 1195 1416 quilibet
1228 1341 1467 1397 moriens
1497 1337 1637 1409 apud
1669 1350 1768 1392 nos
1789 1343 2079 1392 contentus

497 1449 583 1496 est
610 1456 718 1511 quo
746 1438 952 1509 pridem
989 1437 1179 1490 vivens
1208 1448 1342 1488 usus
1378 1440 1435 1487 et
1484 1430 1706 1484 indutus
1747 1426 1876 1482 fuit.
1916 1445 1936 1477 ι
1967 1425 2079 1481 Hec

497 1518 716 1604 quidem
752 1530 1075 1600 loquebatur
1102 1525 1281 1583 cilicio
1317 1532 1372 1579 et
1402 1522 1585 1577 tunica
1627 1520 1849 1576 indutus
1870 1517 2079 1574 cuculla

497 1622 716 1692 qudque
764 1619 1177 1691 supervestitus.
1233 1613 1329 1670 His
1384 1611 1640 1668 involutis
1683 1609 1864 1681 potius
1913 1620 2077 1678 quam

500 1713 832 1768 indumentis
880 1709 1027 1765 nullo
1052 1706 1387 1779 mgritudinis
1417 1719 1529 1760 suae
1574 1709 1849 1758 momento
1875 1702 2075 1756 caruit.

499 1802 623 1859 Non
656 1804 819 1858 ardor
843 1800 1033 1864 febris,
1058 1813 1164 1854 non
1191 1794 1438 1866 corporis
1465 1801 1648 1849 tantus
1672 1793 1846 1848 sudor‘
1872 1789 2076 1861 aliquid
2114 1783 2154 1838 Β

496 1895 694 1950 horum
717 1892 766 1947 ei
794 1891 1047 1946 detraxit.
1063 1888 1310 1944 Cilicium
1337 1888 1420 1943 bis
1440 1894 1533 1943 aut
1561 1884 1728 1942 semel
1750 1882 1947 1940 mutari
1974 1882 2076 1939 sibi

494 1983 585 2037 vix
618 1980 882 2053 permisit,
908 1980 1059 2050 quod
1082 1981 1282 2035 sudore
1310 1979 1467 2050 quasi
1499 1978 1613 2033 luto
1652 1984 1970 2033 concretum
2022 1982 2079 2030 et

498 2072 660 2128 restis
691 2074 840 2128 more
854 2076 1183 2134 contortum,
1207 2070 1347 2126 inter
1364 2074 1567 2140 corpus
1587 2077 1641 2125 et
1671 2067 1909 2122 tunicam
1937 2066 2072 2138 ejus.

409 2233 423 2242 _
493 2179 560 2219 ex
588 2164 813 2219 laterum
840 2160 1105 2233 frequenti
1135 2162 1489 2218 conversione
1523 2161 1912 2232 reperimus,’et
1933 2159 2075 2228 quod

493 2253 660 2308 etiam
681 2261 858 2308 cutem
891 2251 941 2307 ei
982 2251 1283 2307 cnormiter
1309 2238 1828 2315 abrasissefncscio
1854 2256 1986 2318 quot
2020 2247 2073 2301 in

494 2342 652 2409 iocis,
683 2341 1158 2414 deprehendimus.
1196 2340 1287 2404 Et,
1326 2341 1452 2411 quia
1484 2340 1729 2394 novimus
1762 2337 1903 2408 apud
1947 2335 2076 2391 Car-

496 2427 803 2487 tbusienses
829 2429 1119 2499 plurimum
1150 2428 1379 2484 inﬁrmis
1398 2422 1730 2496 cilicia(358)
1757 2442 1824 2481 ex
1846 2440 2073 2481 consuc-

495 2522 680 2577 tudine
694 2520 1148 2586 tolli,dicebamus
1158 2520 1212 2574 ei
1240 2535 1253 2572 :
1274 2537 1292 2570 ι
1322 2516 1829 2584 ουιηίιιθ,1ωόὶί“νοε
1847 2516 2071 2571 nimium

491 2620 548 2668 et
576 2610 853 2668 exulcerat
880 2611 933 2666 iu
957 2609 1229 2666 continuis
1244 2607 1517 2677 iacentem
1547 2607 1834 2688 sudoribus
1863 2604 2072 2676 hispida

494 2704 660 2762 vestis
706 2700 843 2761 haec.
875 2700 1099 2774 Oportet
1145 2716 1276 2774 ergo
1322 2716 1420 2757 vos
1474 2701 1618 2756 illam
1665 2713 1888 2765 exuere,
1925 2708 1980 2754 et
2007 2713 2072 2754 ea

485 2796 643 2865 juxta
669 2809 876 2851 morem
890 2791 1118 2858 ordinis,
1136 2791 1262 2846 dum
1289 2790 1552 2862 aegritudo
1581 2789 1826 2854 infestat,
1855 2787 2074 2857 penitus

491 2884 701 2944 carere.
741 2905 760 2937 ι
789 2884 870 2939 Ad
914 2884 1029 2939 haec
1062 2895 1203 2938 vero
1243 2881 1333 2939 ille
1359 2882 1573 2938 diccbat
1607 2896 1623 2937 :
1662 2899 1680 2934 ι
1717 2879 1861 2934 ΝοΙίι
1910 2878 2072 2945 Deus,
2124 2876 2130 2881 ’

492 2991 548 3034 et
583 2976 724 3033 absit
753 2973 896 3032 is'tud
926 2990 995 3030 ne
1025 2974 1148 3030 fiat!
1184 2989 1292 3031 non
1327 2972 1477 3028 enim
1496 2971 1659 3039 laedit,
1688 2971 1783 3027 sed
1822 2968 1953 3025 lenit
1977 2982 2075 3024 nos

492 3071 661 3127 vestis
694 3071 839 3135 hanc;
877 3065 1113 3124 nectam
1134 3067 1343 3122 uicerat
1375 3080 1539 3136 quam
1568 3064 1743 3135 juvat.
1782 3080 1803 3115 ι
1878 3066 1883 3081 ί

488 3266 629 3308 cens
691 3269 706 3307 :
778 3268 797 3305 ι
850 3250 978 3308 Scio
1045 3248 1261 3319 quidem
1343 3262 1444 3305 nec
1511 3248 1821 3320 episcopum
1896 3259 2083 3315 quem-

492 3356 655 3413 quam
700 3340 799 3399 nec
850 3343 1205 3414 abbatem'jn
1250 3341 1339 3397 bis
1378 3338 1514 3396 locis
1560 3338 1960 3409 reperiendum,
1987 3339 2081 3406 qui

493 3435 734 3490 debitum
762 3431 1399 3491 commendans‘ofﬁcium
1424 3430 1715 3486 educenda:
1744 3428 1939 3484 de‘isto
1960 3442 2083 3483 car-

492 3536 619 3581 cere
643 3524 837 3580 animae
856 3537 992 3581 metu
1036 3523 1214 3580 valeat
1249 3519 1577 3592 impendere.
1609 3519 1903 3575 Universos
1926 3532 2080 3573 nam-

491 3612 598 3687 que
626 3616 786 3687 hujus
811 3625 968 3674 terra:
995 3615 1245 3687 praelatos
1271 3613 1509 3669 edictum
1541 3610 1795 3684 generale
1817 3608 2084 3680 protraxit

491 3702 847 3767 Lincolniam.
863 3706 1042 3762 Mittes
1067 3694 1232 3775 igitur
1254 3716 1454 3775 pueros
1473 3714 1596 3758 cum
1629 3698 1782 3769 equis
1806 3699 1873 3752 ad
1899 3698 2081 3754 West-

493 3801 881 3858 monasterium
936 3799 1090 3872 (359)
1133 3799 1227 3869 qui
1278 3796 1548 3854 deducant
1594 3792 1720 3848 inde
1758 3802 1966 3862 septem
1994 3789 2115 3845 vel

490 3899 616 3948 octo
640 3892 954 3957 monachos,
975 3889 1321 3947 utcel'ebrent
1351 3883 1630 3941 vobiscum
1670 3879 1958 3951 exsequias
1978 3886 2075 3933 no-
2103 3889 2107 3892 ‘

492 3993 656 4042 stras.
686 3985 768 4041 Ad
799 3984 1062 4041 decanum
1103 3979 1451 4037 nihilominus
1501 3975 1687 4032 Sancti
1732 3972 1886 4029 Pauli
1925 3968 2076 4043 (360)

493 4068 676 4132 verbis
728 4067 867 4131 meis
892 4075 1095 4139 mittes,
1142 4081 1199 4129 et
1240 4068 1537 4127 mandabis
1577 4066 1651 4123 illi
1695 4074 1969 4138 quatenus
2006 4075 2074 4118 ex

492 4164 706 4221 clericis
728 4165 953 4221 charum
994 4161 1464 4232 freq'uentantibus
1494 4159 1770 4230 copiosam
1814 4156 1921 4211 huc
1944 4155 2076 4211 diri-

494 4264 586 4326 gat
610 4249 1027 4310 multitudinem.
1057 4250 1137 4307 Ita
1166 4251 1300 4307 mihi
1325 4248 1595 4322 siquidem
1639 4245 1915 4317 speciosae
1954 4259 2077 4315 per-

493 4341 712 4400 sdlvetis
734 4342 1044 4413 exsequias.
1150 4354 1151 4361 ‘
1638 4354 1641 4359 ·

568 4436 746 4492 «ϐαίη
803 4446 961 4491 vero"
1003 4443 1213 4504 tempus
1260 4430 1425 4486 fuerit
1473 4437 1535 4485 ut
1576 4440 1777 4500 corpus
1824 4425 2075 4482 exanime

489 4527 893 4602 pentiiicalibus
928 4527 1185 4582 induatur
1230 4538 1296 4579 ex
1329 4535 1480 4578 more
1532 4519 1795 4587 vestibus,
1843 4510 2075 4575 sociabis

493 4619 588 4675 tibi
620 4618 770 4693 (56!)
814 4632 979 4673 unum
1020 4631 1087 4672 ex
1132 4612 1505 4671 sacerdotibus
1547 4609 1815 4682 regularis
1836 4606 2072 4674 habitus,

490 4711 583 4782 qui
615 4720 792 4767 tecum
822 4717 989 4765 totum
1018 4707 1179 4763 funus
1215 4704 1525 4776 diligentius
1559 4701 1832 4759 abluat'et
1861 4699 2072 4755 abster-

480 4814 602 4877 με.
632 4805 689 4860 1η
723 4804 951 4860 ecclesia
984 4799 1443 4875 namquematris
1480 4806 1680 4854 sanctae
1708 4795 1802 4851 Dei
1838 4792 2076 4850 Genitri-

492 4899 572 4954 cis
600 4897 747 4970 (562)
793 4912 898 4953 non
937 4894 1124 4965 procul
1153 4893 1222 4952 ab
1259 4891 1417 4948 altari
1461 4889 1520 4947 S.
1573 4888 1799 4946 Joannis
1821 4885 2075 4958 Baptistae

566 5030 717 5101 (357)
748 5030 924 5086 Etiam
974 5044 1152 5094 nunc,
1206 5028 1333 5101 dum
1380 5002 1784 5101 aegrotqdatur
1829 4992 2075 5101 extrema

494 5093 721 5167 unctio,
777 5100 917 5170 apud
973 5093 1363 5154 Carthasianos
1416 5093 1813 5170 benedicuntur
1862 5094 2074 5170 cineres

493 5180 546 5227 et
578 5162 717 5226 hinc
747 5162 872 5224 inde
908 5184 1071 5238 super
1110 5170 1307 5224 lectum
1344 5174 1642 5237 et‘corpus
1678 5162 1879 5219 intirmi
1919 5176 2073 5232 spar-

749 5309 833 5384 De
867 5307 1258 5384 consuetudine
1302 5307 1403 5384 h_a_c
1448 5306 1603 5384 nihil_
1628 5311 1873 5368 constat.
1910 5316 2075 5384 posse

494 5375 676 5441 tamen
698 5375 834 5437 'tolli
872 5376 1048 5434 cilicia
1084 5379 1283 5449 praevia
1312 5376 1717 5449 dispensatione
1755 5375 2075 5445 permittunt

484 5461 716 5513 statuta.

567 5511 1129 5594 (559)7Monasterium
1151 5524 1233 5572 est
1264 5525 1634 5594 constructum
1661 5517 1715 5594 in
1746 5511 2075 5594 occidentali

492 5584 783 5662 Lundonia
819 5591 974 5646 urbis
1020 5596 1174 5662 parte
1217 5588 1317 5662 sub
1365 5584 1521 5662 titulo
1564 5585 1624 5640 S.
1661 5585 1826 5651 Petri,
1859 5586 1926 5641 de
1967 5598 2074 5654 quo

496 5603 783 5674 Mauortia:
819 5603 974 5646 urbis
1020 5603 1174 5714 parte
1217 5603 1317 5643 suo
1365 5603 1521 5641 tttmo

493 5661 836 5716 Mabtilonnts
864 5669 994 5716 tom.
1053 5700 1067 5723 ,
1097 5657 1293 5714 Annal.
1320 5670 1373 5723 p.
1401 5655 1529 5710 285.

566 5732 715 5802 (360)
761 5729 1002 5786 Ecclesia
1049 5726 1379 5787 cathedralis
1440 5728 1506 5782 ad
1551 5726 1869 5784 orientalem
1915 5726 2074 5782 dieue

2185 508 2570 566 mundissimas
2610 514 2824 576 oportet
2863 504 3150 571 exhiberi,
3190 520 3331 576 quas
3380 505 3553 560 sudor
3604 514 3781 562 tantus

2149 597 2483 668 'muitojam
2532 596 2786 668 squalore
2831 595 3039 651 infecit.
3073 595 3220 652 Cave
3272 611 3342 651 ne
3386 596 3495 651 hac
3538 597 3592 651 in
3632 607 3785 667 parte

2182 691 2388 763 quasvis
2411 691 2637 759 obrepat
2677 687 3027 760 negligentia,
3053 702 3165 757 qua
3208 687 3309 743 loci
3348 688 3644 743 reverendi
3691 689 3781 743 de-

2182 781 2499 836 bonestetur
2532 777 2791 848 dignitas
2847 786 3217 834 sacrosancta.
3297 776 3494 832 Frater
3555 776 3781 844 Petrus,

2182 887 2476 930 conversus
2512 880 2718 936 noster,
2751 870 3024 942 lympham
3075 869 3454 926 subministret
3504 869 3781 925 oblocuti-

2183 965 2305 1029 bus,
2328 973 2382 1020 et
2406 971 2606 1034 praeter
2635 975 2730 1017 vos
2755 962 2902 1017 trino
2925 960 2978 1016 in
3013 975 3243 1017 numero
3277 960 3382 1016 hoc
3409 959 3547 1016 mihi
3579 976 3781 1016 munus

2180 1055 2538 1119 exhibentes,
2579 1051 2760 1109 nullus
2812 1051 3036 1109 omnino
3085 1049 3248 1120 alius,
3294 1050 3390 1107 ubi
3445 1052 3569 1107 hac
3616 1051 3749 1107 ﬂent

2182 1145 2422 1202 intersit.
2452 1152 2455 1157 '

2258 1280 2278 1313 ι
2316 1244 2450 1316 Cum
2476 1269 2658 1316 autem
2697 1257 2763 1315 ad
2804 1258 3089 1326 ecclesiam
3130 1257 3573 1314 Lincolniensem
3599 1258 3773 1328 peris.

2184 1351 2296 1409 tum
2327 1351 2490 1406 fuerit
2511 1366 2710 1421 corpus
2732 1366 2931 1416 meum,
2948 1350 3242 1420 proferetis
3261 1366 3292 1405 e
3310 1350 3536 1405 scriniis
3556 1352 3777 1415 nostris,

2182 1457 2304 1514 qua:
2326 1443 2397 1497 ibi
2442 1450 2587 1507 sunt,
2615 1442 2802 1497 omnia
2838 1441 3189 1506 vestimenta,
3219 1441 3274 1494 in
3323 1440 3528 1510 quibus
3565 1440 3780 1510 pontiiL

2183 1534 2354 1590 calem
2396 1532 2606 1601 suscepi
2654 1530 3153 1594 consecrationem,
3197 1546 3227 1584 a
3295 1528 3562 1585 sandaliis
3611 1546 3779 1600 usque

2183 1622 2251 1679 ad
2281 1623 2519 1689 mitram,
2549 1621 2818 1691 funusque
2852 1621 3221 1691 sepeliendum
3269 1621 3479 1675 eisdem
3528 1606 3778 1675 munibus

2184 1716 2441 1772 inductis.
2473 1715 2612 1771 Sunt
2664 1728 2898 1785 namque
2945 1712 3126 1784 plana,
3173 1728 3275 1768 nec
3313 1711 3635 1774 ambitiosa,
3666 1728 3779 1782 quc

2182 1809 2235 1863 in
2268 1823 2396 1863 usus
2423 1806 2556 1863 istos
2588 1806 2852 1861 hactenus
2876 1803 3218 1860 conservavi.
3251 1822 3272 1855 ι
3302 1803 3537 1858 Annulis
3565 1818 3778 1872 quoque

2181 1898 2295 1954 Suis
2323 1897 2372 1952 ei
2404 1894 2769 1965 praesentatis,
2802 1910 2970 1949 unum
3014 1893 3209 1948 modici
3240 1894 3521 1957 ponderis,
3559 1908 3777 1947 aureum

2182 1996 2382 2050 tamen,
2422 1986 2825 2055 habentemque
2862 1985 3081 2056 saphyri
3128 1982 3368 2054 aquatici
3403 1998 3685 2053 gemmam
3707 1983 3782 2037 vi-

2181 2076 2392 2137 liorem,
2448 2075 2775 2129 contradidit
2830 2073 3007 2139 nobis,
3037 2092 3056 2126 ‹
3094 2072 3281 2138 istum,
3334 2072 3621 2142 inquiens,
3654 2071 3781 2127 dum

2177 2168 2545 2239 episcoparer,
2572 2167 2773 2237 digitus
2821 2177 3008 2221 noster
3053 2166 3288 2235 excepit,
3332 2173 3391 2219 et
3426 2164 3627 2229 istum,
3659 2166 3780 2220 dum

2176 2256 2422 2327 sepeliar,
2454 2259 2676 2312 dextera
2724 2258 2840 2312 lucc
2889 2256 3162 2311 retinebit.
3227 2254 3633 2325 Prospeximns
3693 2271 3783 2309 no-

2178 2349 2263 2404 bis
2295 2350 2345 2403 in
2373 2351 2476 2403 hoc
2509 2357 2656 2414 tunc,
2683 2360 2805 2402 cum
2848 2347 2916 2401 ad
2946 2347 3175 2417 gradum
3224 2346 3390 2401 istum
3417 2347 3775 2409 accessimus,

2176 2444 2237 2489 ut
2278 2435 2551 2491 ordinatio
2593 2444 2647 2492 et
2698 2435 2944 2491 humatio
2994 2444 3181 2490 nostra
3227 2434 3434 2491 eisdem
3475 2436 3780 2506 insignibus

2176 2527 2532 2594 donarentur,
2550 2543 2671 2598 qua:
2698 2527 2953 2583 videlicet
2975 2526 3475 2596 viventem,eisqne
3518 2504 3776 2589 utentem.

2178 2617 2500 2672 humilitatis
2530 2619 2916 2685 admonerent,
2941 2612 2996 2673 et
3020 2618 3165 2674 circa
3194 2618 3414 2673 tandem
3446 2619 3781 2673 exstinctum

2174 2713 2230 2761 et
2260 2706 2604 2772 tmnulatum,
2634 2707 2749 2762 base
2771 2705 2995 2761 fortuito
3015 2707 3322 2776 quempiam
3372 2707 3777 2774 reperientes»,

2175 2795 2243 2850 ad
2276 2796 2594 2866 rapiendum
2621 2810 2685 2851 ea
2718 2797 2801 2851 sui
2846 2796 3021 2862 pretio
3047 2795 3133 2850 vel
3161 2797 3348 2865 specie
3392 2795 3632 2850 minime
3661 2809 3781 2864 pro-

2174 2897 2453 2944 vocarent.
2482 2906 2502 2941 ι
2549 2888 2628 2944 Εο
2659 2890 2824 2960 igitur
2850 2888 2970 2944 haec
3006 2891 3395 2959 prosequente,
3432 2887 3783 2942 audientibus

2176 2980 2538 3052 signiﬁcatum
2574 2988 2658 3036 est
2684 2982 2828 3052 quod
2863 2991 2983 3051 post
3009 2982 3341 3052 sepulturam
3388 2981 3635 3051 primam
3672 2981 3785 3052 ipso

576 3071 661 3127 ἱιῖε
694 3071 839 3135 hinc;
877 3082 978 3124 nec
1004 3076 1113 3123 iam
1134 3071 1343 3122 υιεενειῑ
1375 3080 1539 3136 quam
1568 3071 1743 3135 imm»
1782 3080 1803 3115 θ
1878 3076 1883 3081 ⁷
2107 3084 2111 3088 ·
2184 3086 2384 3143 corpus
2424 3088 2580 3128 suum
2629 3072 3063 3128 transferendum
3112 3071 3260 3144 (363)
3296 3072 3663 3141 quantoque.
3710 3082 3779 3125 ac

576 3159 841 3229 Ρτωοευῖι
913 3171 1128 3231 (illoque
1202 3156 1456 3227 κτεριοτί
1530 3154 1877 3227 Praise“le
1907 3192 1924 3220 ν
1994 3152 2080 3208 ’δῖ’
2106 3127 2149 3188 C
2182 3166 2406 3231 proinde
2470 3165 2859 3231 inspiciendum
2901 3178 3024 3220 esse
3070 3164 3404 3231 praevidet-it,
3441 3164 3757 3231 quandoqui

2182 3166 2406 3238 proinde
2470 3165 2859 3237 inspiciendum
2901 3178 3024 3220 esse
3070 3164 3404 3234 praevidet-it,
3441 3164 3757 3234 quandoqui

2184 3258 2305 3314 dem
2340 3259 2593 3329 primitus
2630 3259 2683 3313 in
2731 3259 2984 3329 sepulcro
3025 3256 3250 3325 duplici,
3281 3256 3547 3327 plumbeo
3577 3254 3782 3314 scilicet

2184 3364 2247 3404 ac
2276 3349 2506 3419 lapideo,
2540 3359 2772 3418 utroque
2812 3347 3139 3403 solidissime
3171 3348 3426 3402 obserato
3480 3349 3781 3402 remulco-

2183 3441 2332 3506 dum,
2366 3454 2466 3495 nec
2494 3439 2677 3522 videre
2711 3437 2841 3493 iilud
2873 3438 3159 3509 quispiam,
3190 3453 3292 3493 nec
3318 3452 3418 3492 sua
3468 3435 3578 3491 sibi
3618 3452 3780 3491 orna-

2182 3539 2364 3584 menta
2407 3512 2699 3599 praeripere
2740 3529 3016 3585 valuisset.
3056 3528 3236 3599 Ipsum
3286 3542 3418 3583 vero
3473 3527 3799 3597 sepultura,

2181 3636 2294 3677 suae
2326 3622 2501 3677 locum
2530 3622 2601 3676 ita
2632 3621 2979 3693 designabat:
3001 3641 3019 3673 ι
3046 3630 3171 3675 aute
3188 3618 3368 3685 aram,
3386 3620 3585 3690 inquit,
3609 3632 3777 3689 sape.

2181 3711 2308 3766 dicti
2338 3712 2548 3782 patroni
2580 3711 2682 3767 mei
2710 3711 3061 3783 praecursoris
3084 3710 3321 3776 Domini,
3344 3708 3436 3763 ubi
3466 3724 3776 3780 congruan

2184 3803 2288 3859 tius
2318 3803 2590 3860 videbitur
2611 3805 2867 3876 spatium,
2899 3816 3057 3860 secus
3089 3814 3304 3859 murum
3326 3796 3571 3874 aliquem
3612 3816 3774 3872 pauc-

2183 3893 2251 3948 tis
2286 3908 2395 3955 me,
2424 3908 2493 3948 ne
2525 3894 2893 3964 pavimentum
2924 3894 3026 3950 loci
3058 3893 3266 3957 tumba,
3302 3894 3361 3947 tit
3382 3892 3670 3963 MBD
3719 3891 3771 3946 in

2179 3983 2423 4041 ecclesiis
2459 3985 2750 4050 cernimus,
2778 3985 3088 4056 importune
3137 3990 3386 4055 occupet,
3408 3995 3464 4039 et
3520 3984 3772 4039 inceden-

2183 4074 2324 4129 tibus
2357 4072 2738 4131 oﬂ‘endiculum
2771 4076 3115 4145 priestet'aut
3156 4068 3393 4129 ruinam.
3423 4091 3447 4125 ι

2247 4162 2383 4219 Cum
2414 4179 2545 4246 vero
2581 4164 2773 4221 durius
2814 4173 3107 4221 vexaretur
3146 4160 3424 4220 doloribus
3492 4163 3769 4220 immensis

2180 4253 2552 4324 hujuscemodi
2582 4255 2779 4326 sapius
2806 4256 2970 4312 verba
3000 4257 3277 4326 repetebat
3306 4272 3320 4308 :
3352 4272 3373 4306 ι
3398 4253 3446 4310 ο
3470 4256 3566 4325 pie
3598 4253 3766 4317 Deus,

2178 4346 2422 4417 requiem
2450 4353 2648 4416 praesta
2688 4346 2845 4403 nobis
2872 4348 2887 4403 i
2917 4346 3073 4402 Bone"
3102 4343 3350 4411 Domine,
3384 4346 3644 4416 Deosque
3681 4360 3768 4400 νει

2107 4442 2299 4545 D’rax,
2328 4437 2468 4493 dona
2492 4435 2896 4545 tandemjnobis
2935 4435 3175 4545 requiem
3210 4437 3224 4490 !
3268 4455 3291 4489 ι
3323 4434 3424 4492 Cui
3472 4435 3648 4491 setnel
3695 4435 3765 4487 ita

2175 4539 2300 4583 eum
2322 4525 2667 4582 consolantes
2694 4526 2989 4582 diximusu
3014 4520 3155 4593 3am,
3174 4527 3422 4594 Domine,
3441 4525 3763 4596 quiescetis;

2180 4628 2358 4673 tactus
2387 4626 2580 4688 nempe
2602 4616 2787 4687 pulsus
2812 4618 2976 4673 vestri
3008 4614 3153 4672 finiri
3182 4624 3326 4673 nunc
3373 4616 3561 4672 innuit
3586 4630 3763 4672 acces-

2176 4709 2387 4764 sionem
2439 4706 2642 4773 istam;
2677 4725 2697 4760 ι
2724 4706 2815 4779 _Ad
2860 4706 2977 4762 bare
3025 4705 3172 4783 ille:
3216 4724 3243 4759 ἐ
3285 4704 3331 4763 0
3376 4720 3529 4769 vere,
3569 4706 3762 4776 inquit.

2175 4801 2366 4856 beatos
2414 4798 2555 4865 illos,
2604 4813 2743 4871 quos
2780 4797 2867 4854 vel
2914 4800 3142 4855 extremi
3185 4799 3305 4856 dies
3341 4799 3538 4870 ξιιδέάὶ
3579 4800 3762 4869 requie

2176 4891 2402 4949 donabit
2430 4891 2747 4947 inconcussa
2773 4889 2788 4944 !
2823 4906 2842 4941 ι
2872 4888 2955 4945 Ad
2984 4903 3145 4960 quem
3172 4889 3414 4944 vicissim
3455 4889 3763 4943 dicentibus

2174 5028 2327 5083 urbis
2361 5036 2602 5098 partem,
2619 5041 2692 5098 an
2715 5026 2784 5098 fin
2819 5039 2882 5098 ea
2918 5024 3211 5095 aliquando
3244 5024 3451 5098 iuerint
3479 5025 3758 5089 monachi,

2175 5095 2388 5162 dubitat
2413 5099 2554 5152 idem
2587 5095 2929 5164 Mabillonius
2957 5105 3090 5150 tom.
3113 5096 3361 5164 proxime
3389 5095 3584 5150 citato.

2250 5167 2401 5236 (561)
2431 5167 2509 5221 Ex
2543 5168 2631 5220 hic
2656 5164 2873 5236 colligat
2910 5162 3292 5236 lector,‘quem
3317 5178 3450 5236 erga
3482 5175 3759 5218 auctoru-

2174 5234 2303 5293 vita:
2333 5234 2591 5307 habuerit
2613 5236 2672 5289 S.
2708 5234 2861 5307 lingu
2885 5234 3161 5299 aﬂectum,
3184 5234 3312 5307 dum
3341 5234 3425 5301 ei,
3450 5249 3561 5288 non
3591 5236 3758 5287 solum

2177 5322 2375 5363 arcana
2429 5304 2798 5370 conscientiae;
2850 5307 2945 5359 sed
2987 5313 3044 5359 et
3078 5304 3325 5372 corporis
3362 5313 3489 5374 post
3530 5314 3755 5358 mortem

2177 5377 2430 5433 abluendi
2467 5391 2653 5432 curam
2685 5374 2977 5429 commisit.
3210 5400 3215 5405 ’

2247 5445 2396 5527 (ἓξὲξ)
2424 5447 2485 5527 La
2509 5443 2801 5527 carinare:
2832 5444 3084 5527 videlicet
3108 5442 3477 5527 ιιεηοοῑηξερεί

2246 5508 2397 5586 (563)
2424 5508 3090 5586 Translationem‘factam
3114 5522 3260 5586 anno
3285 5515 3429 5586 μευ
3459 5511 3634 5586 refert
3659 5508 3750 5564 δυο

2176 5582 2292 5642 rius
2342 5582 2398 5642 in
2449 5587 2555 5641 line
2583 5583 2719 5638 Vita:
2749 5582 2909 5654 hujus
2952 5585 3147 5654 sancti.
3183 5583 3543 5654 corrigendos
3580 5583 3637 5636 in
3665 5594 3742 5637 eo.

2175 5657 2318 5730 quod
2367 5657 2511 5730 hunc
2554 5667 2754 5709 annmn
2807 5670 2836 5706 a
2884 5652 3026 5711 beati
3084 5652 3539 5726 [ligonis—obitu
3596 5657 3743 5706 vocet

2176 5728 2597 5796 ortuagesimnm
2627 5730 2858 5782 sextum.
3092 5764 3096 5769 .
3148 5766 3152 5771 .
3220 5764 3223 5770 .

3110 6386 3174 6394 ——_
3260 6385 3602 6394 ἳή-ὴη
3669 6385 3718 6392 ἡ
