3962 6406
516 389 653 450 1105
1362 381 1420 438 S.
1463 376 1767 438 HUGONIS
1803 369 2016 429 EPISC.
2059 367 2108 424 [ι]

2219 364 2382 423 οιΝ.
2412 361 2583 420 ΟΜ).
2624 357 2881 416 CARTII.
3657 354 3781 410 HM

517 519 746 577 utroque
773 501 1023 574 peccabis
1061 499 1114 554 in
1145 513 1262 554 eos.
1306 495 1386 551 Tu
1418 495 1530 564 ipse
1553 502 1788 562 quoque
1812 501 1918 544 non
1969 487 2098 542 deli-
2128 487 2172 545 Α
2201 494 2259 538 ut
2288 491 2563 552 pastorem
2597 476 2858 577 Ecclesiae
2887 482 3082 577 vestra:
3101 472 3424 577 provideat.
3437 471 3504 575 ei.
3539 471 3779 542 profutu-

658 561 930 652 reserabis
967 591 1084 658 tibi,
1123 588 1219 646 sed
1259 561 1512 650 mutabis,
1557 561 1614 639 et
1639 583 1693 636 in
1733 583 1836 635 hoc
1879 579 2099 648 quidem
2203 589 2345 628 rum.
2382 591 2400 623 ο
2431 571 2511 626 Ad
2536 568 2679 639 quod
2709 568 2924 622 tandem
2947 565 3062 620 ait:
3094 583 3113 617 ι
3149 565 3293 620 Deus
3319 563 3373 618 id
3397 561 3596 620 faciat!
3629 580 3650 614 ι

517 687 775 745 vanitatis
815 685 1019 740 crimen
1061 690 1116 736 et
1151 674 1552 749 superstitionis
1575 688 1678 728 non
1702 670 1858 727 facile
1879 669 2098 725 evades.

516 779 639 837 'l‘ihi
667 778 812 836 enim
854 775 924 831 ab
967 770 1282 830 ollicialibus
1320 767 1449 834 tuis,
1495 775 1588 821 aut
1633 763 1903 835 legumina
1948 775 2102 832 pere-

519 875 696 944 grina,
724 879 815 926 aut
844 870 1018 940 pisces
1056 863 1311 920 carnibus
1338 858 1720 932 pretiosiores;
1765 865 1818 912 et
1852 854 1970 910 vice
2011 867 2102 908 sa~

518 965 736 1037 giminis
763 962 910 1018 varia
931 957 1295 1017 condimenta,
1319 951 1606 1024 pigmentis
1626 957 1680 1004 et
1696 948 1838 1003 caris
1859 945 2103 1001 confecta

518 1057 705 1120 rebus,
736 1052 1087 1124 parabuntur.
1113 1046 1226 1102 Hoc
1255 1045 1464 1101 discent
1509 1041 1755 1111 exemplo
1779 1037 1979 1094 subditi
2013 1052 2106 1092 ve-

519 1148 617 1203 stri
665 1143 909 1215 apposita
955 1140 1061 1196 sibi
1109 1137 1308 1194 fercula
1374 1135 1637 1205 rejicere.
1681 1142 1738 1188 et
1785 1129 2106 1187 commentis

519 1251 813 1310 coquorum
858 1233 1014 1291 novis
1042 1244 1258 1301 semper
1301 1228 1532 1285 inhiare.
1561 1225 1664 1294 Qui
1693 1237 1822 1279 vero
1845 1221 1980 1278 nihil
2009 1221 2106 1276 ho-

523 1345 640 1385 rum
667 1325 922 1391 voluerit,
969 1332 1064 1378 aut
1109 1320 1345 1376 valuerit
1387 1329 1654 1388 quaerere,
1691 1313 1817 1369 dum
1865 1310 2108 1366 funditus

521 1422 787 1496 apposita,
832 1433 956 1490 qua:
1001 1428 1197 1474 carnes
1245 1412 1493 1483 tetigere,
1551 1407 1785 1496 respuit,
1825 1405 2106 1496 stomacho

494 1493 662 1568 male
681 1511 986 1567 conthrtato
1013 1521 1044 1562 a
1085 1502 1288 1559 mensis
1315 1500 1553 1556 recedet.
1581 1497 1733 1566 Quod
1759 1495 1885 1550 dum
1914 1493 2110 1563 saepius

520 1603 714 1674 egerii,
761 1599 938 1669 primo
991 1592 1370 1656 insomnietas,
1410 1589 1604 1644 deinde
1658 1585 1857 1642 mentis
1898 1593 2105 1654 torpor,

523 1673 588 1748 ac
633 1700 910 1763 postremo
952 1687 1121 1743 totius
1167 1682 1412 1754 corporis
1463 1677 1834 1742 imbecillitas,
1878 1675 1992 1744 iam
2040 1673 2110 1728 ad

520 1782 703 1836 omnia
724 1776 1017 1850 spiritualis
1035 1775 1160 1830 vita:
1182 1772 1440 1828 exercitia
1471 1769 1762 1826 invalidum
1791 1765 2105 1839 possidebit.

523 1873 694 1941 Quale
723 1885 850 1925 rero
876 1867 1122 1924 solatium
1147 1879 1177 1918 a
1207 1873 1260 1920 te
1287 1863 1530 1934 recipere
1567 1861 1642 1917 illi
1671 1861 1988 1931 sperabunt,
2013 1857 2107 1928 qui

526 1961 736 2016 diutino
762 1957 936 2013 an‘ecti
963 1957 1153 2019 taedio.
1183 1967 1455 2024 nunquam
1497 1965 1696 2018 mensa:
1735 1959 1838 2005 tute
1883 1961 2109 2004 consor-

522 2054 683 2116 tium,
721 2049 1017 2119 quidquam
1046 2045 1148 2102 sibi
1189 2042 1544 2098 recreationis
1580 2040 1868 2096 allaturum
1910 2037 2108 2094 certis-

525 2143 662 2198 sime
686 2142 880 2196 sciunt.
919 2138 1072 2200 Nam,
1113 2136 1256 2206 quod
1281 2149 1381 2206 ego
1402 2133 1657 2191 carnibus
1683 2146 1788 2186 non
1831 2137 1975 2196 utor,
2001 2142 2110 2182 non

521 2241 734 2287 tantum
775 2230 879 2286 mei
931 2227 1144 2284 arbitrii
1193 2236 1298 2290 est,
1325 2233 1588 2297 quantum
1633 2222 1835 2279 decreti
1879 2220 2107 2285 ordinis,

2273 683 2370 737 llis
2421 680 2492 736 ab
2535 695 2602 736 eo
2640 679 2843 741 dictis,
2891 677 3088 734 nudari
3137 675 3366 732 fecimus
3420 675 3786 746 pavimentum

2200 791 2386 833 coram
2403 788 2490 839 eo,
2512 782 2567 827 et
2583 769 2770 826 crucis
2788 767 3026 840 etilgiem
3055 767 3264 838 sparsis
3291 766 3496 822 ibidem
3517 766 3788 822 cineribus

2201 862 2502 921 benedictis
2539 859 2910 930 expressimus
2954 875 2968 911 :
3019 855 3168 924 Quos
3205 856 3296 911 ille
3343 855 3531 925 digitis
3573 863 3788 910 econtra

2203 951 2550 1019 benedicens,
2591 951 2781 1023 capite
2826 949 3064 1006 demisso
3121 948 3354 1003 adorare
3397 947 3588 1016 erepit.
3650 944 3791 1002 Tunc

2209 1050 2334 1106 licet
2360 1047 2431 1103 ab
2448 1061 2544 1103 ore
2564 1045 2686 1116 ejus
2711 1044 2847 1100 satis
2875 1043 3046 1099 invite
3077 1042 3172 1097 tali
3216 1043 3352 1098 hora
3385 1042 3792 1104 secederemus,

2205 1153 2274 1196 ne
2294 1149 2471 1195 tamen
2495 1135 2675 1192 minus
2701 1133 2857 1206 plene
2871 1133 2959 1189 die
2979 1131 3167 1188 ultima
3181 1131 3424 1187 divinum
3449 1131 3570 1200 ipse
3590 1132 3794 1186 audiret

2205 1231 2486 1287 servitium
2510 1227 2620 1298 (cui
2649 1227 2784 1282 adeo
2805 1225 3036 1295 diligens
3062 1223 3299 1279 studium
3331 1221 3484 1277 omni
3513 1223 3644 1276 vita:
3666 1231 3793 1276 tem-

2208 1337 2336 1395 pore
2362 1327 2722 1377 consueverat
2749 1314 3318 1386 exhibere),hymnos,
3339 1311 3436 1383 qui
3464 1313 3537 1367 ad
3563 1313 3794 1382 cor-ple-

2209 1411 2405 1468 torium
2431 1409 2540 1465 dici
2581 1407 2782 1473 solent,
2807 1407 3074 1477 coepimus
3102 1407 3419 1462 decantare.
3452 1401 3708 1473 Cumque
3733 1405 3794 1457 ad

2208 1505 2356 1560 Illum
2378 1502 2571 1576 psalmi
2597 1501 2775 1556 locum
2806 1499 3109 1562 veniretur,
3130 1497 3221 1552 ubi
3261 1496 3509 1552 dicitur:
3541 1493 3793 1549 Clematii

2207 1595 2277 1648 ad
2309 1609 2412 1660 me,
2439 1603 2487 1647 et
2517 1608 2612 1662 ego
2639 1589 2923 1645 exaudiam
2949 1603 3088 1642 eum.
3113 1585 3246 1642 Cum
3273 1587 3388 1655 ipso
3410 1602 3535 1640 sunt
3563 1585 3622 1638 in
3645 1584 3794 1638 triba-

2207 1684 2424 1746 latione.
2454 1683 2678 1752 eripiam
2717 1696 2861 1744 eum,
2897 1688 2948 1734 et
2989 1677 3298 1749 gloriﬁcabo
3331 1693 3456 1732 eum
3497 1675 3682 1746 (Psal.
3717 1691 3794 1737 rc,

2211 1775 2322 1846 15),
2367 1773 2459 1830 ἰΙΙο
2498 1773 2574 1827 ita
2618 1771 2734 1827 ﬁeri
2770 1778 3044 1832 monente,
3069 1767 3350 1838 expositus
3378 1775 3467 1822 est
3489 1765 3564 1820 ad
3594 1767 3795 1822 cineres

2213 1867 2358 1940 (368)
2373 1866 2428 1920 in
2453 1863 2633 1919 medio
2659 1862 2906 1917 cinerum
2928 1859 3231 1927 impositus.
3254 1856 3634 1914 Psallentibus
3657 1855 3798 1911 nobis

2213 1955 2582 2020 festinantius,
2611 1953 2704 2009 ille
2728 1952 2881 2008 vultu
2921 1950 3295 2022 placidissimo
3317 1949 3584 2020 spiritum
3607 1948 3799 2004 sensim

2212 2049 2518 2120 colligebat,
2547 2061 2708 2118 quem
2739 2053 2872 2100 tunc
2898 2043 2952 2098 in
2982 2055 3178 2098 manus
3207 2041 3530 2098 Conditoris
3563 2039 3799 2102 tradidit,

2211 2155 2333 2196 cum
2362 2137 2635 2194 Simeonis
2658 2134 2933 2190 canticum
2962 2131 3308 2202 psallentium
3339 2130 3551 2187 chorus
3576 2129 3804 2186 recitare

2214 2231 2456 2300 inctepit.
2509 2227 2708 2298 Sicque
2755 2235 2866 2282 tam
2904 2225 3222 2296 prophetico
3269 2238 3438 2294 quam
3494 2221 3804 2293 evangeliea

527 2324 614 2377 cui
637 2321 802 2379 semel
839 2321 1106 2376 cervicem
1156 2316 1380 2387 subieci.
1427 2316 1790 2385 Quamobrem
1840 2314 2002 2370 etiam
2058 2311 2109 2368 in
2213 2325 2408 2381 οιπυίι
2442 2320 2772 2386 ιθειίηιοηίο,
2802 2319 2932 2390 quia
2964 2327 3072 2373 tam
3105 2317 3322 2383 crebro,
3347 2325 3406 2371 ut
3425 2316 3799 2387 przediximus.

527 2413 674 2483 leges
719 2427 847 2467 suas
889 2412 1025 2466 ordo
1074 2419 1260 2466 noster
1299 2409 1582 2481 pauciores
1631 2407 1858 2478 colligit,
1901 2405 2029 2475 quia
2059 2403 2110 2458 id
2220 2427 2501 2486 rogamem
2565 2411 2666 2469 sibi
2719 2411 2837 2466 dari
2898 2423 3088 2480 pacem
3163 2407 3426 2463 Dominus
3505 2405 3798 2462 exaudivit.

527 2503 672 2574 quod
719 2502 808 2557 ille
860 2501 1113 2566 instituit,
1155 2501 1308 2557 varie
1353 2498 1782 2568 complexionata
1826 2495 2113 2550 multitudo
2213 2507 2510 2564 probatum
2543 2518 2780 2576 quoque,
2814 2511 2874 2559 ει
2901 2501 3032 2557 illud
3061 2499 3344 2555 verissime
3369 2506 3485 2562 εει,
3519 2497 3674 2567 «ιυοά
3697 2498 3803 2567 ips.

527 2609 636 2649 non
667 2591 832 2662 capit.
873 2589 1040 2646 Voss
1070 2589 1308 2654 diverso,
1347 2589 1442 2660 qui
1491 2586 1892 2644 multitudinem
1923 2599 2108 2655 regere

2218 2599 2567 2670 praedixerat,
2615 2595 2742 2666 quia
2789 2595 2908 2650 dies
2951 2591 3316 2649 defunctiouis
3363 2605 3506 2653 suae.
3561 2605 3676 2646 non
3709 2588 3799 2644 sibi

525 2681 874 2752 suscepistis,
917 2679 1062 2736 sicut
1099 2678 1342 2734 moribus
1380 2677 1674 2735 multorum
1711 2675 1923 2732 servire
1955 2674 2112 2744 juxta
2215 2691 2357 2746 [οι-ει
2383 2689 2499 2745 dies
2539 2687 2729 2760 indicii
2770 2687 2947 2756 ipsum
2970 2684 3216 2756 qualibet
3263 2682 3644 2738 amamudine
3687 2695 3801 2750 μα-

528 2772 850 2846 lcgislatoris
895 2770 1061 2826 vestri
1109 2769 1437 2826 sententiam
1483 2767 1715 2834 debetis,
1759 2767 1840 2823 sic
1873 2776 1931 2822 et
1973 2766 2114 2822 mul-

529 2865 803 2936 tiplicibus
849 2878 1038 2920 eorum
1090 2861 1499 2918 infirmitatibus
1549 2859 2006 2925 condescendere,
2058 2867 2115 2915 et

525 2957 948 3014 necessitatibus
984 2955 1272 3026 providere
1315 2953 1549 3012 habetis.
1588 2972 1606 3007 ι
1648 2953 1715 3009 Et
1763 2954 1866 3012 hoc
1891 2953 2112 3022 quidem

523 3049 617 3106 ille
643 3049 874 3105 dicebat.

526 3161 531 3168 ·
1096 3137 1326 3196 CAPUT
1363 3136 1530 3194 XXV.

531 3230 772 3296 Qualiter
799 3231 864 3286 ab
895 3233 994 3286 hac
1025 3240 1128 3286 vita
1158 3231 1474 3284 discesserit.
1504 3259 1576 3272 -
1601 3227 1666 3283 Et
1688 3229 1983 3283 continetur
2005 3230 2106 3284 hoc

729 3302 1019 3373 capitulum
1047 3303 1103 3355 in
1127 3317 1317 3372 magna
1359 3299 1476 3354 Vita
1504 3301 1599 3355 sub
1629 3301 1789 3369 capit.
1817 3299 1906 3354 16.
2059 3374 2062 3378 _

525 3435 528 3438 θ
603 3415 712 3470 Sed
743 3414 881 3483 iam,
927 3429 1046 3483 quae
1093 3421 1327 3478 restant,
1373 3413 1440 3467 de
1486 3412 1609 3467 boni
1645 3411 1890 3467 doctoris
1933 3412 2107 3467 nostri

533 3520 750 3563 recessu
806 3519 836 3558 a
887 3503 1064 3568 nobis,
1099 3511 1160 3556 ut
1195 3503 1481 3571 capimus,
1521 3501 1876 3572 explicemus.
1926 3503 2109 3559 Pridie

531 3611 696 3666 quam
742 3594 994 3666 migravit
1031 3609 1063 3648 a
1105 3606 1365 3662 corpore,
1411 3601 1472 3648 ut
1518 3592 1832 3662 frequenter
1880 3593 2110 3666 singulis

523 3691 685 3760 prius
730 3686 1048 3758 septimanis
1099 3693 1482 3749 consueverat,
1538 3685 1796 3740 viaticum
1864 3688 2110 3757 percepit

528 3781 776 3852 corporis
797 3788 854 3835 et
873 3777 1160 3850 sanguinis
1183 3776 1407 3832 Christi.
1439 3775 1608 3833 Sexto
1637 3777 1850 3834 decimo
1876 3777 2106 3834 Kalend.

523 3871 846 3930 Decembris
874 3871 1009 3928 feria
1043 3872 1236 3938 quinta
1265 3871 1441 3942 (367),
1481 3867 1596 3940 jam
1647 3871 1736 3927 die
1784 3871 2112 3942 advespera-

521 3974 736 4030 scente,
763 3980 886 4020 cum
914 3964 1142 4019 sentiret
1169 3962 1273 4018 sibi
1300 3963 1443 4018 vires
1468 3962 1640 4034 magis
1667 3963 1945 4034 magisque
1973 3963 2110 4020 deli-
2216 3990 2221 3996 η

531 4073 678 4123 cere,
728 4057 877 4111 misit
918 4058 1177 4125 quosdam
1207 4070 1288 4121 ,ει
1349 4057 1708 4112 servientibus
1756 4057 1824 4112 ad
1875 4058 2110 4128 priorem

533 4147 1028 4211 Westmonasterii,
1059 4155 1115 4200 et
1158 4147 1294 4202 alios
1319 4147 1483 4202 etiam
1531 4147 1598 4201 ad
1628 4147 1892 4203 decanum
1919 4148 2109 4203 Sancti

524 4237 709 4305 Pauli,
742 4254 840 4310 pro
867 4239 1252 4303 accersiendis,
1284 4239 1425 4294 sicut
1467 4242 1690 4308 pridem
1705 4239 1969 4309 iusserat,
1997 4241 2109 4296 cle-

534 4331 664 4388 ricis
700 4341 756 4386 et
793 4331 1074 4387 monachis
1114 4331 1189 4385 in“
1213 4331 1530 4399 obsequium
1575 4331 1780 4388 funeris
1823 4333 1929 4387 sui.
1983 4334 2109 4389 Post

535 4423 652 4478 hinc
705 4421 956 4492 imposita
1004 4421 1208 4476 diutius
1264 4421 1457 4476 vertici
1516 4431 1705 4478 nostro
1737 4423 1960 4480 dextera
2017 4441 2111 4481 sua

2215 2782 2480 2847 cellentis,
2511 2779 2606 2836 sed
2647 2778 2764 2834 dies
2813 2777 2993 2847 potius
3020 2773 3435 2837 misericordias,
3464 2787 3638 2827 omne
3680 2770 3802 2826 deli.

2215 2885 2362 2933 ctum
2391 2874 2691 2930 clementer
2732 2868 3084 2941 ignoscentis,
3122 2875 3179 2922 et
3213 2866 3332 2921 dies
3368 2864 3568 2935 gratiae
3617 2863 3801 2920 leniter

2217 2967 2271 3022 in
2300 2979 2433 3037 pace
2471 2964 2647 3035 ipsum
2693 2959 3008 3024 refoventis,
3033 2966 3331 3030 priestante
3357 2971 3423 3012 eo
3449 2957 3544 3026 qui
3598 2955 3803 3010 miseri-

2217 3055 2462 3111 cordiam
2491 3063 2547 3108 et
2575 3050 2865 3106 veritatem
2889 3064 3013 3106 eum
3039 3047 3267 3119 diligere
3289 3047 3345 3102 in
3381 3046 3534 3102 omni
3572 3045 3687 3100 vita
3711 3057 3800 3099 stu

2138 3166 2186 3231 ο
2217 3147 2387 3214 dedit,
2429 3145 2556 3201 Jesu
2585 3143 2803 3200 Christo
2841 3142 3070 3198 Domino
3099 3150 3309 3205 nostro,
3341 3138 3432 3210 qui
3474 3155 3604 3194 cum
3650 3135 3802 3191 Patre

2215 3249 2271 3296 et
2308 3239 2514 3309 Spiritu
2543 3245 2738 3294 sancto
2768 3236 2902 3292 vivit
2944 3234 3088 3291 Deus
3126 3233 3451 3291 benedictus
3477 3233 3533 3288 in
3577 3230 3796 3287 mula.

2209 3331 2404 3386 Amen.

2287 3421 2386 3475 llic
2432 3422 2488 3474 in
2515 3421 2650 3475 serie
2687 3434 2893 3489 magna:
2945 3419 3066 3473 rita:
3106 3415 3361 3470 inseritur
3389 3412 3802 3484 comparatio-3

2211 3511 2504 3566 similitudo
2529 3509 2807 3580 multiplex
2828 3509 2995 3564 nostri
3027 3507 3271 3579 Hugouis
3301 3506 3374 3560 ad
3403 3507 3625 3560 beatum
3651 3503 3802 3558 lur-

2212 3603 2380 3657 tinum
2407 3621 2427 3660 :
2447 3618 2567 3673 qua
2593 3618 2688 3672 pro
2706 3602 2921 3656 uitanda
2949 3599 3329 3671 prolixitatein
3351 3597 3604 3670 presenti
3626 3597 3806 3650 abbre-

2211 3693 2438 3747 riatione
2462 3701 2540 3746 est
2566 3693 2782 3746 omissa.
2815 3689 2882 3746 Et
2912 3691 2978 3748 de
3007 3690 3104 3746 illa
3141 3689 3493 3746 similitudine
3521 3687 3800 3758 multiplici

2214 3795 2450 3854 sumptus
2478 3794 2554 3838 est
2578 3800 2756 3838 versus
2778 3783 2872 3839 ille
2892 3799 2913 3838 :

2392 3873 2612 3929 Martini
2640 3873 2770 3942 felia:
2795 3873 3054 3938 imitator,
3080 3872 3256 3926 cultor
3277 3880 3325 3926 et
3349 3870 3538 3924 nterea.

2769 3985 3002 4042 CAPUT
3041 3983 3232 4039 XXVI.

2217 4077 2293 4132 De
2313 4077 2509 4133 visione
2560 4077 2794 4132 cadentis
2827 4077 3066 4139 arboris,
3111 4091 3177 4128 ex
3209 4091 3316 4146 qua
3357 4085 3571 4146 sumptu
3611 4084 3688 4128 est
3716 4073 3804 4126 ille

2285 4149 2575 4216 antipltona
2600 4163 2619 4204 :
2643 4147 2816 4202 Arbor
2849 4147 3010 4205 cadit,
3035 4147 3242 4215 mystici
3275 4145 3438 4216 index
3462 4155 3801 4216 sacramenti.

2285 4212 2494 4274 etc.'Et
2531 4227 2605 4271 est
2635 4218 2734 4271 hoc
2765 4218 2927 4286 capit.
2960 4218 3015 4269 in
3042 4212 3233 4285 magna
3276 4212 3418 4278 Vita,
3448 4230 3571 4284 cap.
3609 4215 3698 4269 18.

2287 4329 2443 4386 Anno
2465 4328 2628 4400 igitur
2660 4328 2850 4399 gratiae
2895 4326 3182 4382 millesimo
3221 4324 3614 4385 ducentesimo,
3653 4336 3804 4382 sexto

2215 4431 2531 4477 octavarum
2560 4420 2703 4476 beati
2749 4419 2968 4475 Martini
2990 4419 3078 4474 die
3107 4418 3284 4488 (369),
3315 4417 3472 4474 brevi
3497 4403 3804 4474 intervallo

533 4511 932 4568 commendavit
957 4526 1056 4566 nos
1103 4520 1162 4566 et
1185 4511 1466 4567 universos
1489 4511 1628 4567 tilios
1651 4525 1782 4568 suos
1809 4512 1940 4580 Deo,
1979 4528 2112 4571 voce
2143 4502 2190 4562 ι)
2217 4521 2339 4582 post
2381 4513 2514 4568 solis
2555 4526 2835 4577 occasum,
2886 4513 2998 4566 veri
3045 4511 3190 4567 Solis
3223 4511 3470 4567 inritator
3493 4519 3556 4566 et.
3595 4519 3806 4566 autaut

533 4619 632 4658 sua
666 4617 804 4673 pene.
823 4617 1094 4672 suprema.
1115 4601 1226 4658 Nos
1246 4610 1428 4657 autem
1447 4613 1702 4674 percepta
1733 4603 2112 4662 benedictiOne

539 4694 706 4758 illius,
739 4692 974 4748 diximus
1001 4693 1052 4748 ei
1097 4693 1275 4758 tertio,
1313 4701 1604 4763 antequam
1638 4694 1863 4750 verbum
1889 4694 2110 4766 aliquod

533 4799 598 4838 ex
638 4797 735 4838 ore
761 4781 879 4858 eius
906 4781 1104 4838 elicere
1128 4796 1411 4852 possemus
1441 4795 1458 4834 :
1495 4797 1516 4832 t
1551 4779 1757 4852 Regale
1797 4783 2107 4850 Dominum,

601 4974 755 5055 (ξφ)
787 4974 902 5055 llis:
936 4984 1195 5055 consonat
1233 4974 1549 5055 Ilovet‘le‘nus
1591 4974 1734 5055 apud
1773 4974 1995 5055 Pagiu_n_i
2053 4977 2107 5032 in

535 5043 833 5114 criticisad
866 5043 1178 5114 Baronium,
1205 5061 1326 5114 pag.
1349 5047 1472 5107 708,
1499 5047 1574 5101 ita
1609 5043 1900 5101 scribens:
1928 5044 2109 5102 Hense

540 5110 848 5184 l_V_ovemb_ris
861 5129 946 5167 xw
964 5113 1086 5168 Kal.
1107 5110 1403 5184 Decenibris
1435 5115 1568 5184 feria
1595 5115 1776 5182 quinta
1806 5115 1931 5169 obiit
1955 5115 2110 5184 Hugo

540 5134 848 5165 uouemvm
861 5134 946 5167 xvi
964 5134 1086 5168 nat.
1107 5134 1403 5170 uecenwrts
1435 5134 1568 5184 lena
1595 5134 1776 5182 quinta
1806 5134 1930 5169 oom
1955 5134 2042 5169 mt
2081 5134 2108 5168 ο

538 5180 1230 5254 ζέὶηεοιιρξεηρξε-ςρὶδεοριιε
1267 5182 1579 5240 Lundoniis.
1632 5183 1779 5254 Obiit
1833 5184 1996 5254 igitur

537 5250 692 5333 [Iugo
719 5249 1269 5333 dicOl601fiovemhris,
1298 5269 1432 5333 quae
1455 5269 1599 5333 anno
1636 5249 1878 5333 1209ιίιῖ
1910 5255 2102 5333 [ει-ἰωῇ

535 5324 780 5393 quintam
811 5322 1018 5393 incidit,
1045 5336 1150 5393 non
1187 5322 1432 5392 sequenti
1465 5325 1571 5391 die,
1608 5339 1711 5393 qua
1739 5323 1880 5378 illius
1917 5326 2109 5380 festum

523 5390 813 5448 .recolitur.
846 5390 1014 5460 llnjus
1045 5392 1182 5444 ratio
1227 5390 1454 5460 petenda
1495 5403 1580 5448 est
1621 5390 1688 5448 ex
1715 5394 2108 5455 consuetudine

536 5462 744 5517 ordinis
772 5461 1193 5522 Carthttsiensis,
1222 5462 1312 5528 qui
1348 5462 1523 5528 jubet,
1557 5472 1615 5516 ttt
1667 5464 1826 5517 hodie
1872 5465 1974 5519 sub
2019 5474 2113 5518 aut

524 5541 657 5602 post
679 5531 1089 5601 completorium
1110 5540 1388 5602 mortuus,
1420 5547 1522 5586 non
1551 5533 1658 5595 die,
1681 5547 1784 5600 qua
1831 5535 1985 5600 obiit,
2016 5534 2112 5590 sed

531 5599 815 5671 seque-uti,
835 5602 970 5656 libro
995 5599 1492 5671 anniversariorum
1522 5599 1807 5656 inseratur.

609 5668 763 5742 (568)
787 5668 946 5724 Juxta
993 5671 1275 5742 antiquam
1307 5670 1514 5742 ordinis
1540 5671 2011 5742 consuetudinem,
2043 5673 2112 5728 de

539 5740 642 5810 qua
673 5742 724 5793 itt
749 5741 966 5795 statutis
991 5741 1166 5812 Guigo
1188 5741 1412 5812 quintus
1447 5740 1752 5799 Cartbusia:
1794 5743 1944 5811 prior
1989 5745 2107 5798 haec

2215 4600 2454 4664 Martini,
2486 4599 2941 4655 Liucolniensium
2991 4599 3214 4658 lucerna
3255 4599 3439 4671 litigo,
3487 4599 3600 4655 luci
3648 4597 3806 4666 hujus

2213 4693 2392 4769 saeculi
2419 4691 2765 4756 valefaciens,
2811 4691 2991 4748 Solem
3032 4691 3172 4746 adiit
3205 4692 3299 4761 qui
3329 4691 3800 4746 neseitoccasuu.

2213 4782 2382 4844 Nocte
2411 4799 2538 4838 vero
2580 4783 2668 4840 illa
2710 4799 2874 4853 quam
2903 4783 3071 4853 ipsius
3109 4783 3373 4840 transitus
3399 4781 3657 4852 proxime
3679 4780 3802 4836 sub-

2214 4981 2380 5035 ltabet
2411 4980 2556 5050 :VAd
2592 4981 2896 5034 morientem
2943 4989 3160 5050 [emunt
3204 4981 3388 5050 prior,
3442 4993 3517 5032 ea
3564 4994 3654 5031 eus
3694 4978 3804 5044 ipse

2213 5049 2502 5120 ejunxerit,
2535 5050 2872 5120 depositoque
2904 5049 2966 5104 eo
3007 5065 3166 5120 super
3193 5049 3526 5120 benedictum
3576 5049 3801 5120 cinerei

2213 5116 2486 5194 letaniam,
2522 5116 2795 5194 prout_res
2831 5116 3303 5194 Apatiturﬂongam
3351 5118 3424 5194 rel
3450 5119 3675 5194 _brereut
3718 5116 3799 5194 [s-

2215 5187 2379 5255 citmt,
2411 5183 2797 5244 consuetudine
2828 5183 2928 5244 hac
2959 5203 3102 5243 nunc
3136 5183 3206 5243 ob
3236 5184 3568 5256 periculum
3596 5183 3799 5240 accele-

2209 5261 2368 5314 rantli
2419 5268 2649 5314 mortem
2704 5259 2963 5324 sublata,
3021 5259 3202 5312 adhuc
3260 5259 3517 5322 cineres,
3570 5264 3632 5310 ut
3676 5262 3800 5324 ante

2216 5328 2455 5398 prmmisi
2502 5323 3328 5399 benedicuntur,sparguntur,
3367 5335 3421 5381 et
3463 5325 3691 5380 Litania:
3727 5323 3797 5375 le-

2251 5415 2282 5451 ιι
2289 5415 2322 5452 η
2329 5410 2382 5453 ιιι
2389 5415 2434 5452 Γ.

2471 5467 2691 5524 Festum
2743 5469 2802 5524 S.
2849 5477 3062 5522 orarum
3106 5482 3250 5539 anno
3293 5466 3463 5539 1200_,
3505 5463 3692 5539 incidit
3717 5459 3793 5539 .iu

2215 5534 2532 5604 Sabbatutii,
2567 5548 2620 5596 et
2649 5549 2798 5593 sexta
2833 5548 3144 5593 octavarum
3179 5537 3297 5593 dies
3329 5537 3383 5589 in
3417 5534 3612 5589 feriam
3641 5534 3794 5604 quiu-

2215 5620 2354 5690 tam;
2394 5601 2535 5690 unde
2571 5609 2890 5664 conlirmata
2930 5616 3057 5663 nota
3091 5605 3216 5673 367,
3255 5606 3313 5662 in
3350 5601 3671 5678 pmeedeuti
3705 5613 3790 5652 ca-

2215 5689 2324 5750 pite
2354 5689 2544 5749 posita.
