3962 6398
193 403 326 462 H03

1509 439 1515 445 -
1546 405 1723 463 VITA.
1754 439 1823 450 —
1860 409 1988 466 LIB.
2027 411 2087 468 V.’

3315 426 3457 483 “06

193 527 400 577 secutus
419 528 524 605 est,
551 523 726 574 certo
750 519 985 590 quodam
1037 519 1371 577 imminentis
1423 537 1585 579 casus
1629 539 1768 593 prte-
1794 527 1842 584 Δ
1870 530 2064 584 manda
2094 537 2241 595 sunt,
2263 536 2323 584 ut
2347 528 2562 586 frondes
2582 532 2791 603 exigua:
2820 532 3084 605 facileque
3115 539 3359 595 decidua:
3387 543 3458 597 ad

193 611 355 681 sagio,
402 603 658 680 suprema
714 611 1002 667 clementia
1056 621 1249 668 cuncta
1295 615 1380 682 pie
1425 615 1769 684 disponente.

192 703 275 758 ani
298 716 486 758 eorum
515 702 686 773 (370),
715 703 806 773 qui
850 718 1033 760 secum
1065 705 1225 774 positi
1274 714 1454 770 erant,
1478 706 1594 761 haec
1636 705 1774 761 visio

192 802 508 864 pmostensa
537 792 658 849 fuit.
706 793 882 862 Quam
911 794 999 850 ille
1027 811 1188 850 mane
1217 797 1360 852 facto
1396 797 1561 852 sociis
1597 797 1774 852 mani-

191 882 405 950 festans,
436 899 502 939 ea
529 901 654 955 quas
702 886 755 940 in
787 886 1058 942 solemnes
1101 888 1391 957 exsequias
1429 903 1568 958 opus
1607 898 1770 943 erant

191 978 462 1034 sollicitius
500 980 703 1035 studuit
731 995 1076 1051 praeparare,
1105 982 1353 1048 medicis,
1382 983 1474 1052 qui
1521 981 1771 1045 aderant,

190 1085 311 1126 cum
336 1070 799 1127 subsanuantibns
829 1082 886 1128 et
929 1071 1342 1144 obiurgantibus
1370 1094 1382 1128 :
1411 1089 1535 1128 nam
1564 1073 1771 1144 physici

190 1162 470 1218 sanitatem
500 1163 548 1217 ei
573 1175 746 1231 usque
776 1163 828 1216 in
852 1163 1041 1217 horam
1063 1162 1308 1217 ultimam
1333 1163 1478 1226 vitm,
1496 1163 1776 1232 vitamque

188 1252 525 1322 spondebant
557 1251 880 1322 longiorem.
915 1251 1012 1306 Est
1049 1262 1233 1307 autem
1273 1250 1584 1320 hujusmodi
1613 1251 1768 1305 visio.

191 1341 415 1396 Videbat
443 1351 499 1396 et
524 1355 652 1396 ecce
681 1342 735 1395 in
775 1341 1035 1397 viridario
1079 1344 1316 1412 quodam
1348 1340 1541 1412 parieti
1580 1340 1774 1397 domus

185 1431 478 1503 contigno,
520 1431 575 1486 in
630 1446 736 1501 qua
787 1431 1002 1501 jacebat
1064 1433 1384 1503 episcopus,
1439 1432 1665 1502 putabat
1713 1446 1774 1487 se

184 1524 514 1578 constitisse.
552 1523 790 1593 Eratque
816 1524 916 1579 loci
948 1523 1107 1593 hujus
1137 1524 1276 1578 situs
1304 1537 1333 1577 a
1368 1533 1522 1592 parte
1542 1521 1770 1588 boreali,

183 1621 238 1668 et
265 1615 336 1668 ab
357 1613 586 1668 occidua
622 1615 844 1684 regione
876 1613 1159 1669 domorum
1188 1614 1353 1684 septis
1394 1614 1773 1679 claudebatur,

182 1705 254 1760 ab
278 1705 490 1760 oriente
517 1704 855 1776 cingebatur,
882 1713 937 1760 et
985 1705 1055 1760 ab
1096 1715 1303 1772 austro,
1337 1705 1560 1771 fossato,
1591 1705 1676 1760 cui
1707 1719 1773 1760 ex

185 1803 340 1866 parte
379 1796 548 1850 altera
593 1793 941 1865 pomerium,
975 1804 1032 1848 ct
1074 1808 1140 1848 ex
1186 1793 1354 1848 altera
1399 1793 1772 1849 ctemeterium

184 1883 488 1954 adjacehat.
519 1884 696 1956 Ipsum
719 1899 938 1955 quoque
956 1884 1218 1940 fossatum
1244 1883 1423 1939 dumis
1441 1892 1497 1939 et
1518 1884 1770 1954 vepribus
1805 1879 1848 1937 Β

182 1975 654 2032 succrescentibus
678 1975 918 2032 obsitum
942 1983 1082 2029 erat.
1110 1973 1192 2028 Ab
1218 1973 1337 2044 ipso
1366 1974 1532 2046 igitur
1550 1974 1775 2044 parietis

184 2067 341 2133 loco,
368 2068 458 2123 ubi
497 2074 662 2137 caput
709 2067 891 2122 lectuli
947 2065 1186 2136 episcopi
1234 2064 1614 2122 decumbentis
1651 2073 1774 2121 erat

183 2160 473 2225 innexum,
505 2161 654 2230 pirus
683 2159 1028 2231 proceritatis
1054 2169 1111 2216 et
1128 2159 1551 2231 pulchritudluis
1592 2160 1774 2218 nimiae

181 2267 237 2308 et
256 2251 732 2324 immenstcﬁonge
745 2251 883 2306 ultra
901 2251 1300 2309 illiusviridarii
1330 2251 1560 2322 spatium
1589 2267 1778 2321 porre-

181 2353 272 2400 cta
334 2345 620 2400 videbatur
680 2345 959 2404 corruisse
999 2362 1014 2400 :
1052 2345 1208 2416 cujus
1251 2353 1468 2400 vastum
1521 2343 1774 2400 decorem

183 2436 556 2503 decoramque
609 2435 919 2490 vastitatem
961 2435 1051 2491 ille
1087 2437 1439 2491 vehementer
1467 2435 1778 2502 admirans,

183 2525 312 2579 talia
369 2525 508 2579 intra
540 2539 601 2580 se
647 2525 936 2594 cogitando
963 2528 1229 2581 tractabat
1263 2545 1275 2580 :
1313 2542 1335 2579 t
1366 2527 1499 2593 Quis
1539 2539 1778 2594 unquam

187 2625 300 2670 tam
359 2617 643 2685 pulchram
701 2617 911 2685 aspexit
962 2615 1185 2685 pirum?
1236 2625 1524 2686 o‘quanta
1581 2615 1779 2670 nobilis

189 2709 446 2764 materiai
464 2695 685 2780 jactura
711 2709 837 2773 erit,
851 2709 896 2764 si
922 2709 1024 2764 hoc
1055 2708 1108 2764 in
1141 2708 1258 2764 loco
1283 2709 1466 2764 abdito
1503 2715 1782 2778 putrescat

185 2803 592 2873 speciosissima
639 2803 803 2859 arbor
835 2803 938 2859 ista
959 2842 975 2870 ,
1017 2818 1087 2859 ex
1123 2817 1229 2874 qua
1269 2801 1487 2874 dipticae
1521 2801 1673 2872 (571)
1703 2808 1782 2856 tot

184 2902 409 2964 possent
430 2895 632 2959 excidi,
657 2895 800 2964 quod
831 2894 996 2949 totius
1021 2894 1226 2964 Anglia:
1251 2893 1367 2949 sive
1380 2891 1567 2948 Gallize
1587 2891 1780 2947 studiis

185 2986 536 3042 scholasticis
562 2985 864 3056 quivissent
915 2984 1185 3041 sufﬁcere.
1220 3003 1240 3038 ι
1281 2985 1418 3038 Dum
1450 2984 1567 3038 haec
1593 2997 1779 3038 secum

185 3080 395 3150 sopitus
421 3092 678 3149 corpore,
708 3077 804 3133 sed
839 3077 1002 3134 corde
1024 3075 1308 3143 sollicitus,
1341 3075 1430 3131 ille
1462 3080 1780 3144 pertractat,

183 3172 542 3246 supposuisse
563 3175 800 3230 lacertos
819 3171 1198 3243 stipitijacenti
1222 3179 1447 3242 repente
1469 3185 1530 3226 se
1545 3169 1778 3225 videbat.

182 3265 348 3334 Cujus
374 3267 512 3321 dum
547 3265 744 3320 molem
780 3263 977 3319 leviter
1001 3263 1257 3334 agitando
1283 3269 1578 3333 pertentat,
1613 3266 1782 3316 totum

181 3356 483 3414 confestim
516 3355 740 3428 lignum,
796 3370 1010 3410 smnma
1052 3353 1312 3409 facilitate
1348 3353 1416 3408 ab
1451 3352 1560 3408 imo
1603 3351 1778 3428 suble-

179 3455 366 3502 vatmn
439 3445 494 3500 in
527 3427 801 3510 brachiis,
851 3443 1005 3514 quasi
1077 3443 1335 3514 ponderis
1385 3441 1520 3498 nihil
1570 3427 1786 3512 pcnitus

180 3537 456 3604 haberet,
508 3536 616 3590 huc
673 3535 908 3606 illucque
939 3550 969 3588 a
1007 3549 1066 3590 se
1118 3533 1459 3590 circumferri
1527 3532 1782 3592 miratur.

181 3629 396 3686 Interea
429 3627 622 3685 subito
648 3627 942 3683 ramusculi
967 3624 1083 3696 ejus
1112 3627 1179 3680 ab
1207 3626 1326 3696 ipso
1356 3625 1540 3693 stipite
1572 3625 1790 3680 decide-

187 3732 314 3776 runt
340 3737 357 3788 ;
391 3722 518 3792 ipse
540 3733 671 3776 vero
710 3719 920 3776 medius
942 3718 1147 3783 vectis,
1185 3725 1378 3788 planus
1406 3729 1567 3788 atque
1598 3716 1788 3773 enodis

187 3811 240 3865 in
271 3811 547 3881 gestantis
575 3810 718 3864 ulnis
744 3811 1063 3880 permansit.
1106 3807 1272 3878 Cujus
1297 3808 1372 3864 rei
1397 3808 1660 3864 miraculo
1700 3807 1788 3862 ille

185 3901 534 3973 stupefactus
586 3902 793 3971 pariter
836 3908 892 3956 et
931 3899 1291 3969 jucundatus,
1331 3908 1387 3955 et
1427 3913 1622 3969 sopore
1663 3911 1787 3952 mox

187 3993 464 4063 deposito,
498 3991 664 4063 hujus
688 3989 838 4046 cordi
865 4005 962 4046 suo
987 3991 1308 4060 impressam
1338 3989 1564 4044 visionis
1589 3989 1789 4058 reperit

186 4083 591 4155 conjecturam,
612 4082 846 4137 utetiam
874 4080 1030 4135 labiis
1055 4088 1110 4134 et
1130 4094 1225 4135 ore
1253 4079 1380 4134 talia
1403 4078 1790 4148 secumloque-

186 4183 343 4230 retur
370 4192 386 4231 :
420 4194 440 4228 s
479 4166 694 4230 Revera
731 4171 784 4228 in
815 4171 963 4227 brevi
1006 4171 1303 4228 moriturus
1333 4180 1416 4226 est
1449 4172 1612 4226 homo
1644 4170 1784 4226 iste:

184 4268 368 4337 ipsum
412 4267 567 4323 enint
609 4265 1004 4321 demonstravit
1046 4266 1211 4320 arbor
1249 4264 1365 4319 haec
1399 4262 1682 4318 fructifera
1723 4271 1779 4318 et

185 4357 585 4427 pulcherrima.
622 4354 731 4411 s-Et
785 4354 910 4409 talia
950 4353 1168 4424 quidem
1194 4353 1295 4408 iste
1322 4352 1389 4407 de
1445 4361 1790 4407 sacramento

187 4449 418 4504 visionis
440 4462 560 4504 sua!
586 4461 646 4502 se
675 4446 1017 4516 adpra-sens
1051 4443 1386 4499 intellexisse
1416 4457 1574 4497 mane
1607 4442 1792 4497 retulit

185 4537 311 4602 illis,
346 4539 558 4609 quibus
585 4535 788 4591 referre
812 4535 1032 4606 dignum
1058 4534 1233 4600 duxit,
1266 4549 1332 4588 ex
1358 4532 1540 4587 sociis.

257 4629 402 4697 Quid
429 4642 567 4683 vero
590 4626 766 4682 facilis
789 4626 1124 4681 illa'arhoris
1145 4623 1445 4702 sublevatio
1468 4621 1786 4692 praetendat,

187 4734 294 4777 non
321 4723 482 4792 prius
515 4718 711 4789 aliquis
747 4719 963 4788 agnovit
996 4732 1160 4787 quant
1202 4715 1290 4770 illc
1321 4715 1412 4785 qui
1446 4715 1548 4769 ista
1580 4715 1647 4770 de
1676 4715 1787 4769 vita

189 4811 336 4868 illius
364 4820 538 4880 atque
567 4807 882 4870 virtutibus,
911 4814 1191 4860 accurtato
1221 4804 1369 4867 licet,
1414 4802 1564 4858 facili
1609 4813 1788 4858 tamen

189 4905 370 4976 stylo,
413 4901 681 4974 digessit?
720 4895 1070 4965 Quaecunque
1113 4895 1258 4950 cnim
1301 4894 1514 4951 libellus
1551 4909 1792 4967 praesens

189 4993 258 5049 de
306 4995 496 5050 verbis
551 5002 644 5066 aut
695 4990 862 5061 gestis
916 4997 1172 5056 excerpta
1221 4987 1494 5050 continet,
1564 4986 1637 5041 ita
1683 5001 1792 5056 pra:

189 5085 578 5163 magnitudine
621 5084 884 5139 virtutum
919 5091 975 5135 et
1013 5093 1236 5148 opcrmn
1288 5077 1390 5132 viri
1420 5079 1595 5134 sancti
1638 5077 1790 5133 testi-

262 5257 418 5327 (370)
461 5255 590 5327 Ipsi.
624 5264 682 5308 ut
714 5253 943 5310 videtur.
976 5250 1204 5312 auctori.
1245 5248 1371 5304 dum
1403 5246 1540 5327 infra
1571 5250 1788 5327 subdit:

195 5321 320 5382 Non
364 5321 518 5387 prius
558 5329 748 5393 ntiquis
784 5336 990 5394 agnam
1015 5339 1187 5388 quam
1217 5327 1304 5375 itte
1340 5322 1430 5388 qui
1459 5321 1560 5376 ista
1588 5321 1654 5375 de
1691 5321 1792 5375 vita

193 5398 350 5452 illius.
375 5398 618 5466 digessit.
776 5463 785 5466 _
816 5399 823 5466 ί

210 5525 212 5528 ,
267 5459 725 5535 (571)’1)ῖριὶρςι],
775 5463 827 5520 id
871 5472 955 5519 est
1002 5459 1294 5530 L’tptycha,
1341 5473 1441 5516 seu
1487 5461 1695 5517 tabeiite
1737 5462 1792 5518 in

195 5552 358 5594 usum
391 5537 720 5592 scribarum.

267 5607 425 5675 (572)
467 5604 706 5675 Advenit
725 5604 812 5658 illa
834 5603 1225 5675 monachorum
1250 5607 1304 5675 et
1322 5599 1796 5675 clericorum-mni:

203 5670 378 5732 titiulo
403 5695 436 5732 a
473 5673 959 5730 Westmonasterio
985 5683 1039 5727 et
1065 5673 1132 5726 ab
1151 5670 1380 5726 ecclesia
1411 5671 1469 5724 S.
1505 5670 1653 5726 Pauli
1674 5711 1689 5736 ,
1717 5673 1792 5726 uti

202 5747 260 5799 ὃ.
302 5747 482 5816 Ilugo,
513 5760 564 5816 e.
596 5746 694 5816 24,
727 5747 984 5816 petierat,
1017 5741 1102 5797 illa
1136 5742 1249 5814 ipsa
1279 5741 1364 5798 die
1398 5755 1504 5811 qua
1533 5741 1667 5798 obiit
1696 5743 1795 5798 sub

202 5815 590 5888 completorlo.

1875 623 2196 679 vastissimae
2229 622 2439 679 arboris
2469 624 2705 680 conferri
2743 635 3002 696 putentur
3028 627 3194 683 robur
3233 632 3457 686 immen-

1873 729 2012 768 sum.
2033 731 2054 766 ι
2085 712 2192 769 Sed
2221 729 2394 785 neque
2415 715 2482 769 ad
2508 729 2591 780 ea,
2617 730 2738 786 quae
2751 717 3012 772 memoria
3039 717 3142 772 ista
3173 721 3461 776 scribentis

1875 803 2314 873 inseparabiliter
2336 806 2403 860 de
2427 807 2770 876 magnalihus
2803 808 2940 862 tanti
2959 807 3060 863 viri
3093 811 3319 875 inserta,
3345 811 3462 880 ejus

1874 908 2090 964 semper
2117 895 2322 966 pectori
2339 896 2668 952 cohaerentia
2694 898 3031 966 circumfert,
3063 915 3164 956 nec
3191 901 3306 956 hzec
3339 901 3463 970 ipsa

1873 996 1994 1052 quae
2041 983 2374 1041 membranis
2413 985 2634 1041 tradidit
2693 987 2853 1043 aliter
2897 987 3083 1044 valent
3120 991 3459 1057 comparari,

1874 1085 2038 1142 quam
2081 1073 2127 1129 si
2178 1073 2375 1130 levium
2425 1085 2828 1133 sarmentorum
2869 1078 3155 1136 fasciculos
3190 1081 3465 1150 contiguis

1874 1161 2016 1217 caelo
2045 1162 2326 1221 abietibus.
2345 1165 2633 1239 cedrisquc
2661 1168 3070 1226 sublimissimis
3096 1172 3218 1242 quis
3248 1171 3462 1227 duxerit

1875 1267 1976 1308 con
1985 1251 2258 1309 ferendos.
2292 1273 2310 1308 ι

1947 1366 2051 1423 Hic
2088 1367 2143 1421 in
2193 1370 2325 1423 serie
2366 1373 2573 1441 magnte'
2615 1369 2750 1428 Vita:
2811 1385 3080 1445 ponuntur
3101 1373 3221 1427 dua:
3248 1373 3369 1426 alite
3394 1373 3464 1426 vi-

1874 1458 2067 1523 siones,
2092 1458 2198 1512 sive
2249 1458 2583 1515 revelationes
2610 1460 2664 1514 11
2670 1465 2850 1531 ugonis
2872 1463 3056 1534 gloria:
3069 1461 3409 1530 astipulantes
3440 1475 3458 1514 :

1875 1547 2061 1614 quibus
2086 1548 2376 1602 incidenter
2396 1549 2730 1604 interseritur
2753 1551 2902 1614 visio,
2933 1568 3092 1621 quant
3121 1551 3299 1605 habuit
3327 1551 3460 1619 ipse-

1875 1647 1977 1692 met
2013 1639 2154 1709 apud
2183 1637 2493 1709 Lalj'ordum
2532 1642 2756 1694 existens
2782 1641 2846 1694 de
2872 1641 3036 1710 fratre
3066 1641 3294 1707 Marino,
3331 1640 3458 1696 elee-

1877 1728 2177 1800 mosynario
2205 1743 2301 1806 suo
2333 1728 2474 1798 apud
2501 1728 2660 1783 Stobe
2686 1739 2895 1798 portum
2924 1728 3219 1783 decedente.

2431 1841 2659 1899 CAPUT
2693 1840 2904 1898 XXVII.

1883 1955 1960 2013 De
1984 1958 2220 2028 corporis
2243 1958 2478 2027 defuncti
2517 1959 2934 2026 preparation.
2975 1956 3372 2028 exsequiarum,
3407 1967 3461 2009 ut

1947 2025 2321 2098 descripserat,
2342 2025 2708 2090 celebratione,
2723 2029 2958 2098 ejusdem
2981 2028 3122 2094 apud
3138 2025 3464 2098 Lincolninm

1949 2095 2240 2163 delatione,
2290 2098 2663 2151 miraculorum
2714 2095 2770 2151 in
2817 2099 3003 2151 itinere
3051 2095 3461 2164 contingentium

1951 2169 2285 2232 recitatione,
2321 2179 2368 2222 et
2402 2178 2466 2222 ae
2494 2183 2715 2237 occursu
2751 2183 2929 2237 regum
2959 2175 3007 2220 et
3039 2163 3457 2237 aliaruntsnbli-f

1951 2240 2119 2292 miunt
2141 2254 2510 2308 personarum.
2541 2236 2610 2291 Et
2641 2247 2716 2292 est
2741 2237 2795 2290 in
2809 2233 2950 2292 serie
2975 2251 3180 2306 magna:
3221 2234 3350 2288 Vita:
3370 2233 3464 2287 sub

1949 2310 2109 2376 capit.
2139 2309 2226 2364 19.

1943 2417 2068 2474 Jam
2117 2433 2244 2474 vero
2271 2418 2338 2473 ad
2393 2417 2560 2488 ipsius
2622 2417 3020 2472 fnnerationem
3080 2413 3464 2468 revertendum

1881 2516 1982 2564 est.
1995 2509 2184 2579 Igitur,
2203 2519 2365 2576 prout
2386 2511 2693 2572 docnuuus,
2719 2517 3007 2577 postquam
3038 2503 3140 2559 sub
3165 2503 3317 2572 pacis
3337 2517 3466 2572 can-

1884 2599 2012 2664 tico,
2046 2597 2197 2669 pacis
2229 2605 2441 2652 amator
2479 2596 2634 2668 Hugo
2663 2597 2717 2653 in
2745 2611 2880 2666 pace
2920 2595 2976 2650 in
3007 2593 3238 2664 idipsutn
3267 2593 3468 2648 obdor-

1883 2690 2057 2746 miens
2069 2690 2338 2761 requievit
2357 2689 2409 2745 in
2430 2688 2678 2753 Domino,
2695 2689 2881 2759 paucis
2906 2700 3124 2742 suorum
3140 2682 3466 2754 astantibus,

1884 2781 2371 2837 commendationis
2424 2781 2662 2836 alliciunt
2716 2780 2766 2835 ei
2810 2777 3050 2848 parvitas
3100 2781 3321 2838 nostra,
3359 2786 3467 2841 qua

1883 2873 2076 2944 potuit,
2139 2872 2426 2928 devotione
2491 2871 2745 2927 exsolvit.
2815 2867 2953 2924 llinc
3032 2864 3100 2920 ad
3153 2862 3464 2927 lavandum,

1883 2967 2024 3021 sicut
2076 2965 2190 3035 ipse
2239 2962 2608 3032 disposuerat,
2653 2974 2852 3030 corpus
2900 2956 3018 3026 ejus
3081 2969 3274 3011 manus
3304 2968 3472 3024 appo-

1885 3059 2091 3113 suintus
2137 3057 2404 3128 indignas.
2457 3054 2632 3122 Quod,
2680 3052 2772 3108 ubi
2829 3050 3090 3104 nudatum
3136 3055 3255 3114 est,
3304 3061 3467 3116 supra

1886 3164 2048 3218 quam
2083 3148 2230 3204 credi
2253 3155 2452 3216 potest,
2484 3145 2742 3199 mundum
2772 3149 2829 3198 et
2853 3139 3022 3195 multo
3053 3139 3232 3194 nitore
3253 3139 3472 3208 conspi-

1839 3229 1853 3266 λ
1887 3254 2046 3295 cuum
2073 3237 2398 3307 apparebat;
2451 3235 2692 3291 ablutum
2715 3247 2844 3288 vero
2875 3239 2932 3287 et
2973 3229 3258 3300 diligenter
3289 3237 3471 3284 exter-

1888 3345 2008 3386 sum
2045 3327 2440 3388 oont'licalibus
2495 3324 2767 3380 induimus
2794 3321 3063 3392 insigniis.
3120 3321 3471 3386 Intereare-

1888 3420 2049 3487 versi,
2065 3432 2200 3490 quos
2223 3419 2358 3488 ipse.
2373 3431 2431 3472 ut
2457 3416 2710 3482 diximus,
2723 3414 2790 3470 ad
2811 3413 3174 3470 celebratores
3185 3409 3468 3480 exsequia-

1889 3525 2007 3567 rum
2063 3523 2282 3566 suarum
2331 3506 2703 3566 accersianos
2733 3504 3117 3566 destinaverat,
3149 3507 3360 3570 septem
3388 3497 3471 3553 vel

1888 3615 1955 3659 eo
1985 3614 2214 3656 numero
2244 3596 2422 3669 plures
2451 3597 2766 3662 monachos,
2793 3595 3066 3666 copiosam
3089 3607 3218 3647 vero
3249 3590 3473 3644 clerico-

1892 3707 2010 3747 rum
2057 3690 2393 3746 deduxerunt
2441 3687 2838 3742 multitudinem
2881 3683 3051 3756 (572).
3102 3682 3186 3737 Ab
3235 3681 3336 3737 his‘
3359 3689 3471 3736 tota

1889 3783 2060 3854 ipsius
2087 3781 2264 3838 noctis
2292 3780 2468 3849 spatia
2507 3778 2560 3833 in
2593 3777 2811 3850 hymnis
2831 3785 2887 3832 et
2913 3774 3142 3831 canticis
3171 3772 3474 3844 spirituali-

1891 3875 1992 3931 bus
2015 3873 2417 3946 expenduntur.
2462 3869 2644 3926 Posito
2675 3870 2728 3924 in
2752 3867 2993 3925 Ecclesia
3031 3881 3192 3922 sacro
3221 3880 3473 3936 corpore,

1891 3978 1946 4026 et
1975 3968 2080 4025 illis
2119 3982 2217 4038 per
2245 3981 2438 4039 pyrum
2467 3964 2674 4020 votivas
2701 3961 2960 4020 excubias
2987 3959 3389 4016 celebrantibus
3418 3968 3474 4014 et

1892 4059 2394 4132 frequentantibus.
2440 4055 2726 4111 celebratis
2778 4054 2830 4108 in
2887 4052 3128 4107 crastino
3182 4052 3472 4107 missarum

1892 4153 2169 4212 solemniis
2188 4151 2361 4225 (373),
2392 4147 2618 4206 consilio
2645 4145 2981 4202 medicorum
3007 4145 3152 4216 (cum
3180 4142 3236 4198 id
3259 4143 3477 4213 penitus

1894 4246 2010 4302 ﬁeri
2039 4260 2149 4301 non
2185 4252 2438 4314 oportere
2471 4239 2563 4294 alii
2622 4239 2911 4301 sentirent,
2934 4243 2991 4291 et.
3012 4231 3345 4302 assererem)
3371 4247 3470 4288 ex-

1894 4347 1977 4392 tra
2038 4349 2071 4390 a
2100 4347 2328 4403 corpore
2357 4330 2496 4401 ejus,
2533 4329 2792 4400 quoniam
2848 4327 3064 4398 longius
3114 4325 3184 4380 ad
3211 4322 3478 4394 sepelien-

1893 4437 1947 4484 ta
1998 4425 2202 4497 portari
2247 4423 2497 4488 debuit,
2576 4418 2918 4476 auferuntur.
2991 4416 3123 4483 Qum
3176 4415 3231 4472 in
3283 4415 3475 4470 eadem

1823 4554 1866 4607 ι)
1893 4519 2122 4578 ecclesia
2167 4519 2348 4572 Beata:
2397 4515 2581 4572 Mariae
2629 4517 2699 4568 ad
2734 4519 2889 4567 vetus
2949 4507 3214 4607 templum
3263 4505 3479 4607 ianvase

1892 4607 2144 4678 plumbeo
2169 4603 2448 4660 recondita
2477 4600 2647 4672 (576),
2672 4609 2728 4656 et
2753 4611 2910 4655 secus
2931 4595 3120 4651 altaris
3143 4593 3479 4664 crepidinem

1890 4697 1992 4754 sub
2019 4695 2198 4766 lapide
2245 4705 2555 4749 marmoreo
2584 4691 2810 4746 honeste
2856 4685 3122 4757 reposita,
3178 4683 3476 4756 gloriosum

1891 4787 2116 4845 redivivi
2169 4783 2415 4855 corporis
2452 4782 2536 4840 sui
2562 4779 2820 4850 templum
2855 4783 3164 4851 expectant,
3220 4773 3322 4832 sub
3368 4786 3480 4829 ma-

1894 4877 2054 4931 xima:
2125 4873 2542 4931 resurrectionis
2617 4878 2874 4941 tempore.
2933 4867 3170 4937 feliciter
3228 4865 3476 4922 subeun-

1892 4969 2056 5023 dum-

1965 5069 2091 5126 Haec
2144 5075 2348 5134 autem,
2396 5066 2525 5122 licet
2566 5064 2804 5120 inaniter
2847 5071 2908 5120 et
2953 5057 3248 5132 superﬂue,
3296 5057 3480 5129 quoad

1965 5231 2114 5322 (373)
2142 5249 2249 5322 Die
2276 5246 2526 5322 videlicet
2559 5245 2621 5300 l7
2650 5242 3135 5322 Novembris..qua
3163 5239 3370 5322 elapsa,
3392 5236 3490 5322 die

1899 5309 1983 5379 l8‘
2003 5309 2244 5390 ejusdem
2294 5318 2497 5373 mensis
2539 5331 2728 5390 versus
2755 5309 3111 5390 Δ[εἱηροιιιίᾡη
3157 5309 3484 5390 transfertur

1897 5381 2096 5449 ibidem
2123 5389 2486 5458 tumulandus,
2512 5402 2620 5458 quo
2644 5387 2731 5443 die
2751 5385 2822 5440 25
2842 5382 3149 5458 ejudejam
3178 5381 3306 5458 dicti
3327 5392 3486 5458 uten-

1895 5447 2263 5534 sis'pervcnit.
2296 5457 2449 5516 Unde
2475 5447 2801 5539 ilovedenus
2826 5447 3212 5535 apudiPagium
3247 5449 3297 5502 in
3322 5447 3484 5502 Criti-

1895 5537 1976 5586 cis
2017 5551 2067 5586 ι).
2102 5532 2203 5586 708
2232 5531 2298 5585 ad
2332 5546 2532 5584 annttm
2575 5529 2742 5586 1194.
2776 5536 2847 5580 tta
2887 5524 3074 5581 scribit
3106 5538 3118 5574 :
3159 5518 3334 5574 Mense
3367 5514 3482 5569 Νο-

1895 5543 1976 5589 ClS
2017 5551 2067 5593 ι).
2103 5543 2203 5586 Ῑυδ
2232 5543 2298 5585 ad
2332 5546 2532 5584 allnlllll
2575 5543 2742 5593 1194',
2776 5543 2847 5580 lla
2887 5543 3118 5593 εει-ωειλ
3159 5543 3334 5574 mense
3367 5543 3482 5593 ng-

1896 5586 2116 5660 reinbris
2157 5617 2247 5656 ιιι
2282 5600 2407 5656 Kal.
2445 5598 2572 5654 Dec.
2606 5586 2740 5662 feria
2775 5611 2836 5662 ν,
2869 5594 2995 5650 obiit
3034 5590 3216 5662 litigo,
3247 5597 3367 5662 etc.
3404 5586 3482 5662 _Et

1897 5655 2053 5729 addit
2074 5655 2316 5740 {corpus
2341 5673 2454 5741 ejus
2481 5686 2535 5725 Ix
2567 5655 2694 5741 at.
2720 5655 2992 5722 Decembr.
3016 5655 3305 5717 Lincoluiis
3329 5655 3504 5713 dele-

1900 5755 2007 5800 lunt
2037 5760 2168 5808 esse,
2195 5737 2388 5796 ibidem
2416 5737 2804 5794 tumulandum.

1973 5814 2122 5884 (57$)
2155 5803 2486 5869 Consulatnr
2507 5813 2642 5866 'nota
2671 5807 2778 5863 ΜΞ
2805 5805 2872 5862 ad
2900 5819 2950 5861 c.
2981 5803 3089 5858 (ὧι.

3485 5913 3522 5925 ..δ
