3962 6402
499 389 634 446 1107

1343 380 1402 437 S.
1446 376 1748 437 HUGONIS
1785 375 2000 435 El’lSC.
2035 371 2351 434 LINCOLN.
2392 375 2554 433 0RD.
2590 375 2850 434 CAltTll.

3637 375 3767 433 “08

509 501 788 563 hominum
816 499 1181 572 prudentiam,
1225 502 1375 568 gesta
1409 494 1578 550 fuisse
1613 493 1745 565 ipsis
1781 492 2081 550 visceribus
2109 494 2158 561 Α
2182 492 2471 549 cessabant
2499 493 2667 558 cerei,
2711 501 2964 548 naturam
2996 491 3275 563 propriam
3304 490 3645 562 degliscente
3681 506 3768 562 per

499 610 626 652 mox
657 588 942 664 patefactis
993 587 1217 652 claruit;
1271 583 1531 639 divinitus
1563 591 1762 645 tamen,
1796 593 1856 637 ut
1889 582 1963 637 ita
1993 580 2084 638 (ie-

499 695 604 749 ret,
639 683 958 754 dispositum
994 680 1267 737 exstitisse
1304 679 1370 731 ad
1399 675 1625 747 gloriam
1674 675 1794 744 Dei,
1821 676 1911 746 qui
1941 689 2084 730 sem-

499 790 598 846 per
622 784 707 830 est
744 775 797 829 in
825 773 1030 828 sanctis
1062 767 1416 833 admirabilis,
1461 768 1529 822 ad
1558 769 1820 824 honorem
1869 781 2084 838 quoque

500 865 744 934 ejusdem
769 864 910 919 servi
949 862 1052 926 sui,
1085 859 1234 915 varia
1264 866 1385 930 post
1415 859 1530 913 haec
1565 858 1776 913 ratione
1825 858 2080 915 innotuit.

499 956 565 1010 Et
598 955 816 1026 quidem
850 963 996 1017 tunc,
1029 951 1116 1006 ubi
1148 965 1306 1004 manu
1331 949 1640 1019 chirurgica
1669 948 1784 1018 ipsa
1807 947 2085 1005 intraneo-

502 1060 621 1098 rum
656 1053 862 1100 secreta
917 1049 1226 1112 patuerant,
1266 1040 1481 1095 inventa
1535 1047 1663 1094 sunt
1697 1039 1788 1094 illa
1835 1039 1969 1094 nihil
1995 1055 2086 1095 su-

500 1133 719 1202 perﬂuae
776 1131 1134 1196 collectionis,
1178 1130 1421 1199 nihilque
1459 1143 1680 1200 prorsus
1715 1130 1995 1196 concreti,
2027 1139 2086 1186 ut

503 1224 726 1291 assolet,
751 1223 995 1278 humoris
1047 1223 1192 1276 intra
1219 1237 1277 1278 se
1311 1219 1601 1277 retinentia
1633 1219 1961 1286 continere,
1989 1220 2084 1276 sed

503 1317 596 1371 tali
650 1317 882 1386 quodam
919 1316 1210 1386 purissimo
1265 1314 1442 1370 nitore
1506 1311 1876 1389 perlucebant,
1930 1327 1995 1368 ac
2039 1313 2085 1368 si

475 1394 733 1479 plurima
759 1408 995 1464 hominis
1017 1407 1302 1487 diligentia
1330 1404 1511 1460 abluta
1540 1415 1745 1469 essent,
1775 1413 1830 1459 et
1853 1404 2087 1474 undique

499 1511 750 1571 purgata.
786 1500 914 1555 Erat
963 1501 1209 1570 profecto
1263 1499 1407 1554 istud
1451 1497 1697 1553 mirabile
1724 1499 1775 1552 in
1807 1497 1978 1553 oculis
2005 1497 2087 1553 in-

505 1591 802 1657 tuentium,
833 1591 1100 1660 sedapud
1153 1590 1416 1660 quosdam
1449 1579 1718 1660 levigabat
1745 1588 1954 1658 pondus
1989 1587 2088 1641 mi-

502 1681 694 1747 raculi,
727 1697 849 1736 cum
873 1680 1202 1736 abstinentia
1233 1679 1493 1749 temporis
1519 1679 1652 1734 tanti
1675 1678 1805 1742 ,.vis
1837 1678 2088 1751 dysente-

504 1771 620 1838 rite,
644 1785 749 1840 qua
775 1770 964 1825 diebus
991 1769 1200 1839 aliquot
1244 1778 1373 1824 ante
1424 1781 1654 1823 mortem
1689 1775 1938 1831 vexatus,
1969 1768 2086 1833 ejus

2184 584 2378 640 merita
2439 585 2613 640 sancti
2670 584 2934 654 qualitate
2975 582 3233 640 elementi
3296 584 3549 655 triplicis.
3595 583 3770 641 Flatus

2183 677 2382 745 quippe
2399 690 2620 740 aereus,
2643 675 2842 731 humor
2861 677 3169 746 aquaticus,
3199 686 3255 732 et
3281 677 3543 747 splendor
3567 677 3770 747 igneus,

2185 767 2538 837 triumphanti
2579 767 2781 822 Christi
2839 767 2996 822 militi
3025 769 3162 823 mira
3213 768 3596 839 dependebant
3624 769 3772 825 obse-

2191 856 2342 924 quia.
2401 853 2611 910 Praeter
2659 856 2989 912 sacratiores
3044 871 3178 913 vero
3216 857 3452 913 aliorum
3487 859 3557 912 de
3613 860 3772 913 tantis

2185 959 2409 1013 operum
2441 943 2534 998 Dei
2575 945 2916 1014 magnalibns
2970 949 3299 1012 sententias,
3359 947 3501 1002 hanc
3559 947 3769 1001 interim

2185 1035 2512 1105 simplicium
2575 1034 2699 1092 ﬁdei
2743 1038 3159 1092 commendasse
3213 1035 3469 1102 sulliciat,
3500 1038 3632 1107 quia
3673 1053 3772 1093 non

2187 1126 2462 1182 immerito
2487 1127 2604 1198 ipse
2654 1139 2879 1184 sanctus
2907 1137 3016 1184 tam
3045 1129 3293 1199 iucundo
3322 1129 3544 1184 luminis
3573 1129 3774 1184 honore

2187 1218 2476 1275 decoratus
2498 1220 2772 1289 apparuit,
2802 1220 2920 1289 qui,
2940 1223 3008 1276 ad
3038 1221 3209 1276 decus
3237 1221 3434 1276 matris
3474 1221 3590 1277 veri
3618 1221 3772 1275 lumi-

2187 1307 2276 1363 nis
2321 1315 2704 1379 perpetuaeque
2729 1307 2987 1380 Virginis,
3014 1319 3276 1366 consueta
3308 1309 3578 1366 Ecclesia:
3611 1310 3772 1380 ipsius

2186 1396 2502 1466 luminaria,
2535 1399 2842 1470 adjectione
2872 1400 3161 1458 admodum
3193 1416 3510 1466 numerosa,
3538 1401 3773 1456 cumula-

2187 1490 2284 1544 vit.
2322 1489 2690 1547 Lincolniensi
2721 1507 2956 1563 namque
2983 1493 3328 1549 thesaurario
3353 1492 3568 1564 amplos
3591 1493 3647 1547 in
3678 1495 3772 1549 hoc

2189 1578 2365 1650 ipsum
2419 1582 2721 1654 assignavit
2765 1584 3008 1640 redditus
3053 1593 3114 1640 ut
3178 1583 3359 1655 ampla
3430 1594 3598 1641 tanta:
3648 1586 3772 1642 adis

2188 1671 2552 1740 immensitas,
2579 1675 2880 1744 parietibus
2902 1691 3068 1746 prope
3089 1677 3314 1741 nudum,
3343 1677 3491 1732 inter
3512 1687 3770 1732 nocturna

2187 1765 2362 1822 otIicia
2387 1783 2670 1825 cereornm
2705 1770 2934 1826 micaret
2965 1769 3288 1842 fulgoribus,
3312 1778 3374 1825 ut
3401 1771 3650 1826 interdiu
3683 1785 3765 1826 ra-

501 1835 710 1931 impetu
762 1835 1098 1916 credebatur
1119 1860 1192 1914 ita
1237 1859 1477 1930 potuisse
1515 1859 1756 1914 funditus
1786 1859 2080 1912 exhauriri.
2117 1835 2159 1891 Β
2186 1860 2292 1916 diis
2320 1861 2682 1917 renitescebat
2708 1863 2998 1918 solaribns.

502 1951 656 2018 Quod
686 1959 890 2016 tamen,
911 1950 1356 2020 qualitercunque
1397 1949 1596 2005 factum
1645 1950 1742 2016 sit,
1769 1951 1872 2006 hoc
1902 1951 2084 2006 dicere

483 2041 768 2098 veraciter
791 2040 936 2106 licet,
968 2042 1093 2111 quia
1110 2042 1349 2096 exterius
1370 2041 1587 2113 quidem
1615 2041 1756 2097 lacte
1783 2041 2080 2108 candidior,

438 2170 447 2179 .
500 2137 647 2190 intus
697 2149 824 2190 vero
871 2142 1130 2201 etextra
1160 2135 1302 2190 vitro
1342 2135 1529 2205 purior
1589 2151 1820 2205 corpore
1869 2149 2085 2205 quoque

500 2235 839 2282 monstratus
893 2236 977 2282 est
1012 2243 1111 2282 suo
1161 2227 1354 2282 similis
1390 2226 1643 2291 Martino,
1679 2235 1736 2280 ut
1779 2238 1834 2282 et
1890 2227 2084 2282 merito

499 2317 603 2384 ipsi
630 2314 733 2371 dici
761 2316 956 2370 debeat
987 2318 1039 2372 in
1077 2318 1178 2373 hac
1205 2318 1368 2373 etiam
1401 2327 1554 2386 parte
1589 2335 1606 2368 ι
1644 2316 1868 2370 Gemma
1897 2331 2082 2373 sacer-

497 2409 706 2462 detum.
736 2425 755 2458 ι
785 2408 860 2462 De
881 2408 1034 2476 cujus
1058 2409 1286 2464 mirabili
1319 2409 1516 2464 decore
1543 2409 1768 2464 inferius
1796 2409 1912 2464 loco
1943 2424 2085 2465 com-

497 2496 702 2568 petenti
732 2498 888 2568 plura
919 2499 1185 2562 dicentur.

571 2590 861 2645 Condit-um
901 2599 1082 2645 autem
1133 2589 1316 2646 multis
1346 2591 1704 2656 aromatibns,
1733 2607 1763 2645 a
1795 2591 2081 2646 dormitio-

498 2676 596 2737 nis'
636 2696 748 2736 sua:
781 2681 922 2736 loco
962 2681 1298 2736 Lincolniam
1330 2697 1453 2736 eum
1478 2683 1544 2737 ad
1572 2682 1938 2752 sepeliendum
1969 2697 2081 2737 ca:-

496 2771 678 2840 pimus
703 2770 1002 2826 transferre
1026 2770 1200 2841 (575).
1227 2771 1342 2825 Non
1368 2781 1450 2825 est
1471 2779 1650 2826 autem
1680 2786 1921 2836 necesse,
1955 2772 2082 2840 quia

497 2878 601 2919 nec
630 2863 885 2933 possibile
911 2863 1066 2918 nobis
1091 2863 1252 2928 foret,
1279 2862 1438 2918 fletus
1459 2873 1510 2917 et
1537 2863 1770 2932 gemitus
1791 2844 2084 2919 occurren;

503 2956 638 3010 tium
664 2955 904 3025 undique
955 2955 1264 3011 describere
1296 2954 1638 3026 populorum.
1666 2954 1915 3010 Civitatis
1936 2955 2081 3010 enim

497 3043 798 3099 Londoniae
820 3045 998 3100 clerus
1023 3055 1076 3100 et
1102 3045 1331 3115 populus
1363 3045 1551 3116 procul
1581 3055 1734 3101 extra
1765 3046 1914 3101 urbis
1948 3061 2085 3102 mte-

497 3136 588 3190 nia
620 3150 742 3190 eum
773 3135 1027 3192 crucibus
1053 3145 1105 3191 ct
1131 3137 1305 3192 cereis
1336 3137 1590 3190 feretrum
1624 3138 1903 3206 prosecuti
1930 3147 2077 3193 sunt.
2111 3175 2155 3238 ε

497 3227 718 3286 Obitum
769 3243 896 3284 vero
953 3245 1049 3298 per
1091 3245 1250 3300 agros
1309 3238 1364 3284 et
1407 3229 1582 3293 villas,
1633 3240 1870 3299 uterque
1894 3245 2081 3296 sexus,

497 3321 786 3390 omnisque
815 3320 1056 3376 conditio
1107 3321 1308 3390 gradus
1356 3330 1412 3375 et
1442 3321 1652 3376 ordinis
1691 3319 2083 3391 cujuscunque,

498 3410 590 3464 ubi
625 3410 816 3476 audiit,
864 3410 916 3464 in
969 3409 1104 3472 lines
1144 3426 1272 3465 suos
1314 3411 1653 3465 venientibus
1696 3411 1909 3466 obviam
1951 3427 2086 3466 con-

497 3497 703 3554 ﬂuebat
724 3499 867 3553 sacri
898 3499 1106 3554 funeris
1128 3501 1502 3569 portitoribus.
1533 3500 1799 3572 Tetigisse
1823 3502 2085 3557 feretrum

498 3588 676 3660 palma
710 3602 965 3659 suprema
999 3588 1118 3642 fuit.
1163 3588 1372 3654 Quibus
1405 3589 1456 3642 id
1487 3590 1786 3659 negabatur
1824 3606 1935 3661 prae
1959 3606 2087 3646 cou-

499 3681 821 3750 stipantinm
856 3681 1140 3734 turbarum
1189 3679 1555 3746 multitudine,
1585 3679 1672 3735 vel
1699 3680 1912 3736 eminus
1951 3683 2083 3736 ado-

499 3788 674 3838 rasse,
705 3783 760 3828 et
788 3773 1137 3844 conspexisse
1167 3789 1272 3829 non
1303 3772 1412 3835 vile
1435 3771 1734 3828 ducebatur
1761 3773 2082 3843 troplueum.

498 3861 558 3917 ln
583 3863 701 3933 ipso
736 3863 928 3918 itinere
976 3878 1074 3933 per
1108 3861 1239 3933 juge
1267 3863 1646 3933 quatriduum,
1701 3877 1814 3918 uno
1841 3863 2086 3933 quotidie

499 3959 752 4029 repetito,
777 3957 860 4011 vel
907 3957 1084 4027 potius
1141 3956 1459 4012 continuato
1508 3954 1792 4022 miraculo,
1832 3961 2084 4011 sanctum

500 4059 657 4101 suum
712 4046 1023 4101 miritieavit
1067 4047 1344 4102 Dominus.
1396 4046 1453 4102 l-n
1515 4047 2084 4116 manibussiquidem

501 4139 790 4207 puerorum
845 4139 1203 4206 equitantinm
1256 4139 1400 4194 cerei
1432 4149 1668 4210 quatuor
1704 4138 1904 4209 jugiter
1929 4141 2088 4194 arde-

499 4227 662 4292 bant;
697 4241 840 4296 quos
869 4227 922 4281 in
950 4243 1159 4282 morem
1195 4227 1498 4282 facularum
1535 4229 1635 4282 sub
1661 4228 1748 4282 die
1786 4229 2081 4297 expositos,

499 4333 605 4375 nec
635 4329 918 4373 ventorum
949 4319 1272 4389 spiramina,
1311 4333 1411 4373 nec
1455 4319 1722 4373 interdum
1763 4319 1930 4389 guttis
1955 4319 2087 4374 den-

498 4411 736 4469 sioribus
756 4408 992 4464 rorantia
1023 4407 1246 4473 nubium
1273 4407 1566 4474 stillicidia,
1589 4407 1931 4478 exstinguere
1950 4423 2088 4478 pne-

2257 1953 2440 2009 Prima
2464 1955 2642 2024 igitur
2665 1955 2719 2012 in
2743 1957 2992 2026 corporis
3022 1956 3404 2026 deportatione
3426 1971 3626 2013 versus
3645 1955 3767 2012 Lin-

2184 2048 2420 2107 col-niam
2449 2066 2574 2106 cum
2605 2051 2889 2106 monachis
2912 2049 3396 2106 Bedefortensihus
3418 2052 3636 2104 mansio
3661 2049 3771 2103 fuit.

2184 2141 2520 2212 Crepusculo
2573 2141 2680 2196 diei
2719 2140 2992 2206 secundae,
3034 2150 3323 2210 postquam
3377 2141 3489 2195 iter
3537 2141 3771 2210 aggressi

2187 2227 2396 2301 sumus,
2423 2234 2490 2290 ad
2521 2233 2704 2289 villam
2731 2233 2968 2304 episcopi
2999 2232 3402 2288 Lincolniensis
3425 2230 3774 2286 Diltelesuadc

2185 2323 2741 2396 (376).nuncupatam,
2773 2321 3108 2378 devenimus.
3142 2321 3267 2387 Ubi,
3299 2321 3432 2375 dum
3471 2320 3624 2375 circa
3653 2319 3774 2376 fere-

2185 2423 2328 2468 trum
2352 2413 2714 2484 plangentium
2738 2413 3046 2469 accolarum
3067 2427 3129 2468 se
3161 2421 3341 2466 turma
3378 2411 3770 2482 conglomerat,

2186 2505 2240 2560 in
2277 2505 2393 2576 ipso
2418 2504 2665 2561 ecclesiae
2719 2503 2968 2570 introitu,
3023 2504 3076 2558 in
3109 2517 3218 2574 qua
3254 2517 3354 2573 per
3383 2511 3609 2557 noctem
3640 2501 3772 2554 illam

2185 2596 2496 2652 venerabile
2523 2611 2722 2666 corpus
2767 2597 3052 2666 quiescere
3085 2595 3292 2660 debuit,
3326 2594 3577 2649 hominis
3603 2592 3774 2660 cujus—

2185 2685 2309 2740 dam
2342 2685 2624 2740 brachium
2656 2686 2730 2740 ita
2752 2683 3096 2740 confractum
3128 2683 3232 2738 fuit
3258 2692 3316 2739 ut
3340 2684 3624 2754 crepitum
3643 2682 3776 2737 assis

2183 2774 2446 2844 patientis
2485 2773 2779 2830 fracturam
2829 2772 2905 2826 illi
2945 2773 3133 2840 etiam,
3159 2772 3251 2842 qtti
3286 2772 3560 2826 remotius
3581 2775 3775 2826 consti-

2187 2872 2384 2928 terant,
2432 2863 2634 2920 clarius
2681 2863 2956 2918 audirent.
3010 2863 3142 2919 Erat
3179 2872 3362 2918 autem
3415 2877 3621 2917 nomen
3662 2861 3774 2929 viri,

2185 2955 2277 3024 qui
2331 2954 2495 3009 etiam
2568 2954 2746 3012 adhuc
2817 2955 3117 3024 superesse
3170 2954 3392 3018 dicitur,
3443 2953 3774 3009 Bernartius.

2185 3047 2355 3115 Quem
2380 3048 2463 3103 sui
2493 3047 2560 3102 ab
2615 3045 2861 3102 ecclesiae
2911 3045 3119 3102 foribus
3169 3045 3552 3102 semianimem
3586 3062 3777 3118 rapue—

2187 3147 2331 3206 runt,
2359 3146 2414 3194 et
2442 3137 2509 3194 ad
2533 3138 2752 3194 domum
2780 3137 3060 3208 prapriam.
3077 3136 3315 3192 delatum
3340 3152 3520 3208 usque
3544 3138 3600 3193 in
3625 3151 3775 3192 mane

2187 3231 2462 3300 patientia;
2483 3245 2704 3302 operam
2735 3231 2866 3286 dare
2890 3229 3199 3302 jusserunt,
3227 3239 3471 3299 tuncque
3501 3230 3552 3285 ei
3577 3229 3774 3284 subre-

2189 3323 2448 3376 niendum
2496 3321 2832 3392 pollicentes
2851 3336 2955 3392 ope
2983 3321 3344 3377 medicorum.
3379 3321 3476 3376 Sic
3502 3336 3638 3391 ergo
3659 3335 3772 3375 cum

2186 3420 2352 3479 esset,
2382 3425 2483 3468 nec
2505 3412 2697 3468 saltem
2721 3411 3032 3482 colligatus,
3062 3425 3161 3467 nec
3183 3411 3381 3482 quovis
3408 3410 3772 3465 medicamine

2187 3502 2332 3558 lotus
2353 3502 2578 3559 factura:
2597 3505 2736 3560 adeo
2757 3503 3004 3560 molesta:
3043 3502 3221 3568 locus,
3257 3501 3555 3572 plurimam
3602 3501 3776 3557 noctis

2187 3603 2396 3665 partem
2425 3607 2548 3650 eum
2587 3594 2641 3648 in
2688 3593 2968 3649 doloribus
2999 3595 3212 3664 magnis
3246 3596 3575 3663 pertrahere
3626 3594 3776 3648 dolor

2187 3686 2364 3756 coegit
2389 3686 2716 3742 insomnem.
2747 3685 2849 3753 Qui
2906 3686 3125 3741 demum
3172 3685 3227 3740 in
3257 3694 3478 3742 tenuem
3505 3685 3774 3740 resolutus

2187 3787 2437 3843 soporem
2469 3787 2598 3828 mox
2625 3772 2759 3828 vidit
2786 3773 3108 3844 episcopum
3151 3771 3441 3828 brachium
3471 3788 3636 3828 suum
3664 3789 3773 3828 ma-

2187 3863 2348 3919 nibus
2375 3861 2634 3932 piissimis
2663 3871 3111 3932 contrectautem,
3134 3863 3368 3933 dataque
3394 3863 3778 3920 benedictione

2186 3971 2218 4009 a
2247 3970 2307 4010 se
2332 3964 2456 4026 post
2508 3954 2786 4025 paululum
2845 3956 3208 4011 recedentem.
3250 3955 3526 4011 Caeterum
3558 3971 3778 4012 recessu

2187 4046 2408 4102 indulta:
2452 4047 2699 4114 visionis,
2759 4046 2969 4103 collata,
3027 4047 3426 4104 benedictionis
3462 4049 3642 4104 virtus
3667 4063 3776 4104 non

2165 4139 2433 4206 recessit.
2472 4137 2750 4207 Evigilans
2797 4153 3037 4209 namque
3065 4153 3097 4193 a
3127 4153 3341 4204 somno,
3400 4139 3474 4194 ita
3533 4141 3772 4210 penitus,

2189 4229 2377 4299 fugato
2429 4229 2576 4286 omni
2627 4228 2836 4290 dolore.
2883 4244 2946 4284 os
2968 4229 3366 4285 consolidatum
3406 4238 3465 4286 et
3488 4231 3773 4290 brachium

2186 4326 2436 4374 sanatum
2473 4317 2696 4385 invenit,
2721 4327 2780 4372 ut
2802 4319 3194 4388 praecedentem
3231 4318 3414 4390 potius
3452 4319 3773 4376 fraetiouem

2185 4423 2348 4477 quam
2402 4407 2738 4464 curationem
2782 4407 3230 4478 subsequentem,
3273 4424 3372 4480 per
3418 4425 3675 4466 somnum

496 4504 769 4559 valebant.
826 4499 991 4556 Pueri
1032 4511 1181 4556 nunc
1211 4499 1280 4555 ab
1308 4499 1464 4569 equis
1481 4499 1893 4564 descendentes,
1938 4513 2082 4555 nunc
2113 4515 2159 4571 ι)
2185 4499 2490 4568 suscepisse
2509 4506 2742 4568 putaret.

497 4612 624 4652 cum
656 4594 960 4651 vehementi
1011 4591 1215 4663 impetu
1274 4592 1436 4647 sellas
1483 4605 1683 4646 vacuas
1730 4590 2081 4646 reascenden-

496 4697 602 4751 tes,
650 4699 839 4740 cereos
867 4684 1124 4739 tenebant
1157 4701 1170 4738 :
1199 4699 1336 4754 quos
1365 4683 1505 4754 ignis
1533 4684 1678 4736 inter
1705 4682 1820 4736 haec
1849 4697 1956 4737 non
1987 4681 2083 4737 de-

497 4778 736 4834 serebat.
781 4775 1106 4846 Stupebant,
1151 4784 1209 4830 et
1257 4790 1366 4844 prae
1423 4775 1782 4830 admiratione
1834 4775 1888 4828 in
1920 4788 2082 4829 voces

497 4865 957 4924 exclamatiouum
989 4866 1417 4937 prorumpebant
1439 4865 1555 4919 haec
1589 4862 1912 4918 intuentium
1945 4862 2082 4917 mul-

498 4958 784 5023 titudines,
808 4967 1116 5014 asserentes
1137 4972 1238 5012 nec
1263 4957 1404 5011 inter
1425 4971 1618 5010 manus
1642 4954 1883 5010 clausum
1899 4953 2080 5010 lumen

499 5065 530 5104 a
559 5065 620 5105 se
647 5049 821 5105 teneri
850 5064 1009 5120 posse
1037 5047 1553 5115 inexstinctum,ubl
1577 5048 1628 5102 hi
1656 5046 1802 5109 nullo
1831 5047 1960 5102 tecti
1990 5061 2082 5102 ve-

499 5139 726 5205 lamine,
757 5139 851 5194 sed
898 5140 993 5196 Dei
1047 5139 1218 5195 solius
1260 5137 1386 5194 freti
1445 5137 1668 5204 virtute,
1711 5135 1943 5208 ﬂagrare
1973 5151 2080 5193 non

571 5275 722 5348 (575)
759 5274 862 5348 Die
903 5273 970 5329 18
993 5272 1358 5348 ΔΝοιγεειιιιιιῇε⁸
1382 5289 1487 5344 qua
1517 5274 1606 5348 die
1629 5274 1821 5348 prima
1871 5275 2082 5348 mansio

499 5343 603 5405 fuit
632 5343 769 5418 apud
797 5343 1091 5418 monachos
1117 5343 1558 5418 Bedefortenscs,
1593 5343 1648 5400 id
1673 5354 1756 5418 est
1789 5345 1839 5418 in
1858 5345 2078 5418 ‘celebri

500 5419 591 5475 illo
619 5412 868 5474 emnobio
915 5414 982 5469 ad
1015 5412 1073 5468 S.
1117 5412 1383 5469 Albanum
1431 5416 1485 5469 in
1525 5430 1658 5486 agro
1704 5414 2078 5472 Bedefortcnsi

501 5490 704 5560 pridem
731 5488 973 5560 fundato.

537 5559 720 5682 ,8576)
747 5557 1013 5641 ⁸διειξιιιιιίει
1061 5555 1275 5612 mansio
1313 5554 1401 5610 die
1441 5553 1758 5611 Novembris
1801 5555 1901 5612 fuit
1938 5556 2078 5628 apud

537 5630 572 5682 tl
597 5647 680 5681 am
706 5629 1038 5682 Btkelsuade.

500 5629 680 5684 \‘illant
706 5629 1038 5686 Bikelsuade.

505 5711 527 5770 ρ
571 5697 719 5770 (577)
761 5699 970 5770 Μιδιιείσ
989 5699 1149 5770 tertia
1176 5697 1262 5755 die
1281 5695 1352 5753 20
1375 5694 1692 5770 Novembris
1711 5695 1852 5770 apud
1877 5693 2079 5770 Ducite:

502 5765 658 5838 deus,
686 5765 777 5843 qui
807 5771 950 5828 idem
978 5769 1083 5827 erit
1111 5769 1260 5828 locus
1279 5810 1295 5838 ,
1326 5767 1419 5841 qui
1447 5782 1608 5840 supra
1629 5782 1676 5824 c.
1705 5765 1932 5837 9hujus,
1953 5766 2077 5823 libri

2252 4588 2437 4644 Tertia
2484 4589 2695 4642 mansio
2733 4585 2837 4643 fuit
2862 4587 3004 4658 apud
3046 4586 3366 4645 Buckedens
3392 4589 3575 4660 (5'17).
3605 4589 3662 4644 lu
3689 4591 3775 4643 hi.-

2181 4679 2397 4750 quidem
2421 4677 2627 4734 duobus
2657 4679 2914 4734 maneriis
2935 4677 3358 4750 episcopalibus,
3386 4689 3469 4735 tot
3486 4677 3775 4749 eiulatibus

2182 4777 2237 4826 et
2263 4767 2514 4825 lamentis
2543 4767 2915 4836 indigenarum
2965 4767 3176 4837 excepti
3215 4782 3425 4836 sumus,
3466 4779 3527 4823 ut
3578 4768 3772 4824 memi-

2181 4860 2329 4915 nisse
2357 4860 2580 4924 horror,
2604 4858 2844 4914 scribere
2867 4872 2995 4912 vero
3026 4856 3180 4912 labor
3207 4857 3297 4913 sit.

2254 4949 2461 5026 Quarta
2494 4946 2850 5018 profectionis
2878 4947 3022 5002 dieta
3053 4946 3464 5003 Staunfordiam
3497 4949 3652 5020 (578)
3679 4963 3772 5005 ve—

2183 5043 2383 5101 nimus.
2414 5041 2489 5096 lbi
2517 5041 2646 5096 dum
2673 5037 2891 5110 agmine
2932 5038 3101 5096 denso
3125 5037 3431 5111 frequentia
3465 5040 3650 5110 populi
3673 5040 3770 5094 sti-

2180 5147 2344 5206 patur
2367 5135 2513 5189 circa
2543 5133 2823 5198 feretrum,
2850 5141 2904 5190 et
2941 5131 3071 5189 hinc
3096 5133 3365 5204 virginum
3390 5133 3507 5192 Deo
3533 5144 3772 5191 saerata-

2181 5270 2499 5344 Buggcdena
2529 5279 2721 5344 vocatu
2758 5309 2771 5323 .

2255 5338 2402 5412 (3'78)
2435 5341 2641 5396 Mansio
2657 5348 2848 5410 quarta
2871 5338 2958 5412 die
2977 5339 3040 5395 2|
3055 5380 3070 5404 ,
3097 5338 3420 5412 Novembris
3431 5342 3578 5412 apud
3606 5340 3763 5412 Stan-

2182 5410 2553 5486 fordiatn,I_t_bi_
2569 5421 2688 5486 erat
2707 5410 3312 5486 cmnobiumguondam
3335 5410 3459 5467 0rd.

2181 5487 2248 5542 de
2300 5500 2407 5554 quo
2456 5480 2795 5554 Mabillonius
2849 5489 2978 5534 tom.
3017 5479 3078 5535 ντ
3110 5481 3285 5554 Annal
3314 5521 3338 5547 ,,
3384 5497 3440 5552 p.
3494 5481 3659 5554 559,Δ
3681 5479 3764 5533 ubi

2181 5549 2443 5627 quosdam
2485 5551 3096 5627 tttanacbosenutnerat
3141 5552 3302 5627 hujus
3341 5549 3606 5627 cmnobii,
3634 5549 3765 5604 forte

2183 5621 2497 5682 monialium
2546 5636 2740 5678 curam
2786 5621 3084 5690 habentes,
3128 5629 3188 5677 ut
3236 5621 3291 5678 in
3340 5622 3588 5693 sequenti
3643 5630 3759 5676 non

2181 5697 2406 5755 dicetur.
