3962 6412
475 395 616 463 ,ιιιι

1312 397 1368 450 s.
1413 395 1713 454 HUGONIS
1751 395 1965 454 EPISC.
2004 387 2528 466 “Nomm-ouo.
2566 402 2820 460 (JARTll.

3614 405 3747 462 ΠΩ

481 509 632 573 dum,
683 507 727 561 si
779 507 1050 564 rationem
1103 509 1183 564 vis
1228 508 1429 563 doloris
1469 507 1801 565 admitteret.
1851 510 2064 582 Reliqui
2094 519 2143 577 Α
2171 513 2340 582 ipsius
2381 515 2826 574 vestimentorum
2870 514 3154 586 insigniis,
3198 518 3490 588 parvitatis
3554 526 3749 576 nostra

483 607 796 668 nlagnatum
833 639 848 665 ,
897 595 1033 652 cum
1065 598 1394 670 Anglorum,
1452 607 1564 676 tum
1619 600 1906 659 Scotorum
1963 602 2062 656 hu-

483 703 663 744 meros
719 697 1028 758 supponunt
1080 688 1232 743 oneri
1264 704 1370 743 non
1419 687 1637 758 ignobili
1695 689 1896 762 (590).
1953 689 2064 746 Nec

483 781 584 836 sibi
604 795 796 850 parum
809 781 1134 836 successisse
1155 780 1698 852 gaudebat,quisquis
1713 795 1809 838 sua
1824 785 2064 854 membra

484 870 630 925 illius
687 871 902 941 corpori
952 869 1218 940 portando
1268 879 1455 940 aptare
1516 871 1810 925 meruisset
1831 910 1856 935 ,.
1910 867 2064 938 cujus

483 959 680 1015 merita
726 959 1138 1031 obsequentium
1181 960 1393 1015 animas
1422 969 1475 1015 et
1503 976 1733 1032 corpora
1775 960 2064 1016 sustollere

483 1049 550 1102 ad
609 1049 882 1118 coelestia,
940 1058 997 1104 et
1063 1050 1134 1106 ab
1199 1050 1345 1106 omni
1410 1051 1564 1107 clade
1615 1051 1798 1108 levare
1856 1051 2066 1123 potuis-

482 1152 622 1197 scut.

1004 1236 1234 1293 CAPUT
1293 1236 1528 1292 XXVIII.

481 1345 561 1400 De
586 1349 933 1421 corporisper
963 1349 1221 1421 civitatem
1255 1350 1616 1421 deportatione
1664 1349 1899 1421 ejusdem
1937 1364 2069 1421 nova

549 1419 959 1487 prwparatione,
989 1418 1366 1473 miraculorum
1391 1418 1754 1484 ostentatione,
1788 1418 2069 1474 oblationis

550 1488 930 1559 magnitudine,
985 1499 1032 1543 et
1101 1506 1344 1559 versuum
1407 1491 1784 1559 subscriptione
1815 1529 1830 1554 ,
1882 1487 2072 1544 Ponti-

553 1556 718 1629 ﬁcum
769 1558 1015 1622 baculus,
1049 1570 1155 1613 etc.
1180 1558 1250 1612 In
1287 1559 1423 1625 loco,
1453 1561 1539 1613 ubi
1568 1556 1908 1629 praeceperat,
1929 1575 2072 1628 sepe-

551 1627 752 1700 litioue.
784 1629 862 1700 _Et
902 1629 1201 1700 continetur
1231 1631 1329 1683 hoc
1377 1631 1538 1700 capit.
1569 1627 1639 1686 in
1681 1627 1816 1685 serie
1865 1627 2072 1699 magna

559 1692 694 1750 Vitae
711 1698 806 1751 sub
831 1698 1057 1768 capitulo
1078 1698 1168 1753 '20.

533 1777 724 1863 Igitur
773 1789 901 1844 dum
948 1791 1217 1860 portando
1259 1790 1438 1848 funeri
1503 1801 1580 1847 tot
1621 1807 1685 1847 se
1741 1805 2068 1862 magnorum

2166 603 2318 676 (59f)
2372 604 2633 673 obsequio
2689 604 2996 660 induendos
3042 605 3096 661 in
3135 609 3334 677 quibus
3358 609 3491 663 olim
3540 610 3752 679 pontiﬁ-

2175 696 2350 752 calem
2393 704 2705 766 susceperat
2757 699 3413 754 consecrationem..Erat
3454 716 3590 756 vero
3630 711 3754 756 utne

2166 787 2370 846 ibidem
2423 787 2622 847 videre
2691 787 3037 844 miraculum.
3103 788 3245 846 Caro
3329 807 3567 862 namque
3641 790 3755 860 eius

2166 879 2241 934 ita
2297 877 2470 933 niveo
2540 877 2794 948 quodam
2845 887 2908 932 et
2940 879 3228 935 ‘uniformi
3307 882 3562 938 candore.
3614 884 3756 938 uite-

2167 968 2382 1035 scebat,
2441 976 2500 1022 ut
2537 969 2771 1040 quodam
2837 972 3255 1027 resurrectionis
3309 974 3500 1029 decus
3516 974 3632 1045 jam
3681 983 3758 1029 tot

2167 1059 2360 1116 diebus
2397 1059 2667 1117 exstincta
2715 1059 3002 1117 manifeste
3042 1063 3343 1132 praeferret.
3400 1065 3546 1119 Nihil
3586 1066 3646 1119 in
3695 1081 3756 1120 ea

2168 1149 2426 1218 lividum,
2472 1151 2609 1208 nihil
2659 1152 2956 1224 pallidum,
3001 1163 3097 1209 aut
3140 1156 3572 1224 submarcidum,
3627 1159 3757 1214 nihil

2167 1240 2402 1308 fuscum,
2424 1242 2560 1299 nihil
2584 1258 2692 1299 non
2721 1243 2978 1310 lacteum,
2999 1257 3092 1301 aut
3111 1248 3294 1318 potius
3316 1248 3579 1317 liliosu‘nt,
3611 1252 3757 1306 reni-

2169 1329 2339 1387 tebat.
2385 1331 2577 1390 Manus
2605 1331 2722 1403 eius
2763 1344 2821 1390 et
2863 1335 3048 1407 digiti,
3082 1338 3308 1394 brachia
3356 1353 3574 1410 quoque
3602 1351 3660 1397 et
3683 1342 3757 1397 la-

2169 1422 2335 1488 certi,
2368 1438 2475 1480 non
2501 1423 2686 1489 aliter,
2718 1426 3095 1497 quampridem
3125 1429 3179 1484 in
3208 1429 3361 1496 vivo,
3400 1447 3548 1488 nunc
3579 1434 3637 1488 in
3665 1435 3758 1489 de-

2171 1511 2388 1582 functo,
2418 1514 2738 1586 palpabiles,
2774 1516 3048 1573 molleset
3077 1519 3392 1576 tractabiles‘
3417 1529 3602 1577 erant.
3641 1522 3759 1579 Bal-

2171 1621 2326 1664 samo
2351 1607 2465 1663 sola
2501 1608 2619 1679 ejus
2646 1605 2834 1675 facies,
2865 1617 2923 1664 et
2953 1623 3145 1665 manus
3177 1609 3296 1680 ejus
3323 1611 3556 1667 dextera
3587 1612 3760 1669 fuerat

2173 1697 2436 1754 delibuta.
2463 1698 2542 1754 De
2563 1698 2808 1764 aliorum
2840 1707 3024 1755 autem
3053 1694 3198 1756 Statu
3228 1702 3608 1757 membrorum
3635 1704 3759 1758 nihil

2175 1787 2643 1859 investigavimus.
2682 1788 2871 1856 Digito
2906 1792 3073 1847 etiam
3103 1790 3392 1858 annulum,
3418 1792 3764 1850 chirotheeas

484 1878 727 1933 virorum
786 1881 998 1935 humeri
1055 1883 1306 1936 certatim
1356 1883 1762 1948 submitterent,
1789 1893 1848 1938 ut
1874 1883 2073 1938 nullius
2103 1875 2147 1934 Β
2175 1877 2537 1948 baculumque
2581 1879 2914 1948 pastoralem
2959 1879 3210 1935 manibus
3255 1880 3378 1950 ejus
3417 1890 3477 1935 et
3527 1883 3761 1937 brachiis

482 1982 728 2035 personae
780 1969 836 2024 in
884 1969 1043 2040 globo
1081 1981 1240 2028 tanta:
1282 1973 1640 2029 multitudinis
1675 1974 1918 2030 delectus
1953 1988 2075 2030 esse

480 2057 768 2125 potuisset,
787 2073 884 2113 rex
917 2060 1136 2115 tandem
1157 2069 1211 2115 et
1241 2062 1638 2133 archiepisc0pi
1665 2063 1782 2117 sive
1808 2061 2072 2132 episc0pi,

481 2157 609 2205 ante
639 2149 787 2205 urbis
819 2151 1123 2220 ingressum
1165 2152 1487 2222 pretiosam,
1517 2167 1681 2222 quam
1707 2151 1853 2208 ferre
1889 2165 2076 2208 susce-

479 2248 710 2308 perant,
732 2241 857 2298 aliis
881 2242 1284 2313 quodammodo
1327 2243 1711 2314 diripientibus
1750 2243 2072 2314 portandam

480 2342 761 2388 cesserunt
804 2337 1182 2408 margaritam.
1211 2337 1310 2403 Ita,
1345 2337 1544 2406 quibus
1571 2336 1768 2391 virium
1810 2345 2075 2408 praestau-

480 2423 589 2478 tior
613 2425 929 2496 magnitudo
952 2427 1213 2483 feretrum
1228 2428 1494 2483 subeundi
1519 2427 1732 2498 copiam
1748 2427 2073 2495 paravisset,

479 2526 629 2568 nunc
683 2515 946 2586 scapulis,
998 2531 1149 2572 nunc
1201 2517 1453 2572 manibus
1505 2517 1636 2572 illud
1669 2519 2072 2589 contingentes,

479 2605 676 2675 gaudio
700 2604 844 2677 pleni
872 2606 1217 2662 incedebant.
1240 2606 1484 2680 Cumque
1505 2607 1710 2663 diutius
1726 2607 1816 2662 tali
1839 2607 2074 2680 tripudio

477 2694 859 2764 potiebantur,
894 2707 1118 2768 repente
1146 2697 1214 2753 ab
1239 2698 1362 2755 aliis
1390 2699 1623 2771 explosi,
1653 2700 1889 2770 prindam
1919 2714 2074 2755 suam

482 2785 641 2839 novis
658 2786 964 2856 raptoribus
1001 2787 1195 2844 cedere
1209 2789 1580 2860 compellebat)
1590 2798 1697 2844 tur.
1715 2773 1850 2845 τοιο
1861 2804 2075 2860 quoque

477 2875 680 2932 itinere
707 2876 800 2932 illo
823 2892 995 2949 usque
1008 2879 1074 2936 ad
1087 2879 1406 2947 ecclesiam,
1426 2879 1570 2950 quod
1596 2896 1700 2936 non
1725 2879 1876 2935 brevi
1894 2879 2075 2949 spatio

480 2968 745 3038 tenditur,
787 2985 884 3041 per
923 2971 1137 3043 singula
1173 2971 1289 3028 fere
1317 2983 1590 3029 momenta
1615 2973 1769 3028 noris
1801 2973 2073 3028 uovisuc-

480 3060 744 3118 cedebant
767 3062 960 3133 bajulis
981 3061 1169 3134 baiuli,
1185 3079 1286 3123 nec
1312 3077 1538 3121 numero
1549 3065 1688 3136 pari,
1711 3065 1804 3120 sed
1821 3073 1898 3120 tot
1918 3073 2075 3121 erant

478 3149 796 3220 portitores,
828 3161 963 3222 quot
1000 3152 1252 3208 machina
1307 3153 1838 3231 grabatiadmittere
1861 3163 2073 3224 poterat

2175 1967 2502 2037 inserentes,
2527 1968 2596 2024 de
2622 1968 2710 2025 bis
2751 1969 3094 2026 solummodo
3119 1983 3186 2026 ca
3224 1983 3348 2040 qua:
3393 1969 3668 2035 diximus,
3697 1971 3765 2025 ita

2176 2074 2237 2116 se
2261 2060 2464 2116 habere
2492 2061 2974 2132 deprehendimus.

2247 2149 2513 2207 Omnibus
2539 2150 2721 2221 itaque
2749 2151 3152 2222 pontiﬁcalibus
3179 2154 3288 2208 rite
3309 2152 3636 2224 insignitus,
3671 2168 3763 2207 ne.

2174 2241 2301 2297 data
2331 2240 2473 2295 facie
2511 2240 2748 2310 soporati
2797 2240 2972 2311 magis
3002 2255 3164 2312 quam
3198 2241 3500 2296 exanimati
3534 2241 3765 2311 speciem

2175 2331 2518 2402 prazferebat.
2560 2330 2639 2386 Ita
2671 2345 2702 2385 a
2741 2330 3174 2401 glorilicantibus
3217 2327 3390 2388 Deum
3440 2333 3684 2386 refertur
3719 2332 3767 2392 in

2169 2421 2428 2478 chorum.
2476 2422 2788 2476 Accurrunt
2830 2421 3068 2490 undique
3101 2422 3276 2475 turba:
3310 2420 3766 2491 inspectantiuut,

2175 2525 2368 2568 cereos
2398 2511 2651 2566 manibus
2679 2511 2937 2566 ardentes
2979 2509 3388 2581 pmferentium
3409 2551 3422 2576 ,
3452 2510 3630 2581 pedes
3661 2507 3768 2577 eius

2174 2611 2232 2659 et
2271 2616 2467 2658 manus
2494 2601 2879 2666 osculantium,
2911 2616 3104 2656 aurum
3127 2615 3346 2672 quoque
3369 2611 3431 2656 et
3457 2609 3767 2672 argentum,

2177 2691 2490 2762 lapidesque
2521 2687 2792 2762 pretiosos
2821 2689 3185 2746 offerentium.
3231 2690 3448 2746 Interea
3479 2693 3620 2747 dum
3649 2706 3771 2762 pau-

2176 2781 2345 2839 lulum
2373 2784 2638 2840 remotius
2666 2798 2793 2838 cum
2819 2783 2937 2839 viro
2957 2782 3284 2850 venerabili,
3308 2783 3488 2853 ipsius
3515 2784 3774 2840 Ecclesia

2175 2877 2380 2932 decano
2414 2875 2597 2948 (δεῦε),
2637 2862 3098 2941 consedissemus,
3131 2875 3370 2932 invicem
3407 2877 3482 2932 de
3522 2877 3616 2932 his
3658 2890 3771 2947 qua

2175 2967 2319 3027 circa
2347 2967 2623 3024 Christum
2663 2967 2876 3022 Domini
2911 2968 3236 3024 mirabiliter
3267 2969 3597 3024 acciderant
3651 2983 3770 3024 con-

2174 3057 2448 3126 ferentes,
2479 3058 2681 3114 adsunt
2711 3057 2932 3129 quidam
2976 3066 3258 3128 stupentes
3282 3067 3340 3115 et
3365 3059 3621 3123 attoniti,
3649 3059 3766 3113 talia

2175 3146 2331 3203 nobis
2371 3146 2612 3204 dicentes
2649 3163 2668 3202 :
2696 3161 2715 3198 ι
2747 3146 3040 3203 Vidistisne
3081 3156 3138 3202 et
3188 3147 3509 3203 attendistis
3553 3155 3764 3219 quanto

479 3210 818 3298 accedentes.
844 3210 983 3300 .Sed
1021 3259 1122 3301 nec
1169 3244 1260 3300 alii
1307 3210 1485 3316 Luam
1534 3227 1800 3302 sublimes
1845 3210 1977 3300 viri-
2019 3255 2075 3301 et
2101 3210 2143 3268 θ
2175 3237 2370 3295 decore
2396 3236 2510 3307 jam
2541 3239 2757 3294 vernari
2787 3238 3213 3309 emperitfacies
3239 3239 3506 3310 episcopi,
3537 3210 3603 3293 ut
3633 3239 3765 3294 rosis

477 3333 1041 3400 praeminentesttis
1075 3350 1134 3391 se
1162 3335 1502 3392 conflictibus
1524 3336 1767 3394 inserere
1785 3349 2074 3408 praesume-

485 3420 639 3477 bant.
684 3421 824 3488 Quin
860 3433 915 3479 et
956 3439 1053 3494 per
1095 3425 1305 3496 plateas
1351 3441 1418 3482 ex
1441 3425 1758 3482 hiemalium
1812 3425 2076 3498 proﬂuvio

480 3523 771 3579 aquarum,
817 3511 930 3567 luto
973 3511 1239 3568 altissimo
1292 3514 1500 3584 plenas,
1561 3515 1919 3582 incedebant,
1958 3515 2071 3572 fre-

481 3608 716 3669 quenter
749 3615 930 3667 suras,
959 3607 1014 3656 et
1049 3615 1192 3671 saepe
1221 3602 1390 3656 etiam
1412 3615 1612 3670 genua,
1646 3618 1801 3658 coeno
1844 3603 2068 3659 immer-

477 3690 800 3760 gentes.Qui
830 3691 1091 3748 accedere
1112 3692 1359 3748 cominus
1381 3708 1490 3748 non
1514 3693 2068 3761 valebant,-uummos

478 3781 921 3852 superjaciebant
951 3797 1248 3854 arcas,qu2e
1269 3797 1466 3854 corpus
1495 3783 1814 3850 incluserat,
1846 3793 2072 3854 proten-

479 3872 664 3942 sisque
686 3875 939 3932 manibus
963 3875 1177 3931 eminus
1206 3875 1521 3940 adorantes,
1546 3885 1741 3932 sancto
1763 3891 1884 3933 sese
1904 3876 2070 3933 devo-

478 3963 589 4020 tius
613 3967 1089 4023 commendabant.
1108 3965 1280 4024 Judaei
1307 3981 1523 4040 quoque
1551 3967 1797 4039 lugentes
1831 3977 1888 4024 et
1911 3968 2071 4038 plan-

477 4066 698 4129 gentes,
747 4073 812 4114 ac
847 4074 1034 4115 velum
1086 4059 1268 4131 magni
1321 4058 1419 4115 Dei
1479 4059 1740 4114 famulum
1793 4059 2070 4116 exstitisse

477 4161 604 4200 eum
620 4146 1048 4214 conclamantes,
1063 4162 1296 4204 occursu
1311 4149 1518 4218 pariter
1529 4157 1584 4204 et
1597 4147 1725 4204 fletu
1739 4148 2060 4218 obsequium

477 4237 624 4306 quod
653 4233 931 4307 poterant,
975 4240 1026 4295 ei
1076 4239 1476 4315 impendentes,
1529 4240 1676 4295 illam
1708 4240 1854 4296 circa
1892 4242 2068 4298 virum

478 4328 582 4384 Dei
633 4328 910 4399 impletum
940 4345 1064 4386 esse
1113 4331 1439 4386 sententiam
1488 4346 1588 4388 nos
1615 4332 1898 4389 advertere
1921 4348 2068 4388 com-

473 4417 768 4490 pellebant,
805 4434 915 4489 qua.
939 4419 1172 4475 dicitur:
1201 4419 1626 4475 Benedictionem
1670 4421 1902 4476 omnium
1943 4439 2071 4495 gen-

475 4512 606 4565 tium
632 4512 773 4567 dedit
799 4510 878 4567 illi
908 4512 1163 4568 Dominus
1187 4510 1383 4585 (Eccli.
1401 4528 1546 4580 xuv,
1576 4512 1694 4584 25).

546 4604 882 4662 Sonautibus
928 4605 1114 4676 itaque
1170 4621 1272 4678 per.
1326 4606 1610 4662 universas
1680 4605 1848 4662 totius
1911 4607 2064 4666 urbis

463 4693 735 4751 ecclesias
763 4695 1008 4752 classicis
1036 4711 1158 4751 cum
1189 4696 1407 4766 hymnis
1433 4707 1488 4751 et
1509 4696 1740 4752 canticis
1769 4695 2066 4766 spirituali-

471 4787 597 4851 hus,
635 4801 748 4843 suae
799 4787 1014 4843 tandem
1063 4786 1297 4843 infertur
1353 4787 1561 4856 gremio
1612 4787 1876 4844 ecclesiae.
1926 4787 2065 4845 Hinc

475 4885 600 4946 post
628 4876 902 4933 modicum
927 4877 984 4933 in
1030 4877 1383 4942 secretiorem
1417 4877 1745 4934 transfertur
1784 4879 2067 4946 exedram,

547 5008 698 5077 (590)
738 5007 1038 5083 Confirmat
1083 5011 1198 5083 lues
1239 5009 1573 5083 nggeshale
1623 5010 1727 5083 col.
1762 5011 1892 5078 866,
1922 5015 2061 5083 apud

475 5075 724 5151 Mai-tene
759 5091 902 5151 tom.
936 5081 980 5136 ν
1009 5081 1236 5138 Collect.
1275 5075 1530 5137 Vcierum
1582 5075 2061 5151 scriptorum,'ubi

476 5148 676 5224 asserit
700 5149 893 5224 etiam_
918 5167 1101 5222 regem
1140 5161 1196 5206 et
1237 5151 1676 5223 archiepiscopus
1699 5148 2061 5224 supposuisse

474 5217 732 5273 humeros
756 5217 958 5284 loculo,
974 5217 1080 5276 etc.

545 5286 694 5362 (ξω)
731 5287 803 5343 Se
832 5288 1006 5359 ipsum
1032 5290 1282 5362 intelligit
1304 5299 1511 5356 auctor,
1536 5290 1625 5348 cui
1646 5306 1706 5348 se
1734 5290 2060 5348 induendum

474 5357 537 5416 S.
557 5357 717 5428 Ilugo
738 5357 921 5428 supra,
952 5375 999 5414 c.
1038 5360 1130 5422 24,
1155 5357 1526 5417 commiserat.

545 5428 696 5502 (392)
722 5428 966 5502 Rogerus
990 5442 1108 5502 erat
1129 5430 1217 5502 ille
1237 5431 1428 5502 dequo
1451 5433 1654 5502 dictum
1678 5433 1730 5486 in
1757 5441 1881 5502 nota
1907 5432 2058 5502 (152)

477 5497 786 5568 adimunt,
808 5497 859 5556 ἒ.
891 5501 945 5566 7,
976 5501 1043 5555 ad
1071 5499 1226 5568 cujus
1257 5497 1416 5554 etiam
1462 5501 1776 5556 instantiam
1806 5497 2060 5558 Giraldus

474 5567 823 5642 Cambrensis
863 5570 1109 5641 quaedam
1139 5567 1284 5642 part.
1315 5584 1354 5624 tl
1391 5571 1596 5642 Anglia:
1626 5587 1826 5639 sacrae,
1846 5588 1900 5642 p.
1929 5572 2063 5637 434,

474 5639 858 5710 sedigessisse
882 5639 1110 5698 fatetur.
1142 5639 1159 5642 “
1481 5639 1501 5642 ⁷
1613 5707 1615 5710 .

567 5655 617 5694 αι
657 5657 858 5706 casasse
888 5655 1110 5698 tatetur.

542 5655 692 5781 (39%)
731 5710 1194 5786 l_n__translatione
1239 5707 1667 5786 forsitan_,‘_anno
1712 5712 1849 5786 R85
1892 5711 2054 5786 facta,

472 5792 638 5850 quam
673 5777 752 5836 'ad
793 5779 967 5840 Vitam
1003 5783 1061 5840 S.
1110 5783 1349 5856 llugonis
1393 5777 1563 5840 edidit
1601 5782 1800 5838 Surius
1851 5784 2035 5839 nescio

2175 3331 2493 3388 rubentibus
2528 3344 2694 3401 genas
2733 3330 2942 3387 similes
2979 3331 3316 3402 praetendat,
3342 3340 3403 3386 ut
3439 3330 3767 3387 dormientis

2174 3438 2286 3478 non
2310 3421 2572 3486 defuncti,
2605 3436 2886 3492 nuperque
2912 3423 2980 3477 de
3019 3422 3230 3478 balneis
3257 3421 3469 3493 egressi
3517 3421 3764 3476 hilarita-

2176 3522 2284 3570 tem
2313 3511 2601 3583 prteferat?
2619 3533 2645 3566 ι
2668 3513 2752 3568 Ad
2781 3513 2895 3567 haec
2915 3512 3123 3567 decano
3145 3511 3478 3573 admirante,
3503 3511 3612 3566 hoc
3635 3525 3766 3564 nuu-

2177 3605 2440 3665 tiantibus
2463 3605 2742 3674 respondit
2767 3622 2784 3658 :
2811 3621 2830 3655 ‹
2850 3603 3120 3660 Fallimini
3143 3601 3336 3674 procul
3354 3601 3543 3667 dubio,
3569 3601 3765 3656 fratres

2173 3695 2508 3752 cbarissimi.
2534 3696 2746 3752 Revera
2775 3695 2923 3750 enim
2953 3694 3190 3749 candore
3213 3693 3452 3748 mirabili
3489 3690 3764 3748 nitetur]-

2175 3795 2262 3842 tus
2293 3785 2440 3854 ejus;
2479 3787 2633 3842 rubei
2660 3801 2792 3842 vero
2822 3785 3022 3842 coleris
3061 3783 3270 3839 nullum
3299 3784 3354 3840 in
3381 3799 3450 3840 eo
3475 3784 3758 3854 vestigium

2173 3877 2394 3935 relucet.
2441 3877 2590 3938 Satis
2631 3879 2792 3948 paulo
2827 3887 2955 3934 ante
2987 3876 3279 3948 diligenter
3304 3875 3628 3931 notavimus
3652 3889 3762 3930 orn-

2172 3984 2298 4026 nem
2323 3967 2467 4039 eius
2497 3971 2757 4040 speciem
2780 3977 2944 4038 atque
2987 3967 3262 4023 decorem.
3288 3985 3310 4019 ι
3341 3964 3498 4021 Tunc
3537 3965 3614 4018 illi
3664 3977 3762 4018 nos

2170 4061 2570 4132 quodammodo
2605 4060 2938 4116 reluctantes
2978 4065 3295 4128 rapuerunt,
3323 4063 3384 4111 et
3414 4055 3470 4110 in
3513 4055 3760 4110 cominus

2168 4155 2419 4211 adductis
2456 4152 2814 4210 ostendebant
2857 4151 2962 4207 llde
3000 4148 3252 4212 oculata,
3279 4162 3338 4202 se
3381 4146 3672 4202 verissim
3695 4146 3760 4198 de

2169 4246 2344 4317 gratia
2377 4244 2612 4310 ruboris,
2639 4257 2748 4313 quo
2775 4242 2984 4298 nitebat
3009 4239 3176 4296 facies
3203 4237 3343 4306 eius,
3377 4236 3549 4292 fuisse
3575 4250 3756 4307 prose-

2169 4347 2342 4393 cutus.
2375 4333 2684 4390 Permansit
2713 4341 2895 4388 autem
2929 4331 3071 4387 idem
3102 4343 3264 4384 verus
3289 4327 3492 4398 speciei
3517 4323 3752 4382 ccclesiis

2169 4437 2420 4500 aspectus
2444 4427 2514 4482 ita
2538 4425 2803 4482 candidus
2822 4433 2880 4481 et
2905 4422 3258 4484 rubicundus,
3289 4419 3533 4490 quandiu
3561 4417 3755 4473 mansit

2099 4543 2145 4601 η
2170 4523 2223 4578 in
2265 4536 2479 4592 sponsa:
2519 4520 2626 4576 sibi
2665 4519 2970 4576 commissa:
3011 4517 3320 4587 aspectibus
3355 4528 3524 4585 super
3553 4522 3751 4568 terram

2169 4611 2512 4686 manifestus.
2543 4610 2740 4666 Utrum
2770 4624 2902 4666 vero
2932 4610 2989 4665 in
3017 4607 3268 4679 sepulcro
3293 4605 3516 4676 corpori
3546 4605 3638 4660 ille
3663 4604 3752 4659 dc-

2166 4722 2260 4763 eor
2287 4707 2647 4778 permanserit
2674 4718 2864 4769 necne,
2888 4719 2993 4758 non
3021 4710 3106 4758 est
3135 4712 3383 4757 nostrum
3409 4700 3570 4756 modo
3596 4699 3748 4761 scire,

2165 4799 2367 4858 scietur
2393 4807 2574 4854 autem
2598 4805 2782 4868 postea
2820 4795 2990 4866 (593).
3033 4794 3134 4861 Qui
3174 4795 3220 4848 si
3258 4792 3401 4848 forte
3430 4792 3674 4851 evanuit.
3699 4799 3753 4844 et

2164 4906 2287 4947 cum
2315 4889 2496 4961 Moyse
2523 4895 2782 4944 evacuate
2815 4893 2899 4942 est
2926 4885 3093 4957 gloria
3119 4882 3296 4938 vultus
3321 4881 3464 4952 ejus,
3491 4895 3601 4937 non
3626 4879 3752 4943 erit;

2165 5023 2306 5079 unde
2333 5032 2634 5092 acceptam,
2666 5037 2772 5077 non
2795 5028 3014 5092 auctore
3037 5015 3419 5092 Vitaj._ll_inc_et
3444 5014 3752 5092 Raynaldus

2167 5104 2299 5148 tum.
2335 5091 2452 5148 XIII
2469 5087 2698 5157 'AnnaL,
2722 5108 2774 5162 p.
2803 5090 2896 5162 48,
2923 5098 3070 5145 recte
3084 5087 3320 5162 Δ(ωιιὶιςίι,
3347 5087 3553 5162 ista_de
3585 5097 3754 5140 trans-

2166 5163 2364 5236 latione
2378 5163 2646 5236 _corporis_
2662 5156 2856 5236 auxilio
2887 5175 3006 5236 esse
3029 5156 3264 5236 adjecta,
3289 5158 3498 5236 uouﬁab
3523 5166 3752 5236 auctore

2164 5231 2322 5288 Vitae.
2377 5225 2569 5288 Petrus
2619 5231 2921 5287 Dorlandus
2969 5229 3026 5284 in
3065 5227 3336 5284 Chronico
3386 5225 3750 5282 Carthusiano

2164 5303 2258 5377 lib.
2293 5319 2380 5377 nt,
2412 5317 2460 5358 c.
2495 5303 2584 5369 14,
2611 5299 3055 5377 etiam_ntet_nin_it
3083 5298 3246 5367 hujus
3272 5295 3751 5377 translationis..ct

2161 5373 2285 5442 quia
2317 5366 2432 5442 ipse
2471 5382 2554 5429 est
2571 5366 2869 5442 antiquior
2899 5369 3082 5442 Surio,
3111 5366 3168 5423 et
3213 5367 3410 5442 asserit
3439 5366 3749 5442 uatislatio-

2163 5436 2284 5516 nem
2309 5436 2675 5516 factamanno
2702 5436 2822 5511 post
2841 5439 3220 5516 dormitionem
3245 5437 3303 5516 S_.
3320 5436 3576 5516 _Hugo.nis
3601 5444 3750 5516 ueto.

2162 5511 2367 5583 gesimu
2390 5511 2610 5567 circiter
2631 5504 2810 5584 scito,
2825 5510 2913 5584 “uti
2937 5516 2992 5564 et
3013 5508 3228 5571 Surius,
3250 5504 3576 5584 videnti":
3608 5505 3746 5584 facta

2160 5575 2284 5638 Esse
2310 5583 2455 5657 circa
2483 5596 2681 5657 annum
2717 5579 2884 5650 1285,.
2909 5595 3015 5657 non
3047 5593 3176 5632 vero
3200 5591 3342 5657 anno
3373 5575 3534 5657 £280,
3571 5575 3742 5657 uti_in

2163 5653 2406 5723 margine
2428 5654 2496 5707 ad
2523 5653 2728 5723 dictum
2758 5643 2879 5723 cap.
2910 5649 2976 5704 l4
3019 5657 3272 5723 notatur,
3291 5655 3347 5702 et
3389 5643 3744 5723 corrigendos

2163 5711 2411 5781 fortassis
2433 5723 2593 5780 etiam
2618 5711 2928 5794 Bayualdus
2961 5727 3090 5799 tom.
3110 5716 3224 5774 XIII
3246 5714 3470 5782 Annal.,
3501 5729 3625 5787 pag.
3652 5711 3734 5768 ιδ.
