3962 6398
212 360 346 419 HIS

1221 363 1817 425 CONSTI’IUTIONE’S
1876 368 1943 425 IN
1987 369 2439 429 \‘lSlTATlONE.
2536 418 2541 425 .

3322 380 3460 437 illi

206 479 340 535 unde
362 476 811 545 scandalizentur,
847 476 1042 548 quibus
1072 477 1124 535 id
1151 479 1291 536 forte
1311 482 1455 538 scire
1483 482 1770 553 aliquando
1798 491 1843 550 Α
1875 493 1934 541 ut
1959 486 2032 541 ita
2060 486 2473 556 gesticularetur
2502 485 2553 541 in
2575 486 2694 544 loco
2716 487 2829 555 tali,
2859 489 3204 560 inquirerent
3228 510 3458 557 circum-

206 567 507 635 donahitur,
536 583 659 624 cum
696 566 897 638 iugiter
932 569 1004 625 sit
1043 569 1420 639 conspicabilis
1454 581 1510 627 et
1535 572 1772 629 inexter-

204 660 471 717 minabilis
506 659 712 731 species
744 659 875 730 ejus
910 660 1267 716 invisibilibus
1300 661 1453 728 coeli,
1482 663 1625 720 unde
1668 678 1776 723 non

202 751 369 809 solum
392 751 551 811 detur
575 749 725 821 pacis
744 748 1076 819 formositas,
1098 752 1193 809 sed
1213 760 1268 811 et
1287 752 1582 813 debilitatis
1600 754 1777 825 sospi-

202 853 279 899 tas
310 843 476 898 ﬂuere
499 842 551 897 in
576 857 700 897 eum
729 857 838 898 non
865 842 1118 899 desistat.

267 932 361 987 llis
383 947 445 988 ea
477 947 597 1002 qum
622 943 927 1002 sequuntur
951 933 1353 1003 jucundoosatis
1382 936 1623 1007 auspicio
1648 938 1778 994 astio

197 1024 365 1096 pulari
411 1034 729 1080 noscuntur.
782 1023 916 1080 Nam
966 1026 1227 1097 regressis
1274 1027 1430 1082 nobis
1475 1027 1545 1082 ad
1598 1028 1774 1083 locum

198 1114 474 1173 meinomti
508 1131 832 1184 consessus,
872 1118 1093 1174 veniunt
1120 1104 1369 1175 celeritér
1407 1119 1476 1173 ad
1507 1118 1773 1174 decanum

196 1210 412 1279 plures,
451 1210 541 1281 qui
584 1210 827 1267 dicerent
876 1210 1155 1267 mulierem
1200 1211 1521 1281 quamdam,
1572 1209 1775 1268 lumine

194 1299 471 1357 oculorum
518 1300 702 1356 multis
727 1300 887 1357 annis
914 1300 1180 1371 privatam
1199 1341 1216 1367 ,
1245 1300 1421 1371 primo
1449 1299 1619 1356 sancti
1648 1314 1773 1354 cor-

193 1393 337 1461 poris
373 1401 575 1445 attactu
616 1392 788 1446 visum
835 1392 1129 1461 recepisse.
1162 1393 1474 1463 Suggerunt
1495 1390 1683 1455 etiam,
1716 1401 1772 1444 ut

130 1482 135 1487 ’
191 1480 476 1538 classicum
503 1481 726 1552 pulsari,
753 1493 916 1553 atque
946 1482 1017 1538 Te
1044 1482 1212 1540 Deum
1234 1484 1518 1541 laudamus
1549 1481 1775 1538 vocibus

190 1572 434 1630 altisonis
473 1573 732 1631 Dominus
757 1575 996 1633 decanus
1028 1576 1307 1633 decantari
1331 1576 1537 1647 jubeat.
1573 1576 1773 1631 Verum

190 1663 331 1719 istud
360 1678 462 1720 nos
504 1667 854 1723 vehementer
882 1668 1261 1734 dissuasimus,
1286 1668 1412 1738 quia
1455 1669 1640 1737 ignota
1670 1664 1776 1719 fuit

187 1755 266 1811 eis
300 1754 417 1825 ipsa
458 1756 683 1823 mulier,
725 1773 794 1813 ne
842 1759 983 1815 forte
1027 1758 1258 1815 conficta
1304 1758 1550 1814 caecitate
1589 1757 1771 1812 lumen

1877 585 2107 641 stantes,
2133 592 2350 635 manum
2379 592 2502 632 cum
2532 578 2693 633 bursa
2727 579 2867 635 nihil
2891 581 3119 639 dicendo
3148 587 3376 643 tetendit
3404 590 3458 645 in

1876 669 2066 735 altum,
2100 671 2228 741 quid
2253 670 2472 740 egisset,
2502 670 2663 725 rebus
2689 670 2820 740 ipsis
2846 672 3221 740 manifestans,
3238 687 3311 741 et.
3328 678 3459 747 quid

1877 760 2062 817 statim
2102 761 2446 831 pertulisset,
2478 774 2610 815 voce
2637 759 2853 831 lugubri
2878 762 3245 821 subinferens.
3268 768 3460 836 .lnspi-

1875 848 1951 904 cit
1980 856 2037 903 et
2068 850 2315 918 agnoscit
2352 849 2545 905 mulier
2584 864 2741 905 suum
2768 850 2822 906 in
2852 866 3015 906 matm
3045 853 3293 925 sacrilegi
3326 856 3459 912 inci-

1876 940 2017 996 soris
2040 938 2273 995 loculum
2298 956 2314 995 :
2338 941 2424 997 cui
2451 941 2538 998 fur
2564 943 2655 999 ille
2679 942 2922 1002 restituit
2959 945 3103 1014 quod
3133 946 3460 1014 abstulit,et

1876 1047 1999 1087 mox
2027 1031 2206 1088 lumen
2237 1034 2439 1104 recepit
2481 1035 2625 1104 quod
2668 1037 2869 1092 amisit.
2911 1035 3135 1106 Recepit
3156 1046 3213 1092 et
3242 1038 3331 1093 illa
3368 1054 3460 1109 pec

1874 1123 2088 1178 cuniam
2112 1139 2274 1194 quam
2295 1123 2551 1195 perdidit,
2576 1136 2629 1181 et
2655 1127 2936 1183 inunensis
2958 1128 3158 1183 attollit
3176 1131 3458 1199 praeconiis

1875 1214 2093 1283 patroni
2137 1213 2480 1273 clementiam
2511 1231 2672 1284 quem
2707 1218 2899 1274 devota
2943 1226 3125 1273 mente
3161 1218 3347 1273 adivit.
3386 1219 3460 1274 De

1873 1304 2197 1374 pracedenti
2243 1320 2457 1374 quoque
2501 1307 2746 1374 muliere,
2776 1308 2918 1377 quod
2968 1323 3157 1363 revera
3186 1308 3279 1363 diu
3310 1322 3453 1364 caeca

1876 1394 2058 1460 fuerit,
2088 1403 2144 1449 et
2164 1395 2425 1451 amissum
2456 1394 2637 1451 lumen
2669 1397 2864 1453 ibidem
2893 1398 3193 1468 receperit,
3222 1397 3275 1454 in
3306 1396 3457 1453 brevi

1874 1496 1996 1555 post
2025 1486 2139 1549 inec
2167 1484 2372 1540 certius
2396 1483 2653 1540 innotuit.
3160 1468 3171 1475 ’

1946 1576 2153 1631 Tantus
2194 1575 2399 1631 interea
2441 1573 2604 1631 [lebat
2653 1589 2953 1631 concursus
2997 1576 3354 1647 p0pnlorum,
3398 1587 3457 1633 ut

1876 1666 2016 1722 infra
2046 1667 2316 1723 modicum
2347 1678 2557 1737 tempus
2584 1668 2937 1737 quadraginta
2970 1685 3275 1724 marcarum
3307 1684 3458 1724 sum-

1876 1773 2019 1813 mam
2049 1757 2354 1812 oblatorum
2391 1759 2667 1829 quantitas
2707 1758 3011 1813 excederet.
3037 1758 3316 1813 Jacentem
3355 1774 3456 1812 auo

188 1845 506 1901 mentiretur
545 1861 606 1903 se
651 1846 719 1902 de
764 1862 903 1902 novo
947 1848 1217 1918 recepisse
1258 1862 1368 1917 quo
1401 1847 1516 1917 jam
1561 1859 1770 1902 annosa
1801 1843 1847 1903 Β
1878 1858 1983 1903 tem
2032 1849 2083 1903 in
2133 1848 2310 1904 medio
2342 1849 2510 1902 ﬁlium
2543 1848 2677 1904 lucis
2718 1849 2806 1903 die
2849 1858 2905 1903 et
2948 1860 3108 1905 nocte
3147 1849 3459 1905 ambiebant

187 1935 333 1991 nullo
377 1946 620 2008 tempore
662 1937 947 1993 caruisset.
996 1936 1150 1994 Unde
1197 1935 1264 2009 [Γ.
1303 1936 1472 1992 multo
1504 1933 1769 2009 tempore]

184 2027 475 2083 veritatem
504 2042 666 2098 super
690 2028 815 2091 hoc,
837 2036 896 2082 et
917 2043 1083 2099 super
1102 2028 1222 2084 aliis
1242 2043 1363 2097 quae
1392 2027 1580 2097 procul
1610 2027 1774 2084 dubio

182 2118 361 2174 audiri
401 2119 774 2189 contingeret,
804 2119 974 2189 signis
1011 2118 1421 2190 diligentissime
1451 2132 1664 2189 semper
1692 2117 1775 2174 in-

179 2210 505 2280 quirendam
533 2210 806 2280 primitus,
837 2220 891 2265 et
918 2226 1024 2267 non
1050 2210 1153 2268 nisi
1186 2211 1488 2268 certissime
1522 2212 1772 2282 probata,

177 2296 427 2368 quolibet
476 2298 635 2353 modo
680 2298 1011 2370 propalanda
1040 2314 1161 2356 esse
1201 2310 1296 2359 aut
1330 2300 1545 2373 publice
1575 2300 1771 2371 praedi-

177 2389 357 2443 canda
391 2389 723 2445 monuimus.

250 2478 395 2534 Dum
436 2481 600 2551 igitur
638 2495 804 2551 super
840 2480 926 2537 his
958 2482 1222 2553 disceon
1262 2484 1596 2555 aliquantula
1630 2485 1773 2541 inter

176 2584 278 2625 nos
303 2578 363 2625 et
391 2570 620 2626 clericos
660 2570 975 2636 haberetur,
1010 2585 1305 2628 accurrunt
1330 2584 1387 2628 et
1411 2575 1525 2642 alii,
1556 2575 1623 2630 de
1649 2591 1770 2630 mu-

175 2657 312 2715 liere
339 2658 509 2714 altera
552 2661 914 2717 indubitatum
939 2662 1237 2720 referentes
1264 2664 1604 2721 miraculum.
1634 2665 1769 2723 Dum

174 2753 322 2808 enim
355 2761 619 2809 matronae
649 2754 894 2823 quadam
929 2755 1121 2812 devota
1149 2756 1421 2814 oblatione
1451 2757 1594 2814 facta
1616 2757 1771 2827 juxta

176 2860 375 2915 corpus
401 2845 681 2903 insisteret
699 2846 801 2917 piis
823 2848 1095 2916 precibus,
1120 2863 1433 2906 crumenam
1455 2850 1559 2907 sibi
1582 2866 1612 2904 a
1635 2866 1772 2906 zona

175 2936 597 3008 dependentem,
624 2947 679 2993 et
702 2937 902 2994 solidos
930 2938 1138 3009 aliquot
1164 2950 1457 3009 argenteos
1481 2942 1766 2997 continen-

176 3038 306 3094 tem,
334 3028 427 3085 [ιιι-
452 3029 816 3086 clandestinus
836 3041 1056 3101 repente
1082 3031 1289 3088 incidit.
1318 3032 1421 3099 Qui
1452 3049 1599 3098 mox,
1625 3033 1774 3091 nullo

174 3122 352 3177 adhuc
375 3121 690 3176 mortalium
718 3132 915 3192 praeter
951 3124 1150 3193 ipsum,
1175 3124 1317 3193 quod
1349 3124 1576 3190 fecerat,
1605 3140 1773 3196 agno—

1872 1940 1972 1994 viri
2000 1950 2055 1994 et
2086 1939 2332 2002 feminre,
2368 1948 2613 1994 tenentes
2642 1938 2694 1992 in
2726 1938 2974 1993 manibus
3012 1952 3204 1993 cereos
3252 1938 3450 1991 arden-

1874 2040 1975 2095 tes,
2002 2040 2057 2085 et
2081 2031 2133 2084 in
2161 2029 2377 2085 modum
2400 2044 2617 2085 coronae
2639 2029 2805 2100 gloria
2828 2037 2885 2083 et
2908 2028 3111 2083 honore
3132 2036 3455 2083 coronatum

1874 2134 1905 2172 a
1932 2119 2157 2172 Domino
2191 2118 2447 2174 continue
2473 2117 2776 2187 cingentes.
2805 2115 2958 2174 Tunc
2987 2117 3151 2173 etiam
3196 2116 3455 2188 magister

1872 2209 2299 2280 Leycestrensis,
2322 2210 2406 2264 vir
2435 2210 2703 2265 litteratus
2727 2218 2782 2264 et
2804 2208 3453 2279 industrius,hujusmodi

1872 2299 2141 2356 distichon
2182 2299 2249 2353 ad
2296 2298 2460 2370 pedes
2506 2299 2623 2368 ejus
2664 2299 2862 2369 posuit,
2894 2299 2945 2352 in
2978 2313 3085 2367 quo
3132 2297 3456 2367 multiplices

1873 2390 2136 2445 virtutum
2185 2389 2301 2459 ejus
2348 2391 2734 2462 prterogativas
2777 2390 3016 2447 breviter
3049 2390 3337 2459 expressit,
3366 2388 3453 2443 di-

1870 2496 2001 2536 CCllS
2021 2496 2036 2535 2

1941 2569 2261 2625 Pontiﬁcum
2281 2566 2915 2630 baculus,monacborum
2929 2565 3457 2631 norma,scholarum

2012 2662 2324 2728 Consultor,
2351 2677 2540 2733 regum
2574 2660 2817 2725 malleus,
2850 2659 3002 2730 llngo
3022 2657 3143 2715 fuit.

1872 2758 1969 2813 Die
1996 2767 2233 2828 postera,
2264 2756 2387 2811 dum
2420 2762 2728 2823 portaretur
2751 2752 2818 2807 ad
2854 2751 3144 2813 tumulum,
3174 2748 3456 2803 mutilatnr

1874 2850 2001 2904 hinc
2034 2847 2297 2902 scissione
2339 2843 2531 2899 crebra
2558 2856 2859 2904 sacrarum,
2898 2840 3093 2910 quibus
3133 2838 3458 2894 induebatur

1873 2940 2123 2996 vestium.
2153 2936 2369 2993 Sacrari
2401 2933 2546 2989 enim
2587 2931 2670 2987 vel
2714 2929 3048 2988 sanctiﬁcari
3077 2929 3364 2984 admodum
3394 2944 3454 2985 se

1874 3030 2147 3095 credebat,
2175 3027 2421 3099 quisquis
2451 3024 2797 3096 sacrilegium
2847 3023 2951 3077 tale
2991 3020 3332 3078 committere
3362 3034 3459 3073 va-

1874 3123 2081 3187 luisset,
2109 3131 2168 3177 ut
2194 3137 2226 3176 a
2256 3135 2410 3176 sacro
2436 3118 2576 3176 sacri
2620 3116 2822 3187 aliquid
2851 3115 3147 3186 rapuisset.
3192 3111 3453 3183 Sepultus

170 3222 359 3268 scente
406 3212 715 3282 percutitur
762 3213 939 3267 subita
983 3213 1244 3268 caecitate.
1280 3213 1417 3269 Hinc
1451 3229 1687 3284 quoque,
1712 3224 1771 3269 ut
1797 3211 1839 3269 C
1872 3223 2051 3269 autem
2081 3222 2183 3277 est,
2208 3213 2348 3267 sicut
2376 3212 2491 3281 ipse
2523 3209 2680 3265 nobis
2706 3216 3055 3279 praeceperat,
3088 3218 3247 3260 secus
3276 3203 3458 3273 parie-

170 3302 357 3369 rel'ert,
384 3318 504 3374 quo
526 3318 771 3374 gressum
798 3302 1062 3368 tenderet,
1092 3318 1315 3372 prorsus
1343 3305 1639 3359 nesciebat.
1669 3305 1770 3373 Qui
1875 3317 2003 3371 tem,
2035 3321 2140 3361 non
2172 3304 2357 3376 procul
2400 3305 2469 3359 ab
2496 3306 2655 3362 altari
2682 3303 2869 3361 Sancti
2896 3300 3124 3357 Joannis
3171 3299 3455 3370 Baptistae,

168 3391 339 3447 nimio
382 3394 611 3450 attritus
643 3394 858 3459 timore,
881 3408 1004 3448 cum
1034 3393 1343 3464 aliquandiu
1380 3395 1485 3450 huc
1515 3395 1770 3465 illucque,
1870 3410 1945 3466 et,
1981 3401 2127 3454 sicut
2166 3401 2339 3454 visum
2386 3409 2494 3465 est,
2544 3407 2764 3469 propter
2810 3411 3088 3453 accessum
3132 3392 3455 3449 conﬂuentis

169 3493 445 3554 tanquam
487 3486 668 3543 ebrius
689 3495 743 3543 ct
771 3486 1083 3557 crapulatus
1106 3502 1137 3542 a
1168 3488 1313 3553 vino,
1348 3488 1588 3543 nutando
1619 3488 1773 3543 abire
1871 3490 2050 3561 populi
2106 3489 2279 3561 magis
2322 3502 2653 3560 congruere,
2682 3501 2713 3541 a
2745 3486 2951 3542 boreali
2993 3485 3164 3555 ipsius
3203 3481 3336 3536 tedis
3368 3494 3454 3533 re-

169 3584 440 3642 tentaret,
468 3592 571 3632 nec
599 3589 806 3647 posset,
838 3593 960 3633 cum
986 3577 1097 3647 jam
1127 3578 1312 3633 oculos
1341 3580 1393 3634 iu
1426 3592 1483 3633 se
1513 3579 1774 3648 plurimo-
1872 3582 2052 3652 gione,
2086 3579 2153 3633 ad
2192 3579 2419 3649 gloriam
2470 3579 2585 3643 Dei,
2612 3578 2704 3648 qui
2738 3577 2868 3631 vivit
2904 3585 2957 3630 et
2986 3573 3248 3646 gloriatur
3290 3584 3455 3640 super

172 3680 290 3721 rum
315 3667 405 3725 his
432 3668 679 3741 gestibus
703 3679 1063 3736 converteret,
1084 3679 1162 3737 et,
1193 3672 1447 3741 quidnam
1476 3671 1579 3727 sibi
1603 3681 1771 3738 esset,
1870 3671 2051 3725 omnia
2078 3670 2217 3725 Deus
2242 3669 2557 3725 benedictus
2583 3668 2636 3723 in
2663 3666 2879 3723 saecula.
2908 3668 3103 3721 Amen.

1036 3801 1268 3872 Explicit
1326 3803 1447 3859 Vita
1484 3804 1656 3859 sancti
1682 3802 1925 3874 [lagonis
1950 3803 2179 3875 episcopi
2207 3801 2604 3858 Lincolniensis.

176 3977 3449 4013 W

1066 4132 1643 4259 BEATI
1739 4143 2554 4263 HUGONIS

1404 4358 1932 4419 LINCOLNIENSIS
1960 4357 2267 4417 EPISCOPI
2686 4386 2695 4387 ί

471 4544 977 4703 blT’l‘Elllll
1083 4548 1823 4710 liliNS’l‘I’l‘UTlll

1879 4552 2101 4703 tut
2168 4552 2299 4703 IN
2389 4534 3239 4750 VISITA’I‘IONE-

1186 4817 1554 4891 (Monasticon
1586 4810 1829 4891 Anglic,
1853 4819 1895 4888 Ι,
1930 4818 2057 4875 924.
2092 4817 2224 4875 edit.
2250 4816 2434 4889 1682.)

241 5106 527 5164 Omnibus
548 5103 749 5161 Christi
788 5102 1039 5160 ﬁdelibus
1067 5102 1135 5160 ad
1161 5117 1297 5173 quos
1322 5117 1565 5174 praesens
1596 5068 1770 5173 scrip-
1801 5107 1851 5170 ι)
1874 5066 2037 5174 quam
2064 5102 2336 5159 sustinere
2364 5101 2581 5157 valeant
2612 5101 2806 5157 domus
2846 5098 2987 5155 illius
3011 5096 3318 5164 facultates,
3353 5098 3458 5159 has-

171 5205 288 5254 tum
329 5198 671 5270 pervenerit,
703 5192 874 5262 Hnso,
902 5195 1005 5253 Dei
1044 5196 1216 5267 gratia
1245 5194 1536 5251 Lincolnizc
1561 5195 1774 5266 episco-

171 5302 297 5357 pus,
324 5288 568 5343 salutem
598 5286 651 5343 in
673 5286 923 5342 Domino.

1872 5198 2397 5261 bitare,statnimns,
2422 5213 2545 5251 cum
2577 5210 2844 5251 consensu
2872 5194 3457 5266 magistri,.prioriss.'e,

1874 5299 1932 5345 et
1956 5298 2279 5353 conventus,
2327 5287 2469 5359 quod
2507 5286 2857 5359 congregatio
2894 5286 3230 5349 monialium,
3268 5285 3460 5340 decie—

196 5424 197 5427 η
244 5380 385 5436 Cum
412 5381 485 5436 ad
513 5379 986 5451 congregationem
1009 5377 1327 5434 ancillarum
1348 5376 1549 5435 Christi
1583 5379 1651 5435 de
1672 5377 1775 5437 Co-
1878 5391 2016 5447 tero,
2062 5381 2425 5452 trigintarium
2466 5394 2755 5435 numerum
2788 5394 2893 5435 non
2921 5377 3169 5442 excedat,
3209 5387 3461 5429 sororum

171 5479 294 5536 tun,
343 5484 519 5525 causa
568 5469 899 5525 visitationis
939 5484 1006 5525 ex
1049 5467 1208 5525 ol‘licii
1249 5468 1424 5525 nostri
1477 5467 1659 5524 debito
1688 5468 1771 5523 l'a-

171 5560 387 5615 ciendae
438 5562 849 5624 accederemus,
880 5561 1034 5615 adea
1083 5576 1201 5627 qua:
1248 5562 1534 5615 didicimus
1575 5560 1773 5616 ibidem

170 5652 532 5724 corrigenda,
580 5652 877 5709 remedium
913 5651 1219 5708 studuimus
1262 5652 1539 5709 adhibere.
1567 5652 1773 5710 Advcro

174 5750 354 5800 tentes
406 5742 583 5815 igitur
632 5744 1030 5803 multitudinem
1080 5744 1393 5803 monialium
1454 5745 1771 5819 ampliorem

1879 5487 2142 5529 numerus
2171 5473 2272 5528 sub
2295 5471 2519 5527 denario
2548 5469 2925 5531 concludatur,
2951 5465 3238 5521 duodecim
3264 5462 3463 5521 fratres

1879 5565 2128 5622 conversi
2160 5565 2228 5622 ad
2272 5563 2451 5620 olIicia
2502 5562 2702 5618 ruralia
2740 5562 2850 5620 sint
2896 5558 3096 5614 ibidem
3130 5555 3464 5613 exercenda.

1885 5658 2142 5730 Magister
2165 5656 2504 5728 capellanus,
2534 5670 2659 5711 cum
2682 5654 2890 5709 duobus
2909 5650 3204 5720 capellanis
3230 5657 3464 5715 tantum,

1885 5750 1952 5807 ad
1980 5750 2155 5808 divina
2185 5750 2512 5823 deputentur
2538 5744 2897 5818 adimplenda.
2938 5742 3078 5801 Nulli
3096 5757 3225 5803 vero
3249 5741 3477 5826 religio»
