3962 6420
485 346 657 448 m5"
1369 373 1429 430 s.
1475 370 1782 432 nuoouts
1825 371 2036 430 EPISC.
2073 361 2392 464 nucem.
2433 369 2594 431 one.
2631 368 2888 430 csum.
3631 371 3766 430 tuo

486 499 573 555 nis
589 494 807 553 habitus
828 491 884 548 in
911 489 1104 548 eadem
1129 491 1288 546 domo
1319 483 1604 555 tribuatur,
1622 487 1796 546 donec
1828 491 2068 549 minutus
2098 497 2143 556 Α
2172 499 2227 546 et
2259 494 2500 557 sordres,
2535 479 2700 562 quam
2743 473 2988 559 hospites
3009 473 3330 553 vescantur,
3369 485 3428 546 et
3452 498 3651 560 potum
3675 492 3768 546 ha-

494 596 662 652 l'uerit
691 579 1254 664 praisens‘conventns
1284 587 1350 642 ad
1381 601 1665 642 numerum
1693 596 2072 656 pnetaxatum,
2099 656 2103 660 _
2174 582 2336 637 beant
2366 579 2649 646 eumdem;
2683 588 2915 652 excepto
2938 579 3084 658 quod
3131 579 3478 636 inﬁrmorum
3531 583 3774 638 πεδαεῇ

487 688 592 745 nisi
616 693 842 756 propter
869 677 1212 738 manifestam
1242 679 1434 734 domus
1455 678 1768 746 utilitatem,
1793 688 1851 735 et
1872 679 1980 760 hoc
2007 695 2076 736 ex
2176 674 2299 754 tati,
2323 682 2496 743 prout
2537 671 2916 760 opportunum
2937 670 3124 738 fuerit,
3155 669 3442 728 delicatius
3491 671 3775 742 providea-
3871 691 3893 724 α

485 774 705 848 speciali
738 773 954 829 licentia
983 761 1299 852 ditecesani.
1328 768 1574 840 Sigillum
1609 766 1802 826 donius
1823 759 2077 826 subcus-
2177 773 2285 852 tur.
2313 763 2450 830 Quia
2495 777 2624 818 vero
2653 777 2756 834 per
2780 759 3162 852 fratruentiam
3186 761 3554 852 Vsa-calarin
3617 764 3775 834 quies

487 869 635 924 todia
668 853 938 938 inagistri,
968 862 1239 934 prior-issu:
1263 873 1318 917 et
1347 861 1666 918 monialinm
1693 864 1761 918 ad
1793 863 1896 918 hoc
1927 879 2077 918 com-

468 959 726 1027 gmuniter
742 946 948 1021 electae,
980 955 1138 1026 cujus
1167 953 1358 1025 religio
1392 952 1579 1019 fuerit,
1605 952 1660 1010 e't
1683 955 1944 1010 discretio
1980 951 2077 1027 ap-

467 1015 742 1117 1probata,
777 1044 880 1101 sub
907 1015 1066 1100 clavi'
1093 1042 1292 1114 triplici
1345 1050 1676 1106 reservetur,
1730 1059 1830 1100 nec
1859 1015 2076 1116 aliquod

477 1139 756 1208 scriptum
784 1135 908 1192 inde
933 1135 1198 1207 signetur,
1231 1135 1350 1190 sine
1373 1121 1702 1192 conscientia
1733 1135 1897 1192 totius
1925 1136 2074 1207 capi-

496 1228 614 1294 tuli,
656 1227 738 1282 vel
763 1224 1009 1294 maioris,
1047 1226 1130 1282 vel
1164 1225 1396 1281 sanioris
1431 1227 1602 1299 partis
1635 1225 1899 1298 ejusdem.
1937 1228 2076 1282 Red-

485 1317 629 1374 ditus
653 1331 844 1398 ontnes
871 1316 1136 1382 instaura,
1167 1318 1816 1398 proventusquicunque,
1845 1317 2074 1390 singulis

483 1409 639 1465 annis
669 1397 984 1480 redigantur
1011 1410 1064 1465 in
1095 1409 1528 1481 scriptmu,quod
1554 1407 1828 1482 priorissre
1866 1419 1922 1466 et
1949 1410 2080 1466 sul)-

481 1490 873 1582 prierisste,.et
910 1501 1126 1558 czeteris
1153 1511 1387 1572 quatuor
1413 1501 1478 1556 de
1508 1501 1824 1559 melioribus
1858 1511 1909 1560 et
1941 1519 2073 1577 pru-

485 1592 847 1658 dentiOrihus,
893 1608 923 1648 a
958 1601 1071 1648 toto
1108 1591 1370 1663 capitulo,
1411 1593 1497 1648 vel
1533 1592 1722 1664 majori
1760 1611 1828 1668 ac
1875 1595 2076 1669 saniori

484 1693 642 1755 parte
689 1684 1060 1763 communiter
1089 1683 1302 1756 electis,
1351 1686 1594 1740 tradatur
1637 1686 2074 1742 custodiemlum.

2175 851 2554 926 religiosorum
2584 851 2791 908 turbari
2820 850 2982 918 solet,
3015 851 3419 922 prohibuimus,
3452 867 3524 908 ne
3545 854 3658 918 vir,
3698 855 3775 909 vel

2173 935 2371 998 mulier
2395 928 2690 1012 recipiatur
2714 940 2770 996 in
2793 931 2990 998 habitu
3012 941 3261 996 saeculari
3285 954 3502 998 meum
3527 941 3777 998 facturus

2175 1033 2230 1089 in
2253 1031 2415 1088 demo
2435 1020 2772 1110 memorata,
2800 1031 2907 1088 nisi
2955 1029 3140 1087 forsan
3171 1030 3570 1101 hospitalitatis
3601 1033 3774 1102 graia

2175 1125 2298 1197 quis
2325 1122 2397 1180 ibi
2425 1112 2848 1194 pernoctaverit.
2879 1121 3012 1180 Item
3036 1137 3105 1179 ne
3131 1121 3255 1194 quis
3274 1121 3359 1178 vel
3375 1114 3510 1193 qua,
3531 1123 3656 1178 sive
3674 1135 3774 1178 sa-

2175 1205 2396 1280 cularis,
2429 1215 2545 1271 sive
2579 1215 2844 1288 religiosas
2871 1215 3228 1287 professionis
3263 1215 3488 1272 aliunde
3527 1217 3774 1281 veniens,

2176 1324 2300 1383 cum
2320 1308 2433 1365 sola
2461 1308 2684 1366 moniali
2700 1307 2848 1364 solus
2869 1307 2955 1365 vel
2981 1307 3096 1364 sola
3119 1307 3396 1378 loquatur,
3425 1307 3526 1364 sed
3547 1309 3776 1364 bonane

2179 1399 2516 1462 testimonio,
2548 1397 2664 1462 tali,
2690 1399 2832 1469 quod
2865 1397 3092 1454 sinistra
3120 1407 3307 1455 careat
3346 1399 3688 1469 suspicione,
3722 1407 3778 1454 α

2185 1505 2311 1546 cum
2351 1490 2600 1557 licentia,
2645 1491 2942 1546 secundum
2988 1488 3232 1560 regulam
3273 1505 3430 1545 suam
3449 1489 3524 1544 ab
3548 1489 3642 1545 his
3662 1503 3778 1560 qua

2176 1590 2418 1653 praesunt
2442 1621 2468 1649 ,,
2524 1581 2768 1638 obtenta.
2833 1580 3128 1648 Praeterea,
3185 1583 3311 1653 quia
3361 1581 3673 1654 religiosis,
3721 1588 3780 1640 et

2179 1674 2482 1746 przesertim
2525 1673 2578 1730 in
2621 1689 2755 1730 sexu
2801 1661 3038 1740 mulieri,
3087 1673 3420 1742 discurrere,
3463 1673 3550 1729 vel
3600 1673 3774 1746 vagari

483 1770 690 1842 Magist.
714 1789 742 1827 r
783 1781 839 1828 et
887 1781 1268 1844 procuratores
1318 1773 1532 1838 domus,
1587 1782 1756 1830 totam
1789 1775 2074 1846 pecuniam
2111 1843 2136 1846 Α
2177 1767 2356 1824 modis
2385 1767 2640 1824 omnibus
2661 1777 2747 1824 est
2777 1767 3147 1832 inhonestum,
3179 1767 3575 1823 constituimus
3605 1781 3776 1823 nesa-

484 1863 678 1920 tlonnts
733 1862 785 1916 in
839 1843 1078 1917 denariis
1133 1861 1218 1916 vel
1267 1849 1586 1930 huiusmodi
1638 1879 1703 1920 ex
1758 1843 2079 1935 quacunque
2111 1843 2153 1904 Β
2182 1873 2295 1926 I‘or,
2341 1859 2428 1915 vel
2457 1858 2742 1943 mouialis,
2777 1857 3242 1935 apudgrangiam
3291 1867 3571 1920 moretur.
3620 1871 3776 1913 θεοῦ

485 1965 648 2019 causa
679 1949 862 2006 domui
911 1967 1022 2005 sum
1061 1953 1468 2032 provenicntcm
1501 1966 1622 2008 cum
1655 1969 1838 2008 coram
1871 1955 2076 2011 eisdem

483 2057 578 2098 sex
603 2049 883 2120 numerata
938 2041 1123 2106 fuerit,
1169 2043 1269 2098 sub
1305 2044 1482 2119 sigillo
1534 2047 1777 2116 magistri
1808 2048 2076 2119 signatam

484 2130 617 2202 ipsis
643 2133 880 2212 tradent,
915 2149 1080 2204 quant
1119 2135 1320 2190 eaedem
1353 2135 1418 2190 ad
1446 2135 1660 2207 negotia
1700 2138 1893 2192 domus
1915 2153 2076 2209 cxpe-

484 2223 708 2304 dienda,
767 2225 979 2294 quoties
1042 2242 1264 2284 necesse
1313 2227 1494 2291 fuerit,
1529 2213 1604 2284 'et
1647 2239 1910 2299 quantum
1939 2245 2076 2302 opus

485 2313 668 2396 fuerit,
704 2317 806 2372 sub
827 2317 967 2372 lldeli
997 2319 1328 2390 testimonio,
1357 2330 1466 2376 tam
1491 2321 1736 2393 magistri
1763 2337 1924 2392 quam
1950 2321 2078 2378 alio-

483 2408 606 2463 rum
630 2407 749 2461 sine
778 2405 1094 2466 diliicultate
1135 2411 1466 2476 liberabant,
1507 2421 1566 2467 et
1592 2412 1866 2468 residuum
1901 2413 2074 2482 sigillo

487 2497 736 2578 magistri.
761 2499 1031 2572 signatum
1062 2503 1262 2559 iterato
1305 2515 1588 2576 reportent.
1620 2505 1864 2578 Singulis
1893 2519 2073 2564 autem

485 2590 764 2646 meusilms
787 2593 994 2650 eadem
1021 2609 1117 2649 sex
1155 2605 1467 2667 compotnm
1513 2597 1735 2652 audient
1774 2599 1839 2653 de
1869 2598 2078 2668 simpli-

483 2680 640 2756 cibus
660 2681 901 2750 cjnsdem
921 2683 1114 2740 domus
1133 2686 1408 2756 expensis.
1443 2685 1508 2741 Et
1527 2689 1784 2757 quoniam
1807 2685 2077 2763 abdicatio

485 2771 836 2841 proprietatis
857 2773 1180 2843 professioni
1206 2775 1580 2848 religiosorum
1608 2785 1694 2834 est
1721 2793 1957 2843 annexa,
1986 2779 2080 2835 lir-

485 2861 654 2918 miter
679 2864 1036 2934 inhibuimns,
1070 2883 1138 2924 ne
1164 2884 1290 2939 qua,
1321 2869 1402 2924 vel
1435 2869 1558 2942 quis
1581 2869 1640 2943 in
1671 2871 1862 2928 eadem
1895 2871 2076 2939 domo,

490 2959 612 3022 post
649 2965 960 3026 susceptum
989 2958 1264 3031 religionis
1295 2959 1538 3015 habitum
1567 2959 1772 3030 aliquid
1798 2961 2077 3034 proprium

489 3040 692 3096 habere
739 3057 1053 3113 praesumat,
1107 3050 1201 3103 sed
1249 3051 1360 3105 sint
1408 3049 1490 3104 eis
1517 3049 1696 3104 omnia
1743 3052 2081 3106 eontnntnia.

487 3131 688 3188 Eodem
716 3137 878 3192 etiam
905 3152 1066 3210 pane,
1109 3149 1214 3196 tam
1244 3141 1528 3206 moniales,
1557 3141 1848 3213 capellani,
1880 3144 2082 3200 fratres
2112 3215 2118 3222 .

493 3339 3714 3366 ΜΝ

2177 1951 2638 2008 nutrimentorum
2667 1949 3008 2016 animalium,
3042 1949 3126 2006 vel
3151 1950 3329 2020 aliqua
3357 1948 3612 2020 qualibet
3631 1963 3780 2002 οταν

2176 2043 2348 2100 sione.
2379 2041 2636 2101 Moniales
2663 2042 2832 2099 etiam
2871 2056 3039 2118 causa
3067 2041 3322 2097 visitandi
3355 2041 3672 2110 proximos,
3695 2050 3782 2094 aut

2175 2141 2455 2204 parentes,
2485 2132 2800 2212 nullatenus
2827 2142 2982 2189 extra
3015 2131 3326 2196 mittantur,
3353 2146 3421 2186 cx
3452 2145 3651 2208 earum
3672 2130 3780 2184 sola

2175 2214 2457 2283 voluntate
2484 2225 2570 2282 vel
2615 2226 2720 2281 levi
2754 2225 3000 2296 qualibet
3039 2225 3362 2290 occasione,
3411 2239 3518 2280 nec
3565 2224 3779 2278 tandem

2176 2315 2286 2370 ullo
2303 2316 2482 2380 modo,
2507 2318 2624 2373 sine
2648 2318 2892 2388 magistri
2911 2327 2966 2372 ct
2989 2316 3263 2387 priorissze
3286 2317 3512 2374 licentia
3537 2315 3777 2386 speciali,

2174 2418 2230 2464 et
2258 2409 2520 2488 maxima,
2558 2425 2625 2466 ac
2651 2411 2868 2480 cognita
2901 2410 3248 2482 necessitate.
3283 2409 3427 2476 Quia
3465 2407 3777 2464 Simoniaca

2176 2501 2427 2570 pravitas
2455 2500 2638 2572 plures
2667 2501 2720 2556 in
2752 2515 2971 2556 errores
2995 2509 3051 2555 et
3075 2498 3356 2554 interitum
3377 2498 3640 2562 adduxit,
3667 2497 3777 2552 sui-

2179 2609 2392 2648 marnm
2424 2593 2584 2650 saluti
2608 2593 2896 2666 providere
2921 2592 3186 2658 voieutes,
3213 2590 3478 2647 districte
3497 2589 3777 2662 pmhibui-

2179 2699 2322 2762 ntus,
2353 2701 2421 2742 ne
2449 2686 2533 2741 vir
2559 2685 2644 2742 vel
2691 2685 2908 2748 mulier,
2939 2699 3040 2755 pro
3074 2683 3308 2754 pecunia
3335 2681 3422 2738 vel
3453 2697 3518 2738 re
3543 2681 3781 2754 qualibet

2181 2773 2468 2846 temporali
2503 2777 2797 2849 recipiatur
2827 2790 3066 2845 unquam
3092 2773 3295 2829 ibidem
3341 2790 3413 2828 ex
3461 2783 3652 2844 pacto.
3673 2770 3780 2827 Sub

2177 2851 2554 2922 anathetnntis
2586 2866 3030 2940 interminatione
3076 2864 3462 2934 praecipientes
3491 2863 3642 2935 quod
3671 2878 3781 2916 oni-

2183 2957 2273 3012 nia
2324 2957 2692 3027 prmtermissa
2744 2959 3040 3014 salubriter
3087 2973 3117 3012 a
3149 2955 3306 3012 nobis
3334 2957 3642 3010 constituta
3687 2953 3776 3007 ετ.

2174 3049 2346 3108 ,ιιιίιεν
2375 3047 2444 3102 ab
2470 3049 2724 3104 omnibus
2759 3049 3043 3119 utriusque
3078 3059 3240 3104 sexus
3289 3047 3343 3100 in
3379 3045 3585 3124 eadem
3627 3044 3780 3098 domo

2183 3148 2474 3197 serventur
2503 3141 2556 3196 iu
2585 3151 2930 3214 perpetuum.
3023 3187 3027 3194 .
3629 3159 3634 3162 ·

1398 3443 1982 3677 unum
2061 3413 2872 3676 nneoms

1692 3764 2577 3924 DIPLOMATA.

1263 4118 1304 4174 l.
1409 4154 1426 4164 η
1504 4150 1513 4158 ‹
1707 4179 1718 4190 ,
1853 4147 1866 4158 ν
2089 4125 2157 4189 -c
2189 4121 2281 4188 tis,
2308 4137 2446 4195 quas
2477 4118 2682 4178 habent
2725 4118 2968 4192 praedicti
2998 4119 3201 4178 fratres
3225 4135 3296 4177 ex
3319 4119 3468 4177 dono
3490 4121 3648 4177 bona:
3669 4137 3783 4179 me-

495 4207 697 4266 Charta
719 4207 1030 4264 donatorunt
1052 4212 1408 4267 concessione:
1427 4213 1652 4268 recitatis
1672 4223 1720 4267 et
1743 4203 2092 4283 confirmans.

501 4299 807 4374 (Monastic.
842 4300 1002 4372 Ang.,
1035 4311 1166 4356 tom.
1199 4302 1288 4366 lll,
1319 4320 1374 4374 p.
1399 4304 1491 4368 84,
1520 4306 1651 4359 edit.
1687 4305 1855 4372 l673;
1889 4315 2020 4362 tom.
2045 4305 2087 4375 Ι,

491 4419 496 4426 ο
1024 4411 1078 4468 p.
1105 4395 1197 4458 84,
1229 4396 1359 4451 edit.
1391 4397 1588 4467 1682.)

574 4485 857 4572 Universis
889 4484 1093 4566 Christi
1121 4486 1370 4562 fidelibus
1392 4475 1458 4544 ad
1489 4503 1626 4567 quos
1646 4504 1884 4568 prtesens
1915 4490 2085 4560 scrip-
2143 4562 2147 4566 .

503 4589 616 4636 tuin
641 4581 967 4650 pervenerit,
999 4579 1170 4646 lluoo,
1199 4580 1297 4636 Dei
1345 4581 1520 4650 gratia
1548 4581 1944 4641 Lincoluiensis
1973 4585 2091 4655 epi-

452 4723 460 4734 ,
499 4685 704 4740 scapus
729 4657 958 4727 salutem
984 4670 1036 4726 in
1063 4671 1309 4727 Domino.

575 4761 840 4829 Quoniam
885 4775 950 4816 ea
995 4776 1118 4834 qua:
1167 4762 1235 4816 ad
1284 4763 1735 4819 sustentationem
1787 4779 2090 4835 pauperum

505 4852 706 4909 Christi
747 4853 932 4909 divino
974 4853 1233 4910 instinctu
1279 4853 1479 4910 collata
1524 4847 1652 4924 sunt
1696 4856 1978 4924 beneficia,
2029 4871 2097 4914 ne

509 4944 915 5015 tnalignantium
943 4945 1153 5016 possint
1187 4947 1445 5002 retentari
1475 4947 1856 5019 perversitate,
1885 4949 2098 5020 episeoa

507 5036 1015 5122 palisauetoritatis
1052 5038 1310 5122 suffragio
1349 5049 1596 5098 tenemur
1624 5043 1982 5098 communire.
2015 5042 2098 5098 Ad
2128 5117 2134 5122 ἡ

510 5119 882 5190 universitatis
929 5119 1156 5204 vestrm.
1189 5131 1439 5188 noxitiam
1488 5127 1741 5188 volumus
1791 5133 2097 5202 pervenire,

2189 4215 2380 4269 mon’a:
2419 4213 2636 4269 comitis
2681 4213 2749 4268 de
2793 4213 3132 4286 Legircestre
3181 4213 3405 4268 lioberti
3439 4213 3696 4279 senioris,
3731 4223 3783 4271 et

2191 4305 2284 4366 lilii
2310 4306 2430 4378 ejus
2457 4307 2674 4377 comitis
2699 4306 2767 4362 de
2796 4305 3171 4380 Legrecestre,
3210 4304 3446 4362 Roberti
3469 4305 3680 4362 scilicet
3700 4306 3783 4376 ju'

2191 4397 2384 4464 nioris,

2259 4488 2516 4566 inprimis
2559 4497 2734 4558 ratam
2767 4489 3031 4568 habemus
3063 4500 3122 4548 et
3148 4489 3546 4560 confirmamus
3601 4493 3784 4549 funda-

2193 4579 2397 4636 tionem
2424 4577 2685 4636 Ecclesiae
2719 4579 2905 4637 Sancti
2948 4579 3176 4638 Joannis
3217 4583 3451 4654 apostoli
3478 4595 3535 4640 et
3557 4599 3785 4657 evange-

2191 4670 2333 4727 lists:
2365 4671 2650 4742 hospitalis
2684 4673 2760 4729 de-
2783 4670 3068 4744 Brakeley,
3116 4680 3173 4727 et
3207 4675 3459 4729 eamdem
3501 4676 3784 4732 ecclesiam

2195 4777 2320 4818 cum
2360 4761 2553 4818 eodem
2601 4761 2882 4833 hospitali,
2907 4763 3051 4819 sicut
3082 4762 3136 4818 in
3166 4763 3376 4820 chartis
3403 4767 3784 4835 pradictorua

2197 4863 2575 4926 patronorum,
2602 4870 2740 4926 quas
2772 4857 3029 4924 vidimus,
3059 4856 3447 4927 exprimuntur
3485 4857 3712 4916 liberam
3733 4867 3783 4914 el

2197 4947 2440 5020 quietam
2467 4948 2536 5012 ab
2573 4948 2723 5004 omni
2760 4947 3098 5018 subiectione
3130 4962 3256 5004 esse
3286 4949 3607 5005 statuimus.
3639 4950 3762 5004 Salo

2200 5039 2346 5096 moui
2375 5053 2506 5096 vero
2531 5039 2774 5111 praedicti
2807 5038 3095 5110 hospitalis
3120 5039 3410 5110 magistro,
3429 5049 3488 5094 et
3509 5054 3782 5111 successo-

2200 5129 2352 5185 ribus
2381 5128 2498 5198 ejus
2522 5138 2578 5185 et
2607 5121 2870 5184 fratribus
2899 5129 2952 5182 in
2983 5128 3101 5200 ipso
3127 5127 3385 5198 hospitali
3408 5129 3769 5184 commoranti

510 5219 614 5272 nos
639 5223 756 5294 rata
779 5217 906 5273 huic
939 5229 995 5274 et
1015 5222 1274 5290 przesenti
1305 5220 1514 5293 scripto
1554 5214 1886 5278 confirmare
1912 5222 2024 5279 Deo
2045 5232 2102 5280 et
2179 5219 2306 5277 'bus
2334 5221 2403 5276 ad
2432 5220 2724 5277 sacerdotii
2765 5220 2994 5292 gradum
3023 5219 3298 5304 provectis
3329 5219 3705 5283 concedimus,
3735 5227 3786 5270 ιι⁴

491 5307 770 5364 'Eccl‘esia:
786 5305 845 5364 S.
877 5307 1102 5366 Joannis
1133 5311 1490 5384 Evang'elistae
1508 5313 1792 5386 hospitalis
1811 5314 1878 5370 de
1903 5313 2102 5372 [trahe
2205 5315 2273 5370 ad
2314 5313 2580 5382 honorem
2622 5313 2742 5380 Dei,
2773 5324 2828 5370 et
2859 5329 2958 5386 pro
2983 5312 3160 5369 salute
3184 5311 3566 5379 fundatorum,
3598 5321 3654 5366 et
3675 5325 3780 5363 om-

509 5399 618 5472 ley,
651 5409 706 5455 et
737 5391 998 5456 fratribus
1031 5401 1230 5457 ibidem
1261 5403 1372 5460 Deo
1408 5399 1798 5471 servientibus,
1833 5393 2098 5464 beneficia
2135 5406 2354 5476 "nium
2383 5404 2622 5466 ﬁdelium
2649 5405 2830 5461 divina
2863 5404 2918 5460 in
2957 5405 3074 5476 ipsa
3113 5403 3322 5475 capella
3347 5404 3630 5460 celebrent
3651 5415 3770 5470 mys

511 5471 696 5549 omnia
723 5506 845 5564 quae
875 5491 958 5550 eis
985 5511 1016 5549 a
1044 5479 1244 5550 Christi
1289 5495 1539 5553 ﬁdelibus
1569 5499 1773 5553 fuerint
1803 5497 1986 5553 divino
2015 5497 2101 5554 in-
2135 5471 2185 5528 θ
2210 5499 2376 5566 toria;
2426 5497 2503 5554 ita
2553 5489 2771 5552 tamem‘
2807 5495 2951 5568 quod
2978 5471 3292 5569 'parocliiali
3335 5495 3572 5552 ecclesia
3619 5492 3784 5562 aliqu

491 5584 716 5664 ‘rtinctu
742 5585 959 5658 collata,
975 5595 1031 5644 et
1048 5587 1447 5664 eorumlusibus
1469 5587 1720 5663 deputata
1736 5630 1754 5659 ,
1791 5590 1859 5647 de
1883 5590 2102 5664 quibus,
2211 5603 2340 5646 casu
2367 5587 3112 5660 vacante,_liceatpr:edictis'
3128 5587 3413 5654 fratribus,
3438 5585 3674 5642 exclusis
3701 5596 3778 5642 ε»

492 5671 576 5758 ςηῐ
611 5663 692 5750 ad
725 5679 970 5734 omnium
996 5664 1244 5737 notitiam
1285 5679 1494 5752 possint
1529 5681 1836 5754 pervenire,
1869 5663 2106 5757 prepriis
2212 5681 2632 5741 communicatis
2675 5668 2750 5738 et"
2769 5668 3098 5748 interdictis,
3143 5679 3414 5736 submissa
3450 5693 3583 5734 voce
3616 5673 3784 5734 divid

489 5757 792 5828 ‘vocabulis
820 5773 1132 5832 censuimus
1153 5781 1430 5834 annotare.
1465 5774 1726 5848 Inspectis
1756 5773 1919 5850 igitur
1948 5773 2106 5832 cbar-
2214 5769 2390 5832 oiilcia
2425 5771 2734 5841 celebrare;
2753 5787 2758 5792 '
2777 5769 3071 5830 venerabili
3101 5777 3259 5842 patre
3299 5775 3357 5828 et
3385 5757 3611 5825 domino
3629 5762 3781 5820 beati
