3962 6398
119 382 289 466 ἰιι-ι

1569 406 1981 467 DIPLOMATA.

3288 389 3438 494 ms

160 521 429 582 memoriae
472 522 540 578 A.
581 521 763 590 tertio,
793 536 1006 580 summo
1034 522 1290 594 pontiﬁce
1315 538 1477 594 super
1520 523 1606 579 his
1647 539 1742 578 au-
1773 528 1822 585 Α
1841 506 2100 591 praesenti
2132 524 2337 596 scripto
2365 535 2419 580 et
2449 525 2608 598 sigilli
2645 526 2814 584 nostri
2857 527 3192 597 appositione
3222 529 3439 600 episco-

157 613 402 672 ctoritate
437 620 706 683 patrante,
733 614 876 669 sicut
899 613 953 668 in
989 613 1272 686 privilegio
1299 613 1538 684 ejusdem
1571 612 1741 684 patris
1833 617 1970 688 pale
1993 618 2324 674 auctoritate
2350 618 2608 674 adbibere
2653 617 3042 675 testimonium.
3075 619 3168 675 His
3192 621 3437 688 testibus,

159 705 237 761 eis
263 701 457 760 collato
484 703 842 775 inspeximus.

225 793 570 864 Sepulturam
602 809 819 865 quoque
847 807 1145 864 pauperum
1170 801 1228 849 et
1255 791 1530 863 bOSpitum
1559 791 1650 862 qui
1680 791 1736 846 iu

160 891 274 960 ipso
305 887 558 960 hospitali
588 883 947 952 decesserint,
977 887 1062 942 vel
1085 902 1274 942 eorum
1294 889 1390 956 qui
1417 886 1469 940 in
1492 894 1742 941 extrema

161 979 434 1035 voluntate
463 979 517 1034 in
547 978 1133 1048 territoriohospitalis
1163 993 1221 1032 se
1266 976 1601 1042 «levaverint,
1630 975 1748 1031 sine

159 1071 461 1127 vicinarum
518 1066 872 1127 ecclesiarum
925 1067 1124 1138 injuria
1177 1069 1403 1125 liberam
1453 1082 1574 1124 esse
1621 1081 1749 1123 san-

162 1163 353 1219 cimus.

228 1253 529 1308 Libertates
578 1252 634 1308 in
678 1268 813 1324 quas
862 1253 930 1310 R.
980 1253 1136 1309 bona:
1173 1252 1448 1308 memoriae
1475 1248 1642 1305 abbas
1685 1247 1743 1304 S.

159 1341 338 1398 naria:
375 1344 440 1398 de
471 1342 638 1399 Prato
662 1343 729 1398 de
752 1341 1104 1414 chrecestre
1132 1350 1187 1398 et
1217 1340 1456 1410 ejusdem
1487 1339 1589 1394 loci
1617 1353 1750 1394 con-

157 1442 348 1489 ventus
377 1435 458 1490 eis
491 1434 844 1501 contulerint,
879 1435 1021 1490 sicut
1061 1434 1114 1490 in
1147 1447 1334 1489 eorum
1379 1431 1580 1501 scripto
1608 1429 1750 1485 vidi-

161 1541 282 1582 mus
307 1525 550 1598 digestus
595 1526 736 1583 felici
791 1520 1153 1598 perpetuitate
1185 1525 1440 1598 gaudere,
1480 1532 1535 1580 et
1567 1532 1753 1578 nostra

159 1617 382 1675 solidari
422 1617 837 1674 conﬁrmatione
871 1633 1185 1684 censemus;
1225 1617 1344 1673 Viz.
1395 1624 1455 1670 ut
1498 1614 1754 1671 Salomon

159 1710 401 1781 praedicti
428 1710 711 1781 hospitalis
740 1724 1055 1766 (economus
1082 1717 1137 1765 et
1163 1723 1508 1765 successores
1539 1706 1619 1762 sui
1653 1707 1752 1760 ha-

156 1801 320 1858 beant
354 1801 637 1858 ecclesiam
666 1803 807 1858 inter
827 1811 980 1873 septa
1006 1801 1177 1858 curtis
1197 1800 1439 1872 praedicti
1469 1797 1755 1868 hospitalis

1846 707 1913 764 Ii.
1961 709 2158 764 abbate
2202 711 2268 765 de
2307 709 2558 777 Nostele,
2598 712 2859 784 magistro
2885 712 3180 781 Stephano
3222 713 3439 770 Lincol«

1849 797 2023 852 niensi
2054 797 2316 879 Ecclesiae
2340 799 2696 869 cancellario,
2737 802 2995 873 magistro
3021 800 3300 869 Womero,
3329 819 3442 857 ma-

1847 890 2018 961 gistro
2055 889 2289 946 Geraldo
2331 893 2399 948 de
2449 891 2692 959 Rowell,
2741 888 3001 964 magistro
3055 892 3330 949 Richardo
3374 893 3444 950 de

1849 982 2140 1050 Clalevcel,
2173 995 2229 1042 et
2258 983 2442 1042 multis
2466 985 2607 1041 aliis.

2017 1079 2019 1083 ’
2611 1071 2676 1128 ll.

1851 1183 2048 1240 Charta
2100 1185 2298 1256 domini
2351 1185 2586 1256 llugonis
2625 1185 2852 1254 episcopi
2893 1194 2942 1240 et
2985 1186 3200 1256 capitqu
3235 1184 3445 1242 Lincol-

1974 1254 2169 1314 niemis
2200 1256 2264 1309 de
2293 1254 2498 1309 duabus
2527 1256 2766 1324 partibus
2792 1255 3025 1309 ecclesia:
3051 1254 3116 1310 de
3151 1255 3327 1310 Corbi.
3473 1277 3480 1280 ·

1945 1345 2302 1413 (Monasticon
2327 1347 2555 1416 Anglia,
2587 1357 2715 1401 lom.
2747 1346 2787 1414 Ι,
2817 1363 2870 1417 p.
2899 1347 3022 1412 881,
3051 1348 3137 1403 ed.
3166 1346 3351 1416 1675.)

1925 1437 2192 1495 Omnibus
2220 1437 2420 1493 Christi
2460 1437 2708 1493 ﬁdelibus
2756 1438 2821 1492 ad
2861 1453 2997 1507 quos
3029 1452 3268 1509 praesens
3312 1436 3447 1492 seri-

1853 1538 2006 1603 ptum
2035 1529 2366 1600 pervenerit,
2411 1528 2566 1587 [luco
2597 1527 2689 1582 Dei
2719 1528 2893 1599 gratia
2925 1527 3316 1584 Lineolniensis
3338 1527 3449 1597 cpi-

1856 1635 2071 1692 scopus,
2104 1619 2329 1676 salutem
2361 1618 2415 1673 in
2448 1611 2697 1672 Dbmino.

1929 1711 2155 1767 Noverit
2184 1709 2511 1766 universitas
2535 1716 2741 1776 vestra,
2787 1721 2887 1761 nos
2913 1706 2979 1761 de
3010 1721 3230 1761 assensu
3276 1713 3332 1759 et
3355 1720 3450 1758 vo-

1860 1802 2068 1857 luntate
2113 1800 2432 1856 dilectormn
2482 1799 2534 1854 in
2577 1797 2796 1853 Christo
2840 1796 3075 1851 ﬁliorum
3102 1838 3116 1861 ,
3170 1795 3449 1849 Willielmi

155 1890 383 1946 liberam
414 1900 469 1946 et
497 1892 735 1961 quietam
771 1891 839 1944 ab
867 1865 1012 1945 dmui
1044 1865 1398 1960 subjectione,
1425 1888 1477 1942 in
1502 1865 1610 1958 qua
1633 1900 1757 1956 per-
1787 1865 1831 1926 Β
1859 1894 2049 1951 decani
2095 1901 2148 1948 et
2177 1891 2396 1962 capituli
2431 1890 2599 1946 nostri
2635 1888 2934 1944 Lincolnia!
2955 1929 2970 1952 ,
3000 1888 3196 1942 divina:
3238 1887 3453 1956 pietatis

155 1992 319 2052 petuo
349 1983 590 2038 divinum
615 1982 924 2038 celebretur
947 1982 1208 2047 cilicium,
1245 1990 1300 2036 et
1326 1980 1602 2052 sepultura
1630 1995 1759 2050 pau-

159 2089 352 2143 perum
383 2087 437 2130 et
465 2074 686 2130 l‘amllize
710 2090 842 2140 sum,
873 2083 928 2129 et
957 2073 1308 2131 servientium
1332 2089 1551 2128 suorum
1575 2081 1629 2126 et
1660 2087 1756 2142 pec

155 2167 524 2237 regrinorum,
558 2177 613 2221 et
646 2167 913 2238 integram
953 2163 1263 2221 facultatem
1300 2163 1517 2233 regendi
1564 2172 1615 2219 et
1645 2163 1759 2233 ple-

155 2255 374 2320 nariam
417 2256 824 2326 dispositionem
867 2255 1136 2322 omnium,
1181 2268 1302 2323 quas
1335 2253 1400 2307 ad
1442 2250 1758 2321 praalictum

165 2345 441 2416 hospitale
473 2347 764 2418 pertinent.
1085 2357 1096 2364 '

169 2435 172 2438 ’
233 2439 622 2494 Confessiunes
649 2447 828 2493 autem
853 2453 1147 2508 pauperum
1179 2447 1233 2492 et
1263 2435 1599 2491 inﬁrmorum
1629 2449 1760 2488 con-

163 2530 485 2587 solationem
513 2531 719 2602 integre
757 2531 1013 2594 habeant,
1052 2541 1109 2586 et
1141 2531 1194 2586 in
1227 2539 1542 2600 perpetuum
1575 2526 1761 2597 praesi-

160 2624 346 2679 deant.
397 2615 406 2622 ’

159 2710 164 2714 ⁷
239 2713 316 2768 Ex
343 2713 638 2771 donatione
665 2727 793 2768 vero
823 2710 1046 2766 Roberti
1075 2711 1289 2766 comitis
1319 2713 1383 2767 de
1412 2711 1760 2780 Legrecestre

165 2805 386 2862 Roberti
431 2807 654 2862 secundi
676 2805 909 2875 iunioris
937 2805 1070 2860 duas
1099 2818 1254 2857 acras
1277 2815 1332 2858 et
1357 2806 1657 2866 dimidiam,
1695 2803 1760 2855 de

163 2900 302 2955 ereis
322 2898 480 2968 juxta
503 2907 711 2954 curtcm
737 2898 1022 2970 hospitalis
1042 2906 1098 2953 et
1125 2907 1288 2952 totam
1316 2905 1510 2950 terram
1531 2898 1596 2950 de
1619 2894 1761 2948 creis

164 2993 357 3047 subtus
385 3000 596 3047 curtem
625 2989 840 3044 illorum
874 2991 940 3044 de
992 3005 1156 3060 grava
1183 2987 1402 3042 Domini
1425 2986 1634 3038 comitis
1659 2985 1762 3037 sic-

163 3089 220 3134 ut
272 3081 446 3151 septis
482 3081 596 3135 suis
627 3079 937 3134 includitur.
987 3079 1066 3132 Ex
1091 3078 1234 3132 dono
1264 3075 1502 3145 (jusdem
1544 3074 1758 3128 comitis

163 3170 317 3225 duas"
351 3171 593 3240 virgatas
645 3177 802 3224 terra:
836 3207 852 3235 ,
901 3182 1091 3222 "unam
1137 3167 1340 3222 scilicet
1393 3181 1514 3236 qua}
1568 3175 1650 3218 est
1695 3162 1762 3215 de
1790 3204 1833 3266 Ο

163 3271 305 3317 terra
334 3262 402 3318 de
457 3271 666 3318 assarta
699 3276 821 3315 eum
850 3259 1158 3330 quietaneia
1192 3257 1466 3328 pannagii,
1491 3272 1610 3325 qme
1633 3269 1757 3324 per-

160 3355 290 3409 tinet
315 3355 382 3410 ad
417 3353 634 3409 Halsow
659 3360 848 3408 etcum
876 3351 1175 3419 Messuagio
1200 3365 1320 3420 qum
1355 3349 1420 3401 ad
1447 3347 1758 3416 praedictam

159 3444 434 3516 virgatam
484 3443 737 3512 pertinet,
792 3456 912 3512 qum
955 3449 1039 3495 est
1085 3441 1137 3494 iu
1190 3439 1436 3505 Brakele,
1492 3438 1557 3491 ad
1602 3445 1762 3507 caput

157 3522 321 3590 fontis
344 3534 419 3587 de
450 3532 809 3594 Gotdewelle;
857 3541 912 3587 et
949 3546 1110 3586 unam
1143 3530 1303 3584 aliam
1350 3529 1612 3600 virgatam
1641 3542 1761 3596 qum

164 3627 396 3696 pertinet
448 3626 515 3680 ad
561 3625 808 3690 Brakele,
859 3641 980 3680 eum
1030 3623 1304 3692 mesuagio
1342 3637 1461 3688 suo,
1516 3635 1636 3691 quae
1682 3629 1765 3674 est

155 3706 343 3774 subtus
365 3717 538 3788 juxta
571 3715 800 3771 rivulum
829 3715 1066 3785 ejusdem
1102 3712 1268 3768 fontis
1311 3727 1470 3783 quam
1498 3711 1762 3782 virgatam

160 3807 449 3863 chrman
480 3814 640 3876 pater
676 3805 921 3875 magistri
951 3801 1258 3858 Salomonis
1287 3803 1475 3857 tenuit.

235 3899 315 3960 Ex
347 3898 644 3955 donatione
667 3896 896 3952 Gilbeiti
929 3896 995 3968 de
1034 3895 1212 3950 Monte
1253 3911 1387 3950 χχιιι
1418 3909 1576 3948 acras
1608 3899 1765 3946 terra:

167 3993 219 4046 in
251 3993 530 4048 dominico
574 4007 671 4046 suo
717 3997 1058 4044 mensuratas
1097 4002 1194 4058 per
1240 3987 1500 4057 perticam
1549 3985 1601 4039 in
1641 3984 1766 4038 Sto-

167 4084 358 4156 chinga
399 4084 452 4137 in
488 4090 642 4153 parte
675 4093 866 4134 versus
906 4077 1134 4133 Brake!e
1184 4086 1238 4132 et
1284 4085 1494 4148 pratum
1539 4076 1766 4146 Ringes-

166 4173 313 4237 ham,
347 4181 515 4242 prout
537 4172 725 4228 charta
759 4170 929 4240 ipsius
960 4168 1186 4225 Gilberti
1211 4168 1403 4224 exinde
1431 4167 1568 4222 facta
1594 4167 1768 4222 mani-

168 4263 350 4320 festat.
386 4266 470 4321 Ex
497 4265 636 4320 dono
662 4263 829 4318 lleliae
845 4261 913 4318 de
941 4263 1136 4317 llinton
1162 4270 1376 4332 pratum
1401 4261 1542 4331 quod
1567 4259 1768 4316 dicitur

167 4354 517 4420 llerlesham,
567 4362 621 4410 et
664 4352 809 4409 aliud
845 4361 1060 4421 pratum
1100 4351 1241 4422 quod
1281 4352 1480 4408 dicitur
1507 4350 1760 4409 Ferham.

167 4445 242 4501 Ex
269 4449 415 4504 dono
443 4445 632 4503 Alieize
659 4446 723 4500 de
751 4443 961 4500 Romeli
987 4452 1218 4514 quatuor
1246 4458 1404 4498 acras
1435 4452 1593 4499 terra:
1624 4443 1678 4496 in
1700 4456 1764 4496 ea

1861 1988 2102 2053 intuitu,
2149 1985 2363 2041 dedisse
2405 1993 2460 2039 et
2507 1983 2843 2039 concessisse
2893 1982 3101 2060 dilectis
3146 1981 3357 2035 ﬁliabus
3396 1981 3451 2036 in

1859 2079 2105 2144 Christo,
2148 2077 2472 2133 monialibus
2503 2075 2687 2131 Sancti
2717 2075 2996 2130 Michaelis
3025 2083 3176 2130 extra
3220 2074 3452 2144 burgum

1862 2170 2260 2234 Stauneforde,
2306 2168 2443 2223 duas
2481 2176 2663 2237 partes
2700 2165 2945 2222 ecclesia:
2991 2164 3058 2219 de
3088 2163 3287 2234 Corby,
3334 2178 3454 2234 quae

1862 2266 1928 2320 de
1960 2267 2101 2320 dono
2140 2261 2413 2316 Mathildaa
2444 2262 2510 2317 de
2535 2261 2686 2321 Diva,
2721 2268 2774 2314 et
2809 2259 2877 2314 de
2916 2260 3057 2314 dono
3095 2258 3359 2314 Ascelinm
3389 2257 3455 2311 de

1861 2355 2176 2412 Watervilla
2207 2365 2263 2412 et
2293 2354 2568 2410 ltmredum
2605 2370 2860 2419 suorum;
2894 2354 2957 2408 de
2991 2354 3130 2409 done
3153 2355 3313 2408 etiam
3347 2337 3455 2412 lla-

1863 2450 2040 2504 monis
2078 2448 2282 2511 Peclie,
2323 2448 2393 2501 ad
2425 2447 2662 2516 ipsarum
2691 2444 3004 2499 monialium
3049 2442 3454 2498 advocationem

1863 2539 2181 2609 pertinent:
2218 2539 2493 2592 habendas
2521 2537 2757 2600 eisdem,
2795 2547 2850 2591 et
2895 2535 2948 2588 in
2980 2535 3216 2604 propriis
3265 2532 3453 2588 usibus

1839 2624 1918 2682 "in
1944 2627 2260 2698 perpetuum
2284 2625 2637 2696 possidendas
2667 2642 2680 2678 :
2714 2623 2858 2679 salva
2893 2623 3131 2692 liugonis
3170 2623 3236 2677 de
3258 2623 3457 2678 Osher—

1864 2719 2001 2790 neby
2032 2719 2279 2792 portione
2312 2733 2407 2772 sua
2458 2716 2656 2772 ibidem
2685 2756 2700 2781 ,
2739 2715 2915 2785 quoad
2942 2714 3181 2777 vixerit;
3223 2722 3277 2768 et
3305 2712 3455 2768 salva

1862 2811 2066 2866 vicaria
2098 2817 2378 2879 perpetua,
2407 2824 2529 2863 cum
2561 2822 2750 2862 manso
2791 2803 3142 2876 competenti,
3173 2818 3333 2873 quam
3363 2799 3457 2856 ili-

1865 2901 2034 2956 larius
2062 2899 2373 2970 capellanus
2416 2899 2622 2954 obtinet
2659 2898 2725 2953 de
2752 2897 2910 2952 dictis
2950 2895 3317 2967 portionibus,
3354 2893 3453 2950 sibi

1864 3000 1918 3045 et
1969 2990 2380 3046 successoribus
2422 2990 2534 3044 suis
2580 2989 2846 3043 dictarum
2884 2986 3193 3058 portionum
3238 2983 3456 3038 vicariis

1865 3083 2160 3153 assignata.
2209 3081 2490 3137 Praedictm.
2535 3091 2711 3134 autem
2763 3079 3026 3134 moniales
3063 3076 3244 3133 omnia
3289 3090 3456 3130 onera

1866 3173 2194 3244 episcopalia
2221 3179 2276 3226 et
2303 3170 2782 3226 archidiacouialia
2813 3184 2957 3237 saepe
2982 3168 3156 3223 dictas
3179 3167 3311 3222 duas
3337 3180 3458 3235 par-

1868 3276 1948 3321 tes
1975 3263 2364 3335 contingentia,
2395 3262 2767 3323 sustinebunt,
2800 3259 2966 3314 salvis
2989 3259 3152 3313 etiam
3183 3257 3236 3312 in
3279 3255 3459 3315 omni-

1863 3357 1963 3411 bus
2023 3355 2419 3425 episcopalibus
2475 3350 3006 3414 consuetudinibus,
3061 3347 3458 3410 Lincolniensis

1864 3447 2126 3502 Ecelesize
2170 3447 2436 3518 dignitate
2478 3457 2494 3497 :
2534 3443 2679 3513 quod
2713 3451 2772 3495 ut
2813 3449 3128 3511 perpetuam
3176 3437 3459 3492 obtineant

1865 3538 2176 3592 ﬁrmitatem
2206 3579 2219 3602 ,
2249 3545 2570 3608 praesentem
2602 3533 2848 3588 chartam
2881 3531 3054 3600 sigillo
3080 3541 3268 3585 nostro
3289 3571 3304 3596 ,
3351 3544 3457 3582 una

1864 3644 1988 3686 cum
2014 3628 2188 3699 sigillo
2217 3627 2459 3699 prrcdicti
2489 3624 2711 3696 capituli
2738 3625 2905 3678 nostri
2933 3621 3185 3677 duximus
3215 3619 3460 3675 munien-

1864 3721 2008 3775 dam.
2742 3758 2754 3772 .

1850 3854 1853 3855 ν
1934 3806 2031 3860 llis
2061 3803 2321 3867 testibus,
2367 3802 2662 3857 Willielmo
2707 3799 2948 3863 decano,
2979 3797 3187 3853 Joanne
3216 3811 3459 3867 praecen-

1868 3903 2003 3958 tore,
2045 3902 2151 3948 etc.
2189 3893 2320 3946 Data
2349 3933 2363 3956 ,
2397 3901 2526 3955 etc.,
2559 3892 2610 3946 in
2649 3891 2884 3961 capitulo
2927 3887 3316 3954 Lincolnicnsi,
3359 3903 3458 3943 xm

1866 3984 1984 4040 Kal.
2018 3983 2168 4050 Maii,
2201 3983 2548 4055 pontificatus
2577 3982 2747 4036 nostri
2781 3995 2911 4034 xm.

2613 4093 2698 4148 111.

1866 4207 2064 4264 Charta
2088 4207 2330 4278 Hugonis
2355 4205 2732 4278 Lincolniensis
2755 4205 2982 4278 episcopi
3003 4205 3320 4278 donatorum
3341 4220 3463 4278 corr-

1937 4274 2198 4333 cessionei
2222 4277 2538 4332 monasterio
2571 4279 2632 4332 δ.
2666 4276 2899 4332 Oswaldi
2939 4277 3002 4332 de
3031 4275 3304 4346 Bardeney
3334 4274 3465 4329 reci-

1939 4359 2056 4403 !ans
2083 4358 2130 4402 et
2155 4348 2496 4416 confirmans.
3237 4356 3242 4360 ’

1939 4440 2298 4514 (Monasticon
2329 4439 2562 4510 Anglia,
2595 4447 2724 4494 tom.
2753 4439 2794 4503 1,
2842 4453 2894 4509 p.
2931 4436 3053 4501 850,
3089 4437 3175 4492 ed.
3207 4434 3390 4504 1675.)

167 4547 321 4607 parte
348 4537 585 4594 culturae
614 4536 679 4591 de
712 4533 1111 4599 Werveldiche,
1140 4542 1196 4588 et
1233 4548 1296 4589 ea
1332 4543 1486 4602 parte
1515 4547 1635 4603 qua:
1675 4546 1769 4586 ει·
1799 4539 1846 4600 ι)
1944 4529 2122 4595 Hcco,
2152 4529 2248 4582 Dei
2279 4529 2454 4598 gratia
2487 4527 2881 4581 Lincolniensis
2910 4527 3214 4596 cpiscopus,
3249 4525 3466 4579 univer-

170 4627 409 4682 tcaditur
442 4640 638 4681 versus
668 4624 904 4678 llalsow.

241 4715 324 4770 Ex
357 4717 507 4770 dono
535 4713 757 4767 Thema:
796 4710 952 4767 Sorel
987 4721 1042 4767 et
1077 4710 1315 4766 Simonis
1347 4710 1440 4764 ﬁlii
1484 4710 1602 4780 ejus
1636 4724 1768 4779 qua-

171 4804 481 4862 tuor'aeras
507 4805 559 4860 in
589 4803 903 4867 Siresham;
941 4810 1108 4856 totam
1133 4815 1350 4872 quoque
1377 4812 1576 4856 terram
1606 4816 1769 4871 quam

170 4896 363 4951 habuit
405 4897 462 4952 in
508 4895 758 4963 Eswieh,
799 4893 941 4950 sicut
978 4893 1184 4948 charta:
1229 4895 1550 4949 donatorum
1595 4893 1770 4950 mani-

172 4986 394 5042 l'estant.

240 5076 553 5133 Libertates
580 5077 744 5135 etiam
782 5085 836 5134 et
876 5077 1076 5134 liberas
1104 5076 1524 5133 consuetudines
1567 5073 1773 5148 ιιι-τηιῐί-

179 5169 288 5223 etis
314 5171 581 5226 fratribus
609 5185 918 5238 concessas,
946 5173 1086 5227 sicut
1110 5171 1162 5226 in
1188 5171 1391 5226 chartis
1419 5179 1771 5241 patronorum

174 5260 530 5330 continentur
578 5276 922 5332 expresse...
972 5261 1261 5317 statuimus
1321 5269 1377 5316 et
1429 5260 1774 5332 pratcipitnus

178 5346 566 5425 inviolabiliter
610 5350 909 5408 observari.
961 5351 1032 5408 Ut
1069 5351 1323 5423 igitur....
1369 5349 1686 5405 donationes
1721 5357 1776 5405 et

178 5437 466 5498 libertates
498 5443 813 5500 memoratis
843 5444 1122 5511 fratribus,
1153 5445 1292 5500 sicut
1321 5444 1524 5500 charta:
1549 5445 1775 5499 donato-

181 5542 301 5583 rum
336 5541 610 5588 testantur
637 5547 1042 5603 praeconcessae,
1077 5544 1240 5606 prout
1267 5534 1667 5591 rationabiliter
1695 5534 1775 5590 eis

177 5625 311 5674 ‘sunt
357 5621 519 5676 facta:
546 5663 561 5687 ,
609 5632 883 5694 perpetuac
919 5625 1227 5681 stabilitatis
1267 5627 1546 5682 obtineant
1589 5626 1772 5681 ﬁrma-

185 5721 429 5767 mentum
450 5754 465 5780 ,
499 5724 692 5770 nostra:
735 5711 1161 5775 conﬁrmationis
1192 5719 1396 5775 eisdem
1428 5719 1767 5776 duximus...

185 5817 371 5859 ιιι-6....
419 5805 613 5864 sidiam
643 5817 697 5865 et
728 5810 800 5866 ad
835 5809 1083 5866 notitiam.
1112 5822 1452 5883 posterorum
1497 5827 1660 5884 super
1689 5813 1775 5872 his

1871 4621 1949 4677 sis
1986 4630 2186 4676 sancta:
2216 4619 2404 4673 matris
2433 4618 2690 4673 Ecclesiae
2720 4618 2842 4685 ﬁliis
2870 4619 3120 4672 salutem.

1947 4707 2342 4776 Religiosorum
2380 4706 2620 4760 virorqu
2661 4704 2826 4775 juslis
2869 4705 3216 4774 petitionibus
3255 4690 3487 4772 episco?

1870 4801 2010 4872 palis
2045 4799 2347 4854 auctoritas
2387 4797 2618 4854 sollicite
2644 4797 2803 4852 debet
2837 4795 3151 4865 suﬁ‘ragari,
3203 4810 3269 4848 ne
3302 4793 3465 4847 bene-

1873 4890 1998 4948 ﬁcia
2051 4890 2130 4948 eis
2178 4887 2444 4946 canonice
2499 4887 2694 4945 collata
2734 4885 3142 4956 malignautium
3194 4884 3462 4953 inquieta-

1875 4984 2113 5040 tionibus
2159 4983 2501 5053 aliquatenus
2543 4978 2946 5050 perturbentur,
2993 4983 3086 5030 aut
3137 4975 3464 5043 importunis

1872 5076 2250 5133 vexationibus
2273 5073 2595 5130 alienentur.
2625 5060 2857 5127 Proinde
2881 5069 3092 5125 dilectis
3119 5067 3241 5122 liliis
3265 5065 3466 5122 nostris

1874 5169 2057 5224 abbati
2111 5177 2168 5226 et
2218 5166 2500 5223 monachis
2551 5165 2618 5218 de
2657 5163 2973 5234 Bardcncy,
3029 5161 3082 5216 in
3133 5159 3467 5216 monasterio

1876 5261 1935 5316 S.
1967 5258 2204 5318 Oswaldi
2251 5259 2432 5314 divina
2470 5256 2641 5329 gratia
2675 5253 3048 5331 congregatis,
3085 5269 3274 5331 omnes
3302 5267 3389 5306 res
3412 5259 3468 5305 et

1875 5351 2246 5424 possessiones
2285 5366 2472 5407 eorum
2500 5351 2552 5405 in
2584 5349 2777 5414 terris,
2823 5349 2876 5402 in
2923 5348 3245 5410 hominibus,
3279 5346 3332 5399 iu
3370 5359 3464 5399 cc-

1876 5444 2077 5512 clesiis,
2106 5443 2159 5498 in
2192 5443 2416 5499 decimis
2442 5450 2494 5497 et
2543 5442 2595 5496 in
2630 5441 2844 5496 caeteris
2887 5439 3066 5504 rebus,
3096 5452 3214 5506 qua:
3242 5431 3307 5488 in'
3327 5448 3467 5504 pra:-

1876 5537 2170 5594 scntiarum
2199 5534 2344 5607 iuste
2371 5544 2426 5592 et
2457 5533 2716 5591 canonice
2745 5533 3043 5604 possident,
3072 5538 3127 5584 et
3152 5528 3466 5584 authentica

1876 5632 2077 5701 scripta
2109 5631 2341 5698 habent,
2382 5628 2672 5702 episcopali
2705 5624 3026 5682 auctoritate
3079 5621 3466 5677 conﬁrmamus

1879 5735 1930 5780 et
1961 5725 2246 5796 prmseutis
2276 5725 2460 5795 scripti
2501 5719 2796 5779 munimine
2828 5715 3172 5772 roboramus’.‘
3202 5711 3466 5782 Quzccun-

1879 5831 1986 5886 que
2044 5830 2172 5887 ergo
2204 5814 2475 5871 Gilbcrtus
2523 5815 2590 5869 de
2637 5810 2815 5866 Gaunt
2848 5805 3093 5880 primus,
3145 5814 3198 5864 et
3233 5803 3352 5861 Aliz.
3401 5803 3469 5859 de
