3962 6404
609 357 746 418 1119

609 471 866 528 Muntl‘ort
889 485 1084 541 sponsa
1109 470 1227 540 ejus
1251 486 1375 542 repa
1386 481 1593 530 ratores
1613 471 1822 542 praefati
1848 471 2209 542 monasterii;

604 556 882 620 Walte'rus
917 564 984 617 de
1023 563 1201 619 Gauut
1236 573 1292 618 et
1327 577 1512 620 comes
1550 553 1828 626 Gilbertus'
1864 564 2008 627 ﬁlius
2047 565 2199 638 ejus,

606 670 707 711 nec
737 669 848 710 non
886 662 940 709 et
969 654 1214 710 homines
1256 653 1622 720 feudicorum,
1663 669 1761 724 pro
1786 654 1959 712 salute
1991 655 2209 710 anima:

607 762 726 800 rum
756 760 1002 812 suarum,
1038 743 1187 799 titulo
1213 743 1538 809 donationis,
1571 739 1622 798 iu
1653 744 1998 816 eleemosyua
2017 789 2032 812 ,
2060 761 2200 817 pras—

605 837 752 893 dicto
796 835 1126 894 monasterio
1172 835 1551 898 contulerunt,
1603 837 1743 892 sicut
1773 836 1978 892 chartae
2010 852 2198 892 eorum

606 936 894 994 testantur,
929 927 1096 982 libera
1125 934 1180 981 et
1217 923 1393 980 soluta
1424 927 1492 984 ab
1527 926 1673 981 omni
1723 935 1940 982 terreno
1974 928 2199 983 servitio

603 1029 658 1073 et
687 1020 1034 1088 praestatione
1061 1019 1113 1072 in
1151 1027 1467 1087 perpetuum
1506 1013 1624 1072 fore
1653 1020 2020 1083 decrevimus;
2048 1019 2201 1075 simi-

607 1109 731 1163 liter
757 1125 884 1163 vero
911 1124 1243 1180 quaecunque
1271 1125 1454 1164 comes
1486 1109 1673 1166 Simon
1699 1151 1714 1176 ,
1745 1113 1836 1182 qui
1865 1113 2196 1170 comitissam

604 1199 748 1264 Aliz,
767 1200 926 1254 ﬁliam
941 1200 1154 1256 comitis
1165 1199 1413 1269 Gilherti,
1433 1217 1654 1258 uxorem
1680 1203 2067 1270 duxeral,cum
2089 1205 2200 1259 har-

607 1290 833 1347 reditnte
868 1291 1382 1362 praeuominatorum
1418 1295 1656 1350 virorum
1678 1294 1871 1364 dedit,
1915 1303 1969 1352 et
1994 1296 2198 1352 chartis

605 1379 717 1435 suis
744 1381 1108 1436 conﬁrmavit.

677 1468 802 1525 llaec
831 1481 960 1526 sunt
998 1473 1181 1528 omnia
1216 1475 1616 1543 possessionum
1664 1476 1983 1533 collaturum
2021 1498 2034 1532 :
2068 1479 2200 1534 Bar-

606 1559 798 1633 deney,
823 1572 877 1617 et
904 1564 1156 1636 Osgotebi
1181 1582 1302 1620 cum
1332 1568 1674 1637 pertinentiis
1697 1571 1831 1628 suis.
1855 1571 1912 1625 lu
1942 1571 2196 1643 Stepings

608 1649 809 1708 habent
838 1656 1140 1726 prmscripti
1167 1658 1416 1713 monachi
1443 1670 1680 1728 quatuor
1708 1671 1990 1717 carucatas
2014 1649 2202 1728 terrae,

606 1750 662 1797 et
691 1743 824 1798 duas
863 1745 1118 1812 bovatas,
1151 1758 1206 1804 et
1233 1750 1515 1806 ecclesiam
1543 1753 1609 1807 de
1636 1753 1866 1809 Frisebi.
1899 1754 1955 1809 In
1987 1755 2196 1812 Schen-

607 1830 746 1887 delbi
781 1834 1066 1891 ecclesiam
1097 1835 1158 1892 S.
1190 1837 1356 1900 Petri.
1385 1855 1508 1895 cum
1541 1843 1701 1898 terris
1721 1851 1775 1897 et
1799 1845 2024 1900 decimis
2045 1848 2190 1912 suis;

605 1929 660 1975 et
685 1919 751 1974 ad
778 1933 1020 1980 austrum
1045 1926 1284 1997 ejusdem
1309 1929 1465 1998 villae,
1495 1931 1752 2002 capellam
1782 1933 1988 1990 Sancti.
2008 1934 2193 1993 Jacobi

604 2029 726 2068 cum
766 2013 998 2086 virgulto
1041 2020 1311 2088 proximo,
1340 2030 1396 2076 et
1422 2023 1528 2077 duo
1562 2023 1868 2081 molendina
1911 2025 2192 2095 ejusdem;

604 2114 661 2160 et
685 2114 884 2161 terram
918 2106 1091 2172 Tholi,
1117 2120 1170 2167 et
1195 2114 1474 2169 servitium
1502 2115 1635 2187 ejus,
1662 2127 1718 2173 et
1743 2126 1942 2174 terram
1974 2120 2197 2178 Gunnes

604 2211 726 2252 cum
755 2199 982 2256 servitio
1009 2202 1146 2272 ejus.
1177 2204 1232 2260 lu
1263 2204 1532 2280 Parteuay
1574 2209 1860 2266 ecclesiam
1894 2212 1954 2267 S.
1987 2211 2192 2281 Nicolai

604 2303 726 2342 cum
749 2293 1090 2360 pertinentiis
1117 2297 1252 2360 suis,
1274 2306 1327 2352 et
1350 2299 1609 2370 capellam
1639 2300 1697 2357 S.
1725 2302 1908 2358 Maria:
1929 2305 1979 2358 iu
2007 2306 2195 2362 eadem

605 2377 765 2444 villa,
796 2391 851 2436 et
876 2383 1140 2440 decimam
1174 2388 1464 2444 molendini
1497 2391 1734 2461 ejusdem
1769 2395 1925 2450 villae.
1960 2396 2014 2450 ln
2047 2397 2198 2452 Brai-

608 2466 709 2522 tol’t
732 2469 952 2526 dominii
999 2474 1235 2532 Simonis
1253 2478 1358 2552 tﬁlii
1383 2480 1676 2549 Willielmi,
1719 2494 1886 2542 totam
1905 2488 2193 2554 decimam.

605 2559 664 2616 in
692 2561 868 2628 Crol't.
899 2581 964 2620 ex
998 2568 1138 2625 dono
1163 2569 1393 2642 Philippi
1425 2575 1491 2628 de
1517 2575 1691 2641 Kima,
1713 2578 1812 2633 XX
1840 2581 2078 2636 sextaria
2109 2598 2199 2638 sa-

604 2651 673 2709 lis
701 2668 766 2709 ex
791 2655 1367 2730 redditibus.ejusdem
1401 2663 1557 2720 villae.
1604 2665 1682 2722 Ex
1724 2668 1867 2723 dono
1896 2668 2103 2726 Gatteri
2129 2671 2196 2726 de

605 2740 857 2810 Braitol‘t,
889 2746 936 2802 Χ
967 2764 1126 2805 acras
1153 2751 1332 2820 prati,
1365 2753 1416 2807 in
1449 2755 1722 2812 territorio
1749 2757 1816 2814 de
1851 2757 2083 2814 Friscbi.
2114 2759 2195 2816 Ex

604 2833 746 2891 dono
799 2835 1046 2895 lierberti
1101 2841 1194 2896 ﬁlii
1245 2841 1428 2898 Alardi
1459 2884 1474 2910 ,
1526 2845 1615 2900 XII
1664 2863 1819 2904 acras
1865 2849 2006 2918 prati
2055 2849 2194 2904 ultra

606 2925 854 2983 Scalslet.
889 2927 968 2983 Ex
998 2929 1142 2987 dono
1181 2930 1445 3004 Radulphi
1476 2935 1567 2990 lilii
1594 2936 1850 3004 Gilherti,
1885 2955 1984 3009 pro
2013 2940 2192 2996 anima

605 3014 847 3092 llugouis
889 3019 1074 3076 fratris
1099 3025 1204 3090 sui,
1240 3032 1441 3080 terram
1473 3043 1635 3097 quam
1668 3030 1844 3085 tenuit
1877 3031 1928 3085 in
1961 3031 2191 3098 Frisehi,

603 3116 661 3164 et
686 3125 848 3179 quam
879 3111 1068 3168 habuit
1099 3114 1149 3168 iu
1188 3113 1594 3187 lngaldclmcles
1621 3126 1677 3175 et
1710 3117 1967 3176 Derllctes
2005 3121 2191 3200 Ct'ol't,

603 3202 886 3258 ecclesiam
919 3204 985 3261 de
1016 3206 1291 3278 Stepinge.

674 3289 732 3348 in
758 3293 1012 3351 Waiuﬁet
1039 3312 1198 3352 unam
1231 3297 1481 3354 bovatam
1509 3314 1631 3354 cum
1676 3299 1865 3355 salinis
1889 3303 2195 3371 appendcn-

605 3382 772 3438 tibus.
815 3383 873 3439 lu
919 3383 1148 3442 llaltona
1177 3426 1193 3452 ,
1238 3403 1306 3442 ex
1341 3388 1480 3446 dono
1525 3387 1800 3447 Willielmi
1846 3391 1912 3446 de
1954 3391 2193 3449 Rutnara

603 3477 845 3546 quinque
867 3477 1092 3533 bovatas
1125 3487 1280 3534 terrae
1307 3491 1359 3536 et
1386 3482 1692 3549 dimidiam;
1723 3496 1775 3540 et
1804 3487 2189 3553 molemlinmn,

602 3575 659 3620 et
689 3581 886 3621 nouant
917 3577 1120 3638 partem
1168 3571 1390 3627 alterius
1433 3573 1748 3650 molendini.
1789 3575 1846 3630 lu
1875 3575 2191 3648 llagiordiu-

603 3655 788 3726 gham,
810 3671 878 3710 ex
903 3657 1045 3712 dono
1073 3656 1297 3714 Walteri
1322 3661 1386 3715 de
1411 3659 1608 3727 Gauut,
1639 3679 1734 3718 sex
1761 3663 1982 3719 bovatas
2011 3675 2190 3732 terrm,

602 3754 659 3800 et
693 3745 979 3802 ecclesiam
1011 3749 1250 3820 ejusdem
1288 3751 1453 3816 villae,
1492 3760 1548 3808 et
1585 3768 1652 3807 ex
1696 3754 1836 3808 dono
1870 3753 2094 3810 Gilberti
2125 3755 2192 3814 de

602 3837 784 3894 Gaunt
831 3840 1052 3898 feudutn
1091 3843 1297 3909 militis,
1325 3846 1469 3914 quod
1501 3846 1690 3902 habuit
1726 3847 1779 3901 in
1813 3849 2002 3904 eadem
2041 3847 2187 3904 villa.

602 3930 660 3985 lu
700 3930 900 3987 Lucebi
931 3935 1066 3988 duas
1094 3937 1318 3991 bovatas
1350 3945 1505 3991 terrae
1539 3945 1593 3992 et
1621 3937 1909 3994 ecclesiam
1949 3936 2187 4008 ejusdem

601 4021 741 4075 villa
762 4062 777 4086 ,
821 4039 943 4077 cum
973 4025 1314 4093 pertinentiis
1344 4027 1494 4091 suis;
1533 4038 1586 4083 et
1633 4030 1968 4086 mansionem
2001 4023 2186 4096 unam,

602 4122 658 4168 et
683 4114 1050 4170 molendinum
1081 4134 1244 4172 unum
1277 4121 1328 4173 in
1358 4121 1631 4176 territorio
1660 4122 1898 4190 ejusdem
1933 4122 2105 4186 villae;
2134 4133 2190 4179 et

586 4209 764 4260 “etiam
811 4205 1056 4260 bovatatn
1105 4208 1155 4262 in
1205 4197 1490 4276 Wincebi,
1536 4221 1594 4265 et
1633 4211 1981 4267 Tonnecroft.
2026 4213 2187 4268 Juxta

605 4295 805 4367 Lyme.
853 4311 919 4352 ex
955 4297 1097 4351 dono
1143 4299 1406 4370 Rauulphi
1440 4303 1672 4358 comitis.
1710 4303 1934 4358 Cestria:
1979 4305 2182 4360 molen-

602 4387 786 4443 diuum
819 4387 889 4443 de
923 4387 1256 4458 Bradewad,
1301 4399 1356 4447 et
1385 4407 1546 4447 unam
1592 4409 1832 4449 marcam
1880 4397 2090 4467 argenti
2120 4398 2187 4454 de

601 4477 810 4536 redditu
856 4481 1148 4538 meleudiui
1189 4484 1259 4540 de
1290 4483 1666 4556 Bracebrigge.
1713 4486 2076 4544 Moleudiuum
2119 4490 2185 4546 de

602 4573 896 4630 Strattoue.
952 4575 1312 4646 Edlingtoue.
1351 4592 1474 4632 cum
1523 4578 1790 4634 universis
1843 4581 2182 4649 pertinentiis

599 4667 736 4727 suis.
765 4667 838 4722 Ex
863 4667 1004 4722 dono
1028 4668 1244 4724 comitis
1269 4668 1497 4724 Gilberti
1521 4671 1737 4726 tertiam
1761 4682 1969 4744 partem
1992 4672 2183 4728 Battu-

599 4758 752 4826 burki
777 4799 792 4822 ,
824 4767 882 4812 et
927 4758 1292 4815 molendinum
1319 4759 1560 4830 ejusdem
1593 4761 1750 4818 villae.
1793 4762 2090 4818 Ecclesiam
2114 4764 2182 4820 de

599 4849 868 4904 Sotteberi
893 4885 918 4914 ,-
958 4865 1098 4906 cum.
1124 4851 1284 4908 terris
1327 4859 1383 4907 et
1429 4851 1653 4909 decimis
1698 4852 1832 4908 suis.
1879 4852 2179 4908 Ecclesiam

598 4938 657 4992 8.
701 4938 890 4995 llilarii
932 4940 1000 4996 de
1035 4941 1503 5013 Sprideliugtona,
1536 4957 1656 4997 cum
1681 4941 1907 4997 decimis
1944 4943 2074 4999 suis.
2124 4943 2178 5022 lu

585 5015 834 5085 'Burtona
871 5042 984 5088 tres
1026 5043 1318 5090 carucatas
1365 5034 1543 5090 terrae.
1588 5033 1644 5088 lu
1692 5033 2022 5090 Schamtoua
2055 5019 2179 5092 cum

593 5120 770 5184 terris.
807 5131 861 5175 et
901 5123 1126 5179 decimis
1165 5125 1298 5181 suis.
1349 5125 1404 5181 lu
1453 5125 1806 5196 Edelingtona
1849 5125 2134 5184 ecclesiam
2159 5166 2178 5196 ,

595 5227 719 5268 cutn
751 5213 1002 5268 omnibus
1035 5216 1374 5283 pertinentiis
1401 5216 1532 5274 suis.

666 5305 742 5361 Ex
785 5304 928 5362 dono
955 5305 1174 5362 Roherti
1219 5309 1504 5366 Marmiren
1536 5311 1826 5384 Buteyalte,
1853 5327 1976 5368 cum
2003 5309 2179 5368 omni-

595 5399 696 5453 hus
731 5396 1075 5467 pertinentiis
1107 5398 1242 5462 suis.
1289 5399 1344 5454 In
1389 5400 1622 5457 Bartoua
1648 5402 1953 5476 ecclesiam
2000 5400 2176 5458 sancti

571 5487 763 5553 .l’etri,
807 5503 932 5544 cum
975 5486 1179 5560 capella
1213 5489 1454 5546 omnium
1485 5502 1795 5548 saucuirum
1821 5533 1838 5558 ,
1869 5508 1993 5549 cum
2018 5493 2178 5549 terris

590 5585 647 5630 et
683 5576 907 5633 decimis
949 5578 1094 5642 suis,
1141 5586 1194 5634 et
1236 5579 1489 5634 omnibus
1518 5581 1857 5650 pertinentiis
1886 5601 1901 5638 :
1933 5593 1991 5638 et
2029 5582 2178 5639 deci-

569 5683 738 5737 _mam
774 5658 1201 5736 molendiuorum
1229 5669 1470 5742 ejusdem
1498 5671 1658 5726 villae.
1687 5672 1754 5728 Et
1785 5687 1852 5728 ex
1890 5674 2028 5730 dono
2056 5673 2173 5730 Gil-

593 5757 732 5817 bet'ti
762 5761 972 5818 comitis
1013 5775 1175 5820 uuam
1216 5765 1461 5821 bovatam
1508 5773 1663 5821 ιριτω
1703 5767 2011 5838 proauima
2044 5765 2175 5822 Secr

1499 358 1558 418 3.
1597 357 1900 418 HUGONIS
1934 359 2144 418 EPISC.
2183 357 2496 442 LINCOLN.
2531 359 2691 418 0RD.
2733 361 2987 422 CARTII.

2225 475 2277 538 Α
2304 471 2373 534 de
2391 473 2432 527 Α
2443 473 2582 530 rcels
2609 492 2630 530 ε’
2647 483 2703 552 et
2721 475 2790 553 ad
2809 483 3054 551 austrum
3071 474 3310 556 ejusdem
3331 480 3457 561 villa
3477 493 3637 558 ten-am
3652 508 3759 563 quam

2301 563 2448 620 dedit
2475 567 2754 634 monachis
2780 567 3161 627 iuexcambio.
3188 570 3240 626 In
3285 571 3560 634 Horkestou
3575 582 3760 644 deciate

2301 653 2546 708 dominii.
2591 653 2650 708 ln
2683 653 2861 723 Torpe
2892 665 3060 711 totam
3092 658 3350 717 decimam
3375 664 3586 724 dominii.
3621 670 3662 726 lu
3683 654 3764 732 Fol-

2300 743 2557 814 ltiugham
2583 746 2868 804 ecclesiam
2892 762 3022 804 cum
3044 751 3208 810 terris
3229 762 3286 808 et
3308 754 3512 814 decimis
3529 761 3637 818 suis.

2372 832 2454 887 Ex
2479 834 2618 890 dono
2650 835 2860 894 Erherti
2890 837 2958 894 de
2982 837 3163 895 Gaunt
3191 842 3462 902 ecclesiam
3491 848 3548 903 de
3580 831 3763 918 lrnbatn,

2301 939 2424 980 cum
2459 925 2616 980 terris
2650 936 2705 982 et
2732 927 2956 990 decimis
2985 930 3122 986 suis.
3159 930 3219 986 lu
3259 932 3543 992 Afwardebi
3562 939 3666 998 duas
3686 958 3766 1014 par-

2303 1026 2382 1072 tes
2411 1016 2634 1072 decima:
2673 1019 2897 1097 domini.
2938 1019 2996 1075 lu
3021 1020 3248 1093 Wilegbi
3280 1024 3406 1082 ditas
3431 1040 3581 1092 partes
3608 1034 3766 1090 domitu

2301 1108 2356 1162 lu
2389 1109 2657 1165 Staunton
2689 1119 2859 1165 totam
2893 1112 3158 1168 decimam
3191 1115 3429 1172 dominii.
3462 1120 3510 1175 lu
3539 1121 3693 1198 Sum]
3717 1137 3768 1181 to-

2302 1205 2410 1253 tam
2449 1210 2650 1257 terram
2689 1218 2810 1273 quae
2851 1203 2954 1281 fuit
2992 1203 3173 1262 lvonis
3199 1207 3292 1263 lilii
3336 1209 3652 1281 Schardman,
3683 1235 3764 1273 cum

2299 1297 2508 1344 cssarto
2553 1305 2680 1356 suo;
2725 1299 2779 1348 et
2822 1279 3091 1352 essartum
3131 1295 3399 1370 Willielmi
3429 1299 3510 1354 ﬁlii
3545 1279 3765 1362 uictum.

2302 1378 2579 1435 territorio
2607 1381 2856 1451 ejusdem
2887 1383 3028 1438 villa:
3047 1422 3065 1450 ,
3103 1395 3157 1441 et
3192 1397 3452 1443 essartum
3481 1390 3688 1449 Willelmi
3712 1397 3766 1450 Bi-

2298 1477 2424 1539 θοι,
2471 1484 2593 1524 cum
2626 1479 2770 1527 terra
2801 1468 3024 1543 Gippoll‘
3061 1475 3114 1531 in
3157 1477 3344 1533 eadem
3369 1479 3506 1534 villa.
3540 1481 3586 1536 lu
3611 1482 3764 1540 Suttoat

2298 1558 2572 1615 dimidiam
2601 1555 2914 1617 carucatam
2947 1573 3106 1620 terra:
3156 1582 3281 1622 cum
3343 1571 3553 1639 pastoris
3587 1583 3630 1628 et
3655 1578 3766 1643 pratis

2297 1643 2699 1715 adjacentibus,
2749 1659 2806 1704 et
2835 1660 2993 1720 prato
3043 1653 3096 1708 in
3144 1656 3418 1712 territorio
3459 1661 3516 1716 de
3551 1660 3701 1716 llotolt.
3729 1664 3764 1718 ln

2298 1736 2569 1807 Scruhbi,
2625 1741 2761 1798 duas
2809 1742 3033 1801 bovatas
3067 1755 3123 1801 et
3147 1747 3441 1808 dimidiam.
3483 1750 3534 1806 ln
3570 1752 3765 1825 ii'detorpe

2226 1816 2268 1876 Β
2297 1848 2457 1887 uuam
2493 1834 2739 1890 bovalam
2773 1846 2959 1904 teme;
3013 1847 3068 1894 et
3097 1839 3298 1896 Thuait
3328 1857 3443 1897 cum
3472 1853 3591 1898 terra
3627 1816 3765 1914 appea-

2297 1923 2494 1991 dente,
2545 1935 2599 1982 et
2645 1926 3010 1985 molendinum
3060 1929 3127 1988 de
3195 1932 3454 1990 Wlierne.
3504 1933 3767 1992 liertelbolue

2297 2029 2418 2069 cum
2443 2018 2601 2072 terris
2628 2026 2682 2073 et
2707 2019 3022 2076 redditibus.
3048 2021 3347 2078 Ecclesiam
3369 2025 3432 2080 de
3456 2024 3670 2080 Bulthalm
3689 2042 3767 2080 cum

2297 2107 2630 2175 appemliciis
2662 2108 2798 2164 suis.
2842 2109 2896 2166 In
2924 2108 3254 2183 Bracebrige
3277 2153 3292 2178 ,
3327 2128 3392 2169 ex
3421 2115 3560 2169 domo
3580 2113 3768 2170 Willielmi

2301 2193 2394 2249 ﬁlii
2422 2194 2653 2252 Walteri
2683 2194 3080 2265 Winterhard,
3118 2217 3289 2257 uuam
3332 2203 3558 2259 bovatam
3583 2214 3708 2259 terra.
3733 2205 3768 2258 In

2300 2287 2630 2361 Edelesberg
2657 2290 2944 2347 ecclesiam
2975 2307 3096 2347 cum
3126 2295 3461 2362 pertinentiis
3483 2297 3594 2352 suis.
3623 2296 3666 2352 lu
3687 2296 3768 2352 lhle

2295 2377 2578 2435 ecclesiam
2602 2396 2722 2436 eum
2748 2383 3088 2452 pertinentiis
3112 2385 3247 2441 suis.
3286 2386 3340 2442 lu
3365 2387 3626 2460 llekiugtou
3643 2388 3761 2443 eccle-

2297 2469 2430 2524 siam
2459 2487 2583 2525 cum
2606 2473 2948 2543 pertinentiis
2973 2477 3104 2532 suis.

2367 2557 2764 2616 Prtenomiuata
2812 2563 2996 2634 itaque
3043 2566 3224 2621 omnia
3292 2583 3409 2639 qua:
3455 2571 3768 2638 predecessor:

2298 2649 2469 2703 nostri
2501 2650 2582 2706 eis
2611 2653 3008 2710 rationabiliter
3036 2656 3508 2726 conﬁrmaverunt,
3543 2675 3642 2715 cum
3663 2657 3769 2712 liber-

2300 2739 2498 2796 tatibus
2527 2752 2581 2798 et
2609 2746 3092 2804 consuetudinibus
3125 2759 3178 2804 et
3212 2749 3771 2814 immunitatibussuis,si-

2296 2841 2386 2887 cut
2431 2834 2762 2890 munimenta
2806 2853 2995 2892 eorum
3048 2849 3358 2910 testantur,
3403 2843 3496 2898 sub
3534 2843 3772 2913 protectiout

2298 2932 2484 2977 nostra
2515 2924 2867 2996 suscipimus,
2901 2928 3184 2984 tuitionem
3212 2931 3614 2988 ecclesiasticam
3639 2932 3774 3000 impen-

2297 3014 2518 3082 dentes;
2558 3017 2726 3074 salvis
2759 3020 2811 3074 iu
2841 3022 3094 3078 omnibus
3111 3023 3502 3095 episcopalibus
3526 3019 3775 3079 consuetudia

2302 3107 2464 3163 nibus
2487 3149 2503 3176 ,
2538 3118 2592 3164 et
2631 3109 3023 3169 Liucolniensis
3057 3111 3318 3183 Ecclesia}
3353 3117 3673 3188 dignitatibus.
3716 3113 3774 3178 llis,

2205 3201 2267 3233 -“
2301 3201 2551 3279 testibus,
2581 3201 2824 3260 llomone
2861 3208 3064 3264 decano
3093 3206 3406 3278 Lincolnius,
3434 3209 3674 3266 Willielmo
3694 3205 3774 3261 sub-

2295 3290 2523 3361 decauo,
2553 3295 2813 3368 magistro
2839 3296 3137 3370 Stephano,
3169 3311 3281 3357 etc.

3041 3387 3129 3444 IV.

2295 3479 2931 3572 Charitecortﬁrmationis
2959 3499 3310 3558 donatiouum
3335 3519 3424 3570 per
3447 3501 3674 3572 [lugeam
3695 3497 3776 3572 Lil-

2365 3563 2675 3639 eolniensem
2707 3569 3005 3639 episcopum
3037 3587 3133 3639 pro
3170 3563 3391 3626 ecclesia
3435 3563 3594 3627 Sau'cti
3624 3570 3776 3624 Andrei!

2367 3630 2824 3705 Norlha'ttptoitw.

2293 3742 2607 3815 (.llonastic.
2636 3748 2829 3819 Λυσι..
2859 3761 2899 3805 ι.
2932 3749 2984 3816 l,
3015 3769 3068 3822 p.
3101 3754 3230 3820 est,
3261 3757 3396 3811 edit.
3424 3756 3548 3812 tot;
3572 3765 3618 3810 et
3641 3752 3773 3830 usa.)

2362 3836 2625 3894 Omnibus
2666 3838 2864 3896 Christi
2904 3843 3150 3900 ﬁJelihus
3197 3848 3265 3922 ad
3295 3863 3432 3918 quos
3457 3862 3660 3918 praesens
3689 3841 3778 3898 scri-

2291 3939 2441 4001 ptutn
2493 3933 2847 4001 pervenerit,
2907 3931 3060 3991 liceo
3111 3937 3203 3993 Dei
3252 3941 3428 4010 gratia
3479 3933 3778 3992 Liucolniensis

2289 4021 2601 4094 episcopus.
2634 4025 2861 4083 salutem
2893 4026 2946 4080 in
2980 4027 3228 4094 Domino.

2362 4111 2614 4169 Nostrum
2670 4125 2755 4171 est
2793 4115 2959 4186 justis
3013 4120 3366 4189 petitionibus
3417 4109 3708 4191 acquiescere
3739 4122 3773 4166 et

2288 4203 2546 4274 quidquid
2569 4219 2858 4277 possumus
2895 4210 3081 4264 auxilii
3114 4210 3240 4266 ﬁliis
3266 4223 3464 4268 saneta:
3482 4209 3690 4266 Ecclesia
3710 4205 3775 4261 iur

2288 4292 2507 4362 pertiri;
2548 4295 2688 4350 unde
2726 4303 2780 4349 et
2826 4295 3090 4356 fratribus
3120 4301 3321 4361 nostris
3363 4300 3621 4357 monachis
3645 4294 3778 4351 Eccle-

2287 4384 2383 4438 si:e
2421 4385 2606 4441 Sancti
2647 4389 2878 4444 Andrea:
2901 4390 2967 4445 de
3009 4388 3400 4464 Northampton
3429 4391 3625 4464 Speciali
3649 4397 3776 4444 aucto-

2214 4485 2264 4547 D
2291 4476 2451 4533 ritate
2513 4493 2619 4548 qua
2668 4479 2939 4554 fungimur
2983 4481 3391 4554 conﬁrmamus,
3435 4484 3620 4540 scilicet
3659 4476 3778 4534 eccle-

2285 4567 2424 4622 siam
2475 4568 2734 4626 Omnium
2776 4565 3102 4628 Sanctorum
3142 4575 3209 4630 tle
3243 4573 3667 4645 Nortbamptoua,
3695 4583 3775 4623 cum

2281 4670 2532 4726 omnibus
2587 4673 2929 4742 pertinentiis
2988 4676 3136 4742 suis;
3199 4685 3257 4732 et
3313 4677 3588 4733 ecclesiam
3645 4666 3775 4724 Sancti

2283 4752 2484 4825 Egidii
2515 4771 2636 4811 cum
2675 4759 2926 4814 omnibus
2953 4760 3296 4830 pertinentiis
3315 4761 3460 4826 suis;
3498 4769 3546 4813 et
3569 4753 3774 4816 ectltsiaw

2283 4844 2467 4902 Sancti
2502 4846 2779 4905 Michaelis
2810 4865 2934 4905 cum
2965 4852 3218 4908 omnibus
3255 4851 3580 4922 pertinentiis
3603 4847 3714 4922 suis;
3741 4849 3775 4894 εί

2285 4937 2576 4994 ecclesiam
2609 4939 2799 4996 Sancti
2831 4929 3270 5012 Sepulchri’cum
3301 4944 3542 4998 omnibus
3572 4939 3774 5012 pertint?

2285 5029 2374 5086 tiis
2407 5031 2554 5097 suis;
2585 5040 2640 5086 et
2665 5033 2952 5089 ecclesiam
2984 5033 3199 5090 Sancta:
3227 5035 3410 5091 Maria:
3443 5049 3557 5090 cum
3591 5025 3775 5086 omnii!us

2280 5121 2619 5192 pertinentiis
2644 5125 2789 5190 suis;
2828 5133 2884 5178 et
2928 5124 3215 5180 ecclesiam
3243 5125 3429 5182 Sancti
3461 5117 3773 5212 Gregoriifuli

2278 5211 2530 5268 omnibus
2551 5213 2893 5284 pertinentiis
2918 5215 3055 5282 suis,
3091 5225 3146 5272 et
3170 5216 3454 5274 ecclesiam
3483 5211 3650 5270 Sancti
3675 5207 3773 5261 Petri

2279 5319 2402 5360 cum
2432 5305 2688 5363 omnibus
2717 5307 3063 5378 pertinentiis
3091 5309 3207 5366 suis
3227 5349 3244 5377 ,
3279 5310 3489 5382 scilicet
3527 5320 3630 5362 cum
3653 5297 3775 5358 escit.~

2278 5397 2358 5454 sia
2384 5397 2450 5453 de
2474 5396 2657 5470 Thorp
2680 5407 2737 5455 et
2763 5399 2968 5474 capella
2994 5400 3061 5456 de
3098 5400 3270 5479 Upton
3299 5417 3422 5456 cum
3453 5397 3674 5455 omnibus
3691 5388 3776 5443 aliis

2278 5489 2620 5561 pertinentiis
2647 5490 2789 5557 suis;
2830 5501 2886 5546 et
2912 5491 3396 5569 eccleslatusaucti
3430 5486 3661 5546 Edmundi
3691 5490 3775 5534 tum

2276 5583 2528 5645 omnibus
2565 5582 2908 5654 pertinentiis
2937 5583 3079 5650 suis;
3121 5594 3178 5641 et
3200 5576 3664 5654 ecclesiam‘Sancti
3688 5572 3773 5625 Bar-

2281 5675 2534 5732 tbolomei
2565 5692 2686 5732 cum
2709 5677 2962 5733 omnibus
2987 5678 3328 5746 pertinentiis
3356 5675 3488 5741 suis,
3514 5683 3564 5730 et
3579 5664 3770 5738 calleuam

2279 5766 2466 5825 Sancti
2491 5766 2710 5824 Tbumte
2758 5781 2881 5825 cum
2911 5767 3166 5825 omnibus
3215 5765 3546 5840 pertinentiis
3587 5759 3704 5816 suis:
3738 5755 3769 5802 εί
