3976 6292
254 308 313 365 Μ
323 306 387 363 ει

1671 295 2089 362 υιριοωιτλ,

3387 302 3533 367 lli!

252 422 540 481 ecclesiam
578 420 645 475 de
681 416 835 490 llyall
862 430 989 473 cum
1022 413 1286 472 omnibus
1322 413 1669 483 pertinentiis
1700 415 1847 478 suis;
1879 417 2072 481 Astra
2114 410 2382 471 Samsone
2423 407 2492 462 de
2539 404 2838 477 Bereheby,
2887 411 3169 493 magistro.
3192 410 3430 484 Roberto
3466 418 3534 473 de

249 523 307 573 et
354 512 647 570 ecclesiam
698 512 768 566 de
814 509 984 565 Erton
1024 522 1149 565 cum
1178 505 1451 573 omnibus
1494 506 1840 575 pertinentiis

247 609 391 671 suis;
433 615 492 661 et
522 602 812 660 ecclesiam
840 602 909 656 de
949 599 1246 656 Newenton
1277 613 1399 653 eum
1427 598 1681 653 omnibus
1716 611 1837 666 per-

242 697 499 754 tinentiis
539 699 685 761 suis;
726 704 782 749 et
816 691 1200 748 ecclesiantde
1250 689 1431 762 Syvell
1484 705 1608 744 ctnn
1664 689 1838 749 omni-

244 790 353 844 bus
374 784 723 858 pertineutiis
762 783 912 847 suis;
954 794 1009 838 et
1037 780 1329 838 ecclesiam
1369 781 1437 836 de
1466 780 1670 837 Multon
1711 794 1835 847 cum

246 880 502 935 omnibus
548 876 892 948 pertinentiis
951 875 1099 936 suis;
1153 883 1206 929 et
1234 873 1521 930 ecclesiam
1557 874 1626 928 de
1659 873 1834 928 Brau-

242 971 393 1026 felde
439 985 565 1025 cum
606 968 858 1023 omnibus
900 964 1242 1037 pertinentiis
1269 965 1426 1028 suis;
1468 973 1523 1019 et
1550 965 1835 1020 ecclesiam

245 1063 312 1116 de
342 1060 570 1117 Prestou
594 1062 597 1065 ’
620 1072 743 1115 cum
769 1059 1021 1113 omnibus
1045 1056 1388 1127 pertinentiis
1408 1057 1552 1121 suis;
1589 1066 1644 1110 et
1664 1055 1834 1111 cccle-

246 1152 385 1205 siam
415 1152 483 1205 de
511 1149 734 1220 Byllyng
761 1164 887 1204 cum
928 1149 1183 1203 omnibus
1221 1145 1568 1215 pertinentiis
1597 1145 1742 1207 suis;
1782 1153 1837 1199 et

244 1236 535 1297 ecclesiam
592 1242 658 1297 de
709 1241 937 1295 llawton
994 1253 1123 1295 cum
1180 1236 1441 1295 omnibus
1493 1235 1837 1303 pertinentiis

243 1334 398 1398 suis;
428 1342 485 1388 et
524 1332 811 1389 ecclesiam
843 1329 911 1386 de
950 1327 1197 1383 Nueuton
1233 1342 1357 1382 eum
1385 1324 1641 1381 omnibus
1664 1324 1835 1395 perii.

242 1422 449 1477 neutiis
487 1423 628 1483 suis;
675 1418 1064 1477 etecclesiam
1107 1416 1176 1471 de
1207 1414 1657 1487 Hartlyngystorn
1709 1428 1831 1469 cum

243 1514 501 1569 omnibus
522 1510 859 1583 pertinentiis
888 1510 1030 1575 suis;
1055 1516 1111 1564 et
1128 1505 1415 1565 ecclesiam
1431 1505 1500 1562 de
1516 1504 1834 1578 Stotysbury

242 1619 371 1658 cum
392 1605 646 1659 omnibus
668 1599 1011 1674 pertinentiis
1041 1598 1184 1661 suis;
1220 1605 1276 1653 et
1298 1595 1580 1653 ecclesiam
1611 1597 1680 1651 de
1708 1595 1827 1651 Sul-

243 1710 413 1766 grave
435 1710 561 1751 cum
587 1694 843 1750 omnibus
877 1689 1220 1761 pertinentiis
1249 1688 1381 1755 suis,
1412 1697 1467 1743 et
1492 1689 1626 1743 duas
1654 1697 1835 1760 partes

1942 501 2177 568 Mallum,
2210 499 2477 571 magistro
2506 497 2742 554 lloherto
2769 496 3066 555 Grosteste.

2710 611 2779 668 ν.

1938 700 2285 774 Couﬁmatio
2323 703 2565 776 [lagonis
2833 701 3218 769 Lincolniensis
3240 706 3305 760 de
3344 658 3527 763 Eccle-

2483 776 2564 830 sia
2601 776 2667 829 de
2701 773 2978 830 Waldene.
3082 822 3093 830 .

2080 866 2340 925 (Μοηαει.
2369 867 2563 937 Angl.,.
2588 877 2720 922 tom.
2748 866 2793 932 l,
2819 881 2870 937 p.
2905 866 3033 932 εις),
3051 866 3182 923 edit.
3206 854 3388 938 l675.)

2008 959 2274 1015 Omnibus
2315 959 2522 1014 Christi
2557 957 2805 1015 ﬁdelibus
2839 957 2910 1013 ad
2935 973 3072 1028 quos
3101 974 3345 1027 prmsens
3389 960 3526 1014 scri-

1935 1060 2087 1123 ptum
2112 1052 2445 1125 pervenerit,
2476 1050 2627 1107 lluco
2655 1050 2750 1107 Dei
2777 1050 2951 1122 gratia
2982 1049 3381 1123 Liucolnieusis
3410 1052 3527 1125 epi-

1936 1156 2156 1209 scopus,
2188 1140 2417 1196 salutem
2439 1141 2495 1195 in
2522 1142 2771 1197 Domino.

2006 1231 2235 1287 Noverit
2284 1232 2615 1288 universitas
2661 1241 2846 1289 vestra
2900 1247 3005 1287 nos
3055 1233 3275 1302 pietatis
3324 1232 3521 1288 intuitu

1934 1322 2273 1385 caucessisse
2297 1329 2354 1375 et
2392 1321 2644 1393 praesenti
2705 1324 2893 1389 charta
2945 1322 3304 1389 couﬁrutasse
3358 1339 3524 1380 cauu-

1936 1417 2073 1479 nicis
2098 1414 2309 1473 ordinis
2329 1415 2397 1470 de
2423 1413 2827 1485 Setuplingham
2881 1415 3022 1484 apud
3053 1414 3276 1481 Malton,
3301 1414 3522 1471 domino

1933 1507 2318 1573 servientibus.
2357 1503 2643 1577 ecclesiam
2685 1506 2752 1560 de
2780 1503 3061 1571 \Valdene,
3094 1523 3218 1562 cunt
3249 1506 3522 1577 pertinen-

1936 1599 2026 1655 tiis
2048 1598 2163 1655 suis
2191 1598 2247 1653 in
2280 1607 2628 1670 perpetuum,
2674 1595 2816 1663 sicut
2857 1599 2938 1650 eis
2982 1598 3378 1673 rationabiliter
3407 1596 3523 1651 col-

1933 1688 2039 1746 lata
2066 1700 2154 1745 est
2172 1705 2241 1745 ex
2271 1691 2415 1745 dono
2438 1687 2664 1744 Walteri
2687 1689 2752 1743 de
2772 1686 2960 1742 Nevile
2989 1696 3044 1741 et
3086 1688 3243 1753 Alani
3274 1690 3520 1758 Ayruun,

241 1787 470 1842 decima:
502 1788 667 1843 totius
685 1784 1065 1843 decimationis
1091 1781 1316 1837 dominii
1336 1781 1555 1838 comitis
1584 1780 1752 1837 David
1778 1782 1831 1837 in
1866 1775 1908 1832 Β
1933 1784 2197 1855 ejusdem
2222 1784 2468 1840 ecclesia:
2522 1790 2833 1859 patronum,
2891 1780 3061 1835 salvis
3125 1779 3522 1852 episcopalibus

247 1877 512 1943 Yordele,
560 1887 618 1933 et
664 1877 717 1933 in
754 1875 1032 1941 Bartone,
1078 1884 1134 1929 et
1179 1872 1233 1927 in
1268 1872 1659 1945 Dodyngtonne
1684 1876 1835 1929 etde

240 1967 625 2040 Haryngwith.
665 1966 731 2022 Et
767 1966 982 2023 tertiam
1026 1972 1236 2035 partem
1280 1962 1445 2017 totius
1481 1962 1705 2018 decimae
1734 1961 1835 2019 d0-

242 2060 399 2116 miuii
424 2058 640 2116 comitis
669 2058 833 2113 David
864 2057 917 2112 iu
960 2054 1332 2127 Fodryngeya.
1372 2054 1440 2109 Et
1467 2054 1836 2124 tertiampar-

245 2164 355 2209 tem
385 2154 550 2210 totius
574 2152 798 2209 decimre
823 2149 1051 2218 dominii
1080 2149 1149 2205 de
1173 2149 1429 2206 Dverton.
1460 2146 1528 2203 Et
1546 2149 1681 2204 duas
1703 2163 1832 2221 par-

246 2256 331 2302 tes
364 2255 532 2303 totius
557 2244 780 2302 decima:
806 2242 1032 2299 dominii
1061 2241 1128 2297 de
1159 2240 1409 2312 Styvede.
1436 2239 1504 2295 Et
1533 2241 1721 2312 viginti
1746 2257 1836 2298 so-

243 2338 383 2394 lidos
412 2338 481 2394 de
516 2337 840 2395 molendinis
867 2336 936 2392 de
967 2334 1172 2392 Parton
1217 2333 1287 2389 ad
1323 2334 1508 2389 vinum
1539 2335 1830 2389 emendum

242 2429 313 2482 ad
360 2429 576 2484 missas.
625 2428 693 2483 Et
740 2428 809 2483 de
838 2427 1000 2483 horto
1044 2424 1261 2482 comitis
1308 2424 1476 2480 David
1513 2424 1567 2478 in
1597 2425 1831 2481 Bertona

244 2530 361 2576 tres
387 2535 630 2576 summas
656 2519 913 2577 frumenti
937 2519 1007 2576 ad
1032 2517 1244 2575 oblatas
1266 2516 1563 2573 faciendas.
1601 2517 1668 2572 Et
1697 2517 1833 2574 duas

245 2623 433 2679 partes
464 2612 627 2669 totius
648 2611 875 2667 decimas
900 2609 1126 2667 dominii
1148 2609 1219 2665 de
1251 2608 1573 2664 Wllastona.
1598 2608 1662 2664 Et
1698 2608 1832 2665 duas

243 2713 432 2773 ptrtes
472 2703 696 2760 decima:
739 2703 961 2760 dominii
1008 2702 1237 2759 Walteri
1291 2702 1385 2759 ﬁlii
1430 2701 1731 2758 Winemeri
1774 2702 1829 2757 in

244 2794 452 2863 'l'hrop.
486 2794 556 2849 Et
575 2793 715 2853 duas
736 2802 919 2866 partes
946 2794 1171 2859 decima:
1193 2792 1416 2850 dominii
1443 2792 1671 2850 Walteri
1693 2808 1831 2871 pra?
1908 2852 1915 2859 ,

1908 2892 2125 2949 collata
2141 2892 2504 2961 suut,ahsque
2514 2888 2927 2961 perturbatione
2946 2888 3351 2958 possideantur.
3373 2892 3527 2961 prio-

240 2887 377 2943 dicti
420 2887 472 2942 in
524 2886 772 2944 Wuston.
822 2887 892 2943 Et
937 2887 1074 2942 duas
1119 2895 1305 2956 partes
1351 2885 1577 2942 decima
1604 2885 1828 2941 dominii

242 2980 484 3035 Achardi
508 2979 576 3035 de
605 2980 877 3050 Sproxton
902 2977 955 3034 in
982 2976 1274 3048 Sproxton,
1315 2986 1370 3033 et
1393 2975 1445 3032 in
1471 2975 1735 3048 Wytbyu,
1773 2984 1829 3031 et

243 3070 299 3145 in
337 3068 638 3126 Strattona.
672 3068 741 3125 Et
784 3068 919 3125 duas
943 3076 1122 3137 partes
1160 3066 1325 3123 totius
1348 3065 1573 3121 decimas
1605 3065 1825 3121 dominii

1852 3112 1899 3177 C

1935 1862 2437 1949 consuetudinibus,
2490 1882 2547 1928 et
2580 1871 2981 1929 Liucoluiensis
3033 1871 3291 1929 Ecclesiae
3340 1872 3522 1941 digni-

1938 1976 2069 2023 tate.
2101 1965 2197 2022 llis
2218 1965 2468 2031 testibus,
2498 1974 2607 2021 etc.

2690 2073 2777 2130 Vl.

1935 2184 2282 2255 Conﬁrmatio
2340 2187 2513 2242 sancti
2571 2180 2814 2255 "ligonis
2862 2183 3243 2255 Lincolnicnsis
3298 2184 3525 2252 episcopi

2000 2254 2344 2312 ecclesiarum
2381 2259 2447 2311 de
2491 2254 2822 2325 Tltorneberg
2848 2265 2898 2310 et
2937 2254 3210 2323 Dodeford
3250 2257 3524 2309 monachis

2004 2326 2350 2396 Lu/feldensis
2380 2326 2706 2383 monasterii.

2039 2436 2397 2505 (Monssticon
2420 2436 2605 2506 Angl..
2630 2445 2764 2491 tom.
2782 2436 2822 2499 l,
2838 2449 2891 2502 p.
2915 2435 3045 2499 529,
3072 2435 3204 2490 edit.
3237 2436 3420 2506 l682.)

2002 2526 2270 2585 Omnibus
2316 2527 2519 2584 Christi
2546 2524 2806 2581 ﬁdelibus
2831 2526 2898 2581 ad
2929 2540 3067 2594 quos
3112 2539 3353 2594 prmsens
3380 2526 3522 2581 scri-

1932 2627 2082 2690 ptum
2108 2618 2440 2689 pervenerit,
2477 2618 2634 2673 lluso
2660 2617 2757 2673 Dei
2793 2616 2965 2686 gratia
2988 2615 3387 2675 Lincoluiensis
3410 2621 3526 2687 epi-

1931 2724 2127 2780 scopus
2148 2718 2411 2765 aeternam
2435 2708 2489 2763 in
2526 2708 2776 2771 Domino,
2797 2705 3052 2762 salutem.
3098 2728 3105 2735 ν

2003 2797 2074 2855 Ut
2100 2814 2165 2853 ea
2193 2812 2316 2867 qua:
2338 2797 2606 2867 religiosis
2654 2794 2791 2851 locis
2834 2794 2935 2849 Dei
2972 2794 3172 2849 intuitu
3210 2810 3242 2851 a
3268 2794 3520 2855 ﬁdelibus

1930 2999 2047 3039 rum
2070 2983 2301 3040 sollicite
2346 2981 2660 3052 procuravit
2708 2981 3024 3052 prudentia,
3056 2980 3173 3051 ipsa
3194 2982 3281 3038 eis
3303 2982 3520 3051 scriptis

1930 3072 2258 3130 authentieis
2298 3072 2694 3129 conﬁrmando.
2738 3070 2983 3138 Quorum
3030 3086 3135 3126 nos
3181 3072 3517 3141 t‘estigiase-

242 3165 387 3229 quod
413 3161 515 3218 fuit
541 3160 737 3232 llogeri
768 3159 863 3215 ﬁlii
893 3159 1006 3214 Aze
1038 3158 1091 3213 in
1124 3158 1344 3213 Psham.
1386 3156 1453 3212 Et
1481 3156 1618 3212 duas
1642 3165 1825 3226 partes
1854 3156 1899 3177 “
1922 3171 2159 3227 rotantes,
2187 3162 2397 3218 dilectis
2432 3161 2556 3217 ﬁliis
2585 3161 2783 3223 nostris
2811 3162 2865 3215 iu
2897 3161 3116 3215 Christo
3145 3161 3423 3217 monachis
3447 3162 3518 3217 de

242 3252 412 3306 totius
434 3250 655 3306 decimas
676 3248 897 3305 dominii
931 3247 1148 3303 Henriei
1178 3246 1245 3303 de
1265 3246 1521 3318 Cugenho
1546 3245 1601 3301 iu
1628 3244 1827 3300 llorro-

240 3343 454 3396 wedon.
503 3341 570 3397 Et
608 3341 742 3396 duas
766 3349 951 3411 partes
988 3339 1153 3397 totius
1195 3338 1419 3394 decimae
1440 3337 1663 3394 dominii
1696 3336 1827 3391 Wil-

240 3434 409 3488 lielmi
442 3433 535 3487 ﬁlii
564 3432 861 3487 Burcbardi
894 3431 946 3485 in
976 3430 1155 3485 Flore.
1194 3429 1262 3483 Et
1287 3429 1424 3483 duas
1449 3436 1630 3498 partes
1661 3427 1825 3483 totius

240 3523 467 3576 decimae
497 3520 719 3576 dominii
754 3519 968 3574 llenrici
1004 3519 1074 3573 de
1110 3515 1418 3572 Armenteri
1451 3515 1505 3569 in
1534 3514 1748 3581 Stowe,
1770 3522 1827 3569 et

240 3615 301 3667 in
329 3612 727 3683 Ryslyngburg,
753 3624 892 3681 quas
916 3616 1102 3665 tenent
1122 3606 1428 3681 sdgﬁrmam
1448 3605 1518 3661 de
1544 3605 1873 3661 monachis

241 3704 427 3759 Sancti
458 3702 687 3770 Projecti
718 3703 786 3757 de
818 3699 1168 3755 Verniendes.
1208 3698 1274 3752 Et
1306 3697 1440 3752 duas
1468 3705 1650 3767 partes
1678 3696 1825 3752 deci-

241 3812 346 3852 ma:
374 3794 595 3851 dominii
632 3792 858 3849 Walteri
896 3791 1061 3848 Luvel
1102 3791 1156 3846 in
1204 3788 1598 3861 Lyslynghury.
1626 3789 1695 3844 Et
1726 3803 1818 3844 ec-

240 3887 462 3944 clesiam
503 3888 571 3943 de
601 3885 840 3942 Postoua
867 3900 991 3941 cum
1020 3882 1273 3939 omnibus
1296 3880 1637 3952 pertinentiis
1677 3880 1822 3945 suis,

240 3990 299 4033 et
345 3979 399 4033 in
447 3977 635 4033 eadem
683 3976 807 4031 villa
853 3975 989 4030 duas
1039 3973 1275 4042 virgatas
1331 3981 1490 4025 terra:
1534 3977 1591 4025 et
1633 3969 1823 4040 viginti

241 4086 400 4125 acras
442 4069 508 4124 de
560 4070 787 4133 bruera;
853 4076 909 4122 et
956 4066 1089 4120 duas
1128 4070 1310 4134 partes
1352 4060 1575 4117 decima!
1600 4059 1823 4116 dominii

239 4163 499 4220 Richardi
538 4163 605 4218 de
635 4159 902 4231 lleyl‘orde
939 4159 990 4212 in
1028 4156 1335 4212 llerleston.
1379 4153 1447 4207 Et
1475 4140 1609 4208 duas
1638 4160 1825 4233 partes

240 4256 411 4311 totius
458 4254 681 4309 decimae
724 4250 945 4307 dominii
980 4248 1207 4303 Andreas
1252 4247 1320 4302 de
1356 4243 1720 4316 Braybrooke.
1759 4244 1827 4299 Et

242 4347 459 4399 tertiani
516 4351 726 4413 partem
787 4341 950 4396 t0tius
1002 4338 1229 4395 decium
1285 4336 1509 4392 dominii
1561 4334 1823 4389 Richardi

1928 3253 2134 3309 Luﬁ‘eld
2183 3252 2443 3309 beneﬁcia
2468 3266 2590 3321 qua:
2631 3251 2712 3306 eis
2742 3250 2982 3307 ﬁdelium
3020 3250 3251 3312 contulit
3295 3251 3517 3325 donatio

1926 3346 2066 3401 sicut
2091 3345 2223 3413 ipsis
2244 3355 2303 3399 et
2316 3343 2499 3399 domui
2521 3357 2709 3400 eorum
2734 3328 3128 3398 rationabiliter
3150 3341 3343 3399 collata
3365 3353 3516 3409 sunt,

1926 3433 2250 3491 conﬁrmare
2277 3442 2335 3490 et
2380 3434 2430 3489 in
2459 3433 2712 3502 praesenti
2759 3434 2966 3502 scripto
3002 3442 3266 3489 annotare
3295 3432 3514 3503 dignum

1926 3525 2196 3579 duximus.
2226 3525 2304 3578 Ex
2336 3524 2480 3579 dono
2527 3523 2795 3594 Radnlphi
2836 3524 2912 3595 de,
2937 3522 3186 3594 Caignes,
3228 3524 3511 3579 ecclesiam

1926 3612 2143 3667 Sancta
2176 3612 2359 3668 Mariae
2384 3614 2454 3669 de
2482 3613 2771 3669 Dodel‘ord.
2817 3613 2896 3668 Es
2926 3613 3073 3669 dono
3116 3613 3375 3669 llamouis
3415 3612 3512 3669 ﬁlii

1926 3706 2264 3776 Memphiliui
2319 3707 2607 3763 ecclesiam
2641 3707 2708 3763 de
2738 3706 3110 3777 Thorneberg.
3136 3706 3213 3761 Ex
3242 3706 3384 3761 dono
3413 3706 3511 3761 ἢτ-

1925 3797 2111 3854 chardi
2147 3797 2239 3852 ﬁlii
2270 3796 2483 3869 Nigelli,
2512 3797 2860 3854 medietatem
2885 3795 3371 3853 ecclesiat'Ssnctae
3401 3796 3515 3851 lla-

1926 3888 2020 3943 rias
2072 3887 2139 3942 de
2193 3887 2614 3958 Beckhampton.
2668 3884 3013 3953 llaacomnia
3078 3884 3338 3943 beneﬁcia
3387 3902 3511 3947 cum

1925 3976 2178 4032 omnibus
2194 3978 2262 4033 ad
2289 3992 2352 4033 ea
2394 3977 2809 4048 pertinentibus,
2848 3975 2987 4032 situt
3010 3976 3061 4031 in
3096 3976 3303 4034 chartis
3332 3980 3506 4035 dona-

1927 4079 2128 4138 torum,
2154 4079 2318 4141 atque
2346 4070 2855 4126 archidiaconorum
2884 4084 2915 4123 a
2942 4069 3139 4138 quibus
3167 4070 3220 4125 i‘n
3243 4070 3372 4141 ipsis
3395 4070 3511 4142 jam

1926 4162 2053 4238 dicti
2083 4163 2332 4218 monachi
2364 4171 2492 4217 sunt
2547 4160 2799 4227 instituti,
2834 4162 3167 4227 continetur,
3194 4161 3275 4217 eis
3319 4178 3513 4220 conce-

1926 4254 2105 4309 dimus
2136 4255 2187 4307 in
2212 4262 2527 4322 perpetuum
2555 4250 2895 4322 possidenda,
2937 4252 3332 4323 praesentisque
3369 4256 3508 4310 εει-ῖς

1886 4354 2020 4414 'pto
2077 4353 2239 4413 atque
2288 4343 2447 4414 sigilli
2498 4342 2670 4399 nostri
2718 4344 3018 4413 patrocinio
3087 4346 3507 4406 conﬁrmamus:

239 4436 408 4492 Foxle
436 4437 489 4490 in
518 4434 703 4497 Forle;
742 4440 798 4487 et
826 4433 960 4487 duas
986 4439 1172 4500 partes
1207 4428 1371 4484 totius
1399 4416 1623 4483 decimae
1654 4426 1828 4481 domi-

1940 4432 2093 4487 salvis
2120 4432 2524 4501 episcOpalibus
2566 4431 3047 4487 consuetudinibus
3078 4441 3131 4485 et
3166 4432 3510 4488 Lineolnien-

240 4530 316 4583 uii
347 4529 414 4583 de
435 4541 601 4598 parva
629 4524 871 4580 Iloctona
894 4522 1048 4589 juxta
1076 4520 1438 4591 Langeporte,
1461 4532 1597 4587 quas
1623 4516 1822 4571 habent

237 4634 309 4685 ex
354 4618 641 4673 donatione
691 4612 967 4671 Godel‘ridi
1025 4611 1092 4667 de
1142 4608 1417 4680 Boloigne.
1483 4607 1550 4662 Et
1599 4614 1659 4662 ut
1706 4606 1822 4661 hinc

104 4713 120 4727 '
237 4710 423 4765 omnia
444 4706 690 4779 praefatis
718 4704 1000 4761 monachis
1034 4700 1207 4757 sancti
1233 4700 1464 4754 Andreae
1495 4705 1610 4754 rata
1638 4704 1693 4752 et
1718 4695 1821 4750 illi-

239 4803 365 4857 bata
396 4798 931 4872 permaneant,sicut
972 4795 1104 4865 ipsis
1140 4794 1290 4864 justo
1324 4802 1381 4847 et
1421 4789 1822 4847 rationabiliter

235 4892 434 4951 eollata
464 4901 622 4958 sunt,
689 4887 970 4961 praesentis
1002 4886 1187 4956 scripti
1217 4893 1274 4941 et
1295 4882 1457 4955 sigilli
1484 4882 1655 4938 nostri
1685 4889 1823 4936 atte-

235 4987 473 5043 statione
492 4981 913 5045 communimus,
939 4976 1085 5033 salva
1115 4976 1168 5032 in
1196 4974 1447 5030 omnibus
1476 4970 1819 5027 Lincolnieno

236 5076 318 5129 sis
344 5072 597 5128 Ecclesia
622 5071 901 5142 dignitate.
933 5068 1188 5125 'l‘estibus
1211 5065 1317 5130 his,
1357 5062 1599 5118 Roberto
1626 5060 1824 5117 abbate

235 5165 308 5219 de
351 5163 664 5236 Nuttelega',
695 5161 999 5217 Walkelino
1026 5158 1222 5214 abbate
1258 5156 1326 5211 de
1365 5164 1553 5209 sancto
1582 5152 1819 5217 Jacobo,

236 5258 544 5313 Walkelino
588 5258 768 5327 priore
807 5257 872 5311 de
916 5254 1099 5310 Londa
1122 5293 1137 5320 ,
1181 5250 1443 5321 magistro
1482 5248 1717 5303 lloberto
1754 5248 1821 5299 de

238 5349 512 5418 Harding,
557 5348 815 5417 magistro
861 5346 1075 5415 ROgero
1100 5343 1169 5398 de
1192 5341 1483 5397 Rolvestuu
1507 5378 1522 5404 ,
1562 5337 1819 5409 magistro

237 5441 463 5496 Simone
500 5440 566 5494 de
603 5438 836 5509 Sywell,
874 5437 1132 5506 magistro
1169 5432 1462 5488 Willielmo
1492 5430 1561 5484 de
1600 5427 1814 5491 Monte,

237 5531 498 5602 magistro
532 5530 802 5584 Ricbardo
827 5530 893 5584 de
930 5524 1259 5602 Dodel'orde,
1298 5522 1530 5578 llenrico
1568 5519 1678 5574 ﬁlio
1719 5517 1821 5573 Pe-

237 5601 618 5688 tri,magistro
664 5618 889 5672 Warino
912 5616 977 5670 de
1008 5601 1301 5673 Bedforde,
1351 5611 1572 5665 Simone
1616 5608 1833 5662 (locatio

238 5710 305 5764 de
336 5708 725 5780 Witlyugbet-e,
760 5708 971 5778 Rogero
995 5706 1202 5762 decano
1233 5702 1298 5757 de
1328 5699 1617 5771 Pateshyll,
1651 5700 1818 5770 magi-

1923 4524 1999 4578 sis
2020 4522 2276 4578 Ecclesiae
2294 4522 2573 4592 dignitate,
2600 4522 2685 4575 his
2701 4521 2929 4574 testibus
2950 4518 3188 4574 Roberto
3213 4520 3427 4575 abbate.
3448 4561 3462 4574 .
3488 4556 3511 4577 .

1882 4602 1885 4603 ⁷
1923 4614 2133 4683 ltogero
2154 4614 2219 4667 de
2234 4610 2545 4675 Rolveston,
2563 4610 2821 4680 magistro
2838 4608 3074 4664 Βίωηό
3090 4607 3158 4662 de
3179 4608 3507 4677 Swalewml,

1922 4702 2164 4762 Gall'rido
2186 4704 2250 4760 de
2271 4702 2605 4768 Leichelave,
2631 4700 2875 4756 Roberto
2905 4701 2970 4755 de
2997 4698 3235 4769 Capella,
3259 4697 3507 4754 Johanne

1921 4795 2129 4850 decano
2152 4795 2219 4849 de
2249 4792 2492 4860 Lieston,
2534 4791 2829 4849 Eustacbio
2864 4790 2931 4846 de
2970 4787 3239 4856 \Viltona,
3273 4799 3329 4845 et
3380 4787 3506 4843 aliis

1923 4884 2127 4938 multis.
2694 4940 2700 4945 ,

2662 4966 2772 5022 γη.

1921 5081 2121 5136 Charta
2185 5080 2439 5151 "ligonis
2480 5078 2858 5151 Lincotnt'ensts
2908 5078 3143 5151 episcopi
3178 5075 3505 5151 aeson/ir-

1993 5152 2219 5205 motione
2264 5146 2561 5204 donationis
2618 5146 2833 5215 Rodulﬁ
2882 5147 3068 5202 de‘Abt'
3118 5148 3187 5203 ad
3237 5148 3502 5200 abbatiant

1991 5222 2393 5277 construendum
2412 5221 2551 5289 apud
2573 5215 2891 5287 Grenefeild.

2032 5335 2339 5405 (.llonastic.
2370 5335 2534 5405 Ang.,
2565 5343 2694 5390 tom.
2722 5333 2763 5402 ι,
2795 5318 2999 5405 p.381,
3029 5331 3159 5397 edit,
3186 5327 3369 5399 isse.)

1990 5426 2257 5482 Omnibus
2302 5426 2501 5481 Christi
2552 5425 2802 5481 ﬁdelibus
2831 5425 2897 5480 ad
2925 5440 3061 5493 quos
3106 5436 3346 5493 praesens
3374 5417 3503 5473 scri-

1925 5528 2071 5588 ptum
2106 5519 2432 5587 pervenerit,
2458 5515 2611 5572 Huco
2644 5517 2735 5571 Dei
2760 5516 2935 5586 gratia
2962 5512 3357 5569 Lincoluieusm
3385 5506 3501 5578 cpi-

1922 5622 2139 5676 scopus,
2162 5606 2391 5661 salutent
2415 5606 2468 5661 in
2498 5604 2748 5660 Domino.

1994 5695 2072 5750 Ne
2123 5694 2440 5751 donationes
2484 5694 2615 5750 locis
2668 5691 2931 5764 religiosis
2977 5708 3008 5749 a
3044 5690 3287 5747 ﬁdelibus
3341 5686 3497 5742 facta
