3962 6398
594 351 730 406 “27
1807 341 2084 400 onnms
2144 341 2611 401 CARTHUSIANI
3665 355 3763 415 tm

589 463 865 536 prioribus
892 463 980 518 bis
1013 461 1268 520 omnibus
1292 459 1527 532 qumvel
1550 458 1622 515 ad
1640 457 1886 514 divinum
1910 455 2170 521 ndicium,
2201 465 2248 522 Α
2276 458 2560 524 diderunt,
2592 465 2649 512 et
2677 454 2840 526 hujus
2872 464 3080 512 sanetae
3104 457 3416 514 obedientite
3435 457 3598 532 iugum
3625 481 3760 534 suate,

593 556 675 612 vel
715 557 783 611 ad
813 564 1042 612 caeteras
1067 555 1340 625 quaslibet
1368 551 1528 623 hujus
1561 550 1838 622 religionis
1873 549 2174 605 institutio-
2277 558 2334 606 et
2375 564 2514 606 onus
2554 547 2674 604 leve
2723 547 3136 620 infatigabiliter
3178 557 3338 620 atque
3379 552 3696 614 indelicieuter
3725 577 3765 618 se

519 643 528 648 ’
593 661 690 702 nes
709 647 1006 717 pertinent,
1035 647 1154 702 sine
1179 643 1450 700 communi
1478 641 1708 698 consilio
1736 641 2004 714 generalis
2029 640 2176 712 capi-
2211 650 2214 652 ‘
2278 639 2423 696 ferre
2450 638 2682 711 professi
2712 647 2840 694 sunt
2867 639 2955 694 his
2981 639 3202 696 verbis:
3225 639 3338 712 Ego
3365 643 3517 712 frater
3539 645 3764 717 S'epham

593 738 689 793 tuli
711 737 929 794 demere
951 737 1174 808 aliquid,
1195 735 1279 791 vel
1300 736 1498 791 addere
1522 733 1729 790 licitum
1760 732 1851 788 sit.
1875 731 2174 788 Commune
2208 727 2210 730 ’
2275 733 2424 802 prior
2453 727 2717 802 'Mojoreoi
2745 731 2997 802 promitto
3025 731 3366 788 obedientiam
3401 739 3627 790 communi
3660 743 3765 811 cepi.

593 842 802 897 autem,
833 832 948 887 sive
989 829 1292 885 universale
1338 827 1633 898 capitulum
1663 841 1922 883 vocamus
1958 839 2056 882 eos
2081 825 2176 895 qui
2271 823 2409 880 tuto.

594 923 872 977 convocati
911 930 1298 977 convenerunt.
1353 919 1424 974 Ut
1461 919 1626 989 igitur
1657 920 1772 974 haec
1803 917 1986 972 omnia
2019 917 2176 972 insti-
2209 984 2212 987 η
2347 916 2552 971 Aderat
2598 923 2779 970 autem
2831 929 3109 986 praesens,
3155 915 3296 987 quod
3337 919 3766 986 prmiermittendum

596 1002 729 1075 tnta,
751 1016 868 1080 quae
886 1013 950 1066 ad
972 1019 1169 1065 sancta:
1192 1009 1350 1080 hujus
1368 1009 1644 1080 religionis
1667 1007 2175 1078 lirmitatem,atque
2195 998 2222 1039 λ’
2281 1025 2388 1066 non
2417 1008 2778 1074 arbitramur",
2811 1008 3145 1064 venerabilis
3179 1003 3291 1078 jam
3332 1010 3592 1080 praedictus
3612 1017 3768 1084 episco-

591 1093 985 1157 i'r‘id'efieientem
1031 1101 1381 1157 stabilitatem
1425 1101 1714 1174 pertinent,
1743 1115 1772 1153 a
1800 1097 2003 1154 sanctis
2041 1097 2176 1153 viris
2281 1116 2406 1174 pus,
2435 1091 2674 1171 ejusdem
2705 1099 3110 1156 Carthusiensis
3156 1099 3350 1156 domus
3385 1110 3527 1171 pater
3555 1115 3601 1158 et
3635 1121 3768 1160 mona-

593 1188 794 1248 ntilitcr
836 1193 1052 1249 inventa
1099 1203 1154 1250 et
1201 1195 1559 1251 saluberrime
1586 1194 1946 1259 considerata,
1984 1207 2176 1262 perpe-
2283 1196 2448 1255 chus,
2475 1191 2630 1264 cujus
2660 1207 2901 1259 manum,
2931 1189 2985 1246 in
3017 1205 3121 1262 qua
3155 1205 3345 1248 omnes
3370 1191 3462 1247 has
3487 1196 3768 1266 praescriptio-

595 1292 738 1336 tuam
772 1283 1006 1338 habeant
1035 1285 1516 1354 perseverantiam,
1550 1284 1728 1340 cuncti
1761 1283 1971 1354 priores
1997 1282 2176 1337 humi-
2280 1299 2375 1364 nes
2398 1284 2812 1349 tenebat,llexis
2832 1284 3058 1356 genibus
3073 1283 3401 1352 osculantes,
3422 1284 3768 1356 hancprolessio-

592 1373 758 1430 litatis
785 1377 1006 1446 vestigia
1027 1388 1320 1442 sectantes,
1347 1393 1468 1433 sese
1492 1378 1620 1431 huic
1648 1384 1848 1432 saneta:
1874 1374 2175 1445 disciplina:
2280 1392 2403 1432 nem
2435 1377 2701 1434 fecerunt.

591 1470 646 1516 et
668 1465 1034 1533 perseveranti
1057 1467 1383 1523 correctioni
1407 1481 1528 1521 cum
1556 1467 1702 1522 omni
1735 1465 2026 1524 devotione
2050 1464 2176 1520 sub-

2160 1689 2509 1766 ll'..i

1513 1825 1682 1883 l'l‘EM
1719 1825 2063 1885 CAPITULA
2101 1817 2450 1898 ALTERIUS
2489 1818 2930 1880 CONVENTUS.

1953 1939 2058 2014 (Ex
2087 1938 2278 1994 eodem
2305 1935 2434 2008 ms.)

666 2056 715 2111 1.
747 2055 1052 2127 Capitulum
1102 2055 1339 2128 primum
1381 2054 1652 2120 continet,
1699 2054 1843 2126 quod
1890 2053 2172 2125 passiones
2202 2056 2248 2112 B
2271 2051 2397 2122 quia
2419 2049 2626 2120 peccavi
2651 2048 2768 2113 tibi,
2799 2047 3100 2120 eademque
3133 2056 3412 2119 repetatur
3441 2059 3550 2120 post
3567 2047 3722 2104 Gloria.

589 2144 828 2210 Domini,
859 2145 1002 2200 sicut
1025 2154 1221 2200 taetera
1251 2144 1550 2215 evangelia,
1583 2153 1893 2201 cantentur.
2348 2141 2404 2196 6.
2445 2141 2672 2196 Sextum
2714 2138 3010 2210 capitulum
3052 2149 3158 2208 est,
3185 2150 3248 2196 ut
3286 2142 3376 2196 illa
3413 2130 3525 2212 qua:
3560 2143 3770 2196 emendata

658 2235 712 2290 2.
756 2235 1064 2291 Secundum
1101 2233 1394 2307 capitulum
1434 2235 1598 2291 habet
1622 2235 1798 2305 quod,
1821 2233 2039 2304 quando
2067 2231 2176 2288 Na-
2271 2241 2404 2290 sunt
2437 2232 2492 2288 in
2527 2232 2809 2303 psalterio,
2835 2231 3198 2289 emendentur
3231 2233 3288 2288 in
3318 2233 3648 2304 responsorio,
3668 2235 3770 2288 verbi

590 2327 774 2382 tivitas
809 2327 1024 2384 Domini
1071 2335 1268 2397 quarta
1313 2326 1450 2382 feria
1494 2326 1760 2391 evenerit,
1792 2325 2041 2396 sequenti
2071 2325 2175 2379 Do-
2273 2327 2448 2397 gratia
2472 2340 2493 2380 :
2520 2324 2582 2382 Si
2624 2325 2725 2382 mei
2762 2341 2867 2380 non
2911 2323 3106 2396 fuerint
3148 2325 3429 2406 dominari,
3456 2324 3563 2395 Ipse
3604 2325 3771 2405 liberem

591 2418 788 2474 mini-ca
816 2419 1219 2488 responsorium
1249 2419 1394 2476 sicut
1413 2419 1469 2474 in
1497 2419 1584 2474 die
1614 2417 1930 2474 Nativitatis
1957 2416 2173 2475 Domini
2275 2427 2452 2484 me,t:t
2472 2414 2736 2472 Exaltabo
2757 2433 2910 2471 mane
2928 2417 3369 2485 misericordiam,
3382 2426 3436 2473 et
3454 2418 3506 2471 in
3523 2417 3771 2487 generatione

591 2517 857 2566 cantetur.
902 2509 960 2565 In
1005 2509 1206 2577 missa,
1253 2509 1394 2564 Puer
1431 2519 1588 2564 natus
1629 2518 1706 2564 est
1754 2508 1923 2565 nobis.
1965 2507 2170 2572 Oratio,
2265 2516 2323 2562 ret
2349 2507 2776 2579 generationem.

589 2598 846 2665 Concede,
861 2601 1750 2673 queremus,omnipotensDeus,ut
1772 2617 1864 2656 nos
1882 2598 2171 2670 Unigeniti.
2348 2597 2402 2651 7.
2441 2596 2744 2668 Septimum
2781 2596 3081 2668 capitulum
3111 2607 3229 2667 est,
3264 2609 3326 2655 ut
3353 2609 3472 2671 post
3506 2599 3671 2667 Venite,
3686 2616 3771 2656 can-

590 2691 860 2762 Epistola,
888 2692 1145 2763 Apparuit
1178 2693 1489 2765 benignitas.
1535 2692 1909 2764 Evangelium,
1939 2689 2008 2746 In
2027 2692 2175 2762 prin-
2275 2695 2420 2744 tetur
2448 2687 2673 2743 literne
2707 2704 2880 2744 rerum
2909 2687 3186 2746 Conditor.
3214 2692 3303 2747 Ad
3334 2691 3558 2754 Laudes.
3587 2691 3772 2762 Spiendor

589 2785 748 2855 eipio,
770 2792 902 2852 etc.,
929 2786 1069 2841 sicut
1098 2786 1154 2841 in
1185 2785 1502 2842 Dominicali
1530 2784 1860 2842 Nativitatis.

2273 2787 2507 2850 paterna:
2529 2780 2732 2850 σιω-ἕω.
2755 2779 2839 2836 Ad
2871 2781 3139 2852 Vesperas
3155 2823 3172 2848 ,
3201 2782 3350 2838 Deus
3373 2783 3600 2848 Creotor,
3617 2790 3698 2840 etc.
3719 2783 3773 2836 Ad

659 2874 717 2928 3.
755 2871 998 2930 Tertium
1027 2874 1324 2946 capitulum
1351 2884 1462 2940 est,
1497 2877 1643 2948 quod
1689 2876 1744 2932 in
1771 2887 1838 2934 ea
1863 2873 2172 2941 Dominica,
2275 2867 2721 2939 Completorium,
2759 2868 2988 2938 Christe,
3014 2872 3104 2942 qui
3129 2871 3224 2927 tua:
3258 2889 3338 2927 es.

589 2965 648 3020 in
677 2979 784 3034 qua
814 2973 898 3021 est
923 2966 1262 3038 evangelium
1304 2964 1436 3021 Erat
1473 2966 1669 3036 Ioseph
1691 3005 1709 3032 ,
1747 2973 1998 3022 cantetur
2030 2964 2173 3021 anti-
2343 2957 2401 3015 8.
2438 2957 2702 3016 Octavum
2749 2959 3045 3030 capitulum
3087 2970 3202 3026 est,
3239 2972 3304 3018 ut
3331 2963 3402 3019 ab
3427 2962 3610 3019 octavis
3638 2960 3772 3015 Pente-

591 3055 769 3125 ph‘ona
797 3053 936 3110 Erat
961 3054 1154 3127 Joreph
1185 3056 1241 3112 in
1273 3056 1510 3113 Sabbato
1539 3057 1606 3114 ad
1637 3057 1923 3126 Vesperas,
1954 3056 2178 3112 eadem-
2270 3060 2474 3116 costes,
2499 3065 2676 3122 usque
2706 3052 2777 3107 ad
2810 3053 3116 3114 Adventum
3148 3055 3364 3110 Domini
3389 3055 3616 3111 omnibus
3633 3052 3773 3108 feriali-

591 3161 714 3216 que.
731 3154 1008 3218 repetatur
1051 3148 1120 3202 ad
1160 3146 1494 3202 Benedictus.
1552 3147 1808 3218 Idemque
1848 3147 2076 3218 contigit
2117 3147 2172 3202 in
2275 3147 2378 3202 bus
2423 3145 2637 3214 diebus,
2665 3147 2913 3216 exceptis
2961 3146 3134 3214 festis,
3181 3149 3537 3206 Dominicales
3573 3147 3774 3203 orationes

592 3237 873 3302 Dominica
897 3246 1020 3308 post
1055 3239 1475 3304 Ascensionem,
1506 3249 1564 3294 ut
1594 3239 1846 3295 videlicet
1873 3239 2173 3308 antiphona
2275 3237 2530 3294 dicantur
2563 3237 2631 3294 ad
2660 3236 2930 3307 Vesperas
2959 3248 3018 3295 et
3044 3241 3112 3295 ad
3141 3221 3382 3296 (audes.

590 3327 659 3383 de
683 3329 981 3401 evangelio,
999 3340 1054 3387 et
1078 3331 1148 3387 ad
1173 3328 1444 3401 Vesperas
1469 3331 1527 3387 in
1552 3329 1809 3398 Sabbato,
1833 3338 1890 3387 et
1913 3330 1982 3386 ad
2003 3329 2176 3385 Bene-
2346 3328 2400 3384 9.
2438 3327 2650 3386 Nonum
2681 3329 2976 3400 capitulum
3016 3340 3130 3398 est,
3157 3341 3218 3386 ut
3245 3333 3303 3387 in
3339 3330 3646 3404 responsorio
3666 3328 3776 3383 unius

592 3420 786 3485 dictus,
813 3428 1083 3475 cantetur.
2199 3414 2246 3477 C
2278 3420 2534 3490 martyris
2563 3419 2619 3474 in
2651 3421 2812 3476 tertio
2849 3431 3120 3478 nocturno
3145 3422 3363 3480 dicatur
3394 3420 3672 3486 versiculus,
3696 3415 3775 3470 Le-

661 3506 720 3563 1.
757 3507 1021 3576 Quartum
1047 3508 1342 3580 capitulum
1372 3519 1490 3578 est,
1521 3513 1666 3590 quod
1694 3520 1848 3568 sexta
1891 3511 2173 3568 Dominica
2277 3510 2478 3564 tabitur
2491 3511 2672 3580 justus
2695 3511 2748 3566 in
2770 3511 3016 3567 Domino.

590 3609 714 3670 post
757 3598 1145 3670 Epiphaniam,
1174 3615 1311 3672 qua:
1357 3603 1618 3672 praecedit
1669 3601 2168 3674 Septuagesimum,
2350 3599 2440 3654 10.
2481 3600 2760 3658 Decimum
2812 3603 3108 3673 capitulum
3151 3613 3258 3672 est,
3299 3614 3362 3660 ut
3405 3605 3458 3660 in
3502 3602 3622 3658 festo
3654 3596 3775 3655 sancti

591 3699 842 3746 cantetur
881 3692 1241 3763 evangelium,
1268 3691 1568 3762 Conﬁtebor
1615 3693 1729 3758 tibi,
1764 3693 1984 3749 Domine
2025 3703 2174 3764 pater
2277 3691 2530 3758 Andreae,
2572 3694 2618 3749 si
2679 3693 2731 3748 in
2772 3695 3025 3751 Adventu
3071 3696 3386 3768 contingat,
3429 3695 3580 3752 semel
3629 3699 3778 3747 tantum

593 3783 707 3848 (teli
749 3792 798 3837 et
839 3792 1016 3852 teme,
1060 3794 1116 3839 et
1161 3785 1471 3856 antiphona:
1518 3799 1586 3840 ex
1629 3785 1821 3840 eodem
1867 3785 2170 3854 evangelio,
2277 3785 2634 3851 eomedatur,
2685 3785 2779 3843 sed
2837 3785 3192 3846 nihilominus
3254 3790 3327 3844 ad
3381 3787 3680 3844 collationem
3718 3792 3777 3829 vc-

595 3871 782 3929 Touite
801 3873 994 3945 juguns
1021 3891 1376 3946 menon-super
1397 3893 1484 3932 vos
1515 3877 1584 3932 ad
1611 3875 1953 3943 Benedictus,
1972 3875 2171 3947 Jugnm
2277 3874 2482 3931 niatur.
2611 3939 2613 3941 1

591 3964 730 4018 enim
754 3981 926 4021 meum
953 3967 1020 4022 ad
1049 3967 1379 4039 Hagniﬁcat.
2347 3969 2436 4023 ll.
2473 3969 2748 4026 Statutum
2776 3979 2869 4027 est
2885 3972 3050 4029 etiam
3077 3981 3136 4027 ut
3159 3987 3258 4043 pro
3298 3973 3481 4030 charis
3509 3971 3555 4026 in
3578 3971 3775 4026 convenitl

661 4055 718 4112 5.
753 4057 1012 4125 Quintum
1036 4059 1332 4130 capitulum
1361 4068 1469 4124 est,
1495 4059 1638 4130 quod
1672 4060 1925 4132 repetitio
1947 4074 2172 4130 respon-
2278 4057 2481 4129 aliquid
2513 4059 2713 4128 facere,
2740 4062 2791 4117 in
2827 4062 3170 4121 ordinatione
3208 4065 3414 4135 prioris
3445 4072 3498 4121 et
3518 4059 3594 4117 sui
3618 4051 3777 4128 capilli“

595 4145 748 4211 sorii,
792 4145 906 4216 Ego
947 4148 1080 4216 dixi,
1113 4148 1351 4216 Domine,
1380 4149 1473 4215 sit,
1507 4148 1654 4205 Sana
1699 4151 1935 4206 animum
1977 4167 2168 4214 meant,
2279 4149 2507 4210 arbitrio
2530 4154 2814 4209 consistat.

2149 4376 2308 4454 ΙΙΙ.

1889 4582 1891 4584 η
1967 4507 2124 4572 ALIA
2181 4507 2527 4566 STATUTA.

2018 4619 2134 4690 (Ex
2161 4621 2353 4676 eodem
2383 4620 2509 4688 ms.)

661 4736 715 4791 l.
733 4733 1008 4790 Statutum
1031 4732 1086 4790 in
1108 4732 1480 4790 Carthusiensi
1508 4731 1836 4806 capitulo,ut
1863 4734 1915 4790 in
1943 4735 2180 4790 claustro
2211 4739 2254 4794 ι)
2281 4731 2591 4802 contigerit,
2609 4732 2662 4787 in
2685 4733 2895 4790 cunctis
2917 4736 3087 4791 nostrl
3109 4738 3320 4794 ordinis
3339 4739 3596 4802 domibus,
3613 4740 3776 4801 excepto

589 4839 714 4900 post
739 4843 936 4884 nonam
959 4828 1254 4882 secundum
1282 4826 1563 4883 arbitrium
1586 4827 1784 4899 prioris
1803 4841 1902 4898 pro
1923 4840 2173 4883 sermone
2277 4821 2672 4888 anniversario.
2695 4832 2749 4876 et
2771 4825 2914 4894 quod
2945 4825 2997 4880 in
3024 4830 3414 4901 martyrologio
3439 4845 3539 4885 non
3559 4826 3775 4884 scribatur.

591 4922 746 4978 solito
775 4920 936 4976 lectio
960 4920 1243 4975 habeatur.
2136 4947 2141 4954 ο
2277 4911 2421 4967 Idem
2457 4924 2521 4967 ac
2559 4925 2658 4982 per
2687 4911 2922 4968 cilicium
2967 4915 3062 4972 fiat
3096 4919 3241 4986 quod
3270 4934 3370 4989 pro
3405 4919 3576 4989 priore
3607 4914 3776 4981 νειμα-

658 5013 716 5068 2.
744 5011 949 5069 Deinde
963 5013 1238 5068 decretum
1261 5022 1366 5080 est,
1383 5020 1443 5067 ut
1460 5011 1727 5084 quomodo
1752 5011 1818 5067 de
1837 5011 2174 5081 equitatione
2277 5001 2422 5058 {8850
2449 5000 2568 5057 ﬁeri
2598 5005 2900 5061 consuevit.
2926 5005 3045 5062 Prw
3070 5010 3286 5065 caeteris
3307 5025 3438 5065 vero
3456 5010 3610 5064 totius
3629 5000 3777 5061 οτάίιιίε

591 5113 818 5160 tratrum
846 5116 1163 5160 eaeterarum
1186 5105 1467 5160 domorum
1501 5112 1762 5160 statutum
1794 5104 1991 5171 fuerat,
2015 5105 2094 5160 sic
2119 5119 2150 5160 e

2277 5093 2652 5149 Cluniaeensis
2697 5094 3003 5161 defunctis,
3034 5107 3232 5169 prater
3275 5101 3511 5170 privatas
3551 5096 3774 5152 orationes.

590 5202 646 5251 in
687 5191 1060 5250 Carthusiensi
1107 5204 1380 5260 servetur,
1410 5194 1482 5250 ita
1526 5194 1793 5250 duntaxat
1833 5203 1919 5260 ut,
1958 5210 2081 5250 cum
2105 5195 2172 5250 ad
2278 5183 2444 5241 semel
2474 5183 2528 5238 in
2550 5200 2694 5240 anno
2719 5189 2971 5257 generale
2997 5189 3254 5256 ofﬁcium.
3285 5192 3776 5256 tamdemimqw'

590 5283 884 5359 capitulum
938 5285 1207 5351 venerint,
1237 5285 1318 5341 vel
1369 5299 1467 5356 per
1514 5285 1807 5356 capitulum
1858 5285 2026 5356 aliqui
2071 5301 2154 5357 ρι’(

2277 5276 2346 5332 de
2398 5279 2607 5349 agenda
2656 5279 2710 5334 in
2760 5291 3066 5347 conventu,
3093 5283 3477 5341 celebrabitur.
3525 5284 3564 5340 Δ
3613 5278 3774 5348 singulii

589 5377 770 5448 aliquo
800 5373 1017 5446 negotio
1044 5372 1193 5428 missi
1223 5374 1453 5441 fuerint,
1486 5373 1644 5440 liceat
1669 5375 1872 5431 eisdem
1901 5376 2168 5442 domibus,
2278 5384 2494 5440 quoque
2530 5373 2904 5430 sacerdotibus
2942 5390 3106 5430 unum
3149 5378 3482 5446 psalterium,
3508 5393 3536 5432 ι
3563 5374 3687 5430 laicis
3706 5368 3776 5424 30°

591 5466 730 5520 unde
756 5461 954 5519 fratres
980 5458 1457 5530 mittentur,prout
1481 5465 1778 5520 necessitas
1797 5465 2170 5536 postulaverit,
2279 5465 2574 5521 Dominicae
2616 5467 2895 5522 orationes
2947 5469 3337 5539 persolventnr.
3382 5471 3493 5526 Hoc
3529 5481 3642 5524 vero
3667 5463 3775 5517 «ὑπ’

590 5557 747 5633 solito
779 5571 930 5612 more
959 5553 1182 5610 fratrem
1213 5553 1506 5624 equitando
1531 5555 1676 5611 foras
1704 5557 1936 5612 mittere.
2279 5557 2465 5629 quium
2487 5558 2715 5628 singulis
2737 5561 2896 5615 annis
2927 5561 2994 5617 ab
3016 5561 3136 5631 ipso
3158 5561 3390 5633 (rupitqu
3415 5574 3575 5632 usque
3592 5557 3650 5613 ad
3670 5550 3774 5609 Nati-

591 5703 630 5722 ,
658 5648 714 5702 5.
755 5646 886 5701 Item
928 5643 1200 5702 communi
1243 5658 1467 5701 assensu
1513 5645 1878 5712 decrevimus,
1904 5657 2170 5718 quatenus
2277 5653 2501 5708 ‘vitatem
2523 5652 2735 5708 Domini
2767 5653 2971 5724 expleri
2998 5654 3346 5723 iniunximus.
3373 5654 3478 5709 Pro
3499 5654 3670 5709 domno
3690 5654 3772 5697 νοω

591 5752 688 5806 pro
715 5737 912 5795 domno
938 5735 1360 5797 P.Cluniacensi
1381 5737 1600 5803 abbate,
1627 5738 1844 5796 quando
1869 5753 1991 5795 eum
2013 5741 2168 5798 obire
2279 5743 2498 5801 Ainrico
2527 5743 2893 5815 Wintoniensi
2929 5746 3230 5818 episeopo,
3259 5762 3462 5805 necnon
3497 5757 3588 5817 pro
3625 5730 3771 5812 ρτιίδιί
