3976 6292
215 399 348 458 “29

1488 418 1814 480 surum
1842 422 2188 495 .ANTIQUA.

3347 447 3480 504 H3!

212 516 421 578 abbatis
442 521 873 589 successoribus,
889 532 1016 594 post
1030 525 1242 584 obitum
1266 529 1794 608 ipsorum,generale
1823 548 1870 606 Α
1895 540 2114 612 capituli
2143 542 2439 613 deferatur,
2474 545 2698 618 ejusque
2719 548 2928 619 judicio
2959 559 3296 618 termi‘netur.

209 609 438 668 ofﬁcium
463 611 516 666 in
545 624 816 670 conventu
842 615 1096 674 similiter
1119 620 1504 680 celebrabitur.

272 701 324 756 4.
370 701 604 758 Rursum
633 705 902 762 sancitum
931 717 1036 775 est,
1065 720 1124 766 ut
1151 712 1197 768 si
1227 713 1446 781 domus,
1478 726 1574 774 aut
1596 721 1787 790 quaeli-

196 794 293 857 bet
329 806 561 860 persona
591 795 761 850 nostri
793 797 1006 854 ordinis
1031 815 1062 855 a
1103 801 1344 860 Romana
1382 809 1532 863 curia
1573 825 1672 880 per
1704 828 1787 879 se,

192 881 288 935 vel
318 895 414 949 per
439 881 606 937 alium
635 883 845 943 litteras
874 899 1064 945 contra
1090 892 1338 952 instituta
1361 902 1670 958 communis
1694 918 1786 960 ca.

190 970 352 1041 pituli
378 971 756 1040 postulaverit,
783 992 814 1031 a
845 978 1107 1037 societate
1135 983 1374 1042 universi
1395 989 1610 1047 ordinis
1635 1007 1789 1064 sepao

206 1071 372 1127 retur,
400 1062 502 1120 nisi
538 1080 637 1135 per
673 1065 818 1123 idem
858 1083 1152 1130 commune
1195 1078 1491 1148 capitulum
1537 1062 1786 1140 reconci-

202 1152 383 1210 lietur.

223 1275 225 1278 ι
267 1243 324 1298 5.
362 1243 634 1303 Praeterea
679 1249 984 1308 stabilitum
1030 1263 1150 1323 est,
1182 1267 1274 1325 ut,
1299 1261 1425 1332 quia
1469 1271 1656 1320 certus
1700 1277 1785 1323 est

199 1349 459 1394 nuutcrus
504 1339 867 1398 habitatorum
910 1344 1158 1404 locorum
1209 1361 1555 1422 nostrorum,
1604 1368 1785 1414 certus

195 1431 355 1486 etiam
385 1433 438 1487 in
462 1435 871 1496 auinaaiibuset
894 1445 1250 1502 mercenariis
1271 1447 1566 1506 haberetur
1590 1461 1644 1508 et
1669 1469 1784 1511 mo-

192 1520 308 1576 dus.
342 1521 574 1594 Propter
602 1529 904 1585 modestam
945 1533 1111 1604 igitur
1143 1538 1406 1594 unitatem
1438 1541 1639 1612 ubique
1667 1559 1782 1600 ser-

190 1613 446 1682 vandam,
475 1627 736 1676 statutum
765 1631 868 1688 est,
893 1634 955 1680 ut
980 1627 1126 1683 nulla
1155 1629 1364 1687 ordinis
1394 1633 1567 1689 nostri
1591 1635 1783 1704 domus

189 1709 324 1763 ultra
350 1709 428 1766 25
457 1717 823 1772 mercenarios
847 1733 948 1775 nec
976 1718 1118 1775 ultra
1144 1722 1284 1778 i200
1307 1733 1418 1779 tam
1449 1739 1581 1783 oves
1615 1743 1776 1800 quam

184 1817 417 1875 capras,
466 1808 707 1878 exceptis
751 1809 948 1879 hircis,
995 1826 1095 1868 nec
1145 1816 1283 1871 ultra
1333 1810 1402 1872 12
1441 1832 1634 1888 canes,
1677 1837 1778 1879 nec

1964 654 2017 709 7.
2050 653 2264 710 Dictum
2294 667 2377 714 est
2407 659 2596 726 etiam,
2627 671 2686 717 ut
2717 665 2863 721 nulla
2902 663 3127 726 omnino
3165 674 3358 733 domus
3385 695 3477 749 prr

1892 758 2013 810 suo,
2045 753 2138 800 aut
2161 745 2336 805 alieno
2362 752 2583 821 negotio
2605 795 2620 818 ,
2664 756 2732 810 ad
2783 771 3069 828 personam
3115 763 3296 821 domui
3332 745 3476 840 papa

1891 833 2136 890 scribere
2157 851 2472 908 praesumat,
2501 843 2618 898 sine
2648 849 2878 906 consilio
2908 856 3214 911 communis
3238 833 3459 930 capituli

1961 947 2014 1002 8.
2043 949 2177 1006 item
2210 961 2472 1013 statutum
2503 969 2608 1025 cst,
2642 969 2704 1016 ut
2732 963 2776 1018 si
2807 965 3034 1034 quilibet
3061 971 3233 1039 prior,
3262 973 3350 1028 vel
3387 990 3489 1044 pet.

1890 1055 1968 1107 se,
2007 1042 2092 1098 vel
2119 1059 2218 1115 per
2240 1050 2540 1120 subjectum
2565 1069 2724 1110 suum
2751 1055 2997 1116 instituta
3025 1063 3246 1134 capituli
3275 1042 3473 1120 violari

1888 1140 2318 1208 pressumpserit,
2340 1153 2626 1215 postquam
2651 1152 3012 1222 transgressio
3042 1156 3328 1213 manifesta
3357 1159 3469 1215 fue.

1889 1230 1980 1295 rit,
2017 1230 2071 1286 in
2092 1245 2391 1298 conspectu
2421 1240 2586 1297 totius
2631 1243 2855 1315 capituli
2908 1247 3120 1318 culpam
3176 1251 3458 1320 professus

1885 1330 2040 1378 extra
2069 1323 2361 1394 capitulum
2387 1331 2718 1412 egrediatur,
2751 1337 2986 1394 nudatus
3013 1339 3202 1410 pedes,
3232 1343 3470 1400 vestibus

1883 1430 1985 1485 pro
2036 1419 2431 1477 consuetudine
2471 1423 2752 1495 detractis,
2803 1445 2968 1486 manu
2999 1432 3181 1504 virgas
3226 1445 3453 1503 portans

1884 1518 2012 1564 ante
2049 1519 2376 1567 conventum
2405 1529 2506 1584 pro
2537 1517 2884 1588 suscipienda
2931 1524 3214 1596 disciplina
3248 1525 3444 1583 humili

1885 1608 1970 1655 ter
2015 1612 2339 1660 revertatur.
2393 1606 2516 1678 ipse
2585 1624 2804 1680 quoque
2867 1612 2923 1667 in
2973 1615 3134 1672 domo
3181 1631 3316 1683 sua,
3364 1620 3477 1675 suis

1883 1692 2142 1762 subjectis
2184 1712 2284 1774 pro
2327 1698 2492 1756 simili
2542 1701 2698 1772 culpa
2726 1703 2960 1758 similem
3011 1705 3254 1776 imponat
3303 1711 3474 1766 disci-

1883 1782 2108 1854 plinam.

184 1897 320 1951 ultra
351 1898 425 1952 52
456 1899 640 1966 boves,
677 1915 744 1956 ac
765 1901 841 1957 20
865 1902 1084 1972 vitulos,
1113 1921 1215 1964 nec
1241 1907 1382 1965 ultra
1413 1909 1448 1966 6
1475 1913 1776 1984 sagmarios
1809 1921 1853 1977 Β
1953 1895 2006 1950 9'
2041 1896 2332 1954 omnium
2361 1909 2448 1958 35‘
2473 1903 2664 1968 etiam,
2717 1913 2778 1960 m
2822 1905 2868 1961 εί
2922 1906 3045 1977 quis
3091 1910 3474 1982 ρτεεενίριυηι

178 1988 410 2045 ulterius
437 1991 654 2048 habeat.

247 2080 301 2135 b.
345 2081 426 2136 De
455 2082 838 2140 submovendis
866 2100 1083 2159 quoque
1117 2103 1183 2146 ac
1212 2090 1603 2152 substituendis
1627 2097 1774 2168 prio-

177 2173 362 2239 ribus,
396 2174 500 2230 hoc
545 2176 710 2232 etiam
757 2178 1123 2248 indicavimus
1169 2199 1291 2241 esse
1328 2189 1678 2257 servandum,
1711 2202 1771 2248 ut

173 2263 304 2318 nulli
345 2265 559 2344 ordinis
585 2269 756 2324 nostri
783 2275 1193 2346 congregationi
1224 2278 1497 2334 viventem
1526 2282 1765 2359 priorem

171 2354 338 2410 liceat
367 2357 436 2412 ab
457 2357 633 2414 oliicio
659 2377 760 2416 suo
779 2379 1054 2433 amovere,
1086 2369 1189 2425 nisi
1226 2385 1290 2425 ex
1321 2386 1588 2428 consensu
1612 2355 1765 2430 com-

170 2449 354 2504 munis
403 2450 646 2520 capituli,
680 2469 856 2524 neque
893 2457 998 2527 ipsi
1038 2460 1278 2530 capitulo
1317 2463 1484 2520 liceat
1522 2463 1766 2533 ejusdem

167 2543 602 2610 aggregatiouis,
647 2543 906 2601 fratribus
950 2547 1271 2607 inconsultis
1317 2568 1382 2609 ac
1432 2555 1762 2621 nolentibus,

165 2634 380 2704 absque
405 2635 567 2706 culpa
586 2640 871 2711 condigna,
894 2642 1131 2714 priorem
1174 2644 1305 2702 dare
1329 2646 1414 2701 vel
1442 2649 1680 2705 auferre.
1706 2648 1764 2706 Si

161 2740 291 2781 vero
314 2741 345 2780 a
379 2725 642 2784 fratribus
662 2731 948 2802 cujuslibet
968 2735 1160 2790 domus
1181 2752 1310 2810 erga
1341 2739 1575 2809 priorem
1602 2757 1761 2798 suum

163 2831 181 2858 ι
201 2831 260 2870 ro
282 2817 405 2872 suis
429 2820 764 2886 excessibus,
791 2825 1017 2892 quaestio
1042 2807 1269 2882 suborta
1289 2807 1484 2897 lin—erit,
1509 2831 1762 2904 idemque

164 2909 317 2977 prior
342 2909 414 2963 ab
443 2911 648 2967 eisdem
695 2916 890 2984 saepius
936 2917 1266 2985 admonitus,
1295 2921 1536 2991 seipsum
1577 2937 1760 2980 cmen-

163 2997 295 3052 dare
341 2999 798 3069 noluerit,causa
847 3006 959 3078 ipsa
1009 3007 1076 3063 ad
1126 3009 1411 3066 consilium
1459 3017 1763 3071 communis

1877 1987 2193 2045 animalium
2222 2008 2507 2050 numerum
2536 1997 2855 2064 excesserit,
2882 2013 2948 2054 ex
2981 2000 3202 2058 decreto
3223 2004 3470 2074 capituli,

1876 2080 2018 2148 quod
2053 2081 2403 2152 superfuerit,
2433 2087 2766 2158 pauperibus
2786 2099 3060 2158 erogetur.

1947 2175 2037 2231 10.
2087 2175 2356 2234 Praeterea
2388 2179 2696 2236 institutum
2717 2191 2823 2247 est,
2860 2193 2919 2240 ut
2948 2189 3338 2242 monachorum
3374 2203 3472 2243 ve-

1871 2267 2127 2323 stimenta
2163 2284 2193 2323 a
2232 2272 2508 2342 semipede
2537 2281 2740 2330 terram
2771 2291 2878 2330 non
2917 2286 3162 2346 tangant,
3205 2277 3470 2334 laicorum

1870 2372 2086 2430 quoque
2109 2361 2338 2418 fratrum
2368 2374 2546 2422 vestes
2569 2366 2712 2420 ultra
2733 2382 2832 2422 ora
2853 2369 3334 2428 calciamentorum
3360 2384 3475 2426 non

1871 2454 2224 2510 descendant.

1942 2565 2028 2619 il.
2069 2565 2247 2620 Etiam
2290 2568 2394 2623 hoc
2447 2571 2757 2640 statuimus,
2795 2583 2852 2628 ut
2897 2575 2964 2630 de
2995 2574 3465 2644 Cisterciensium,

1869 2653 1984 2710 sive
2013 2661 2410 2726 praemonstrati
2440 2656 2954 2734 congregationibus
2972 2679 3195 2740 propter
3221 2671 3466 2741 ipsorqu

1871 2749 2236 2804 reverentiam
2270 2761 2327 2807 et
2349 2767 2567 2822 pacem,
2595 2755 2738 2810 nulla
2767 2756 2996 2814 ulterius
3026 2774 3258 2828 persona
3285 2763 3337 2816 in
3370 2779 3466 2818 no.

1870 2845 2042 2891 strum
2073 2841 2318 2897 ordinem
2348 2844 2697 2915 suscipiatur.
2733 2846 2889 2913 Quod
2928 2849 3236 2905 institutum
3271 2852 3465 2922 siquis

1870 2937 2179 2986 nostrorum
2240 2941 2616 3006 transgressus
2667 2937 2865 3006 fuerit,
2915 2941 3082 2996 etiam
3155 2941 3464 3014 professum

1871 3021 2141 3093 expellere
2175 3036 2421 3098 cogatur,
2460 3039 2514 3083 et
2535 3045 2567 3084 a
2610 3038 2723 3086 toto
2749 3033 2940 3088 ordine
2964 3048 3242 3105 separare.

643 3388 944 3458 ANTIQUA
984 3391 1324 3463 .STATUTA
1363 3394 1639 3454 ORDINIS
1677 3399 2234 3462 CARTHUSIENSIS
2275 3408 2363 3464 DE
2405 3410 2652 3469 SAClllS
2691 3413 2991 3473 RITlBUS.

1423 3514 1525 3586 (Ex
1556 3528 1658 3569 ms.
1687 3514 1928 3574 Colbert.
1965 3511 2156 3593 580.8.)

226 3624 281 3678 ί.
301 3621 360 3677 in
377 3621 530 3678 omni
556 3621 721 3678 missa
751 3623 817 3680 de
847 3624 986 3681 vivis
1017 3642 1140 3698 qua:
1163 3629 1765 3696 volvitur_celebranda,
1795 3636 1838 3694 C
1870 3629 2030 3700 festo,
2066 3651 2133 3692 eo
2159 3636 2268 3693 ritu
2306 3648 2362 3694 et
2385 3655 2448 3694 ea
2471 3641 2837 3712 solemnitate,
2884 3646 3084 3716 quibus
3117 3657 3324 3704 octavae
3355 3651 3455 3706 As-

149 3729 250 3783 per
309 3713 562 3783 singulos
591 3714 836 3770 dicitur:
868 3713 1215 3787 Omnipotens
1260 3721 1572 3791 sempiterna
1620 3721 1762 3778 Dens

142 3807 239 3877 qui
273 3807 537 3863 visorum.

213 3923 272 3979 2.
343 3921 705 3979 Declaramus
747 3923 892 3995 quod
951 3925 1118 3981 missa
1160 3923 1572 3982 benefactorum
1617 3943 1757 3982 nun-

140 4028 309 4082 quam
369 4002 541 4068 debet
595 4013 744 4068 reddi
797 4014 851 4068 in
901 4013 1057 4070 festis
1112 4031 1187 4069 xu
1251 4014 1563 4082 lectionum,
1595 4017 1759 4073 etiam

138 4106 459 4161 tricenario
481 4100 754 4172 currente,
780 4107 826 4161 si
861 4116 1041 4162 tamen
1085 4108 1188 4162 alia
1233 4110 1510 4166 vacaverit
1557 4111 1610 4168 in
1652 4127 1757 4182 qua

137 4199 312 4266 possit
345 4197 538 4254 reddi.

203 4315 262 4368 5.
299 4311 656 4382 Quacunque
675 4311 762 4367 die
783 4311 1104 4384 contingant
1131 4322 1337 4370 octavae
1362 4313 1752 4386 Apparitiouis,

128 4405 176 4459 si
207 4406 379 4463 aliter
406 4405 525 4460 dici
553 4421 658 4460 non
685 4404 857 4476 possit
881 4407 1286 4476 responsorium
1312 4404 1396 4461 Nc
1418 4407 1472 4462 in
1494 4408 1595 4473 ira,
1624 4408 1756 4478 ipsa:

122 4509 347 4553 001:1sz
380 4498 527 4552 tient
550 4498 601 4552 in
634 4497 892 4553 Sabbato.

195 4610 254 4665 4.
295 4608 672 4666 Declaramus
701 4610 845 4680 quod
871 4610 1037 4665 missa
1070 4609 1420 4666 Dominicalis
1447 4627 1554 4667 non
1578 4612 1748 4684 impe-

122 4703 319 4759 diatur
349 4711 588 4772 propter
620 4701 842 4758 missam
873 4702 1270 4769 anniversarii;
1321 4704 1416 4758 sed
1446 4713 1574 4758 tunc
1598 4704 1750 4759 dica—

129 4802 220 4849 tur
252 4796 438 4850 missa
471 4793 826 4850 anniversarii
857 4793 1129 4864 privatim,
1155 4802 1211 4850 et
1246 4794 1412 4850 missa
1443 4794 1750 4851 Dominica-

123 4887 196 4943 lis
227 4889 284 4942 iu
339 4895 646 4950 conventu,
675 4887 777 4940 nisi
829 4886 936 4940 alia
991 4887 1106 4942 dies
1137 4896 1294 4942 vacet
1321 4887 1374 4942 in
1398 4887 1510 4956 ipsa
1543 4887 1748 4942 hebdo-

125 4981 321 5040 mada,
360 4978 422 5033 in
455 4992 566 5048 qua
592 4977 696 5032 dici
729 4977 900 5048 possit
926 4977 1092 5032 missa
1127 4977 1488 5034 dominicalis.

195 5095 259 5150 5.
291 5094 449 5149 Cum
481 5091 733 5146 dominus
761 5099 947 5146 uoster
991 5105 1236 5146 summus
1261 5091 1502 5160 pontifex
1526 5091 1748 5146 ordina-

118 5184 296 5245 vcrit,
323 5190 387 5236 et
419 5180 671 5235 districte
699 5181 1018 5251 praeceperit-
1045 5181 1097 5235 in
1127 5181 1327 5236 virtute
1371 5190 1572 5236 saneta:
1611 5183 1744 5237 obe-

118 5273 361 5327 dientiae
390 5269 714 5326 solemniter
733 5270 1000 5326 celebrari
1034 5271 1100 5326 ab
1121 5272 1374 5327 omnibus
1396 5271 1591 5327 festum
1610 5272 1744 5329 Cor-

115 5366 281 5434 poris
308 5360 568 5426 Christi,
618 5377 720 5417 nos
757 5361 829 5416 ob
861 5361 956 5416 Dei
1003 5372 1059 5417 et
1099 5363 1272 5417 sancti
1305 5365 1560 5434 pracepti
1585 5379 1742 5422 reve-

117 5457 373 5512 rentiam
407 5455 748 5517 ordinamus,
776 5463 828 5510 et
859 5455 1048 5510 eodem
1079 5457 1238 5510 modo
1264 5471 1374 5525 quo
1399 5456 1452 5510 in
1483 5457 1738 5513 decretali

113 5548 486 5618 praccipitur,
517 5547 878 5617 praecipimus,
915 5557 974 5600 ut
1001 5546 1200 5601 festum
1227 5550 1320 5602 fiat
1351 5548 1406 5604 in
1437 5558 1626 5606 nostro
1649 5565 1742 5605 or-

107 5642 286 5707 dine,
347 5649 408 5694 et
448 5646 560 5692 tam
590 5639 642 5692 in
669 5637 879 5705 ciliciis,
912 5653 1077 5709 quam
1124 5640 1180 5693 in
1229 5640 1409 5695 missis
1453 5640 1575 5696 aliis
1615 5657 1739 5698 cum

105 5731 378 5788 candelis
415 5729 743 5786 solemniter
780 5731 1106 5798 celebretur,
1150 5732 1358 5789 scilicet
1403 5734 1536 5790 feria
1561 5751 1593 5788 v
1619 5747 1742 5806 post

100 5835 382 5882 octavam
418 5821 802 5879 Pentecostes.
854 5824 921 5879 Et
961 5823 1094 5880 fiant
1120 5835 1330 5882 octava:
1373 5827 1441 5881 dc
1487 5830 1742 5898 praedicto

321 5916 632 5977 Parnm.
695 5913 904 5978 CLIII.

1865 3727 2186 3796 sumptionis
2212 3728 2275 3784 Β.
2311 3728 2492 3799 Maria:
2519 3732 2884 3790 celebrantur.

1934 3817 1987 3873 6.
2017 3818 2372 3892 Praecipimus
2397 3834 2452 3878 et
2475 3839 2760 3882 monemus
2790 3842 2984 3885 omnes
3004 3829 3216 3898 priores
3241 3841 3298 3887 et
3320 3847 3456 3889 cou-

1863 3921 2057 3968 ventns
2080 3915 2250 3970 nostri
2273 3916 2498 3984 ordinis,
2533 3929 2592 3972 ut
2615 3919 2858 3989 quolibet
2899 3937 3045 3979 anno
3063 3939 3172 3980 non
3198 3927 3456 3984 amittant

1863 4003 2042 4059 facere
2061 4005 2410 4062 tricenarium
2432 4009 2561 4065 olim
2581 4026 2901 4068 concessum
2923 4014 3142 4072 domino
3156 4018 3454 4076 Amblardo

1858 4097 2113 4168 episcopo
2134 4097 2554 4158 Mauriennensi.

1933 4185 1986 4240 7.
2017 4186 2369 4246 Declaramus
2420 4192 2563 4261 quod
2609 4195 2826 4264 quando
2875 4197 3058 4267 vigilia
3107 4197 3314 4255 Natalis
3345 4200 3454 4255 Do-

1860 4275 1989 4330 mini
2014 4277 2213 4333 accidit
2265 4280 2316 4334 in
2345 4279 2432 4335 die
2484 4283 2783 4349 Dominico,
2811 4289 3152 4356 responsoria
3183 4300 3450 4356 mutuata,

1857 4364 2062 4422 scilicet
2099 4365 2236 4423 Ecce
2277 4369 2388 4424 dies
2438 4372 2678 4440 ueniunt,
2735 4383 2794 4430 et
2835 4376 2959 4445 Ave,
2995 4376 3200 4443 Maria,
3251 4379 3452 4435 debent

1857 4459 1984 4514 dici.

1925 4550 1980 4606 8.
2006 4551 2322 4607 Declaratur
2341 4554 2560 4622 quodin
2585 4556 2672 4612 die
2699 4557 3060 4616 Exaltationis
3078 4572 3284 4617 sancta:
3307 4562 3449 4618 Cru-

1855 4640 1934 4696 cis
1958 4643 2127 4710 possit
2158 4643 2273 4697 fieri
2310 4645 2562 4702 dormitio
2583 4651 2878 4704 secundum
2898 4652 3120 4722 antiqua
3144 4662 3369 4710 statuta.

1923 4735 1977 4790 9.
2024 4733 2351 4791 Ordinamus
2395 4739 2540 4808 quod
2594 4739 2661 4796 de
2705 4750 2904 4796 caetero
2940 4758 3044 4812 pax
3101 4756 3347 4801 sumatur
3389 4749 3444 4804 iu

1852 4826 2080 4882 ecclesia
2112 4827 2164 4882 in
2193 4828 2394 4896 tabula,
2432 4830 2486 4885 in
2517 4847 2622 4902 qua
2670 4833 2744 4887 sit
2785 4833 2995 4904 depicta
3028 4835 3205 4908 imago
3239 4839 3444 4896 Christi

1851 4917 2114 4973 cruciﬁxi.

1775 4989 1824 5047 υ
1888 5010 1890 5012 ’
1924 5011 2010 5066 10.
2043 5011 2203 5069 Omni
2232 5023 2474 5084 tempore
2527 5031 2582 5070 In
2635 5018 2938 5074 elevatione
2967 5022 3212 5090 corporis
3235 5022 3440 5079 Christi

1859 5104 1911 5157 in
1943 5103 2123 5159 missis
2147 5107 2594 5165 conventualibus
2615 5125 2805 5166 cereus
2837 5115 3184 5180 accendatur,
3211 5128 3441 5188 excepto

1855 5205 2097 5264 tempore
2123 5196 2394 5254 interdicti
2425 5208 2481 5254 et
2507 5200 2829 5256 cessationis
2857 5217 2887 5256 a
2918 5204 3136 5260 divinis.

1878 5319 1880 5322 ν
1923 5288 2008 5342 ll.
2042 5286 2392 5345 Declaramus
2417 5292 2561 5361 quod
2606 5295 2900 5350 secundum
2930 5296 3212 5367 privilegia
3249 5305 3434 5352 nostra

1847 5389 1895 5431 ct
1924 5387 2148 5443 statuta,
2173 5391 2228 5434 et
2251 5383 2548 5436 secundum
2573 5385 2898 5440 decretalem
2923 5388 3152 5456 positam
3189 5387 3242 5441 in
3277 5389 3436 5443 titulo

1847 5475 1913 5526 de
1931 5471 2224 5542 privilegiis
2261 5472 2315 5528 in
2341 5475 2578 5528 sectnnlo
2605 5475 2742 5530 libro
2763 5477 2816 5536 in
2848 5477 2954 5530 fine
2983 5477 3143 5532 dicta:
3180 5481 3433 5534 decreta-

1847 5560 1933 5625 iis,
1971 5575 2260 5630 possumus
2310 5563 2622 5619 ministrate
2667 5565 3032 5622 ecclesiastica
3085 5579 3430 5624 sacramenta

1847 5653 2202 5709 s-srvitoribus
2224 5655 2424 5712 nostris
2450 5656 2784 5712 domesticis.

1919 5745 2004 5798 19..
2033 5744 2377 5801 Declaramus
2402 5748 2545 5817 quod
2570 5749 2778 5816 priores
2799 5757 2855 5804 et
2879 5750 3067 5807 vicarii
3093 5752 3426 5819 monialium,

1847 5834 1890 5888 si
1925 5835 2265 5907 contingeret
2284 5850 2380 5893 eos
2422 5837 2560 5893 mori
2589 5837 2644 5893 in
2669 5837 2918 5895 domibus
2943 5842 3138 5909 quibus
3165 5857 3406 5913 praesunt

2941 5932 3020 5997 36
