3962 6432
609 447 740 504 1131

1845 436 2122 494 0110111118
2155 436 2551 495 CARTIIUSIA
2563 437 2628 494 Nl

3629 463 3722 522 un

608 577 716 619 non
761 561 1016 616 amittant
1059 558 1450 616 associationes
1495 554 1776 612 domorum
1811 553 2196 624 propriarum,
2225 560 2272 618 Α
2299 545 2517 621 Paulus,
2539 551 2802 620 Andreas,
2831 553 3082 622 lacubus,
3099 565 3154 612 et
3167 554 3396 628 Joannes,
3422 563 3726 639 Zamam.

605 653 710 708 nisi
745 652 797 707 in
845 649 1096 707 domibus
1147 651 1200 704 in
1257 647 1454 719 quibus
1496 654 1623 702 sunt
1653 644 1862 716 priores
1889 643 1976 698 vel
2005 642 2196 698 vicarii
2238 678 2266 708 .

605 735 832 799 fecerint
857 735 1282 814 professionem.

673 827 769 888 ³13.
826 833 1051 900 Quando
1115 830 1312 886 festum
1380 827 1824 884 Annnntiationis
1889 824 2196 882 celebratur

605 919 746 976 infra
785 931 1005 978 octavas
1040 921 1282 985 Paschaa,
1337 918 1390 973 in
1423 919 1614 989 primis
1653 917 1893 988 vesperis
1943 917 2196 972 dicantur

603 1013 680 1067 illi
707 1013 920 1082 psalmi,
947 1014 1036 1083 qui
1067 1011 1324 1066 dicuntur
1347 1009 1487 1065 inira
1512 1009 1688 1066 dictas
1715 1017 1960 1075 octavas,
1987 1006 2196 1064 scilicet

607 1103 749 1157 Dixit
781 1102 1054 1156 Dominus.

675 1194 761 1248 14.
791 1193 1146 1250 Declaramus
1200 1192 1342 1264 quod
1393 1191 1626 1248 secunda
1679 1191 1842 1246 missa
1887 1189 2195 1245 Natis-italis

603 1286 816 1340 Domini
867 1287 1203 1352 celebretur;
1253 1295 1306 1341 et
1352 1285 1396 1339 si
1453 1299 1558 1339 non
1607 1281 1922 1353 apparuerit
1973 1297 2192 1345 aurora,

605 1377 828 1430 redeant
857 1377 1108 1433 monachi
1166 1378 1234 1430 ad
1287 1376 1456 1432 cellas
1502 1384 1792 1444 antequam
1851 1374 2016 1429 missa
2047 1373 2192 1428 cele-

601 1466 808 1521 bretur.

672 1557 760 1612 15.
789 1555 1102 1614 Inbibemus
1131 1557 1274 1628 quod
1323 1571 1447 1611 cum
1502 1554 1730 1610 cucullis
1773 1553 1840 1610 de
1886 1553 1990 1610 tela
2036 1554 2194 1610 factis

601 1647 834 1717 amplius
877 1663 986 1703 non
1039 1648 1309 1704 serviatur
1351 1647 1404 1702 in
1456 1655 1744 1713 conventu,
1783 1659 1882 1700 nec
1933 1645 2096 1701 etiam
2135 1645 2191 1701 in

600 1739 835 1808 privato.

673 1828 761 1883 16.
795 1827 1014 1884 Priores
1059 1829 1139 1884 vel
1168 1827 1416 1884 monachi
1473 1826 1642 1882 nostri
1693 1825 1926 1894 ordinis,
1949 1825 2034 1880 vel
2061 1841 2193 1881 con-

2297 645 2492 718 lippus,
2523 646 2780 712 Thomas,
2805 646 3239 718 Bartholomatus,
3282 650 3536 725 Mattheus,
3569 659 3727 725 lacubus

2293 737 2522 808 Alpliaei,
2549 738 2758 804 Simon,
2792 739 2960 796 ludas
2989 749 3044 796 et
3063 740 3302 800 Mathias.

2364 829 2458 884 25.
2486 829 2556 886 Ut
2584 831 2955 898 uniformitas,
2989 832 3126 888 sicut
3154 833 3204 888 in
3226 837 3416 892 statutis
3429 841 3677 912 continetur,
3693 849 3728 904 in

2296 921 2480 978 divino
2499 924 2724 979 servitio
2761 933 3012 980 servetur
3049 924 3102 980 in
3131 925 3325 993 ordine,
3351 943 3588 1000 procurent
3603 951 3729 995 omnes

2293 1014 2504 1084 priores
2537 1025 2596 1069 et
2625 1015 2819 1070 vicarii
2873 1016 3076 1072 habere
3113 1015 3370 1089 legendam
3407 1036 3506 1091 quae
3537 1023 3677 1098 legitur
3695 1029 3730 1086 in

2293 1104 2580 1161 Carthusia
2633 1106 2686 1160 in
2737 1106 2946 1162 octavis
2997 1115 3053 1162 et
3095 1121 3190 1177 per
3237 1117 3434 1174 octavas
3475 1115 3728 1182 eucharistia,

2294 1196 2446 1264 cujus
2477 1196 2712 1267 legendze
2738 1197 2895 1268 copia
2921 1197 2974 1252 in
3001 1196 3276 1254 Cartitusia
3299 1202 3471 1269 poterit
3492 1205 3672 1272 reperiri.

2365 1284 2454 1340 26.
2489 1285 2662 1340 Priori
2691 1294 2748 1340 et
2773 1287 3064 1342 conventui
3119 1287 3379 1354 Liminati,
3407 1299 3456 1345 et
3476 1292 3572 1348 aliis
3603 1295 3732 1364 quibus

2293 1375 2560 1443 placuerit
2587 1376 2925 1443 conceditur,
2959 1387 3020 1431 ut
3045 1375 3238 1432 festum
3259 1377 3578 1450 Conceptionis
3597 1383 3639 1438 Β.
3659 1385 3732 1440 vir-

2293 1466 2433 1536 ginis
2461 1465 2644 1522 Mariae
2671 1467 2882 1537 possint
2903 1467 3214 1524 solemniter
3233 1469 3493 1538 celebrare,
3514 1483 3555 1528 et
3576 1474 3734 1530 {intom-

2293 1556 2436 1612 ciurn
2465 1557 2608 1612 sicut
2635 1558 2688 1612 in
2717 1556 3034 1624 Nativitate,
3065 1557 3120 1612 in
3159 1573 3340 1614 nomen
3375 1557 3656 1632 ϐοηθεμὶοὼ
3673 1581 3736 1620 uo-

2293 1648 2442 1703 mine
2478 1645 2788 1704 Natieitatis
2818 1656 3172 1704 commutato.

2362 1737 2455 1790 27.
2487 1737 2820 1794 Conceditur
2845 1739 3028 1794 domui
3052 1737 3368 1804 Carthasim,
3395 1749 3444 1794 ut
3477 1741 3606 1809 possit
3623 1740 3734 1798 lacus

2293 1827 2493 1884 festum
2529 1829 2750 1898 capituli
2787 1830 2854 1886 de
2879 1830 3076 1887 domno
3131 1829 3308 1902 Ugone
3357 1830 3736 1904 Lincolniensiepi-

599 1923 748 1977 versi
793 1923 862 1976 de
895 1931 1096 1978 caetero
1143 1938 1246 1977 non
1295 1931 1426 1978 eant
1455 1924 1522 1977 ad
1555 1921 1884 1992 sepulturas,
1921 1921 2023 1976 nisi
2053 1920 2190 1976 forte
2221 1914 2264 1970 B
2289 1935 2474 1990 scopo,
2503 1921 2596 1990 qui
2633 1919 2734 1976 fuit
2761 1921 3062 1976 monachus
3083 1920 3388 1976 Carthasim.

597 2013 906 2084 principum
937 2022 990 2068 et
1015 2029 1334 2084 magnorum
1383 2014 1760 2085 prmlatorum,
1805 2012 1890 2068 vel
1938 2013 2112 2082 patris
2137 2021 2194 2068 et

599 2105 792 2161 matris
825 2119 1012 2160 eorum
1061 2107 1126 2161 de
1151 2107 1372 2175 ordine,
1419 2107 1468 2162 si
1513 2107 1875 2177 sepelirentur
1905 2103 2046 2160 infra
2079 2114 2188 2161 ter-

601 2195 778 2250 minos
803 2195 1083 2250 domorum
1115 2210 1359 2251 suarum.

667 2287 753 2339 17.
809 2285 1084 2342 Statutum
1120 2287 1317 2342 factum
1357 2287 1423 2343 de
1449 2287 1736 2358 praesentia
1783 2288 2190 2358 episcoporum,

597 2379 740 2444 quod
783 2379 994 2448 priores
1037 2380 1313 2434 dimittant
1351 2381 1511 2436 sedes
1541 2395 1670 2436 suas
1698 2381 1752 2435 in
1799 2381 2030 2436 ecclesia
2062 2380 2192 2450 ipsis

598 2467 869 2538 episcopis
900 2470 1281 2538 praesentibus,
1311 2469 1638 2542 intelligitur
1666 2471 1882 2540 quando
1903 2481 2028 2526 sunt
2053 2479 2190 2542 prte-

597 2569 781 2614 scntcs
814 2559 866 2614 in
891 2561 1141 2616 ecclesia.
1931 2611 1938 2614 .

672 2653 756 2708 18.
798 2653 1124 2708 Ordinamus
1155 2662 1213 2708 nt
1249 2653 1457 2724 jejunia
1491 2653 1672 2725 quarti
1715 2653 1972 2724 temporis
2009 2653 2060 2708 in
2093 2651 2188 2708 Se-

595 2743 828 2814 ptembri
883 2744 935 2799 in
963 2745 1206 2814 qualibet
1231 2747 1392 2800 domo
1423 2746 1592 2801 nostri
1643 2745 1850 2802 ordinis
1889 2746 2187 2802 secundum

595 2834 1042 2890 consuetudinem
1066 2849 1176 2890 suae
1203 2836 1458 2890 dimcesis
1482 2835 1849 2892 celebrentur.

669 2925 756 2980 19.
789 2927 1116 2982 Ordinamus
1143 2929 1285 2997 quod
1319 2929 1363 2984 si
1409 2929 1690 2998 contingat
1718 2927 1933 2983 evenire
1987 2927 2187 2982 festum

597 3016 763 3070 trium
793 3016 1088 3072 lectionum
1133 3017 1340 3074 habens
1371 3017 1604 3073 oliicium
1661 3019 1841 3074 missa:
1884 3018 2184 3090 proprium,

596 3107 730 3164 feria
769 3125 819 3164 Iv
844 3109 1064 3180 capituli
1091 3109 1362 3180 generalis
1399 3111 1612 3166 dicatur
1650 3111 1811 3165 missa
1842 3109 1987 3176 festi,
2020 3109 2185 3165 missa

597 3216 726 3256 vero
761 3201 922 3258 Salus
955 3201 1134 3272 populi
1163 3203 1414 3273 privatim
1443 3203 1511 3258 ab
1551 3202 1732 3273 aliquo
1755 3203 2114 3274 persolvatur.

665 3292 757 3348 20.
812 3293 1120 3350 Secundum
1165 3294 1611 3349 consuetudinem
1645 3296 1836 3348 domus
1885 3293 2188 3348 Carthusia:

599 3385 908 3454 antiphome
936 3395 1306 3452 resmnantur,
1335 3385 1542 3441 scilicet
1567 3385 1620 3439 in
1652 3399 1784 3442 voce
1819 3383 1872 3438 in
1908 3399 2012 3454 qua
2040 3383 2186 3453 pSal-

601 3478 777 3532 modia
806 3487 888 3532 est
920 3479 1090 3532 ﬁnita.

675 3576 769 3631 21.
812 3569 1100 3626 Crin-inosi
1132 3568 1464 3622 reconciliati
1495 3567 1668 3622 ordini
1701 3567 1978 3636 spirituale
2017 3569 2184 3622 liene-

598 3669 779 3724 iicium
808 3666 1065 3730 habeant,
1092 3661 1242 3734 juxta
1285 3659 1508 3730 gradqu
1543 3661 1608 3715 ad
1653 3675 1814 3730 quem
1851 3660 2070 3714 fuerunt
2095 3674 2185 3714 re.

597 3760 790 3816 stituti.
1805 3759 1810 3766 '

665 3852 758 3906 22.
777 3849 1103 3906 Ordinamns
1129 3846 1270 3918 quod
1297 3844 1514 3918 quando
1533 3843 1688 3914 plura
1713 3843 2002 3899 tricenaria
2025 3851 2188 3899 erunt

597 3945 924 4010 inchoanda,
955 3945 1190 4012 incmpto
1218 3939 1394 4010 primo
1423 3937 1718 3993 tricenario
1741 3951 1772 3990 a
1801 3938 1982 4006 priore
2011 3937 2094 3991 vel
2117 3937 2185 3992 ab

595 4035 915 4107 antiquiori,
952 4043 1146 4090 canora
1179 4030 1510 4100 incipiantur
1536 4029 1606 4085 ab
1637 4029 1748 4092 eis,
1795 4029 1991 4100 quibus
2019 4029 2183 4084 missa

600 4127 874 4184 tricenarii
899 4124 1011 4193 jam
1056 4123 1276 4192 incmpti
1313 4121 1605 4192 contigerit
1627 4120 1970 4176 celebranda.

665 4219 759 4273 25.
797 4217 1117 4287 Praecipiun-
1163 4225 1222 4268 ut
1257 4216 1562 4270 districtius
1605 4225 1660 4269 et
1709 4213 1982 4271 ecacius
2005 4221 2184 4284 potest

597 4312 737 4378 ﬁeri,
763 4308 1016 4366 omnibus
1044 4307 1292 4378 personis
1315 4305 1524 4360 ordinis
1553 4316 1611 4359 ut
1643 4305 1790 4359 nullo
1814 4308 1974 4360 modo
1992 4346 2010 4370 ,
2049 4323 2186 4375 quo-

593 4403 678 4459 vis
703 4399 914 4463 colore,
963 4414 1058 4468 per
1107 4412 1166 4452 se
1225 4395 1308 4450 vel
1336 4395 1522 4460 alium,
1559 4395 1764 4450 directe
1803 4395 1888 4448 vel
1921 4395 2184 4451 indirecte

595 4496 778 4561 factis,
815 4491 1016 4557 verbis,
1045 4489 1129 4546 vel
1159 4489 1355 4544 litteris
1380 4487 1614 4558 aliquam
1647 4503 1958 4559 personam,
2001 4487 2184 4558 cujus-

593 4599 806 4655 cunque
831 4579 1160 4638 conditionis
1185 4579 1408 4642 existat,
1445 4579 1664 4632 inducat
1701 4577 1768 4631 ad
1796 4576 2083 4647 petendum
2113 4577 2181 4632 ab

591 4679 786 4730 ordine
807 4673 1024 4742 aliquod
1067 4669 1392 4726 beneﬁcium
1439 4669 1722 4739 spirituale
1750 4677 1946 4738 praeter
1971 4683 2182 4724 recom-

592 4765 991 4822 meudationem
1018 4761 1348 4833 generalem,
1379 4775 1499 4830 quas
1529 4761 1783 4831 precibus
1811 4761 2022 4815 ordinis
2065 4759 2182 4815 fieri

592 4853 896 4918 consuevit,
951 4867 1049 4907 nec
1081 4851 1273 4907 leviter
1323 4851 1623 4905 concedant
1665 4850 2097 4904 anniversarium
2129 4850 2184 4904 in

593 4948 904 5002 dominihus
934 4946 1048 5001 suis
1067 4985 1082 5010 ,
1111 4959 1212 4998 nec
1241 4943 1346 4998 ullo
1379 4944 1534 4998 modo
1565 4957 1664 5013 pro
1705 4942 2086 5013 temporalibus
2117 4943 2184 4998 ad

593 5035 892 5104 spiritualia
919 5049 978 5089 se
1005 5031 1267 5100 obligem,
1297 5031 1402 5086 nisi
1451 5041 1610 5100 prout
1649 5029 1796 5086 licite
1821 5032 1934 5087 ﬁeri
1961 5032 2182 5100 poterit,

587 5127 743 5198 juxta
771 5125 1056 5180 consilium
1089 5123 1408 5194 peritorum.

661 5215 754 5272 24.
797 5214 1120 5270 Ordinamus
1155 5218 1305 5283 quod
1353 5215 1420 5270 de
1463 5223 1682 5278 caetero,
1719 5223 1937 5284 propter
1985 5229 2184 5284 prmce-

589 5317 744 5380 ptum
799 5304 1082 5368 Ecclesiae,
1119 5305 1264 5373 quod
1308 5320 1406 5374 per
1441 5319 1630 5358 omnes
1679 5305 1868 5359 domos
1895 5304 2102 5360 ordinis
2129 5305 2182 5358 in

589 5401 742 5458 festis
766 5397 1052 5456 duodecim
1085 5395 1450 5465 apostolorum
1478 5395 1644 5452 semel
1673 5396 1728 5450 in
1760 5411 1922 5462 anno,
1956 5411 2185 5467 evange-

591 5489 836 5546 listarum
855 5501 910 5544 et
929 5497 1163 5558 quatuor
1173 5485 1456 5541 doctorum
1477 5485 1605 5542 olim
1623 5501 1730 5542 non
1747 5486 1974 5542 iecimus
1985 5488 2180 5542 festum

591 5579 831 5649 capituli;
849 5576 1152 5636 iiatfestum
1169 5573 1385 5645 capituli
1401 5585 1662 5641 quantum
1683 5577 1751 5631 ad
1780 5577 2096 5642 monachos,
2128 5586 2185 5633 et

591 5671 836 5728 conversi
865 5670 918 5724 in
951 5667 1222 5739 praedictis
1234 5664 1390 5722 l'estis
1417 5665 1474 5720 in
1503 5666 1756 5735 operibus
1775 5669 2047 5738 occupati,
2073 5684 2180 5724 non

590 5771 802 5818 cessent
831 5762 899 5816 ab
911 5759 1657 5830 eis,uecproptercapitulum
1677 5759 1746 5813 ad
1779 5760 1996 5814 domum
2023 5775 2180 5830 supe-

593 5853 790 5906 riorem
823 5851 1136 5904 ascendant.
1159 5849 1386 5906 Nomina
1411 5849 1776 5920 apostolorum
1817 5861 1940 5906 sunt
1963 5850 2176 5918 Petrus,

2360 2013 2452 2066 28.
2479 2011 2745 2083 Tempore
2773 2011 3014 2084 paschali
3042 2013 3250 2068 dicatur
3263 2013 3554 2084 evangelium
3575 2012 3738 2084 Egens

2292 2108 2408 2164 vitis
2437 2124 2558 2162 vera
2595 2107 2650 2163 in
2695 2107 2834 2164 festo
2865 2108 2924 2162 Β.
2978 2108 3250 2164 Ambrosii
3294 2117 3344 2164 et
3371 2108 3430 2163 Β.
3459 2107 3636 2178 ligonis,
3656 2108 3738 2162 siin

2291 2199 2437 2256 dicto
2460 2207 2702 2270 tempore
2727 2201 2876 2256 dicta
2903 2199 3036 2256 festa
3066 2199 3345 2272 contigerit
3367 2199 3598 2256 celebrari.

2361 2292 2450 2348 29.
2475 2292 2755 2348 Monunius
2773 2302 2834 2348 ut
2863 2294 2914 2346 in
2943 2293 3198 2348 omnibus
3225 2293 3452 2348 domibus
3469 2305 3740 2346 conversurum

2290 2401 2320 2440 a
2345 2385 2594 2440 domibus
2621 2384 2992 2454 superioribus
3014 2384 3300 2456 separatis,
3323 2381 3495 2455 quibus
3511 2391 3576 2438 est
3593 2379 3740 2451 capella;

2291 2485 2544 2530 cessante
2579 2473 2728 2544 justo
2786 2475 3208 2546 impedimento,
3273 2475 3542 2531 celebretur
3581 2473 3690 2528 missa
3721 2489 3740 2522 a

2289 2565 2472 2634 priore
2505 2563 2588 2618 vel
2617 2575 2994 2636 procuratore,
3025 2565 3114 2620 bis
3148 2564 3232 2622 vel
3271 2574 3347 2620 ter
3373 2564 3432 2618 ad
3461 2563 3684 2618 minue...
3706 2559 3741 2612 Si

2289 2671 2420 2710 vero
2445 2656 2596 2726 prior
2631 2656 2684 2710 in
2711 2655 3008 2726 prmmissis
3055 2656 3313 2712 defecerit
3351 2654 3600 2725 explendis,
3621 2651 3742 2708 clamet

2290 2746 2506 2816 culpam
2543 2762 2697 2802 suam
2725 2747 2778 2800 in
2803 2747 3039 2818 capitqu
3067 2749 3328 2818 proximo.

2359 2837 2452 2890 50.
2481 2835 2878 2902 Tricenarihm,
2901 2837 3042 2906 quod
3065 2852 3378 2893 concessum
3397 2843 3470 2892 est
3489 2833 3652 2891 duritiae
3665 2831 3745 2886 An-

2289 2926 2476 2984 blardo
2502 2927 2658 2982 annis
2687 2927 2916 2999 singulis
2938 2927 3374 3000 per-solvendum,
3407 2926 3532 2982 circa
3553 2923 3691 2980 fenum
3707 2917 3744 2972 S.

2289 3019 2452 3074 Marci
2480 3018 2825 3090 evangelista
2853 3020 3036 3074 debite
3085 3019 3438 3090 persolvatur,
3463 3017 3575 3073 sicut
3595 3013 3639 3068 lit
3665 3009 3745 3065 Car-

2287 3113 2502 3179 thusize,
2531 3113 2800 3167 videlicet
2820 3121 2880 3166 ut
2909 3128 3006 3182 pro
3053 3112 3174 3181 ipso
3201 3121 3255 3168 et
3295 3112 3401 3168 suis
3433 3104 3675 3180 parentibus
3689 3101 3740 3153 Ili-

2290 3212 2444 3258 catur
2469 3205 2642 3274 prima
2665 3205 2840 3259 oratio
2864 3201 3074 3258 Inclina
3234 3201 3524 3272 famulorum
3541 3207 3577 3252 et
3595 3191 3748 3265 {anub-

2291 3309 2447 3358 rum;
2477 3293 2671 3350 deinde
2695 3301 2986 3348 consuetae.

2359 3384 2448 3440 51.
2479 3383 2632 3440 Licet
2661 3393 2920 3440 statutum
2945 3385 3011 3440 sit
3043 3386 3192 3454 quod
3215 3399 3372 3456 super
3393 3395 3564 3438 annum
3587 3377 3751 3432 dicantur

2287 3474 2389 3532 sub
2429 3483 2578 3530 certo
2621 3487 2850 3528 numero
2898 3484 3118 3530 centum
3167 3475 3388 3538 breves,
3437 3479 3486 3526 et
3524 3481 3606 3524 non
3623 3463 3750 3518 debent

2287 3565 2484 3632 omitti,
2521 3580 2624 3620 nec
2651 3567 2717 3620 de
2747 3574 2945 3620 caetero
2973 3566 3261 3620 omittatur
3288 3564 3492 3633 antiqua
3518 3553 3752 3615 consuetudo

2289 3657 2343 3712 iu
2375 3657 2596 3712 statutis
2643 3665 2898 3712 contenta
2951 3657 3018 3712 de
3065 3657 3330 3714 mittendo
3357 3663 3408 3712 et
3443 3647 3674 3710 nuntiando
3691 3655 3751 3712 per

2288 3751 2478 3806 domos
2497 3749 2706 3806 ordinis
2733 3749 2926 3805 breves
2949 3750 3270 3806 obeuntium
3299 3757 3618 3820 personarum,
3635 3748 3754 3805 ιιινω

2285 3841 2366 3896 eis
2414 3841 2627 3895 dicatur
2664 3840 2842 3896 oratio
2885 3840 3174 3911 specialis,
3228 3853 3284 3895 et
3333 3839 3662 3905 consequenter
3693 3835 3752 3894 Ιπ⁰

2287 3936 2410 3992 aliis
2437 3936 2650 3991 dicatur
2677 3937 2966 4008 generalis,
3008 3937 3264 3995 videlicet
3311 3951 3404 4006 pro
3425 3947 3519 3988 uno
3541 3920 3752 3997 singularis-

2285 4037 2340 4083 et
2383 4043 2480 4098 pro
2525 4027 2772 4100 pluribus
2819 4030 3146 4101 singularis,
3204 4031 3344 4087 sicut
3389 4027 3586 4083 habetur
3607 4021 3645 4074 in
3680 4021 3752 4070 str-

2287 4121 2434 4176 tntis.

2355 4211 2447 4268 52.
2480 4211 2890 4269 Ordinationem
2920 4213 3048 4269 olim
3073 4214 3277 4270 factam
3312 4205 3608 4268 admonendo
3628 4205 3754 4268 quater

2285 4318 2388 4357 nus
2416 4303 2564 4357 omni
2591 4303 2679 4360 die
2717 4305 2933 4358 dicatur
2969 4305 3134 4359 missa
3166 4304 3230 4358 Β.
3269 4303 3441 4358 Mariae
3477 4305 3580 4368 post
3611 4291 3754 4346 missam

2285 4393 2718 4458 conventualem,
2749 4396 2855 4449 alio
2886 4393 3279 4464 impedimento
3326 4397 3567 4452 cessante,
3603 4375 3755 4438 sicutﬁt

2282 4480 2604 4547 Carthusiae,
2633 4484 3020 4554 approbarnus,
3049 4495 3106 4540 et
3143 4494 3203 4540 ut
3247 4484 3558 4554 praemissum
3579 4481 3656 4538 est,
3681 4467 3754 4522 W-

2213 4597 2262 4660 ο
2286 4575 2416 4631 ltem
2445 4577 2762 4631 ordinamus
2789 4587 2845 4632 et
2875 4578 3124 4632 volumus
3161 4577 3306 4647 quod
3333 4577 3541 4630 dicatur.

2361 4661 2449 4720 53.
2499 4664 2848 4721 Declaramus
2883 4667 3026 4736 quod
3071 4667 3126 4721 in
3165 4665 3413 4720 domibus
3459 4653 3700 4715 monialium
3725 4651 3757 4698 el

2287 4758 2705 4822 monachorum,
2735 4758 2932 4828 quibus
2969 4773 3076 4812 non
3116 4766 3246 4814 sunt
3283 4767 3356 4810 tot
3397 4749 3652 4810 sacerdotes
3675 4741 3756 4806 lim“

2287 4847 2483 4902 missas
2532 4847 2778 4914 debitas,
2830 4850 3042 4905 etiamsi
3078 4851 3220 4905 ultra
3264 4851 3404 4905 illam
3449 4859 3542 4916 qua
3581 4837 3758 4892 debentur

2286 4936 2680 4992 hebdomadam
2708 4937 3294 5006 dilferantur,rcddere
3319 4954 3419 4993 non
3441 4929 3758 5018 suﬂiciuulii’f

2286 5030 2525 5100 qualibet
2543 5032 2702 5086 missa
2721 5035 2926 5096 debita,
2947 5051 3064 5104 qua:
3091 5035 3226 5091 solvi
3261 5051 3364 5092 non
3393 5028 3614 5104 potuerit,
3631 5015 3756 5091 ρειιιηί

2285 5124 2674 5194 quinquaginta
2707 5125 2977 5190 dicantur,
3003 5127 3162 5198 juxta
3191 5127 3564 5184 ordinationem
3585 5111 3759 5174 eldiSW‘

2285 5218 2534 5271 sitionem
2569 5216 2766 5286 prioris
2789 5217 2872 5270 vel
2893 5218 3098 5272 vicarii.

2355 5307 2447 5364 51.
2481 5307 2942 5364 Consuetudinem
2989 5311 3272 5364 domorum
3301 5306 3516 5368 ordinis,
3563 5289 3760 5362 inquibus

2285 5400 2512 5470 singulis
2543 5400 2734 5456 diebus
2771 5401 2936 5456 missa
2983 5403 3048 5457 de
3095 5402 3158 5457 Β.
3209 5401 3376 5456 Maria
3405 5396 3588 5468 virgine
3611 5385 3760 5442 dicitur.

2285 5500 2542 5561 tanquam
2573 5502 2816 5546 sanetam
2841 5503 2898 5547 et
2917 5493 3244 5549 laudabilem
3271 5489 3602 5563 approbamus
3621 5488 3660 5532 et
3677 5485 3760 5572 con-

2283 5583 2588 5651 ﬁrmamus,
2621 5595 2678 5640 et
2703 5586 3058 5642 admonentes
3087 5586 3139 5640 in
3169 5585 3396 5642 Domino
3415 5573 3654 5636 nonnullos
3669 5575 3760 5634 ιπιιν

2283 5689 2371 5729 res
2399 5683 2454 5728 et
2484 5675 2782 5730 monachos
2811 5675 3020 5730 ordinis
3061 5673 3302 5744 praefatae
3329 5659 3654 5728 consuetudini
3675 5665 3758 5706 con'

2284 5763 2506 5828 trurios.
2535 5765 2678 5834 quod
2701 5765 2768 5818 ad
2795 5765 3058 5820 honorem
3089 5763 3182 5816 Dei
3209 5771 3264 5817 et
3305 5761 3362 5816 Β.
3395 5752 3602 5830 Virginis
3627 5745 3758 5800 dictam

2283 5857 2726 5912 consuetudinem
2749 5857 3050 5912 devotionis
3073 5853 3328 5925 specialis
3351 5849 3530 5910 intuitu
3553 5841 3758 5900 imitemur-
