3962 6402
424 438 564 498 1153

1664 425 1941 484 οιωιιιιε
1981 421 2448 482 (ιλιιτιιιιδιΑΝι

3567 410 3710 466 1156

423 567 627 627 ponere
676 549 940 607 voluntati
993 547 1190 621 prioris
1219 588 1234 612 ,
1289 545 1374 600 vel
1429 541 1590 598 etiam
1638 538 2008 611 procuratoris
2037 543 2083 602 Α
2115 534 2506 607 professionem
2534 571 2551 598 ,
2604 538 2666 586 ut
2713 527 2999 602 promittat
3025 523 3197 598 priori
3223 519 3600 579 obedientiam
3649 523 3703 575 in

422 644 684 718 quidquid
733 643 936 706 habent
963 640 1017 695 in
1056 639 1205 695 cellis
1231 636 1316 692 vel
1363 633 1528 702 alibi,
1576 633 2006 704 quotiescunque

423 739 492 792 ab
525 736 656 805 ipsis
687 749 851 805 super
874 733 977 787 hoc
1006 729 1206 784 fuerint
1241 724 1492 796 requisiti
1517 763 1533 790 ,
1566 739 1634 778 ne
1679 721 2004 777 sententiam

2109 643 2316 684 COﬂVCﬂ
2324 636 2401 682 tu.

2180 721 2271 776 24.
2309 719 2364 775 ln
2419 726 2609 774 octava
2637 715 2947 772 Nativitatis
2988 711 3204 769 Domini
3232 710 3434 767 dicitur
3458 707 3712 780 praefatio

422 801 997 884 excommunicationis
1016 831 1204 878 contra
1225 817 1616 891 proprietarios
1640 816 1802 870 latam
1825 814 2008 870 ineur-
2107 812 2178 868 de
2208 809 2511 877 nativitate,
2533 816 2590 864 et
2617 806 3096 868 Communicantes,
3124 810 3180 858 et
3206 801 3365 856 Hanc
3392 801 3577 871 igitur.

423 926 566 975 rant.

387 1005 394 1007 “
495 1013 583 1066 11.
626 1009 855 1078 Quando
892 1006 1088 1077 aliquis
1137 1002 1436 1061 monachus
1464 1001 1531 1056 de
1571 999 1763 1056 ordine
1800 997 2005 1054 Cister—

424 1102 588 1157 ciensi
615 1101 699 1156 vel
725 1100 1012 1170 Nigrorum
1062 1095 1202 1167 apud
1248 1111 1348 1150 nos
1383 1093 1516 1150 facit
1567 1091 1962 1163 professionem
1990 1131 2005 1154 ,

426 1209 531 1246 non
559 1190 897 1247 benedicitur
922 1231 937 1256 ,
973 1189 1018 1245 si
1053 1189 1104 1243 in
1137 1203 1236 1243 suo
1266 1186 1460 1241 ordine
1485 1184 1648 1239 fuerit
1672 1183 2006 1239 benedictus.

424 1285 628 1338 Caetera
684 1293 860 1338 tamen
907 1281 1075 1347 facit,
1105 1280 1361 1335 videlicet
1395 1293 1607 1333 versum
1641 1275 1858 1346 Suscipe
1903 1291 2007 1336 me,

429 1370 666 1438 Domine,
698 1373 842 1427 orari
870 1387 966 1442 pro
994 1386 1053 1427 se
1075 1370 1340 1442 postulat,
1368 1368 1765 1440 professionem
1797 1366 1932 1438 legit
1953 1375 2009 1421 et

426 1463 808 1516 communicat.

497 1553 584 1608 l2.
625 1552 681 1606 Si
715 1553 911 1624 aliquis
961 1552 1268 1608 infirmetur
1314 1551 1454 1606 infra
1486 1549 1748 1606 terminos
1792 1557 2010 1604 nostros

426 1649 536 1695 tam
573 1642 830 1711 graviter,
877 1642 1019 1712 quod
1045 1657 1148 1696 non
1177 1651 1360 1713 posset
1384 1642 1586 1696 intrare
1619 1639 1881 1695 terminos
1915 1655 2010 1709 pe-

425 1734 521 1789 des
547 1735 628 1789 vel
649 1751 840 1804 eques,
870 1751 974 1791 non
997 1745 1170 1807 potest
1196 1737 1360 1806 recipi
1389 1736 1470 1791 vel
1503 1735 1651 1791 indui
1685 1735 1956 1790 ordinate.

497 1825 586 1879 15.
627 1824 826 1880 Novitii
866 1842 972 1881 non
995 1825 1195 1881 faciant
1224 1826 1612 1895 professionem
1646 1825 1753 1880 nisi
1793 1823 2010 1895 proprio

2185 901 2278 958 25.
2319 901 2548 970 Quando
2574 897 2856 970 Apparitio
2888 896 3104 951 Domini
3159 895 3214 950 in
3260 893 3537 948 dominica
3570 907 3710 944 cnn-

2112 995 2300 1065 tingit,
2332 994 2392 1049 fit
2414 990 2862 1048 commemoratio
2893 989 2960 1044 de
2985 987 3256 1044 dominica
3281 1026 3298 1053 ,
3327 994 3384 1041 et
3404 993 3534 1041 sunt
3562 987 3712 1038 anti-

2120 1089 2314 1158 phonae
2341 1087 2472 1140 Cum
2505 1085 2675 1155 factus
2703 1093 2858 1148 esset,
2885 1091 2995 1136 etc.

2183 1176 2273 1231 26.
2315 1175 2443 1230 Post
2471 1175 2728 1229 lectiones
2750 1172 2820 1228 de
2846 1168 3146 1241 prophetis,
3173 1183 3298 1224 eum
3343 1166 3714 1222 terminantur

2113 1284 2234 1322 cum
2272 1266 2522 1336 Explicit,
2547 1265 2785 1320 dicitur:
2817 1262 2897 1317 Tu
2923 1271 3122 1323 autem,
3145 1260 3392 1314 Domine.

2181 1361 2271 1416 27.
2313 1360 2370 1415 lu
2401 1355 2544 1414 festo
2565 1355 2898 1413 inventionis
2933 1353 2993 1410 S.
3020 1353 3286 1423 Stephani
3323 1351 3588 1406 dicuntur
3614 1366 3713 1403 an-

2115 1454 2352 1524 tipltonte
2381 1460 2437 1508 ct
2468 1448 2834 1522 responsoria,
2863 1447 3004 1503 sicut
3029 1446 3086 1501 in
3111 1454 3305 1501 octava
3338 1442 3540 1497 natalis
3563 1443 3715 1514 ejus-

2113 1545 2277 1690 degg.
2365 1646 2480 1689 crta
2511 1647 2564 1687 tv
2586 1639 2645 1687 et
2676 1645 2731 1685 vr
2751 1628 3085 1700 ieiuniorum
3116 1625 3710 1697 quadragesimum,

2112 1736 2236 1800 post
2265 1727 2402 1783 alias
2423 1725 2702 1782 orationes
2721 1721 2922 1778 dicitur
2952 1719 3155 1786 oratio,
3183 1716 3534 1787 Omnipotens
3560 1755 3579 1780 ,
3624 1716 3713 1785 qui

2113 1837 2160 1876 ῑί
2165 1837 2287 1876 corn
2294 1836 2342 1873 m
2350 1859 2365 1874 .

423 1912 606 1982 priore
635 1923 924 1982 praesente,
951 1914 1035 1968 vel
1055 1915 1160 1968 alio
1186 1915 1256 1970 de
1274 1916 1462 1971 ordine
1492 1923 1678 1970 nostro
1704 1929 1801 1984 per
1821 1913 2010 1968 volun-
2043 1917 2086 1972 Β
2180 1913 2271 1968 29.
2311 1912 2368 1966 ln
2408 1909 2593 1967 missis
2642 1905 3020 1962 defunctorum
3047 1944 3064 1970 ,
3093 1904 3149 1959 in
3193 1902 3394 1973 quibus
3419 1915 3491 1956 ex
3519 1900 3717 1955 ordine

427 2011 591 2056 tatem
614 2001 747 2068 ejus,
790 2004 832 2057 si
859 2019 1094 2073 praesens
1119 2019 1223 2060 non
1255 2006 1426 2076 possit
1449 2019 1589 2060 esse.
2000 2073 2003 2076 _

496 2093 585 2148 14.
623 2093 858 2150 Cuilihet
882 2105 1119 2151 statuum
1146 2098 1316 2154 nostri
1343 2098 1553 2154 ordinis
1579 2137 1594 2163 ,
1647 2098 1854 2154 scilicet
1895 2113 2010 2153 mo-

425 2186 728 2242 nachorum
749 2228 763 2254 ,
798 2204 1188 2245 conversorum
1213 2202 1270 2246 et
1297 2192 1634 2248 redditorum
1655 2233 1670 2260 ,
1703 2192 1822 2248 loco
1847 2193 2008 2248 trium

425 2278 696 2335 inutilium
720 2293 944 2351 possunt
972 2282 1093 2337 addi
1128 2291 1238 2338 tres
1264 2283 1445 2338 utiles.

497 2369 585 2425 15.
625 2369 812 2427 Nullus
832 2383 1123 2442 prmsumat
1143 2390 1444 2444 proponere
1468 2375 1666 2446 aliquid
1689 2376 1754 2430 ad
1773 2385 2013 2431 statuen-

427 2461 576 2526 dum,
602 2478 698 2532 per
719 2465 858 2532 quod
887 2466 1144 2536 antiquus
1171 2467 1317 2538 rigor
1343 2468 1550 2522 ordinis
1579 2471 1872 2534 minuatur,
1890 2471 2014 2540 qui-

427 2569 642 2624 cunque
679 2571 808 2611 vcro
835 2559 936 2613 hoc
979 2558 1207 2624 fecerit,
1253 2569 1306 2613 et
1334 2562 1568 2616 monitus
1605 2577 1634 2615 a
1668 2561 1847 2630 priore
1873 2561 2010 2616 Car-

428 2648 622 2703 thusite
648 2648 780 2703 vela
811 2649 1180 2708 definitoribus
1201 2667 1420 2709 cessare
1444 2655 1694 2721 noluerit,
1724 2654 1840 2709 inso
1862 2653 2012 2710 facto

425 2741 616 2796 ordine
643 2741 714 2796 sit
738 2742 1003 2812 privatus.

499 2833 586 2888 16.
631 2833 981 2891 Visitationes
1004 2839 1287 2894 domorum
1319 2839 1616 2895 Catalonize
1645 2881 1661 2907 ,
1713 2839 1922 2911 Angliae
1957 2847 2013 2894 et

427 2921 729 2981 Sclavoniae
773 2935 828 2981 et
857 2927 914 2982 S.
945 2927 1326 2986 Bartholomaei
1356 2938 1410 2986 et
1458 2939 1778 2986 eaeterarnm
1819 2932 2012 2988 domo-

427 3032 547 3072 rum
579 3017 803 3074 multum
835 3029 1164 3078 remotarum
1212 3039 1241 3078 a
1290 3023 1575 3079 Carthusia
1609 3038 1714 3078 non
1746 3023 1873 3080 fiant
1907 3026 2011 3080 nisi

428 3125 571 3166 anno
599 3111 885 3176 bissextili,
903 3113 1005 3168 nisi
1035 3113 1270 3184 capitulo
1293 3113 1378 3168 vel
1405 3114 1572 3184 priori
1601 3114 1905 3171 Carthusia:
1933 3117 2007 3170 vi-

428 3203 648 3258 deretur
669 3206 993 3276 quandoque
1021 3206 1182 3261 aliter
1211 3206 1539 3260 faciendum.

505 3295 591 3348 17.
633 3294 948 3366 Quicunque
971 3295 1038 3352 de
1065 3297 1454 3352 ineontinentia
1479 3295 1738 3352 indicibili
1780 3298 2012 3352 convicti

429 3383 632 3438 fuerint
672 3385 756 3440 vel
785 3384 1018 3442 confessi
1047 3428 1060 3453 ,
1107 3397 1370 3458 perpetuo
1395 3388 1608 3446 carceri
1634 3387 2012 3458 mancipentur

428 3475 546 3528 sine
574 3490 668 3545 spe
696 3475 1116 3532 deliberationis.

504 3567 592 3623 18.
633 3567 871 3638 Singula
900 3567 1096 3624 domus
1124 3569 1292 3625 nostri
1320 3571 1530 3626 ordinis
1555 3587 1832 3627 carcerem
1862 3571 2012 3627 suffi-

428 3664 660 3718 cientem
689 3663 956 3728 habeant,
986 3664 1038 3718 in
1069 3679 1177 3735 quo
1201 3665 1267 3719 ad
1299 3665 1563 3736 agendam
1611 3666 2010 3736 ptenitentiam,

430 3753 782 3807 recludantur
798 3753 1101 3821 criminosi,
1125 3762 1182 3810 et
1205 3757 1383 3811 omnis
1403 3757 1494 3827 qui
1520 3756 1756 3810 minatur
1781 3767 2010 3811 mortem

427 3841 514 3896 vel
543 3843 746 3912 ignem,
768 3843 942 3899 donec
969 3843 1036 3898 de
1069 3845 1198 3913 ipsis
1226 3861 1324 3915 per
1354 3845 1646 3916 capitulum
1677 3847 1836 3902 aliter
1860 3847 2012 3902 ordi-

434 3943 611 3988 netur.
640 3934 724 3990 Ad
766 3934 1186 3993 incarcerendos
1215 3952 1345 3992 vero
1366 3939 1656 4007 praedictos
1695 3939 2015 3994 criminosus

430 4033 724 4080 teneantur
752 4026 951 4081 subditi
981 4028 1096 4083 suis
1115 4027 1389 4097 prioribus
1414 4028 1496 4084 vel
1523 4029 1741 4084 vicariis
1766 4069 1782 4096 ,
1816 4038 1911 4085 aut
1939 4031 2016 4085 vi-

431 4117 750 4171 sitatoribus
770 4117 1009 4172 obedire.

503 4209 588 4264 19.
617 4208 774 4264 Prior
784 4209 1084 4265 Carthusia:
1100 4211 1270 4280 possit
1285 4212 1639 4268 reconciliare
1657 4213 1832 4268 ordini
1854 4227 2018 4282 quos--

429 4314 644 4367 cunque
691 4299 1033 4363 criminosas,
1069 4312 1285 4356 servata
1308 4302 1515 4357 ordinis
1558 4303 1866 4372 disciplina,
1893 4319 2018 4374 pro-

431 4399 554 4461 pter
585 4391 884 4445 cavendutn
911 4391 1228 4446 scandalum
1251 4403 1301 4445 et
1338 4392 1636 4461 periculum
1667 4392 1972 4448 animarum
1999 4435 2015 4456 ,

430 4493 486 4538 et
511 4483 677 4538 etiam
713 4484 863 4554 prior
900 4483 1152 4554 proprius
1193 4483 1434 4555 ipsorum
1489 4484 1909 4541 criminosorum
1961 4484 2016 4541 in

433 4575 664 4630 articulo
687 4576 897 4630 mortis.

500 4687 592 4741 20.
634 4687 867 4758 Fugitivi
894 4687 1091 4758 reperti
1122 4689 1328 4760 absque
1355 4688 1762 4759 litterisprioris
1783 4689 2017 4744 Carthu-

432 4781 527 4833 sia:
555 4778 638 4833 vel
667 4781 907 4848 priorum
953 4796 1212 4847 suorum,
1263 4795 1360 4851 per
1407 4795 1761 4851 quoscunque
1810 4783 2020 4851 priores

433 4873 642 4927 ordinis
673 4873 818 4928 licite
846 4883 1074 4943 possunt
1110 4875 1250 4944 capi.

504 4985 594 5040 2|.
637 4975 966 5042 Diflinitores
995 4985 1342 5059 fugitivorum
1394 5001 1498 5042 non
1533 5003 1592 5044 se
1626 4987 1824 5043 debent
1854 4989 2022 5042 intro-

432 5078 653 5133 tnitlere
677 5079 741 5132 de
771 5075 1207 5135 reconciliatione
1230 5080 1316 5136 vel
1339 5077 1621 5150 disciplina
1648 5079 2022 5150 fugitivorum,

435 5169 530 5240 qui
556 5185 720 5224 causa
756 5172 1211 5228 reconciliationis
1230 5172 1454 5228 veniunt
1483 5173 1550 5227 ad
1581 5172 1896 5244 capitulum,
1927 5173 2020 5227 sed

438 5261 761 5320 diﬂinitores
791 5263 1012 5333 capituli
1041 5267 1329 5336 generalis.

506 5376 598 5432 22.
636 5374 942 5448 Capitulum
965 5369 1215 5446 generale
1238 5386 1417 5448 potest
1438 5393 1504 5433 ex
1524 5377 1854 5447 plenitudine
1869 5387 2022 5447 pote-

436 5470 596 5524 statis
638 5483 1022 5539 quamcunqne
1058 5469 1266 5528 ordinis
1299 5486 1584 5540 personam
1631 5472 1902 5527 collocare
1955 5487 2018 5526 ex

437 5578 596 5617 causa
622 5562 929 5618 rationabili
957 5562 1010 5616 in
1037 5576 1359 5632 quacunque
1384 5563 1544 5617 domo
1562 5564 1769 5620 ordinis
1796 5565 1861 5620 ad
1895 5580 2024 5634 [ιι-οε

437 5653 728 5710 fessionem
758 5656 921 5712 etiam
950 5654 1276 5711 faciendam.

507 5769 600 5822 23.
635 5769 690 5823 Si
732 5772 852 5838 quis
880 5771 1048 5826 semel
1074 5770 1354 5842 professus
1393 5768 1554 5825 fuerit
1583 5769 1635 5825 in
1665 5770 1841 5839 aliqua
1869 5771 2027 5827 domo

444 5858 672 5920 ordinis,
703 5870 758 5913 et
791 5861 984 5914 iterum
1032 5862 1352 5947 profiteatur
1373 5863 1426 5916 in
1464 5861 1566 5916 alia
1586 5902 1600 5926 ,
1627 5859 1862 5917 sufﬁciat
1883 5863 1931 5918 ei
1957 5863 2023 5916 ad

2112 2004 2272 2058 debet
2292 2002 2398 2057 dici
2427 2009 2637 2055 tractus
2675 1997 2754 2053 De
2782 1996 3064 2068 profundis
3087 2034 3102 2061 ,
3146 1994 3363 2050 dicatur
3411 1991 3672 2046 introitus
3696 2029 3715 2054 ,

2112 2095 2356 2165 Requiem
2376 2104 2647 2148 (sternam.

2181 2186 2271 2241 50.
2310 2184 2561 2253 Qualibet
2589 2180 2928 2238 hebdomada
2968 2179 3136 2236 totius
3161 2177 3288 2232 anni
3323 2176 3592 2232 dicuntur
3611 2173 3720 2228 duo

2112 2280 2328 2344 breves,
2350 2287 2405 2334 et
2435 2292 2539 2333 non
2567 2275 2750 2347 plures
2771 2288 2948 2344 usque
2976 2273 3041 2328 ad
3079 2270 3377 2342 capitulum
3409 2267 3673 2339 generale
3700 2307 3716 2329 ,

2113 2370 2221 2424 nisi
2266 2369 2319 2424 in
2370 2382 2478 2423 una
2521 2365 2858 2423 hebdomada
2906 2362 3090 2434 plures
3129 2373 3376 2430 persona:
3422 2358 3479 2412 in
3535 2355 3717 2424 aliqua

2114 2463 2274 2518 domo
2303 2461 2650 2524 decederent,
2677 2457 2762 2512 vel
2783 2457 2888 2511 alia
2917 2454 3168 2512 subesset
3192 2452 3381 2521 aliqua
3407 2449 3564 2519 iusta
3587 2464 3715 2504 cau—

2113 2569 2195 2609 sa.
2221 2553 2355 2608 Nam
2389 2562 2512 2623 post
2536 2549 2828 2620 capitulum
2859 2545 3114 2617 generale
3140 2543 3402 2598 dicuntur
3427 2542 3642 2610 plures,
3667 2537 3717 2592 si

2113 2657 2220 2698 non
2244 2641 2551 2698 sufficerent
2575 2638 2857 2695 antedicti.

2183 2738 2274 2792 51.
2310 2736 2526 2791 Priores
2557 2749 2662 2789 non
2713 2739 3002 2787 teneantur
3046 2726 3200 2797 sequi
3248 2723 3550 2781 consilium
3581 2736 3718 2776 mn-

2115 2848 2400 2888 rersorum
2434 2831 2486 2885 in
2519 2828 2830 2900 reccptione
2859 2825 3113 2890 aliorum,
3143 2821 3248 2876 nisi
3284 2818 3526 2874 viderint
3554 2828 3720 2884 expe-

2114 2927 2251 2981 dire.

2184 3015 2272 3070 52.
2310 3013 2570 3070 Conversi
2595 3020 2650 3067 et
2687 3009 2880 3065 redditi
2897 3017 3303 3064 communicare
3320 3002 3527 3058 debent
3550 3001 3607 3056 in
3630 2999 3718 3054 die

2112 3105 2468 3178 professionis
2482 3119 2615 3158 suae.

2187 3198 2276 3253 55.
2318 3194 2662 3268 Hospitantes
2686 3195 2740 3248 in
2763 3193 2924 3272 domu
2945 3193 3011 3248 de
3035 3188 3305 3245 Plantatis
3328 3185 3715 3249 nihilibidem,

2113 3300 2308 3361 praeter
2359 3305 2422 3344 ea
2476 3302 2596 3358 quae
2649 3301 2749 3356 per
2775 3285 2895 3340 illos
2940 3285 3008 3338 de
3053 3283 3113 3338 S.
3165 3281 3405 3336 Roberto
3440 3280 3717 3350 promissa

2115 3389 2266 3447 sunt,
2296 3381 2600 3451 requirant.

2184 3472 2275 3528 54.
2317 3471 2373 3526 1η
2423 3471 2617 3526 stando
2654 3469 2706 3524 iu
2755 3465 2988 3523 ecclesia
3035 3461 3304 3535 superiori
3351 3459 3610 3516 conversi
3657 3467 3716 3512 et

2117 3565 2310 3620 redditi
2335 3564 2533 3618 debent
2561 3561 2857 3618 monachos
2881 3557 3104 3614 imitari.

2185 3656 2277 3712 55.
2315 3655 2602 3711 Laicorum
2633 3667 2915 3716 numerus,
2940 3664 3076 3720 quos
3094 3660 3389 3703 conversos
3429 3658 3719 3706 vocamus,

2119 3749 2408 3804 tresdccim
2439 3755 2523 3802 est
2560 3753 2796 3802 statutus
2819 3784 2836 3811 ,
2888 3751 2942 3798 et
2972 3740 3307 3796 redditorum
3345 3737 3458 3792 duo
3483 3744 3718 3806 possunt

2117 3857 2236 3897 esse
2267 3840 2483 3907 clerici,
2511 3848 2567 3894 et
2590 3839 2794 3892 intrare
2823 3836 3049 3892 chorum
3081 3832 3479 3888 monachorum
3497 3868 3518 3895 ,
3545 3827 3717 3882 etiam

2118 3933 2236 3987 sine
2260 3945 2428 4002 eappa
2460 3971 2474 3995 ,
2505 3939 2560 3984 et
2605 3928 2840 3983 officium
2869 3927 3261 3981 monachorum
3291 3931 3490 3991 praeter
3519 3919 3718 3973 missas

2118 4025 2318 4088 facere,
2345 4021 2582 4092 capitulo
2610 4021 2899 4083 interesse,
2928 4028 2982 4073 et
3010 4020 3061 4073 in
3094 4016 3386 4072 refectorio
3415 4011 3718 4068 monacho-

2121 4131 2239 4169 rum
2267 4113 2570 4177 comedere,
2599 4127 2722 4167 cum
2761 4126 2790 4164 a
2819 4109 3091 4181 prioribus
3118 4123 3308 4164 eorum
3340 4145 3356 4172 ,
3413 4113 3474 4158 ut
3501 4103 3561 4158 in
3588 4116 3723 4172 pm

2119 4207 2300 4271 dictis,
2325 4205 2495 4275 gratia
2523 4204 2602 4259 eis
2635 4205 2744 4257 fiat.

2190 4297 2279 4352 56.
2319 4295 2534 4352 Redditi
2569 4293 2691 4349 laici
2714 4293 3001 4349 eomedant
3026 4291 3081 4346 in
3105 4288 3399 4344 refectorio
3435 4301 3566 4341 eum
3588 4300 3722 4338 con—

2120 4391 2318 4456 versis,
2352 4398 2599 4459 tempore
2627 4401 2737 4459 quo
2762 4386 3046 4442 comedent
3095 4384 3196 4454 ipsi
3234 4381 3433 4438 redditi
3471 4381 3532 4435 in
3557 4379 3722 4436 deum

2120 4482 2406 4555 superiori.

2051 4607 2096 4666 υ
2195 4575 2286 4631 57.
2326 4572 2482 4628 Nulla
2514 4569 2766 4627 monialis
2789 4571 2961 4640 possit
2985 4566 3114 4638 eligi
3140 4564 3210 4621 de
3235 4574 3441 4621 cetero
3491 4563 3552 4618 in
3576 4562 3724 4630 prio-

2127 4672 2348 4734 rissam,
2369 4667 2476 4723 nisi
2509 4667 2724 4737 triginta
2753 4678 2926 4720 annos
2947 4662 3122 4717 aetatis
3150 4660 3367 4716 habeat.
3394 4657 3452 4712 in
3475 4657 3728 4727 qualibet

2123 4764 2286 4817 domo
2330 4758 2648 4815 monialinm
2695 4755 2955 4826 priorissa
3008 4753 3297 4824 promittat
3345 4749 3720 4806 obedientiam

2123 4856 2344 4916 vicario,
2373 4862 2428 4909 et
2449 4851 2712 4909 monialcs
2745 4847 3120 4906 tantummodo
3150 4844 3446 4916 priurissae.
3469 4841 3722 4896 Monaclsi

2124 4960 2253 5000 vero
2287 4944 2378 5014 qui
2413 4952 2540 4999 sunt
2563 4943 2615 4997 in
2647 4941 2827 5011 aliqua
2856 4939 3018 4995 domo
3043 4937 3384 5000 monialium,
3413 4932 3726 5003 cappellani

2125 5047 2288 5107 atque
2328 5034 2576 5092 conversi
2637 5043 2694 5090 et
2731 5031 2928 5089 redditi
2974 5030 3297 5102 promittant
3345 5028 3728 5084 obedientiam

2126 5127 2330 5183 vicario
2353 5135 2583 5182 tantum.

2195 5221 2285 5278 58.
2329 5218 2605 5289 Capellani
2637 5228 2690 5272 et
2721 5218 2911 5274 clerici
2955 5227 3008 5271 et
3039 5214 3234 5270 redditi
3267 5228 3392 5269 cum
3434 5209 3727 5266 monachis

2128 5313 2214 5367 vel
2272 5311 2600 5367 monialibus
2632 5318 3020 5366 conversantes
3045 5349 3060 5374 ,
3115 5316 3334 5362 teneant
3382 5305 3634 5360 ordinem
3668 5304 3725 5356 in

2118 5403 2341 5473 jejuniis
2366 5403 2795 5458 sicut'moniales
2819 5411 2875 5457 et
2897 5401 3144 5456 monachi
3171 5414 3335 5469 supra
3365 5396 3521 5453 dicti.

2197 5493 2286 5547 59.
2323 5491 2678 5547 Deelaramus
2721 5493 2866 5562 quod
2898 5491 3144 5546 ordinem
3180 5499 3366 5544 tenere
3393 5497 3480 5543 est
3503 5485 3642 5542 feria
3685 5501 3724 5538 ιι

2127 5592 2184 5639 et
2215 5599 2268 5639 tv
2295 5598 2417 5638 esse
2438 5591 2751 5640 contentum
2791 5595 2932 5652 pane
2953 5589 3008 5636 et
3037 5581 3164 5634 vino
3197 5589 3253 5634 et
3286 5579 3555 5648 coquina;
3588 5577 3726 5630 feria

2128 5693 2186 5731 ιιι
2228 5683 2284 5730 et
2307 5675 2574 5739 Sabbato,
2605 5688 2764 5744 pane,
2791 5674 2914 5728 vino
2933 5683 2990 5728 et
3017 5672 3249 5742 coquina
3275 5672 3394 5726 sine
3421 5669 3677 5740 pittantia
3705 5684 3723 5734 ;

2129 5766 2261 5822 feria
2288 5781 2364 5831 vr,
2394 5779 2534 5836 pane
2556 5773 2612 5819 et
2637 5780 2802 5836 aqua;
2835 5763 2988 5821 festis
3008 5763 3229 5834 capituli
3259 5771 3316 5817 et
3338 5760 3476 5816 feria
3504 5775 3564 5828 τ,
3587 5761 3721 5816 sient

2128 5871 2182 5916 et
2207 5861 2389 5934 alii~ex
2425 5861 2627 5916 debito.
