3962 6394
276 377 416 439 H37

1558 378 1882 436 srarnra
1923 378 2249 449 annona.

3416 384 3558 443 H58

346 498 437 552 40.
477 497 648 563 Quam
678 494 786 550 cito
820 493 1046 553 Sanctus
1073 497 1346 568 inctpttur,
1367 497 1642 566 caputium
1673 496 1856 552 lndui-
1889 499 1936 557 Α
1966 493 2406 552 correctionibus
2431 533 2446 560 ,
2477 492 2706 548 domum
2742 507 2896 549 suam
2947 505 3211 566 perpetuo
3257 497 3508 555 amittant
3548 547 3564 572 ,

280 601 384 648 tur.

349 683 440 739 ιι.
478 680 534 736 1η
559 681 802 752 pluribus
843 682 1151 738 trieenariis
1177 681 1337 740 simul
1373 681 1716 748 inchoandis,
1745 681 1867 750 qui-

277 775 410 830 libet
441 790 595 830 suam
623 775 784 830 habet
811 774 1036 830 missam
1057 783 1111 830 et
1138 775 1412 846 propriam
1439 776 1766 840 orationem,
1810 781 1867 829 et

278 875 467 938 postea
498 865 765 920 addentur
787 865 949 920 simul
977 865 1028 920 itt
1059 866 1308 922 oratione
1327 865 1548 936 plurali.

348 957 438 1011 42.
481 957 706 1026 Tapetia
771 956 1026 1011 universa
1067 967 1125 1012 et
1169 956 1427 1028 quarrelli
1477 956 1734 1028 picturati
1785 953 1870 1010 vel

277 1049 478 1106 curiosi
519 1049 587 1105 de
608 1049 758 1105 cellis
784 1062 1160 1107 amoveantur.

349 1141 438 1195 45.
478 1139 710 1196 Pictura:
747 1140 977 1197 curiosa:
1005 1142 1073 1198 de
1103 1139 1349 1198 ecclesiis
1385 1148 1446 1194 et
1473 1136 1722 1209 hospitiis
1766 1135 1867 1192 de-

280 1231 511 1287 leantur.

349 1323 442 1380 44.
482 1321 755 1378 Statutum
809 1331 894 1380 est
944 1338 1014 1379 ne
1064 1321 1260 1392 aliquis
1311 1323 1376 1378 de
1437 1322 1626 1378 ordine
1681 1329 1870 1377 nostro

279 1417 453 1486 possit
501 1415 698 1486 μνωηεί
730 1416 783 1470 in
814 1416 1051 1486 priorem
1076 1417 1144 1471 de
1165 1423 1379 1478 caetero,
1421 1414 1797 1485 quoadusque
1831 1429 1860 1467 a

283 1516 524 1577 tempore
544 1507 897 1578 professionis
925 1523 1022 1578 per
1052 1509 1187 1564 duos
1217 1523 1390 1564 annos
1432 1506 1783 1562 laudabiliter
1811 1505 1864 1560 in

283 1603 472 1658 ordine
496 1611 682 1659 nostro
712 1601 876 1658 fuerit
900 1609 1281 1658 conversatus.

351 1693 442 1749 45.
483 1693 678 1750 Novitii
722 1693 814 1764 qui
842 1693 1064 1748 veniunt
1094 1693 1160 1746 ad
1199 1692 1445 1747 ordinem
1493 1698 1736 1746 nostrum
1761 1687 1864 1744 sibi

280 1785 432 1858 prnvi
457 1786 600 1840 leant
622 1788 688 1840 de
719 1785 979 1850 vestibus,
1011 1785 1055 1840 si
1081 1785 1316 1839 habeant
1343 1783 1506 1837 unde.

1967 593 2220 651 monachi
2252 607 2380 650 vero
2408 607 2542 648 voce
2572 602 2793 648 careant
2820 593 2873 647 in
2913 603 3198 649 aeternum.

2039 687 2131 742 59.
2173 685 2232 741 Si
2270 685 2395 756 quis
2445 683 2679 741 voluerit
2728 685 2882 740 exire
2922 686 3210 752 ordinem,
3260 687 3344 742 vel
3393 687 3557 744 alium

1967 781 2118 838 exire
2162 778 2576 846 sollicitaverit,
2629 792 2726 850 per
2767 777 3079 835 visitatores
3116 790 3374 850 perpetuo
3410 795 3543 835 voce

1969 873 2231 943 privetur.

2039 963 2130 1018 60.
2168 961 2520 1033 Praeeipimus
2547 969 2610 1018 ut
2636 976 2759 1016 cum
2793 960 2901 1017 duo
2931 961 2985 1016 in
3016 961 3147 1016 cella
3174 961 3414 1026 fuerint,
3449 977 3562 1031 pr:-

1971 1070 2059 1110 mo
2081 1055 2224 1110 ostio
2259 1053 2478 1124 penitus
2505 1062 2696 1124 aperto
2721 1093 2740 1118 ,
2764 1055 3062 1109 secundum
3096 1054 3296 1109 ostium
3329 1053 3562 1109 nullate-

1970 1151 2072 1201 nus
2099 1146 2406 1200 obseretur.

2041 1237 2132 1293 6t.
2171 1236 2497 1294 Ordinamus
2521 1247 2578 1293 et
2603 1237 2852 1293 volumus
2883 1239 3028 1308 quod
3058 1237 3250 1292 redditi
3282 1235 3464 1292 clerici
3505 1237 3557 1291 in

1969 1331 2076 1386 illis
2102 1329 2336 1392 casibus,
2373 1329 2424 1383 in
2457 1331 2652 1398 quibus
2673 1330 2930 1386 conversi
2971 1330 3229 1384 amittunt
3257 1329 3476 1384 barbam
3505 1337 3562 1382 et

1969 1420 2184 1485 cellam,
2217 1434 2284 1474 ex
2308 1434 2450 1473 nunc
2471 1419 2766 1489 puniantur
2795 1421 2876 1474 sic
2903 1461 2918 1485 ,
2950 1419 3092 1490 quod
3125 1434 3396 1489 nunquam
3433 1432 3562 1487 por—

1971 1523 2086 1570 teut
2113 1528 2342 1586 cappam
2369 1511 2472 1566 nisi
2508 1512 2734 1582 grisam,
2757 1521 2814 1568 et
2835 1514 3048 1583 capntia
3076 1513 3308 1566 habeant
3337 1511 3405 1565 ad
3437 1525 3556 1564 mo—

1969 1605 2097 1662 dum
2135 1606 2463 1661 novitiorum
2488 1643 2504 1670 ,
2547 1603 2828 1658 dimidiam
2854 1613 3048 1658 tortam
3077 1604 3234 1672 panis
3264 1601 3560 1657 monacho-

1971 1713 2090 1752 rum
2112 1712 2234 1751 cum
2259 1711 2397 1765 pane
2421 1695 2640 1750 familia:
2663 1693 3055 1748 tantummodo.
3073 1693 3139 1746 Et
3165 1693 3308 1747 idem
3329 1691 3563 1747 dicimus

1971 1789 2040 1845 de
2068 1789 2294 1844 redditis
2329 1787 2482 1843 laicis
2519 1801 2618 1842 suo
2645 1787 2828 1841 modo.

352 1878 422 1934 46
487 1877 754 1934 Sacerdos
777 1877 870 1948 qui
907 1892 1011 1932 non
1033 1885 1210 1947 potest
1232 1875 1509 1932 celebrare
1539 1875 1783 1942 missam,
1815 1876 1868 1932 in
1899 1857 1947 1917 Β
2045 1881 2135 1936 62.
2174 1879 2504 1936 Ordinamus
2530 1886 2584 1933 et
2613 1876 2860 1931 volumus
2887 1875 3066 1928 modis
3089 1873 3341 1927 omnibus
3365 1912 3379 1934 ,
3417 1871 3564 1940 quod

282 1981 553 2028 conventu
582 1969 791 2026 inutilis
814 1979 1115 2042 reputatur.

353 2065 440 2119 47.
483 2063 750 2119 Clericum
778 2062 1049 2118 redditum
1073 2063 1284 2130 priores
1308 2063 1592 2134 recipiant,
1607 2061 1872 2119 consultis

285 2155 586 2210 monachis.
1381 2214 1386 2218 _

355 2248 440 2302 48.
485 2246 758 2302 Statutum
816 2246 960 2316 quod
1028 2246 1242 2301 termini
1303 2245 1557 2316 deinceps
1612 2245 1873 2316 perditos

287 2339 498 2408 priores
519 2338 732 2392 limitati
769 2353 919 2394 more
944 2337 1102 2394 solito
1132 2347 1186 2392 et
1215 2339 1402 2408 scripti
1427 2338 1492 2392 ad
1524 2352 1756 2408 sequens
1780 2354 1874 2392 ca-

288 2431 514 2498 pitulum
550 2439 902 2500 apporteutur
927 2471 941 2493 ,
969 2439 1025 2485 et
1055 2431 1126 2484 ibi
1153 2431 1547 2486 rationabiliter
1573 2431 1872 2485 examinati

285 2537 382 2592 per
403 2537 592 2578 omnes
615 2521 932 2577 diﬂinitores
962 2525 1374 2585 confirmentur,
1405 2533 1460 2578 et
1481 2523 1874 2594 sigillentur,et

284 2623 482 2667 extunc
526 2611 759 2668 habeant
799 2612 1010 2668 roboris
1052 2611 1414 2677 ﬁrmitatem,
1459 2610 1796 2681 approbatur
1818 2622 1873 2666 et

285 2702 664 2759 confirmatur.

285 2869 290 2874 κ
355 2795 447 2851 49.
487 2795 545 2850 Si
595 2795 886 2865 contigerit
937 2793 1076 2848 mori
1126 2793 1497 2861 equitaturam
1556 2792 1868 2874 visitando,

287 2886 694 2942 cmendationes
718 2887 1027 2957 quindecim
1067 2885 1330 2940 librarum
1357 2899 1465 2940 non
1493 2873 1797 2948 excedant;
1827 2883 1872 2938 si

291 2983 468 3038 minus
491 2981 656 3046 valet,
686 2981 993 3056 emendatio
1033 2980 1330 3035 minuetur.

359 3075 448 3130 50.
491 3075 643 3129 Nulla
671 3075 865 3130 domus
895 3073 1433 3142 habeatcolloquium
1458 3079 1656 3142 prteter
1676 3070 1875 3127 festum

292 3181 367 3220 xu
391 3166 702 3220 lectionum.

362 3257 454 3312 5i.
495 3256 791 3311 Hortamur
835 3263 892 3309 et
939 3254 1187 3310 volumus
1213 3253 1358 3324 quod
1400 3253 1612 3323 priores
1647 3266 1876 3322 quorum

290 3359 590 3407 conventus
639 3356 861 3419 propter
903 3356 1278 3418 paupertatem
1308 3347 1660 3410 dividuntur,
1704 3344 1879 3400 nullos

294 3457 527 3499 [termes
573 3443 791 3498 interim
849 3441 1114 3512 recipiant
1167 3443 1374 3512 absque
1409 3439 1629 3496 licentia
1682 3439 1880 3508 prioris

293 3537 598 3592 Carthusize
628 3535 711 3591 vel
741 3535 963 3607 capituli
991 3536 1278 3604 generalis.

366 3627 456 3684 52.
483 3627 707 3682 Monitio
744 3625 1129 3682 siteﬂ'ectuosa
1155 3635 1213 3682 et
1255 3625 1500 3682 districta
1526 3664 1540 3687 ,
1594 3632 1655 3678 nt
1700 3623 1881 3677 nullus

296 3722 448 3791 prior
478 3721 559 3774 vel
589 3720 689 3774 alia
719 3735 949 3791 persona
996 3721 1202 3776 ordinis
1234 3720 1402 3775 libros
1437 3717 1521 3774 vel
1541 3726 1881 3788 quascunque

297 3815 400 3868 alia
429 3814 700 3869 obstinate
727 3813 828 3869 sibi
868 3813 1178 3884 appropriet
1205 3827 1303 3884 per
1330 3825 1486 3867 usum
1516 3808 1752 3864 fructum
1778 3807 1879 3864 sibi

296 3921 637 3962 concessum.

371 3996 460 4050 55.
504 3994 604 4062 Qui
659 3995 1042 4050 reconciliatus
1093 3994 1254 4050 fuerit
1301 3993 1522 4058 ordini,
1579 3991 1706 4046 licet
1755 3989 1880 4045 alibi

298 4089 495 4143 abierit
519 4127 535 4155 ,
567 4097 620 4143 et
647 4088 891 4159 sepultus
926 4087 1129 4153 fuerit,
1178 4103 1283 4145 non
1314 4097 1468 4143 caret
1495 4085 1758 4141 beneflcio
1794 4098 1886 4139 or-

301 4183 461 4238 diuis.

374 4273 462 4326 54.
504 4271 892 4327 Procuratores
933 4269 1138 4326 ordinis
1175 4271 1227 4325 in
1271 4270 1432 4324 domo
1473 4267 1737 4338 superiori
1767 4267 1886 4324 sine

301 4366 520 4421 licentia
549 4366 768 4436 speciali
801 4365 934 4420 nihil
963 4366 1162 4419 debent
1193 4364 1322 4418 dare
1352 4361 1434 4417 vel
1465 4369 1732 4432 possunt,
1779 4360 1883 4415 nisi

302 4459 587 4514 manifeste
616 4459 695 4513 eis
722 4457 1040 4512 conceditur
1063 4457 1115 4510 in
1147 4454 1386 4508 statutis.

1973 1972 2226 2044 quaelibet
2271 1971 2467 2026 domus
2492 1968 2765 2025 custodiat
2800 1965 3046 2035 deposita
3097 1964 3197 2018 sub
3228 1963 3437 2019 duabus
3479 1961 3565 2018 vel

1980 2065 2152 2121 tribus
2176 2063 2440 2127 clavibus,
2455 2075 2688 2133 quarum
2715 2074 2875 2112 unam
2911 2056 3184 2112 custodiat
3207 2055 3376 2124 prior,
3405 2052 3563 2120 aliam

1974 2159 2056 2212 vel
2098 2157 2234 2212 alias
2271 2155 2583 2211 custodiant
2628 2153 2703 2207 illi
2733 2151 2930 2221 quibus
2959 2149 3110 2220 prior
3149 2147 3369 2203 duxerit
3419 2160 3564 2201 com-

1975 2250 2315 2306 mittendum.
3158 2310 3167 2319 '

2045 2344 2134 2399 65.
2173 2340 2601 2398 Associationem
2645 2336 2917 2394 tricenarii
2947 2335 3247 2392 faciendam
3276 2331 3566 2388 statuimus

1975 2437 2151 2506 primo
2178 2433 2554 2488 anniversario
2583 2439 2704 2502 post
2733 2429 3114 2499 iucmptionem
3152 2424 3454 2484 tricenarii.

2045 2528 2136 2584 64.
2163 2526 2280 2581 Non
2303 2526 2574 2582 credimus
2598 2523 2826 2578 clericos
2853 2521 3094 2577 redditos
3118 2516 3292 2574 teneri
3332 2517 3397 2570 ad
3424 2513 3569 2584 psal-

1977 2617 2114 2672 teria

1953 2761 1958 2768 ,
2046 2709 2136 2764 65.
2163 2706 2429 2763 Sacerdos
2455 2703 2522 2760 ad
2551 2704 2745 2769 altare,
2776 2701 2993 2772 quando
3011 2715 3072 2755 se
3109 2699 3270 2755 vertit
3307 2697 3374 2752 ad
3399 2711 3565 2766 νουιιτ

1976 2797 2108 2860 lum,
2126 2795 2318 2867 jungat
2346 2810 2562 2860 manus,
2589 2808 2689 2850 nec
2715 2799 3030 2861 retorqueat
3057 2789 3123 2844 ad
3147 2798 3335 2860 pectus
3357 2787 3423 2841 ad
3455 2785 3567 2840 Do-

1976 2891 2149 2944 minus
2183 2889 2468 2944 nobiscum.

2049 2980 2136 3037 66.
2169 2980 2369 3037 Novitii
2397 2977 2643 3034 conversi
2674 2988 2730 3035 et
2761 2974 2953 3032 redditi
2984 2981 3212 3045 possunt
3245 2971 3387 3027 mitti
3411 2981 3570 3025 extra

1982 3075 2245 3131 terminos
2275 3090 2373 3146 pro
2408 3073 2643 3129 utilitate
2673 3072 2866 3126 domus
2898 3085 3028 3125 suae.

1908 3201 1952 3263 ο
2053 3168 2142 3224 67.
2167 3165 2428 3223 Conversi
2475 3179 2535 3220 se
2562 3172 2760 3218 vocent
2809 3164 2876 3218 ad
2925 3161 3155 3218 invicem
3207 3158 3437 3225 fratres;
3475 3159 3567 3228 qui

1983 3267 2173 3315 contra
2202 3256 2417 3321 fecerit,
2453 3253 2663 3308 veniam
2695 3251 2946 3322 accipiat.

2052 3351 2138 3406 68.
2171 3349 2281 3404 Nec
2308 3346 2584 3410 monachi,
2612 3360 2712 3400 nec
2735 3343 2983 3400 conversi
3014 3350 3341 3412 praesumant
3369 3339 3435 3396 de
3466 3354 3571 3394 ea»

1985 3453 2099 3510 tero
2120 3441 2296 3511 sigilla
2323 3454 2566 3503 servare,
2597 3438 2680 3493 vel
2718 3437 3002 3508 scalpere;
3055 3435 3150 3490 sed
3201 3435 3291 3504 qui
3338 3433 3560 3499 habent,
3604 3492 3611 3497 _

1980 3533 2170 3589 statim
2209 3529 2436 3586 reddere
2472 3537 2782 3584 teneantur.

2058 3623 2146 3679 69.
2192 3621 2415 3690 Quoties
2459 3619 2658 3691 aliquis
2709 3617 3058 3674 constituitur
3103 3615 3357 3678 novitius,
3417 3612 3574 3667 novi.

1985 3714 2180 3768 tiorum
2204 3709 2778 3782 propterdisciplinam
2802 3707 3024 3761 ultimus
3043 3704 3362 3776 intelligitur
3377 3719 3566 3758 eorum

1983 3822 2120 3876 quos
2157 3803 2446 3869 invenerit,
2477 3801 2579 3856 nisi
2607 3800 2751 3854 aliud
2777 3800 3130 3868 eXpritnatur.

2057 3898 2146 3952 70.
2176 3894 2404 3965 Quando
2435 3894 2488 3948 in
2521 3892 2661 3947 festo
2691 3891 2975 3946 Trinitatis
2998 3886 3570 3944 commemorationem

1987 3988 2100 4044 fieri
2133 3985 2442 4056 contigerit,
2473 3982 2569 4038 liat
2595 3982 2664 4037 de
2695 3981 2872 4036 ollicio
2903 3978 3165 4052 paschali.

2057 4080 2145 4133 7t.
2183 4076 2446 4132 Volumus
2471 4083 2528 4130 et
2553 4088 2838 4129 monemus
2862 4081 2921 4125 ut
2949 4071 3258 4126 visitatores
3279 4067 3501 4138 vigilent
3521 4076 3577 4122 et

1987 4170 2297 4233 intendant,
2327 4181 2430 4222 nec
2467 4165 2690 4220 mittant
2741 4163 3005 4232 hospites,
3045 4161 3134 4216 ubi
3183 4160 3422 4230 hospites
3465 4165 3576 4212 tres

1987 4262 2249 4319 sciverint
2273 4274 2413 4315 esse.

2059 4359 2148 4414 72.
2191 4355 2341 4411 Stola
2371 4369 2476 4410 non
2505 4349 2826 4412 concellata.
2866 4344 2960 4402 sed
3002 4341 3347 4400 unifortniter
3384 4340 3578 4409 depor-

1990 4457 2156 4503 tetur.

374 4551 461 4606 55.
506 4551 580 4605 Illi
605 4550 695 4620 qui
723 4549 910 4604 volunt
941 4547 1138 4603 ostium
1171 4547 1322 4600 chori
1361 4560 1604 4615 aperire,
1633 4545 1685 4598 in
1711 4543 1890 4599 eleva-
1921 4547 1966 4602 ι)
2063 4536 2152 4590 75.
2197 4534 2442 4589 Caveant
2481 4529 2817 4591 visitatores,
2865 4532 3124 4594 quantum
3186 4524 3462 4618 poterunt,
3499 4531 3579 4618 .ne

305 4644 452 4700 tione
502 4644 739 4698 habeant
768 4640 1072 4711 ,fracticum
1131 4639 1327 4694 ostium
1353 4680 1368 4704 ,
1425 4637 1568 4706 quod
1607 4635 1889 4706 aperiatur

308 4748 516 4791 tantum
558 4735 609 4788 in
643 4733 974 4796 elevatione,
1001 4741 1056 4786 et
1077 4739 1259 4800 postea
1297 4729 1604 4785 claudatur.

378 4826 466 4881 56.
505 4825 638 4880 Cum
679 4823 1036 4878 communitas
1067 4817 1398 4890 praeferenda
1427 4818 1496 4872 sit
1528 4816 1844 4888 proprietati
1873 4856 1886 4880 ,

311 4933 470 4973 nemo
525 4920 591 4972 de
647 4926 844 4971 etetero
906 4915 1169 4976 suadeat,
1212 4911 1460 4968 consulat
1505 4911 1591 4966 vel
1641 4919 1894 4981 procuret

307 5009 677 5077 eleetnosynas
733 5004 994 5075 assignari
1036 5003 1100 5057 ad
1137 5001 1444 5072 pittantiam
1476 5042 1490 5068 ,
1533 4999 1891 5055 infirmariam

309 5101 390 5155 vel
416 5099 718 5154 sacristiam
751 5096 833 5151 vel
864 5094 1066 5163 aliquid
1101 5093 1225 5147 tale.

381 5195 470 5250 57.
511 5193 792 5250 Menenius
816 5205 881 5245 ne
902 5197 1148 5260 portetur
1186 5196 1345 5258 potus
1377 5202 1406 5242 a
1435 5187 1716 5241 monachis
1739 5185 1891 5249 foris,

313 5305 415 5343 nec
441 5304 604 5357 super
633 5287 734 5341 hoc
773 5285 1026 5340 credatur
1057 5281 1330 5353 prioribus
1361 5279 1442 5335 vel
1471 5278 1773 5350 hospitibus
1800 5279 1897 5332 ad-

312 5381 588 5439 ventitiis,
636 5387 692 5432 et
739 5385 921 5448 patres
961 5378 1242 5431 domorum
1270 5415 1284 5442 ,
1334 5382 1595 5445 quantum
1629 5381 1894 5442 possunt,

314 5472 670 5527 dissuescant.

388 5565 476 5622 58.
519 5561 1103 5634 Ordinamusprrecise,
1122 5569 1173 5616 et
1204 5558 1629 5615 irrcvocabilitcr
1648 5559 1900 5612 volumus

315 5657 626 5721 observari,
669 5654 810 5726 quod
849 5654 1101 5710 conversi
1142 5661 1195 5709 et
1237 5653 1460 5717 redditi,
1489 5652 1581 5722 qui
1609 5651 1676 5706 de
1703 5658 1899 5705 caetero

316 5751 382 5805 ad
413 5750 660 5804 dominos
681 5746 967 5802 szeculares
997 5753 1295 5809 recurrent,
1321 5743 1702 5812 conquerendo
1730 5751 1781 5798 et
1809 5743 1901 5796 de-

319 5842 618 5898 nuntiando
643 5857 739 5912 per
760 5855 818 5897 se
843 5838 924 5894 vel
951 5855 1046 5908 per
1073 5837 1234 5892 alium
1265 5838 1328 5893 de
1350 5836 1782 5893 ordinationibus
1803 5851 1898 5892 seu

1991 4628 2239 4682 conversi
2259 4634 2315 4680 et
2336 4623 2636 4680 servientes
2658 4617 2740 4673 sui
2767 4615 2951 4684 culpas
2979 4621 3034 4668 et
3061 4611 3278 4667 modum
3312 4602 3579 4661 visitatir-

1994 4737 2120 4775 num
2148 4720 2429 4773 domorum
2453 4729 2592 4785 quas
2617 4711 2934 4775 visitabunt,
2959 4706 3156 4770 sciant,
3188 4703 3269 4758 vel
3299 4700 3579 4771 inquirant

1995 4824 2049 4869 et
2087 4811 2345 4866 revolent.

2067 4904 2155 4958 74.
2191 4903 2290 4970 Qui
2322 4901 2590 4956 voluerint
2622 4896 2688 4952 de
2716 4905 2913 4950 czetero
2945 4891 3128 4962 aliqua
3159 4901 3462 4960 proponere
3489 4902 3582 4943 ca-

1995 4995 2164 5068 pitulo
2191 4991 2449 5066 generali,
2486 4997 2790 5061 proponant
2821 4988 2875 5042 in
2919 4984 3138 5055 scriptis
3170 4983 3272 5039 sub
3325 4981 3582 5038 brevibus

1999 5089 2199 5149 verbis,
2225 5095 2281 5142 et
2301 5084 2516 5140 tradant
2535 5081 2744 5138 lectori.

2066 5185 2157 5239 75.
2180 5181 2457 5254 Capellani
2489 5188 2543 5235 et
2569 5176 2750 5233 clerici
2788 5191 2911 5233 cum
2942 5173 3224 5229 monachis
3254 5182 3309 5227 et
3337 5168 3586 5227 meniali—

1998 5279 2100 5332 hus
2129 5280 2512 5330 conversantes
2543 5277 2761 5324 teneant
2789 5266 3033 5322 ordinem
3080 5265 3220 5320 sicut
3249 5261 3510 5319 moniales
3531 5268 3587 5314 et

2002 5367 2250 5425 monachi
2271 5364 2573 5436 injejuniis.
2593 5360 2857 5418 Beneficia
2873 5357 3190 5429 temporalia
3219 5355 3418 5409 habent
3443 5354 3588 5406 sicut

2001 5460 2270 5523 conversi,
2291 5467 2344 5514 et
2361 5455 2662 5527 spiritualia
2689 5455 2830 5510 sicut
2851 5451 3124 5518 monachi,
3153 5460 3207 5504 et
3225 5447 3292 5502 ad
3315 5444 3586 5502 reddenda

2001 5572 2064 5611 ea
2094 5571 2194 5623 pro
2222 5553 2343 5607 aliis
2369 5551 2507 5607 sicut
2537 5558 2590 5603 et
2612 5547 2710 5618 ipsi
2745 5553 3050 5600 teneantur.

2074 5648 2162 5702 76.
2193 5645 2308 5700 Non
2338 5645 2495 5700 detur
2525 5640 2774 5712 pittantia
2801 5634 3084 5692 monachis
3111 5633 3163 5688 in
3195 5648 3350 5688 coena
3382 5629 3591 5686 camis-

2005 5740 2158 5812 privii
2191 5739 2244 5792 in
2274 5734 2580 5800 refectorio,
2615 5746 2717 5785 nec
2738 5727 3015 5786 conversis
3047 5727 3098 5783 in
3140 5725 3312 5781 ceHis.

2077 5833 2166 5888 77.
2199 5830 2319 5886 Fiat
2342 5823 2788 5885 commemoratio
2819 5821 2871 5878 in
2903 5820 3041 5878 festo
3072 5829 3272 5878 sanctae
3298 5815 3510 5882 Crucis,
3542 5813 3587 5869 si
