3962 6416
529 387 669 451 1159
1764 377 2038 436 ORDINIS
2074 375 2533 435 CARTHUSIANI
3575 379 3672 435 illi)

527 505 601 562 sit
621 504 674 560 in
708 505 1008 572 Domtntca,
1045 505 1221 574 primo
1254 505 1319 559 de
1350 503 1648 568 Domimca,
1677 507 1798 570 post
1833 499 1898 555 de
1923 506 2113 554 octava
2143 498 2191 555 A
2285 495 2375 554 98.
2403 493 2714 550 lnhibemus
2746 505 2816 547 ne
2844 491 2914 546 de
2937 497 3132 546 caetero
3157 486 3396 544 'conversi
3426 501 3488 546 rt.
3534 494 3670 549 redditi

526 593 732 659 Marias,
763 603 820 650 et
841 603 963 664 post
995 596 1061 651 de
1089 593 1438 664 martyribus.
2214 586 2460 658 equitent
2489 586 2540 641 in
2577 583 2783 654 campis
2811 581 2879 655 υ.
2903 580 2955 636 in
2983 577 3186 651 cappis]
3211 578 3381 650 nigris.

597 686 687 741 78.
721 684 822 752 Qui
853 684 1240 755 professionem
1270 683 1462 738 fecerit
1495 698 1549 737 tn
1575 680 1768 744 ordine
1823 687 2031 743 nostro,
2056 686 2114 732 et
2283 677 2374 735 99.
2410 675 2712 748 lnjungitur
2734 671 3002 744 prioribus
3051 671 3103 726 in
3154 670 3341 726 virtute
3387 681 3550 726 sanctae
3581 674 3676 728 ohe.

525 779 743 843 exierit,
766 787 822 834 et
855 786 1042 849 postea
1071 777 1313 844 redierit,
1339 790 1448 831 non
1485 774 1650 830 faciat
1676 773 1872 828 iterum
1899 769 2109 842 profes-
2214 769 2430 826 dientias
2468 777 2524 824 et
2550 765 2862 837 praecipitur
2887 777 2956 818 ne
2985 769 3299 833 praesumant
3317 761 3429 818 dare
3441 765 3675 832 patentibus

525 869 758 934 sionem,
783 869 877 924 sed
903 869 1085 924 statim
1110 867 1392 938 promittat
1417 864 1799 921 obedientiam.
2018 883 2026 889 ·
2215 861 2298 917 vel
2324 859 2571 932 cognatis
2599 859 2718 914 sine
2742 869 3013 914 consensu
3049 852 3242 923 aliquid
3270 851 3345 909 vel
3371 852 3518 924 aliqua
3537 855 3587 910 de
3607 856 3674 909 bo-

596 958 687 1015 79.
710 959 956 1016 Monachi
985 959 1076 1030 qui
1107 973 1211 1013 non
1235 966 1359 1013 sunt
1380 957 1708 1019 sacerdotes,
1734 954 1920 1010 dicant
1946 969 2109 1008 unum
2215 956 2299 1010 nis
2327 960 2539 1018 domus,
2562 950 2705 1007 unde
2734 952 2926 1006 domus
2951 956 3222 1019 gravetur.

526 1051 841 1122 psalterium
864 1063 971 1122 pro
989 1051 1282 1108 tricenario
1312 1065 1574 1107 concesso
1607 1049 1717 1104 illis
1742 1048 1833 1118 qui
1856 1063 1963 1103 non
1986 1055 2114 1103 sunt
2287 1043 2411 1099 100.
2442 1042 2792 1099 Declaramus
2821 1048 2878 1096 et
2911 1039 3174 1104 volumus,
3197 1051 3330 1108 quoa
3351 1051 3409 1091 ue
3426 1046 3579 1091 caetero
3597 1037 3676 1091 nul-

525 1140 593 1196 de
619 1140 799 1195 domo.
2077 1145 2084 1149 ‘
2215 1138 2299 1192 lus
2319 1135 2470 1207 prior
2491 1134 2716 1204 recipiat
2742 1132 2978 1202 aliquam
3003 1145 3279 1202 personam
3304 1129 3364 1183 ad
3385 1129 3579 1184 ordinem
3597 1130 3676 1184 sine

595 1230 683 1286 80.
710 1231 1642 1305 Sabbatojejuniorum,legatprior
1661 1231 1904 1301 quintam
1928 1229 2116 1286 leetio-
2215 1245 2485 1286 consensu
2533 1237 2589 1283 et
2638 1226 2913 1283 voluntate
2959 1233 3253 1281 conventus
3300 1221 3373 1278 sui
3421 1221 3490 1276 vel
3523 1220 3678 1291 majoris

525 1337 672 1388 nem,
699 1323 823 1379 licet
850 1323 904 1379 in
928 1340 1089 1380 mane
1118 1325 1499 1381 celebraverit.
2213 1323 2406 1393 partis.

594 1411 685 1467 81.
716 1414 797 1468 Ad
819 1428 1010 1483 preces
1037 1415 1281 1484 priorum
1306 1414 1826 1484 supervenientium,
1856 1413 1956 1468 nisi
1987 1413 2114 1482 ipsis
2294 1417 2408 1470 101.
2442 1412 2787 1478 Ordinamus,
2821 1413 2964 1482 quod
2993 1409 3204 1477 redditi,
3234 1418 3331 1464 tam
3359 1406 3531 1472 clerici,
3565 1423 3677 1477 quam

524 1506 900 1576 praesentibus,
927 1523 1035 1564 non
1059 1508 1217 1564 detur
1245 1507 1527 1562 monachis
1555 1507 1807 1578 pittantia
1831 1506 2020 1561 diebus
2044 1506 2112 1561 ab
2217 1507 2334 1562 laici
2371 1515 2655 1562 teneantur
2676 1506 2743 1562 ad
2781 1504 3058 1561 silentium
3082 1520 3095 1556 :
3123 1499 3390 1570 aliquando
3416 1497 3579 1551 ratione
3610 1497 3677 1550 loci

525 1596 719 1652 ordine
764 1598 1056 1662 concessis,
1098 1613 1198 1654 nec
1228 1605 1427 1654 exeant
1479 1597 1721 1664 domum,
1769 1613 1930 1652 causa
1987 1611 2111 1667 spa-
2215 1600 2355 1656 sicut
2384 1598 2438 1653 in
2469 1597 2701 1654 ecclesia
2737 1605 2792 1652 et
2834 1597 2888 1651 in
2921 1591 3231 1656 refectorio,
3267 1589 3346 1646 vel
3371 1590 3418 1643 in
3445 1603 3602 1651 mensa,
3621 1588 3680 1642 vel

526 1687 718 1745 ιίίιηάί-
2216 1693 2269 1748 in
2293 1692 2565 1758 claustro;
2593 1689 2885 1762 aliquando
2928 1689 3138 1744 ratione
3177 1699 3424 1757 personat,
3458 1684 3569 1739 sicut
3597 1698 3676 1737 cuni

595 1781 685 1836 82.
719 1780 1039 1839 Ordinatum
1063 1795 1146 1840 est
1173 1791 1230 1839 ut
1261 1783 1472 1851 novitii,
1517 1783 1743 1839 recitata
1799 1783 2031 1839 lectione
2059 1784 2109 1838 in
2145 1848 2183 1856 _
2215 1783 2461 1856 personis
2481 1799 2600 1854 quae
2630 1789 2882 1836 tenentur
2910 1779 2976 1833 ad
3002 1777 3288 1834 silentium.
3493 1838 3498 1842 ἡ

523 1874 855 1944 capitulo,et
876 1877 1168 1947 propositis
1195 1893 1314 1946 qua:
1336 1848 1681 1947 proponenda
1705 1886 1833 1932 sunt
1855 1893 1884 1931 a
1908 1877 2108 1947 priore,
2145 1848 2188 1904 Β
2215 1848 2230 1856 ’
2285 1877 2410 1932 102.
2444 1848 2517 1930 De
2549 1873 2704 1930 festis
2730 1872 2830 1928 SS.
2863 1870 3164 1935 Benedicti,
3207 1866 3444 1938 llngouis,
3468 1864 3676 1922 Ambrosii.

524 1965 808 2020 confestim
838 1981 869 2021 a
901 1968 1157 2038 capitulo,
1190 1977 1246 2024 et
1273 1968 1497 2024 omnino
1523 1968 1592 2024 de
1614 1968 1848 2040 capitulo
1873 1969 2113 2042 generali
2213 1970 2430 2044 quando
2452 1966 2691 2040 paschali
2711 1976 2954 2036 tempore
2971 1961 3265 2027 evenerint,
3292 1958 3411 2014 nihil
3430 1958 3677 2021 immutatur,

522 2056 899 2114 excludantur.
1166 2090 1168 2092 -
2213 2063 2342 2136 quin
2384 2062 2474 2118 ﬁat
2518 2060 2661 2114 sicut
2713 2066 2839 2113 ante
2865 2055 3097 2118 Pascha,
3125 2059 3373 2122 quantum
3397 2049 3456 2103 ad
3495 2045 3679 2136 bomelias

593 2148 686 2206 83.
717 2146 914 2206 Oratio
932 2151 1000 2208 de
1043 2153 1220 2224 vigilia
1260 2152 1320 2210 S.
1349 2153 1582 2212 Andreae
1603 2163 1660 2211 et
1686 2153 1812 2211 festi
1849 2153 1908 2210 S.
1936 2154 2111 2227 Syle—ae
2212 2129 2268 2208 et
2315 2149 2590 2220 evangelia
2636 2154 2690 2202 et
2723 2143 3011 2217 epistolas,
3068 2150 3174 2198 tam
3217 2139 3269 2195 in
3314 2135 3460 2192 missa
3499 2147 3617 2204 quam
3643 2129 3680 2186 in

522 2239 610 2296 bis
641 2242 1000 2299 continuatim
1028 2244 1301 2300 dicantur.
1780 2288 1784 2292 .
2211 2242 2518 2299 matutinis.

591 2331 683 2388 84.
712 2323 1088 2394 lnobedientes
1103 2339 1340 2395 scienter
1360 2339 1460 2396 visi
1471 2341 1752 2408 latoribus,
1779 2356 1810 2396 a
1833 2341 1948 2398 suis
1964 2340 2110 2414 prio-
2283 2335 2405 2392 105.
2436 2332 2758 2388 Visitalores
2781 2343 2884 2384 ηθη
2913 2325 3122 2398 Possm
3143 2323 3379 2380 θίηῖιιθΐθ
3420 2315 3607 2414 hospi!“
3621 2327 3683 2414 ἤι’

521 2425 674 2482 ribus
696 2427 898 2483 absolvi
923 2445 1028 2484 non
1054 2441 1302 2501 possunt.
1739 2406 1746 2408 ﬁ
1965 2406 1981 2414 ’
2211 2438 2296 2486 tra
2323 2427 2656 2499 provinciam
2683 2440 2846 2496 quam
2868 2424 3120 2486 visitant,
3148 2417 3250 2474 nisi
3280 2414 3524 2472 mitterent
3557 2407 3598 2463 in
3624 2406 3680 2462 do-

595 2517 688 2574 85.
723 2519 1071 2588 Visitatores,
1109 2522 1202 2577 ubi
1231 2524 1538 2579 invenerint
1565 2526 1708 2596 quod
1740 2525 1991 2581 monachi
2014 2540 2108 2581 ex-
2212 2536 2360 2576 mum
2388 2519 2531 2574 unde
2554 2518 2744 2573 ultimo
2775 2516 2977 2572 fuerint
3011 2508 3262 2585 professi.

521 2620 606 2668 tra
627 2611 911 2670 clausurus
933 2615 1214 2670 domorum
1239 2617 1523 2671 comedere
1544 2585 1962 2683 consueverunt,
1979 2631 2111 2674 con-
2284 2609 2407 2685 104.
2440 2607 2713 2664 Stalulum
2739 2606 2803 2662 de
2821 2603 3091 2661 velaliom‘
3113 2596 3428 2664 monialium.
3449 2605 3546 2663 (Ιυπ
3567 2585 3680 2645 οίίείλ

518 2705 863 2762 suetudinem
891 2708 1288 2778 reprehendant
1330 2717 1387 2764 et
1427 2709 1717 2779 castigent.
2211 2683 2497 2759 habuerint
2523 2708 2577 2755 et
2606 2695 2935 2761 dimiserint,
2975 2693 3307 2765 appmbamr
3329 2697 3381 2744 θι
3403 2683 3680 2779 conﬁnium“

589 2797 679 2852 86.
711 2797 825 2852 Non
857 2774 1162 2855 revelentur
1185 2810 1395 2856 secreta
1423 2774 1654 2857 ordinis.
2284 2792 2406 2848 l05.
2445 2790 2781 2864 iniungimus
2820 2784 3196 2844 visitatoribus
3231 2780 3439 2846 ordinis,
3465 2774 3578 2848 quod
3613 2783 3681 2825 non

590 2891 680 2947 87.
705 2889 893 2946 Credit
915 2891 1073 2956 ordo,
1105 2893 1247 2960 quod
1279 2899 1543 2948 statutum
1576 2891 1951 2964 Lugdunensis
1975 2908 2108 2950 con-
2208 2893 2500 2942 vereantur
2529 2883 2809 2955 injungere
2858 2880 3137 2952 prioribus
3174 2874 3313 2947 (100d
3339 2881 3504 2946 Pe‘a'“
3538 2864 3682 2964 πεδί’

517 2983 628 3039 cilii
659 2997 765 3038 non
795 2991 981 3039 arceat
1007 2999 1106 3040 nos
1128 2985 1194 3039 ad
1221 2984 1612 3050 inclinandum,
1640 2955 1856 3056 quoties
1877 2987 1979 3042 hoc
2004 3001 2102 3042 no-
2207 2977 2468 3042 cordiam,
2511 2975 2939 3046 quotiescunque
2973 2967 3346 3027 rationabilem
3383 2955 3682 3056 causauvitle:

519 3089 644 3131 tuen
681 3075 810 3130 hau
833 3074 1052 3130 auditur
1079 3090 1097 3141 ;»
1125 3076 1218 3131 sed
1249 3076 1340 3131 fiat
1368 3077 1508 3132 sicut
1532 3044 1680 3132 ante:
2207 3071 2317 3125 rint
2341 3044 2623 3140 apparere,
2653 3075 2708 3121 et
2729 3063 2966 3120 maxime
2992 3062 3104 3118 illis
3147 3073 3282 3131 quos
3326 3057 3375 3112 in
3414 3054 3500 3110 hoc
3522 3044 3683 3105 viderit!l

587 3164 676 3220 88.
699 3163 894 3235 Aliqua
922 3165 1172 3220 monial'is
1204 3182 1309 3220 non
1334 3167 1580 3222 mittatur
1600 3167 1670 3223 de
1695 3168 1855 3224 domo
1885 3183 1983 3225 sua
2007 3185 2104 3241 per
2133 3195 2178 3258 ο
2207 3160 2529 3216 ObSlinaloso
3382 3208 3387 3213 .

517 3229 854 3319 visitatores,
879 3255 984 3310 nisi
1014 3269 1113 3324 pro
1140 3269 1275 3310 nova
1325 3253 1566 3326 plantula
1617 3229 2022 3326 construenda,-
2049 3272 2107 3315 et
2133 3229 2178 3258 υ
2224 3280 2226 3282 τ
2282 3253 2407 3311 106.
2433 3251 2829 3309 Deliberatione
2852 3248 3082 3322 provida
3111 3244 3456 3308 statuendum,
3477 3233 3590 3309 quod
3608 3229 3686 3303 ειυί·

518 3355 650 3401 tunc
675 3345 746 3401 de
771 3345 990 3402 licentia
1014 3347 1211 3418 prioris
1255 3347 1557 3405 Carthusite
1584 3350 1662 3406 vel
1691 3351 1912 3422 capituli
1945 3365 2108 3422 ge-ne-
2208 3349 2419 3419 eu'nque
2431 3346 2681 3404 subditus
2697 3343 2999 3401 monachus
3017 3342 3398 3399 velconversns
3409 3348 3486 3390 seu
3497 3327 3684 3422 redditus,

517 3437 671 3494 ralis.
1545 3461 1548 3465 ·
1757 3419 1771 3422 ν
1948 3419 1971 3422 _
2208 3439 2545 3496 commiserit
2581 3437 2792 3494 crimen
2831 3434 2989 3502 furti,
3017 3449 3117 3492 seu
3163 3425 3494 3491 alienationis,
3517 3419 3581 3476 vel
3602 3429 3685 3487 pro-

587 3530 679 3586 89.
712 3529 956 3586 Monachi
990 3533 1082 3602 qui
1105 3532 1252 3588 missi
1292 3542 1440 3600 sunt,
1480 3543 1534 3589 et
1579 3534 1674 3603 qui
1727 3534 2009 3590 mittentur
2038 3535 2106 3590 de
2206 3529 2454 3602 prietatis
2496 3527 2640 3582 ultra
2688 3525 2930 3582 valorem
2972 3523 3141 3579 trium
3187 3521 3482 3579 solidorum,
3506 3524 3582 3566 nec
3611 3507 3687 3601 ἱνὲ

515 3633 714 3680 caetero
732 3625 802 3680 ad
823 3625 1013 3680 domos
1031 3625 1240 3681 ordinis
1268 3627 1334 3680 ad
1361 3602 1750 3696 professionem
1778 3624 2101 3691 faciendam,
2207 3621 2376 3694 priori
2400 3634 2498 3675 suo
2519 3618 2712 3675 saltem
2741 3614 3056 3672 constitutis
3083 3611 3407 3683 temporibus
3453 3605 3498 3658 in
3534 3602 3688 3694 statutis

515 3716 666 3772 illam
699 3717 899 3772 faciant
923 3718 1060 3773 infra
1093 3734 1336 3774 mensem
2205 3711 2488 3769 confessus
2509 3709 2694 3778 fuerit,
2727 3707 2844 3779 ipso
2874 3705 3016 3762 facto
3065 3701 3384 3762 sententiam
3409 3683 3689 3754 excommuni-

585 3808 677 3866 90.
708 3809 923 3866 Priores
967 3811 1062 3881 qui
1108 3820 1476 3866 exoneramur
1511 3811 1582 3866 de
1642 3810 1964 3882 hospitibus,
1999 3809 2102 3864 illis
2205 3804 2438 3860 cationis
2491 3801 2753 3866 incurrat,
2796 3806 2854 3853 et
2895 3797 3038 3852 hanc
3081 3793 3395 3853 sententiam
3453 3782 3688 3882 denuntiet!

516 3910 774 3957 tenentur
799 3918 1065 3974 expensas
1093 3903 1432 3958 necessarias
1455 3904 1788 3958 ministrare.
2204 3897 2364 3952 annis
2393 3892 2618 3966 singulis
2647 3891 2878 3962 priores,
2911 3889 2994 3946 vel
3018 3889 3153 3960 ipsis
3177 3884 3470 3944 absentibus
3487 3873 3630 3974 vicarii
3652 3871 3687 3926 il

584 3993 675 4049 91.
707 3966 1274 4050 Missa-beneﬁciorum
1305 3995 1463 4050 debet
1487 3995 1634 4049 reddi
1669 3994 1722 4047 in
1754 3992 1893 4048 festo
1922 4009 1996 4048 xu
2027 3991 2103 4048 le-
2204 3987 2451 4045 domibus
2476 3985 2590 4040 suis
2622 3985 2677 4039 in
2709 3982 2988 4040 Dominica
3040 3979 3232 4036 Ramis
3277 3976 3540 4049 palmarum
3575 3966 3687 4021 Ιιιιω

513 4079 777 4145 ctionum,
807 4081 971 4135 etiam
997 4081 1292 4135 tricenario
1319 4081 1566 4136 durante.
2204 4094 2300 4150 per
2347 4074 2647 4148 capitulum
2676 4071 2960 4146 generale;
2992 4072 3100 4128 hoc
3151 4069 3332 4127 addito
3376 4062 3500 4136 quod
3543 4055 3689 4150 priore!

587 4169 679 4226 92.
705 4141 1038 4240 Quacuuque
1065 4171 1152 4225 die
1181 4172 1447 4241 contingit
1477 4181 1669 4225 octava
1711 4169 2099 4239 Apparitionis,
2204 4141 2716 4242 possint'absolvere
2747 4166 2885 4222 sicut
2910 4164 3086 4236 prius,
3108 4173 3165 4220 et
3189 4158 3369 4217 vicarii
3395 4166 3539 4226 usque
3557 4146 3608 4203 ad
3625 4141 3688 4196 ad‘

513 4260 560 4316 si
590 4257 748 4314 aliter
770 4258 876 4314 dici
902 4274 1008 4314 non
1038 4260 1210 4328 possit
1246 4260 1647 4328 responsorium
1684 4259 1924 4323 Domine,
1960 4275 2022 4312 ne
2047 4258 2101 4311 in
2203 4270 2424 4315 ventum
2466 4258 2684 4330 prioris.

512 4352 618 4419 ira,
646 4359 778 4418 etc.,
807 4349 937 4421 ipsa:
961 4362 1168 4407 octava:
1193 4351 1323 4405 fiant
1351 4349 1593 4406 Sabhato
1620 4349 1971 4421 praecedenti.
2275 4351 2400 4406 107.
2427 4329 2704 4406 statutum
2732 4357 2817 4404 est
2856 4356 2914 4402 ut
2939 4345 3251 4417 quicunque
3269 4347 3532 4397 conversus
3551 4329 3602 4385 de
3617 4336 3686 4379 €32-

583 4465 676 4523 95.
708 4462 1038 4520 Ordinamus
1062 4473 1118 4520 et
1139 4463 1407 4531 volumus,
1443 4472 1498 4518 ut
1536 4464 1894 4535 prteben'darii
1927 4480 2093 4520 sarcu-

2206 4453 2322 4500 tero
2370 4450 2653 4514 peccatum
2708 4437 3118 4496 incontinentiae
3162 4428 3496 4491 commiserit,
3534 4425 3687 4535 doniun:

585 4503 676 4523 νυ.
711 4503 1038 4520 ν.υ............
1063 4503 1118 4520 ι..
1148 4503 1407 4531 manu“,
1444 4503 1498 4518 ...
1536 4503 1894 4535 ,.................
1927 4503 1985 4520 υ..
2003 4503 2093 4520 υ..-

511 4558 656 4615 lares
683 4559 748 4615 de
773 4567 970 4614 caetero
993 4573 1104 4614 non
1131 4558 1460 4627 recipiantur
1481 4557 1533 4612 in
1565 4559 1758 4613 ordine
1782 4558 1900 4612 sine
1930 4557 2093 4613 licen-

2205 4503 2647 4604 suatu-perpetuo
2673 4531 2908 4593 amittat,
2937 4537 2991 4584 et
3017 4527 3085 4581 ad
3113 4535 3312 4581 statum
3352 4516 3540 4577 redditi,

513 4656 588 4709 tia
636 4653 856 4725 capituli
901 4653 1168 4725 generalis
1204 4598 1286 4706 vel
1337 4651 1535 4724 prioris
1583 4651 1886 4707 Carthusia:
1932 4665 2095 4721 super
2203 4619 3125 4725 vietum.etbarba'l‘.“igneam”,
3181 4625 3238 4671 ⁸⁸
3288 4611 3462 4668 “nam
3507 4598 3690 4658 suum“

2199 4719 2318 4775 sine
2346 4731 2440 4786 spe
2455 4712 2894 4785 dispensationis.

723 4783 738 4799 .
2199 4760 2318 4775 ...ην
2346 4760 2440 4786 -..ν
2457 4760 2894 4785 ...-,---__--------

510 4760 908 4892 angrf'ilmnes
935 4835 1044 4890 ludi
1082 4834 1361 4891 manuales
1391 4832 1688 4903 a'personis
1727 4831 1936 4888 ordinis
1984 4833 2097 4889 evi-
2271 4810 2392 4864 108·
2429 4806 2690 4863 Similiter
2718 4803 2910 4860 cenam
2938 4800 3141 4856 3mm“
3188 4799 3478 4903 quicunque
3515 4782 3687 4903 “33:1”

582 4878 672 4892 υ-.
707 4878 908 4892 ν.....ν.,
935 4878 1044 4890 ......
1083 4878 1360 4891 ,,,,,,,,,,,,,,,
1391 4878 1419 4888 ,,
1443 4878 1688 4903 μηνηη
1730 4878 1935 4888 ,ηπ-η
1987 4878 2066 4889 _'_
3645 4883 3688 4898 ‘-

511 4935 715 4982 tentur.
2197 4916 2354 4956 suum
2387 4895 2770 4960 diliamaverit,
2817 4901 2910 4949 aut
2937 4893 3196 4946 damnum
3241 4889 3423 4942 domus
3445 4878 3676 4982 protuli"?

2197 4993 2288 5054 rit,
2315 4988 2658 5048 sollicitando
2695 4959 2996 5043 creditores
3044 4982 3112 5037 ad
3155 4971 3500 5049 recuperanda
3545 4959 3688 5020 debili.

2195 5083 2282 5137 vel
2320 5081 2659 5137 exhortando
2688 5079 2899 5149 aliquos
2945 5074 3012 5129 ad
3051 5072 3313 5145 capienda
3363 5068 3490 5122 bona
3531 5057 3686 5113 domas.

2195 5173 2279 5230 vel
2299 5173 2405 5228 alia
2430 5172 2625 5227 damna
2656 5167 2959 5226 inferendo.

581 5037 673 5094 95.
702 5024 996 5094 Garcioncs
1021 5055 1125 5095 non
1167 5037 1553 5109 permittuntur
1587 5037 1739 5093 exire
1773 5021 2092 5108 potestatem

509 5128 838 5193 Carthusiac,
877 5131 1097 5186 sedente
1125 5129 1362 5201 capitulo
1406 5129 1667 5200 generali,
1728 5143 1829 5184 nec
1883 5127 2095 5199 priores

507 5237 697 5280 eorum
723 5220 856 5276 dem
880 5221 960 5276 eis
981 5222 1262 5291 pecuniam
1292 5223 1359 5278 ad
1386 5222 1698 5278 bibendum
2741 5220 3070 5315 observetur
3087 5255 3142 5310 in
3171 5253 3240 5310 de
3263 5251 3399 5306 furto
3421 5252 3472 5300 et
3510 5229 3688 5312 proprii

579 5337 668 5396 96.
702 5336 1034 5394 Ordinamus
1057 5343 1112 5388 et
1141 5333 1408 5402 volumus,
1442 5335 1586 5406 quod
1618 5335 1661 5391 si
1688 5333 1881 5405 aliqua:
1903 5347 2089 5404 perso-
2194 5364 2306 5412 tale
2329 5353 2616 5411 com-mis.

508 5447 592 5488 nae
620 5432 688 5488 de
707 5430 902 5488 ordine
930 5426 1352 5484 Mendicantium
1383 5439 1612 5497 receptae
1638 5437 1786 5494 sunt,
1819 5426 1903 5483 vel
1954 5425 2092 5480 reci-
2184 5423 2186 5426 ’
2265 5452 2389 5507 ηο.
2430 5451 2708 5507 statutum
2749 5447 2949 5503 factum
2992 5446 3136 5503 circa
3181 5437 3424 5498 vicum",
3461 5434 3685 5488 converso—

505 5524 724 5595 piantur
752 5523 920 5595 (quod
939 5523 1031 5577 Vix
1057 5522 1170 5591 fiat)
1201 5535 1306 5574 non
1342 5519 1550 5590 possint
1594 5519 1794 5575 habere
1835 5517 2091 5576 obcdien-
2193 5561 2313 5599 mm
2345 5551 2473 5608 sm.
2500 5542 2567 5598 de
2613 5541 2938 5596 duobus»...
2971 5551 3174 5608 panum
3217 5541 3271 5588 ει
3308 5541 3437 5602 pane
3463 5522 3686 5608 ai-cnaeto.

508 5590 641 5672 tiam
669 5590 1037 5671 sine—licentia
1067 5590 1285 5684 capituli
1323 5609 1612 5683 generalis.
2190 5590 3103 5690 ὲξξξέξτξξ)Ἶίωςᾶξξδῶέηηςοάο
3152 5590 3466 5694 ιεωρὸτίιηιε
3506 5599 3686 5665 statutis.

575 5726 668 5785 97.
707 5727 880 5784 Priori
933 5727 1101 5785 Vallis
1158 5726 1361 5783 Viridis
1400 5724 1715 5782 conceditur
1758 5725 1948 5781 tertius
1983 5726 2090 5782 cle‘
2193 5726 2486 5782 secundum
2524 5724 2753 5779 formam
2789 5722 2841 5775 in
2894 5717 3131 5783 statutis,
3181 5692 3476 5770 contentam
3519 5692 3684 5755 finiti!et

508 5823 676 5881 ricus.
2191 5817 2507 5872 observetur
2534 5836 2544 5869 ;
2574 5814 2646 5869 ita
2670 5812 2833 5884 quod,
2857 5828 2963 5868 non
2988 5807 3326 5867 obstantibus
3351 5793 3580 5868 aliquibus
3596 5792 3684 5836 con-
