3962 6398
313 288 444 348 iul

314 508 461 553 ctum
492 500 763 554 statutum’
782 515 812 555 a
840 502 1000 558 modo
1030 511 1308 572 teneatur;
1336 505 1438 561 nisi
1467 507 1701 577 priores,
1728 508 1900 577 quali-

316 595 429 643 tate
453 588 688 659 regionis
713 599 767 646 et
787 606 1140 661 personarum
1160 602 1213 649 et
1234 596 1513 651 domorum
1536 598 1927 663 considerata,-

314 679 571 735 duxerint
612 696 735 737 cum
774 682 853 739 eis
884 685 1310 742 misericorditer
1355 687 1795 759 dispensandum.
1841 688 1900 746 Si

313 786 447 828 vero
475 783 697 844 prepter
724 775 827 831 hoc
861 776 944 832 vel
982 777 1125 832 aliud
1159 794 1188 833 a
1215 778 1493 837 laboribus
1523 797 1583 838 se
1617 783 1902 839 subtraxe-

315 863 447 931 rint,
476 873 571 920 aut
592 867 770 923 minus
798 867 1027 943 fideliter
1054 871 1438 939 laboraverint,
1469 882 1580 929 aut.
1599 915 1611 929 .
1631 874 1899 931 .Iaborem

315 952 564 1023 fecerint,
602 967 659 1013 et
686 959 789 1015 hoc
810 963 1119 1020 constiterit
1142 966 1310 1037 priori
1347 968 1429 1024 vel
1454 972 1816 1038 procuratori,
1846 982 1903 1029 et

315 1042 506 1103 moniti
536 1064 595 1105 se
621 1065 726 1106 non
754 1056 1120 1121 correxerint,
1162 1059 1311 1129 prior
1359 1060 1427 1116 de
1471 1072 1771 1120 conventus
1815 1066 1898 1120 sui

313 1140 401 1194 vel
442 1142 666 1213 majoris
709 1145 881 1215 partis
907 1148 1137 1205 consilio
1182 1152 1365 1207 mittat
1410 1166 1505 1209 eos
1546 1155 1612 1209 ad
1659 1156 1899 1229 priorem

313 1233 619 1292 Carthusia
640 1238 769 1296 alibi
795 1244 1206 1300 sustentandos.

387 1329 511 1383 III.
540 1329 673 1385 Cum
716 1335 963 1390 conversi
992 1344 1049 1391 et
1078 1337 1277 1393 redditi
1307 1339 1645 1411 recipiantur
1671 1350 1794 1413 post
1816 1359 1903 1399 sa-

312 1418 481 1473 lutem
517 1421 821 1479 animarum
852 1426 1124 1498 praecipue
1170 1443 1270 1498 pro
1308 1430 1513 1496 labore,
1555 1443 1611 1489 et
1657 1434 1901 1489 nonnulli

313 1513 533 1582 propria
564 1530 727 1570 manu
750 1515 1001 1575 laborare
1028 1533 1303 1591 recusent,
1347 1527 1661 1593 statuimus,
1700 1536 1761 1582 ut
1783 1529 1904 1598 qui-

313 1619 528 1675 cunque
557 1621 720 1679 super
764 1610 868 1667 hoe
904 1627 933 1666 a
967 1614 1147 1683 priore
1172 1616 1256 1670 vel
1311 1626 1671 1686 procuratore
1717 1634 1905 1690 repre-

312 1695 468 1752 hensi
500 1696 722 1761 fuerint.
754 1710 809 1756 et
839 1704 1027 1759 moniti
1059 1722 1164 1760 non
1194 1722 1253 1762 se
1296 1708 1731 1770 emendaverint,
1772 1711 1900 1767 vino

258 1836 263 1837 ,
307 1799 369 1846 et
392 1789 638 1860 pittantia
663 1793 967 1862 priventur,
999 1798 1236 1865 quandiu
1267 1799 1435 1868 priori
1470 1798 1763 1865 videbitur,
1796 1800 1899 1857 nisi

308 1897 407 1940 eos
435 1884 657 1941 evidens
694 1888 991 1943 necessitas
1012 1903 1319 1946 excusaret.

384 1973 508 2031 112.
556 1975 815 2033 Conversi
855 1977 992 2034 infra
1040 1981 1305 2037 terminos
1353 1982 1637 2039 domorum
1670 1999 1897 2040 suarum

310 2081 419 2124 non
450 2068 718 2137 equitent,
746 2069 849 2125 nisi
880 2070 954 2127 ita
977 2081 1158 2128 essent
1183 2074 1388 2129 debiles
1410 2085 1464 2129 et
1492 2075 1719 2141 infirmi,
1752 2079 1897 2148 quod

308 2159 474 2229 pedes
496 2159 575 2215 ire
600 2175 704 2215 non
728 2170 967 2230 possent,
987 2178 1089 2220 nec
1108 2173 1282 2233 extra,
1311 2166 1412 2222 nisi
1437 2167 1736 2222 secundum
1756 2168 1899 2238 quo]

311 2252 576 2323 scriptum
601 2260 684 2307 est
711 2252 763 2307 in
792 2254 1031 2310 statutis.

384 2339 507 2396 115.
535 2340 695 2395 Prior
727 2350 783 2396 et
814 2354 1135 2413 procurator
1178 2355 1609 2416 quotiescunque
1652 2348 1733 2404 eis
1780 2348 1898 2418 pla-

309 2429 505 2494 cuerit,
538 2430 622 2484 vel
653 2430 846 2485 saltem
872 2433 1037 2487 semel
1066 2434 1118 2487 in
1166 2450 1353 2490 mense
1379 2436 1543 2491 cellas
1566 2446 1622 2492 et
1660 2438 1902 2495 officinas

312 2531 704 2573 eonversorum
727 2519 1019 2591 diligenter
1039 2522 1279 2591 visitent,
1314 2533 1368 2578 et
1392 2525 1693 2596 inquirant,
1719 2539 1773 2584 et
1800 2530 1897 2599 ipsi

306 2610 557 2667 conversi
576 2611 656 2667 eis
685 2612 867 2668 omnia
888 2628 1161 2682 exponere
1195 2624 1501 2673 teneantur.
1535 2618 1602 2672 Et
1630 2619 1674 2674 si
1705 2620 1901 2690 aliquis

305 2700 514 2758 cibaria
537 2711 736 2773 prater
766 2703 912 2760 licita
941 2714 997 2761 et
1025 2706 1203 2761 debita
1231 2707 1282 2762 in
1319 2707 1455 2765 cella
1492 2720 1745 2767 assuetus
1783 2711 1900 2768 fue-

305 2794 384 2850 rit
406 2810 669 2866 reponere
694 2806 751 2853 et
778 2806 985 2863 tenere,
1007 2807 1063 2855 et
1090 2800 1333 2857 monitus
1359 2816 1467 2857 non
1490 2817 1552 2859 se
1573 2806 1896 2870 correxerit,

307 2885 445 2943 cella
468 2896 734 2959 perpetuo
758 2889 1023 2959 privetur.
1050 2890 1117 2946 Et
1153 2892 1348 2947 amodo
1369 2907 1519 2949 seras
1538 2894 1902 2952 clandestinae

307 2992 419 3033 non
445 2978 682 3034 habeant
703 2980 803 3035 sub
836 2992 995 3050 pana
1024 2990 1278 3037 contenta
1304 2983 1357 3037 in
1386 2985 1635 3049 statutis;
1679 2984 1732 3039 in
1757 2985 1901 3041 ostio

306 3085 443 3125 vero
471 3070 733 3127 anteriori
762 3084 915 3127 seras
936 3073 1149 3143 possint
1172 3074 1397 3138 habere,
1422 3076 1465 3130 si
1491 3076 1662 3146 priori
1682 3076 1901 3134 videtur

306 3162 588 3232 expedire,
625 3163 780 3234 cujus
816 3163 1023 3220 clavem
1054 3165 1649 3236 quotiescunqneexlra
1675 3168 1896 3226 domum

306 3256 545 3311 exierint
570 3256 789 3311 tradant
818 3257 1136 3327 eoquinario
1166 3275 1180 3312 :
1210 3259 1354 3329 quod
1386 3261 1476 3329 qui
1507 3277 1614 3315 non
1648 3261 1895 3329 fecerint,

304 3347 555 3417 sequenti
577 3347 666 3403 die
694 3360 801 3417 quo
823 3347 1043 3403 dabitur
1071 3349 1254 3403 vinum
1287 3356 1341 3403 et
1368 3351 1645 3419 pittantia,
1676 3362 1902 3407 careant

307 3436 437 3508 ipsi.

383 3527 505 3583 114.
542 3527 909 3585 Exhortamur
954 3532 1188 3602 priores,
1218 3542 1277 3588 ut
1312 3534 1365 3589 in
1400 3537 1741 3594 correctione
1771 3554 1903 3595 con-

308 3636 595 3693 versurum
623 3622 734 3677 sint
765 3625 1053 3697 pervigiles
1083 3636 1138 3681 et
1168 3627 1381 3693 intenti,
1416 3637 1469 3683 et
1498 3629 1552 3684 in
1586 3632 1901 3701 receptione

306 3725 501 3768 eorum
560 3730 666 3770 non
718 3724 1008 3773 teneantur
1045 3720 1201 3790 sequi
1251 3720 1543 3777 consilium
1606 3737 1901 3781 converso-

311 3818 456 3860 ιἰπι.

1598 292 1922 353 STATUTA
1961 293 2292 363 ANTIQUA.

313 398 693 457 suetudinibus
720 402 1008 461 contrariis
1034 402 1335 474 aliquarum
1367 404 1675 474 domorum,
1706 409 1897 478 pradi-
1925 419 1970 472 Α

3448 296 3587 353 1142

2074 406 2198 463 115.
2221 406 2300 461 Ad
2330 413 2593 462 statutum
2616 404 2758 476 quod
2787 407 3035 463 conversi
3060 422 3118 463 se
3145 414 3338 464 vocent
3359 409 3425 463 ad
3450 408 3588 465 invi-

2006 514 2123 555 cem
2161 499 2379 564 fratres,
2439 497 2657 554 additur
2692 498 2834 569 quod
2884 499 2975 568 qui
3024 508 3213 556 contra
3266 499 3479 566 fecerit,
3532 503 3585 558 in

2003 592 2252 662 sequenti
2279 589 2519 661 capitulo
2533 590 2732 646 clamet
2752 591 2965 661 culpam
2995 606 3172 656 suam,
3202 602 3258 646 et
3282 592 3401 649 sine
3428 594 3591 649 mise-

2004 683 2236 739 ricordia
2281 682 2516 753 accipiat
2540 682 2903 753 disciplinam.

2076 773 2199 828 116.
2236 772 2452 829 Statuta
2485 773 2552 829 de
2602 788 2741 828 novo
2784 773 2927 828 facta
2967 773 3246 829 conversis
3278 773 3592 829 immediate

2004 871 2127 933 post
2154 877 2468 919 sermonem
2513 862 2762 934 legantur
2803 863 2870 919 ab
2925 863 3017 918 illo
3056 864 3142 919 cui
3178 864 3329 936 prior
3376 866 3593 921 duxerit

1986 952 2418 1025 iniungendum,
2466 963 2659 1025 quater
2690 955 2743 1009 in
2784 969 2929 1011 anno
2960 956 3042 1012 vel
3073 956 3326 1028 amplius,
3358 958 3401 1013 si
3424 958 3588 1028 priori

2004 1043 2295 1099 videbitur.

2079 1136 2204 1191 117.
2232 1135 2418 1193 Terra
2445 1138 2686 1205 inutiles,
2716 1148 2939 1194 remota
2960 1148 3016 1194 et
3036 1139 3252 1194 steriles
3275 1139 3342 1193 ad
3370 1147 3587 1207 tempus

2007 1228 2217 1299 possint
2237 1229 2355 1284 dari
2387 1230 2439 1285 in
2474 1231 2892 1299 emphitheosim
2925 1234 2993 1287 de
3039 1246 3308 1287 consensu
3352 1246 3589 1285 conven-

2010 1327 2182 1386 tuum,
2214 1318 2508 1375 secundum
2549 1323 2692 1390 quod
2732 1322 2835 1376 sibi
2870 1322 3142 1377 videbitur
3175 1321 3506 1377 faciendum.
3533 1322 3591 1375 Si

2010 1422 2141 1462 vero
2172 1406 2339 1479 aliqui
2380 1409 2629 1463 conversi
2678 1410 2933 1480 pradicfa
2978 1411 3240 1480 impedire
3280 1410 3457 1479 palam
3509 1409 3595 1462 vel

2008 1499 2220 1555 occulte
2251 1501 2606 1567 tentaverint,
2629 1502 2703 1556 ita
2737 1503 2879 1573 quod
2915 1504 3083 1573 possit
3121 1503 3361 1574 probari,
3400 1502 3602 1561 redditi

2008 1590 2332 1648 efficiantur.

2080 1704 2206 1760 118.
2260 1703 2591 1761 Ordinamus
2647 1706 2810 1761 etiam
2864 1709 3007 1777 quod
3073 1709 3329 1779 praedicta
3392 1714 3596 1764 statuta

1934 1767 1979 1828 Β
2005 1795 2191 1850 statim
2214 1795 2514 1865 probentur
2540 1804 2597 1852 et
2619 1767 3028 1853 confirmentur.

2075 1907 2196 1965 119.
2230 1909 2306 1965 De
2332 1908 2505 1965 tribus
2525 1923 2656 1965 vero
2686 1912 2954 1980 personis,
2977 1911 3030 1964 in
3055 1911 3251 1980 quibus
3277 1910 3426 1980 prior
3457 1907 3590 1963 Car-

2005 2000 2202 2055 tbusia
2253 2008 2472 2070 poterat
2529 1999 2846 2070 dispensare
2875 2015 3039 2070 supra
3081 2015 3281 2054 annum
3316 2000 3457 2053 ultra
3490 2014 3596 2053 nua

2005 2107 2220 2149 merum
2253 2091 2545 2147 tresdecim
2576 2090 2987 2157 conversorum,
3020 2090 3247 2145 ulterius
3269 2105 3391 2146 cum
3424 2088 3600 2144 domin

2006 2184 2109 2240 bus
2138 2198 2260 2254 qua
2294 2182 2523 2238 multum
2556 2182 2891 2253 indigebant,
2946 2182 3261 2239 ordinamus
3312 2172 3456 2252 quod
3486 2180 3593 2235 illa

2006 2286 2118 2332 tres
2162 2291 2410 2349 persona
2452 2277 2506 2331 in
2553 2276 2777 2331 redditis
2825 2276 3181 2347 recipiantur,
3234 2276 3337 2330 hoc
3385 2274 3597 2343 adjecto

2010 2370 2154 2438 quod
2186 2368 2229 2423 si
2261 2367 2441 2439 aliqua
2468 2382 2700 2439 persona
2733 2367 2888 2422 valde
2923 2366 3177 2423 domibus
3200 2365 3507 2422 necessaria
3537 2373 3595 2419 et

2004 2458 2157 2513 utilis
2184 2467 2491 2528 appareret,
2519 2457 2662 2526 quod
2692 2457 2979 2527 pradictus
3001 2458 3151 2525 prior
3173 2457 3417 2525 inspecta
3452 2469 3593 2523 qua-

2006 2549 2157 2603 litate
2192 2562 2443 2617 persona
2491 2546 2663 2616 possit
2700 2546 3021 2616 dispensare
3050 2561 3174 2601 cum
3202 2561 3311 2600 eno
3339 2544 3425 2600 vel
3455 2543 3594 2600 duo-

2005 2641 2107 2697 bus
2134 2640 2201 2695 de
2234 2639 2342 2695 illis
2373 2638 2575 2704 tribus,
2610 2645 2669 2692 ut
2694 2638 2946 2693 conversi
2984 2636 3310 2693 efficiantur.

2080 2752 2203 2808 120.
2230 2751 2494 2807 Volumus
2531 2749 2847 2805 omnimodo
2881 2748 3026 2819 quod
3079 2746 3337 2815 praedicta
3393 2752 3599 2799 statuta

2004 2844 2363 2899 observentur
2386 2850 2442 2895 et
2476 2840 2529 2895 in
2566 2838 2812 2908 sequenti
2843 2836 3083 2907 capitulo
3112 2834 3531 2890 confirmentur.

2081 2953 2201 3008 121.
2233 2952 2438 3021 Quater
2465 2952 2517 3007 in
2540 2966 2681 3007 anno
2712 2950 2962 3021 legantur
2986 2949 3099 3003 hac
3127 2956 3327 3004 statuta
3359 2961 3588 3001 convor-

2007 3047 2082 3102 sis
2111 3056 2165 3102 et
2187 3044 2413 3101 redditis
2434 3043 2689 3099 omnibus
2710 3041 3053 3111 congregatis
3089 3040 3138 3097 in
3174 3038 3417 3105 capitulo
3454 3037 3599 3107 ipso-

1927 3132 1974 3195 C
2009 3150 2149 3201 rum,
2181 3132 2433 3189 videlicet
2458 3131 2510 3185 in
2538 3131 2676 3186 festo
2697 3129 3127 3194 Purifit-atiouis,
3165 3127 3225 3182 S.
3256 3127 3503 3193 Joannis,
3541 3137 3599 3183 et

2004 3226 2405 3300 Assumptionis
2426 3225 2489 3279 Β.
2517 3224 2714 3279 Maria.

2084 3360 2263 3416 Non.
2284 3390 2355 3402 —-—
2375 3360 2489 3415 Etsi
2520 3361 2637 3415 hac
2664 3368 2866 3416 statuta
2917 3373 3119 3413 annum
3154 3358 3283 3413 1261
3319 3358 3598 3427 prafixunt

2013 3454 2271 3521 habeant,
2302 3468 2409 3509 non
2431 3453 2614 3509 omnia
2639 3461 2816 3509 tamen
2840 3452 2906 3508 'eo
2932 3468 3099 3515 anno,
3138 3452 3231 3507 sed
3264 3451 3443 3521 aliqui
3472 3448 3600 3505 sub—

2009 3546 2367 3618 sequentibus
2399 3545 2562 3601 annis
2591 3546 2738 3600 edita
2776 3560 2901 3601 esse
2936 3552 3209 3615 opportet.
3259 3542 3313 3597 Id
3352 3549 3502 3612 pa'et
3527 3556 3599 3598 ex

2013 3649 2221 3696 statuto
2246 3640 2315 3696 87
2345 3641 2397 3694 in
2424 3655 2532 3710 quo
2560 3639 2618 3694 fit
2640 3640 2846 3695 mentio
2868 3638 3072 3694 decreti
3102 3637 3233 3705 editi
3266 3636 3319 3691 in
3365 3649 3421 3694 ς(
3436 3634 3599 3695 acilio

2008 3732 2381 3803 Lugdunensi.

561 4188 889 4249 STATUTA
930 4193 1135 4250 EDITA
1177 4194 1245 4251 IN
1283 4197 1628 4259 CAPITULO
1669 4200 2019 4259 GENERALI
2053 4200 2330 4259 ORDINIS
2368 4197 2923 4256 CABTHUSIENSIS
2964 4196 3153 4255 ANNO
3190 4194 3346 4255 1289.

425 4343 442 4359 .
480 4306 638 4361 Anno
668 4307 882 4365 Domini
919 4310 1082 4377 1289,
1111 4313 1180 4369 de
1224 4329 1366 4370 novo
1408 4316 1702 4373 statuimus
1751 4320 1894 4390 quod

2012 4319 2234 4390 dignum
2284 4315 2475 4383 fuerit,
2505 4315 2830 4372 obedientiis
2855 4315 3166 4383 priventnr;
3219 4314 3308 4369 alii
3343 4326 3467 4369 vere
3498 4315 3594 4386 qui

313 4394 570 4465 qualth
590 4397 785 4454 domus
811 4401 1020 4456 ordinis
1049 4403 1222 4471 possit
1261 4403 1461 4460 habere
1487 4406 1623 4462 duos
1673 4408 1901 4466 clericos
1933 4396 1977 4451 Ῑ)
2002 4409 2273 4466 evasionis
2293 4424 2512 4465 causam
2528 4409 2797 4476 dederint,
2820 4408 3158 4464 obedientias
3181 4409 3246 4463 de
3269 4417 3468 4465 caetero
3487 4424 3596 4464 ron

316 4492 578 4559 redditos,
612 4494 704 4563 qui
728 4494 841 4549 sint
869 4495 935 4550 de
960 4510 1189 4551 numero
1217 4512 1292 4552 vn
1322 4500 1686 4555 redditurum.

384 4586 442 4639 2.
485 4585 617 4641 Item
644 4601 744 4657 pro
774 4590 1029 4657 personis
1056 4590 1108 4644 in
1151 4590 1407 4646 domibus
1439 4593 1732 4650 associatis
1780 4610 1907 4667 per-

313 4677 530 4734 solvant
584 4679 822 4749 priores,
869 4681 1009 4736 sicut
1047 4696 1147 4750 pro
1192 4683 1455 4752 personis
1486 4686 1744 4758 propriis,
1797 4689 1903 4744 nisi

315 4781 499 4826 mutua
526 4773 709 4842 pactio
736 4772 882 4827 aliud
909 4774 1208 4829 contineat.

383 4863 439 4918 5.
469 4865 599 4918 Item
641 4864 709 4918 de
741 4880 881 4921 novo
909 4866 1222 4932 statuimus,
1280 4876 1339 4922 ut
1383 4868 1643 4941 deinceps
1685 4872 1904 4928 termini

314 4971 412 5026 per
436 4958 571 5013 duos
595 4956 806 5027 priores
833 4972 985 5013 more
1012 4960 1175 5015 solito
1222 4960 1442 5015 limitati
1498 4972 1555 5016 et
1606 4962 1797 5032 scripti
1839 4965 1906 5019 ad

315 5064 550 5119 sequens
578 5048 879 5119 capitulum
905 5060 1289 5122 apportentur,
1317 5061 1373 5105 et
1400 5051 1471 5106 ibi
1506 5052 1907 5110 rationabiliter

315 5145 611 5199 examinati
654 5159 756 5214 per
822 5138 1015 5202 omnes
1061 5146 1385 5203 diffinitores
1446 5149 1814 5217 approbentur
1852 5158 1907 5206 et

314 5233 659 5305 sigillentur,
726 5244 784 5291 et
830 5245 1033 5292 extune
1105 5237 1343 5295 habeant
1406 5238 1617 5295 roboris
1677 5240 1905 5295 firmita-

322 5338 446 5383 ωιη.

384 5418 437 5472 4.
472 5418 602 5473 Item
626 5416 692 5473 de
721 5432 863 5473 novo
892 5420 1182 5475 statuimus
1210 5421 1353 5491 quod
1384 5421 1595 5492 priores
1624 5430 1682 5477 et
1702 5436 1903 5493 procu—

315 5518 545 5574 ratores,
573 5509 663 5578 qui
688 5509 890 5579 reperti
916 5507 1117 5566 fuerint
1142 5510 1439 5580 culpabiles
1464 5511 1789 5584 negligentia
1820 5511 1904 5568 vel

316 5603 421 5657 alio
447 5602 607 5658 modo
628 5601 696 5659 de
721 5601 981 5659 evasione
1009 5603 1494 5670 incarceralorum,
1526 5606 1776 5677 sequenti
1810 5620 1903 5660 ca-

316 5693 484 5762 pitulo
512 5691 745 5749 clament
799 5693 1016 5766 culpam
1064 5708 1238 5760 suam,
1289 5694 1615 5763 etsijudicio
1671 5696 1897 5768 capituli

2011 4502 2248 4557 habeant
2271 4511 2327 4556 et
2350 4500 2528 4555 locum
2557 4500 2789 4555 subeant
2813 4499 3117 4553 evadentis.

2078 4592 2131 4646 5.
2162 4592 2318 4658 Item,
2341 4591 2407 4646 de
2431 4606 2569 4646 novo
2594 4590 2883 4645 statuimus
2902 4589 3046 4659 quod
3073 4587 3323 4643 monachi
3348 4591 3597 4645 conversi

2008 4693 2063 4739 et
2090 4683 2285 4739 redditi
2322 4684 2388 4739 de
2438 4682 2834 4738 incontinentia
2869 4681 3105 4738 convicti
3154 4690 3209 4736 et
3254 4682 3511 4750 confessi,
3554 4683 3598 4737 si

2009 4775 2299 4847 contigerit
2352 4774 2534 4845 aliquo
2566 4783 2812 4844 tempore
2862 4772 3200 4829 reconciliari
3254 4787 3349 4826 eos
3396 4772 3599 4836 ordini,

2010 4866 2158 4920 nullo
2185 4865 2345 4922 modo
2388 4865 2483 4920 fiat
2510 4865 2561 4920 id
2584 4864 2840 4921 domibus
2880 4864 2934 4918 in
2959 4864 3157 4934 quibus
3190 4863 3423 4918 convicti
3476 4862 3599 4917 fue-

2010 4958 2138 5023 rint,
2164 4958 2265 5013 nisi
2296 4959 2365 5014 ad
2389 4952 2710 5029 perpetuum
2737 4972 3039 5022 carcerem,
3066 4958 3130 5011 de
3174 4972 3284 5028 quo
3314 4957 3358 5011 si
3401 4956 3601 5011 educe-

2007 5057 2213 5113 rentur,
2244 5048 2392 5103 nullo
2425 5049 2584 5104 modo
2628 5048 2713 5117 ibi
2748 5058 3089 5114 remaneant,
3144 5051 3240 5105 sed
3279 5047 3406 5104 alibi
3436 5048 3602 5104 col'fo-

2006 5149 2200 5197 centur
2230 5141 2331 5197 sub
2370 5140 2551 5196 debita
2578 5141 2880 5212 disciplina.

2078 5236 2133 5291 6.
2164 5235 2319 5301 Item,
2351 5250 2475 5289 eum
2513 5235 2829 5291 scandalum
2869 5250 2981 5291 non
3031 5236 3305 5292 modicum
3351 5244 3408 5290 et
3455 5234 3597 5287 inter

2006 5329 2309 5401 magnosin
2341 5336 2483 5383 terra
2511 5328 2612 5385 ista
2653 5337 2833 5385 ortum
2879 5328 3042 5384 fuerit
3090 5338 3316 5399 propter
3361 5326 3597 5397 seyphrs

2005 5429 2345 5492 argenteosa
2373 5420 2697 5495 quibusdam
2752 5421 3025 5494 prioribus
3072 5420 3409 5489 deportatos,
3449 5417 3593 5472 inbi-

2006 5509 2197 5565 bemus
2224 5510 2476 5567 distriete
2515 5526 2582 5567 ne
2612 5512 2678 5567 de
2706 5522 2904 5567 calere
2932 5520 3085 5566 extra
3116 5508 3308 5564 domos
3357 5522 3453 5577 per
3495 5505 3563 5568 δεῖ
3582 5537 3597 5550 -

2007 5617 2165 5672 quem
2191 5601 2258 5657 de
2281 5603 2473 5659 ordine
2502 5603 2876 5673 deportentur.

2078 5696 2130 5750 7.
2172 5696 2302 5752 Item
2325 5738 2338 5762 ,
2370 5697 2434 5753 de
2464 5712 2603 5752 novo
2630 5696 2917 5751 statuimus
2942 5696 3084 5766 quod
3115 5694 3424 5751 visitatores
3455 5704 3591 5763 quos
