3962 6428
511 278 648 334 m5
1696 266 1974 326 cunnus
2007 267 2474 323 camuusmm
3528 287 3618 346 ηη

508 391 662 446 obire
691 386 980 457 contigerit
1017 393 1167 442 .ntra
1201 384 1420 442 domum
1451 383 1690 454 aliquam
1732 383 1972 450 ordinis,
2018 382 2092 438 ibi
2123 387 2170 447 Α
2270 382 2358 437 10.
2405 381 2569 446 Item,
2614 397 2680 436 au
2739 386 2982 450 quanta...
3049 395 3186 439 una
3236 387 3399 457 prioris
3439 394 3557 455 \‘allis
3588 404 3624 461 ε.

510 485 745 540 habeant
799 480 1220 546 monachatum;
1274 487 1331 534 et
1377 478 1423 533 si
1486 492 1687 548 prope,
1743 476 2097 532 tricenarium
2202 475 2348 531 Petri
2381 473 2759 544 respondetur,
2789 475 2932 544 quod
2956 487 3051 546 per
3084 465 3629 551 monuit.:tatutinonruu

509 571 743 628 habeant
772 571 826 626 in
849 571 1012 625 domo
1038 569 1092 624 in
1129 585 1234 640 qua
1268 567 1618 639 sepelieatur.
2200 583 2518 624 concessum
2556 567 2700 637 quod
2745 566 2893 637 prior
2915 565 3206 624 Carthusim
3232 583 3388 641 posset
3409 583 3630 649 conp-93m

576 662 632 718 8.
670 662 834 726 Item,
878 660 1187 717 inhibemus
1220 675 1288 716 ne
1330 659 1454 729 quis
1498 671 1596 729 per
1640 672 1701 714 se
1731 658 1986 728 impetret
2015 657 2099 712 vel
2200 673 2298 729 per
2320 673 2607 714 censuram
2629 657 3057 714 ecclesiasticam
3087 659 3260 717 domos
3285 677 3385 733 quae
3401 666 3443 722 ei
3462 668 3630 741 debeant,

509 753 785 824 impetrari
820 753 984 808 faciat
1019 768 1050 806 a
1095 750 1433 822 principibus
1460 751 1545 806 vel
1588 749 1714 807 aliis
1757 749 2096 822 quibuscun-
2197 758 2255 806 et
2292 751 2412 807 ideo
2443 765 2552 807 non
2586 759 2799 820 oportet
2829 749 2969 820 quod
2997 759 3246 808 statutum
3281 768 3522 826 revocetur,
3553 768 3633 835 qui;

507 857 613 914 que
637 843 848 899 litteras
876 843 1178 914 rogatorias
1198 857 1298 914 pro
1325 841 1543 912 seipsis.
2201 843 2428 899 nullum.

574 935 630 991 9.
669 935 823 1002 Item,
855 935 1270 993 associationem
1309 934 1587 990 trioenarii
1632 931 1936 990 faciendam
1979 941 2092 988 sta-
2273 936 2361 990 ll.
2403 934 2568 1001 Item,
2619 950 2812 992 nonius
2849 935 2977 994 Belli
3022 937 3192 994 Lariei
3227 949 3418 997 vocetur
3439 943 3490 1000 de
3508 956 3638 1004 cetera

507 1025 708 1082 tuimus
735 1028 912 1097 primo
945 1027 1320 1084 anniversario
1349 1033 1472 1090 post
1501 1025 1885 1097 incmptionem
1931 1025 2094 1080 tricc-
2201 1026 2380 1085 Bellus
2410 1028 2604 1085 Locus.

507 1131 669 1173 nam.

2066 1341 2276 1422 VII.

1653 1471 1976 1529 STA'I‘UTA
2015 1471 2220 1529 EDITA
2252 1473 2441 1531 ANNO
2485 1474 2637 1532 I290.

567 1591 626 1645 11.
667 1590 824 1644 Anno
878 1590 1090 1645 Domini
1150 1589 1288 1646 I290
1331 1597 1593 1644 statutum
1627 1588 1696 1642 de
1737 1589 1944 1644 duobus
1976 1587 2092 1643 cle-
2233 1653 2235 1656 η
2265 1593 2322 1648 4.
2363 1593 2530 1654 Item.
2557 1601 2820 1650 statutum
2849 1594 2994 1665 quod
3021 1595 3259 1652 monachi
3289 1596 3361 1652 vel
3385 1603 3642 1662 conveniant

503 1681 633 1736 ricis
691 1681 954 1739 habendis
1004 1684 1334 1754 approbatur
1363 1723 1380 1749 ,
1427 1691 1482 1738 et
1527 1681 1595 1737 de
1657 1680 1991 1738 comedendo
2039 1683 2092 1736 in
2197 1683 2388 1738 redditi
2433 1683 2503 1738 de
2551 1683 2944 1740 iucontinentia
2979 1687 3236 1752 convicti,
3272 1688 3314 1745 si
3354 1693 3638 1764 contingatur:

502 1773 796 1830 refectorio
825 1789 947 1829 cum
978 1775 1276 1831 monachis.
2196 1773 2378 1845 aliquo
2409 1783 2651 1845 tempore
2681 1777 3025 1834 reconciliari
3071 1779 3274 1848 ordini,
3310 1783 3554 1842 nllllomodo
3579 1789 3640 1845 ιω

569 1865 628 1966 ἢ.
667 1865 835 1933 Item,
867 1866 914 1921 si
943 1866 1204 1966 cathedra
1235 1866 1292 1922 S.
1323 1865 1472 1922 Petri
1509 1865 1811 1966 accidit
1857 1863 2094 1966 quadra-
2125 1909 2170 1966 Β
2197 1865 2291 1920 fiat
2319 1867 2371 1921 in
2403 1865 2655 1922 domibus
2682 1867 3106 1938 principalibus,
3139 1871 3218 1927 vel
3242 1873 3290 1928 in
3315 1873 3480 1944 quibus
3494 1880 3644 1935 convicti

499 1955 734 2025 gesima,
765 1957 930 2012 missa
976 1955 1094 2025 ejus
1128 1958 1343 2013 dicetur
1375 1957 1429 2012 in
1464 1969 1659 2012 mane.
1691 1955 1796 2012 nisi
1829 1955 2092 2011 acciderit
2128 1955 2168 1966 ’”
2197 1959 2424 2028 fuerint,
2451 1960 2556 2017 nisi
2587 1960 2654 2016 ad
2689 1971 3017 2033 perpetuum
3043 1977 3334 2032 carcerem,
3356 1976 3464 2034 etc.,
3487 1978 3645 2040 utitur:

500 2047 555 2101 in
588 2046 830 2104 Sabbato
851 2047 936 2104 vel
969 2048 1270 2106 Dominica.
1551 2050 1554 2054 ’
2199 2053 2526 2124 approbatur
2551 2062 2608 2109 et
2631 2051 3009 2110 conﬁrmatur.

566 2138 620 2194 3.
658 2138 823 2206 Item,
883 2141 1193 2212 quicunque
1243 2155 1464 2197 causam
1517 2138 1793 2197 evasronis
1841 2135 2092 2194 dederint
2267 2143 2322 2199 5.
2359 2142 2523 2212 Item,
2557 2152 2827 2200 statutum
2852 2143 2920 2202 de
2948 2144 3103 2202 brevi
3128 2149 3296 2206 dando
3314 2148 3406 2205 illis
3427 2150 3501 2222 qui
3520 2151 3650 2208 habeat

496 2232 872 2298 incarceratis,
900 2235 1238 2292 obedientias
1261 2235 1535 2300 amittant,
1572 2242 1627 2290 et
1651 2233 1829 2288 locum
1860 2231 2094 2288 subeant
2197 2235 2665 2307 participationem
2691 2237 3072 2298 confirmatur.

495 2325 774 2382 evadentis
800 2329 1038 2397 quandiu
1069 2328 1333 2385 placuerit
1356 2327 1594 2385 cauitqu
1632 2325 1896 2398 generali.

2013 2551 2240 2630 VllI.

1739 2682 2064 2740 STATUTA
2104 2683 2267 2739 ANNI
2310 2684 2466 2740 1291.

565 2807 614 2861 I.
654 2802 813 2858 Anno
858 2799 1068 2855 Domini
1107 2796 1233 2853 1291
1286 2809 1548 2852 concessa
1594 2805 1720 2852 sunt
1753 2795 2081 2852 auctoritate
2190 2811 2352 2854 causa
2382 2796 2466 2852 vel
2497 2797 2616 2852 utili
2663 2812 2786 2854 eam
2829 2798 3032 2856 viderit
3072 2801 3383 2859 faciendam.
3409 2803 3655 2875 Iten,qnod

488 2895 707 2968 capituli
757 2893 1028 2966 generalis
1075 2907 1170 2963 per
1215 2890 1532 2946 dillinitores
1580 2891 1735 2945 datos
1772 2890 1841 2945 ab
1888 2889 2077 2945 eodem
2190 2889 2499 2960 ubicunque
2553 2890 2606 2944 in
2659 2891 2984 2949 tractatibus
3024 2895 3235 2952 ordinis
3275 2895 3502 2966 duplicem
3531 2911 3651 2951 vocent

488 3005 652 3062 super
677 2988 826 3044 litem
859 3001 980 3057 qua:
1009 2994 1126 3040 erat
1157 2984 1210 3040 in
1233 2983 1448 3047 ordine,
1475 2998 1573 3054 pro
1602 2981 1778 3038 littera
1805 2999 1834 3036 a
1859 2983 2079 3038 domino
2187 2981 2385 3037 habeat
2411 2982 2479 3037 ad
2507 2981 2740 3052 rigorem
2762 2985 2976 3041 ordinis
3005 2985 3408 3044 observandum.
3431 2989 3544 3054 Item,
3557 2986 3647 3057 quod

487 3079 749 3151 Gregorio
777 3093 913 3148 papa
941 3075 990 3130 Χ
1037 3075 1325 3146 impetrata
1346 3115 1360 3141 ,
1409 3075 1610 3130 domno
1641 3073 1806 3143 priori
1838 3071 2075 3130 Cartbu-
2184 3072 2416 3142 quilibet
2444 3073 2594 3142 prior
2619 3073 2923 3132 Cartbusite
2949 3078 3122 3134 semel
3151 3079 3205 3135 in
3245 3087 3351 3135 toto
3380 3088 3564 3150 tempore
3585 3091 3648 3132 tuo

485 3173 581 3226 sia:
607 3171 699 3240 qui
730 3186 875 3224 nunc
903 3178 1020 3234 est,
1050 3177 1106 3224 et
1137 3167 1241 3222 illis
1271 3167 1526 3224 omnibus
1560 3167 1652 3237 qui
1691 3182 1790 3238 pro
1834 3176 2077 3238 tempore
2109 3220 2149 3240 Α
2185 3171 2394 3218 tantum
2419 3164 2591 3234 possit
2613 3163 2832 3221 mittere
2854 3165 2992 3222 duos
3015 3183 3086 3224 ex
3110 3169 3380 3226 monachis
3395 3169 3491 3224 suis
3505 3167 3554 3222 ad
3568 3166 3656 3221 ali

486 3260 721 3326 fuerint,
765 3259 880 3314 haec
925 3273 1045 3328 quae
1090 3267 1414 3329 sequuntur,
1464 3257 1718 3313 videlicet
1767 3257 2076 3313 omnimoda
2107 3254 2152 3282 υ
2188 3254 2376 3311 domos
2406 3255 2578 3325 ipsius
2604 3256 2843 3324 ordinis,
2895 3273 3020 3314 cum
3049 3275 3186 3331 pace
3220 3271 3396 3318 tamen
3435 3263 3658 3331 ipsumet

486 3360 728 3422 potestas
760 3351 816 3407 in
852 3351 974 3407 foro
1015 3350 1373 3422 pmnitentiali
1415 3351 1672 3406 audiendi
1710 3349 2080 3407 confessiones
2188 3354 2488 3404 conventus
2508 3347 2668 3404 dicta:
2708 3349 2932 3417 domus,
2962 3352 3012 3406 si
3053 3354 3382 3426 contingeret
3406 3352 3520 3425 quod
3539 3350 3660 3420 aliqua

486 3444 763 3512 priorum,
825 3450 881 3497 et
931 3441 1246 3498 absolvendi
1293 3441 1514 3497 eosdem
1567 3442 1662 3512 qui
1704 3441 1756 3498 ei
1811 3441 2081 3498 voluerint
2187 3439 2325 3494 bona
2357 3453 2586 3510 persona
2618 3441 2830 3498 veniret
2859 3445 2924 3498 ad
2953 3445 3157 3501 dictam
3188 3450 3392 3502 domum
3421 3443 3662 3504 Carthusie,

485 3535 758 3592 confiteri.
797 3534 965 3599 Item,
1011 3534 1153 3604 quod
1199 3537 1370 3604 possit
1412 3533 1595 3590 facere
1644 3534 2077 3590 misericordiam
2188 3546 2290 3587 nec
2326 3543 2511 3602 posset
2553 3533 2625 3588 ibi
2663 3533 2828 3604 recipi
2871 3545 3101 3607 propter
3147 3538 3506 3595 multitudinem
3539 3545 3666 3589 mona-

485 3629 758 3700 prioribus
784 3641 950 3698 super
976 3638 1177 3681 annum
1202 3641 1324 3682 cam
1369 3625 1707 3696 petentibus,
1749 3625 1793 3680 si
1826 3640 1896 3680 ex
1921 3623 2075 3693 juxta
2187 3623 2436 3679 chorum.

1428 4009 1756 4068 STATUTA
1795 4007 1984 4065 NOVA
2023 4005 2344 4064 CAPITULI
2381 4007 2798 4070 GENERALIS.

555 4132 606 4188 I.
647 4130 923 4188 Professio
952 4148 1059 4190 non
1090 4134 1220 4188 sita
1267 4131 1514 4197 novitiis,
1563 4128 1666 4185 nisi
1708 4128 1891 4200 priore
1933 4139 2071 4196 ιιι-ω·
2253 4125 2305 4181 7.
2347 4128 2392 4182 A
2419 4139 2618 4198 quarto
2645 4126 2826 4185 Nonas
2862 4129 3192 4188 Novembris
3234 4144 3392 4202 usque
3419 4128 3476 4183 ad
3511 4125 3672 4194 Septua-

482 4233 656 4280 sente.
2181 4220 2472 4288 gesimam,
2521 4222 2785 4290 agendam
2815 4222 2893 4295 (I)
2921 4231 3121 4293 praeter
3159 4225 3341 4278 laudes
3384 4223 3430 4276 in
3455 4218 3563 4274 cella
3583 4211 3672 4268 dici-

551 4316 608 4369 2.
647 4313 869 4384 Recepti
912 4314 975 4369 ad
1019 4319 1287 4369 statutum
1333 4312 1624 4368 terminum
1663 4311 1974 4374 venientes,
2024 4307 2070 4362 si
2179 4327 2330 4377 mus,
2361 4321 2484 4384 post
2524 4312 2734 4369 Nonam
2771 4313 2860 4370 vel
2901 4326 3024 4386 post
3057 4330 3316 4387 vesperas
3358 4315 3406 4369 io
3454 4307 3579 4366 festis
3608 4315 3672 4357 rut

482 4408 637 4479 prior
659 4407 858 4463 absens
886 4405 1127 4463 fueritet
1158 4405 1383 4461 multum
1416 4413 1689 4470 remotus,
1721 4403 2071 4463 nihilominus
2177 4401 2538 4471 Lectionum;
2589 4404 2871 4461 ferialibus
2923 4420 3056 4463 vero
3107 4408 3300 4465 diebus
3343 4413 3454 4477 post
3490 4408 3675 4468 vespm!

479 4516 511 4555 a
539 4510 806 4555 conventu
833 4499 1128 4554 induantur
1154 4507 1210 4552 et
1231 4496 1574 4553 incellcn-tur.
2104 4541 2148 4596 Β
2175 4495 2410 4552 dicimus
2453 4498 2729 4568 propriam
2762 4498 2878 4554 sive
2921 4501 3211 4572 specialem
3238 4516 3355 4557 cum
3402 4496 3549 4553 tribus
3580 4488 3676 4544 anti-

549 4617 605 4671 5.
646 4613 901 4671 Visitatio
924 4612 1097 4670 Scalae
1129 4612 1223 4668 Dei
1256 4613 1350 4668 fiat
1379 4627 1523 4669 anno
1547 4612 1836 4668 bissextili.

2177 4587 2399 4659 pltonis,
2445 4598 2504 4644 et
2547 4606 2603 4646 ιι
2656 4589 3415 4664 lectionibus,.quotidianam
3451 4601 3558 4644 vero
3591 4595 3676 4637 αιῐιι

2175 4679 2353 4749 prima
2383 4681 2684 4750 antipbona
2714 4691 2771 4738 et
2792 4682 2972 4739 tribus
3016 4683 3356 4741 lectionibus.
3383 4681 3446 4737 Et
3463 4672 3674 4732 sciendum

2174 4770 2317 4838 q||0d
2370 4770 2423 4825 in
2489 4772 2750 4841 praedicto
2809 4781 3052 4844 tempore
3103 4775 3357 4830 dicuntur
3401 4779 3498 4824 tres
3544 4761 3678 4834 prima

2175 4859 2436 4918 lectiones
2462 4863 2655 4920 diebus
2683 4864 2974 4922 dominicis
2990 4905 3007 4931 ,
3043 4875 3176 4932 etc.,
3201 4881 3298 4936 per
3321 4862 3558 4919 ordinem.

2245 4953 2298 5008 8.
2341 4952 2500 5011 Prior
2543 4954 2849 5014 Carthusia:
2892 4967 3070 5030 potest
3113 4969 3325 5015 mutare
3350 4953 3675 5010 visitatoresex

2167 5057 2353 5099 causa.

2241 5137 2294 5192 9.
2333 5137 2548 5208 Corpus
2600 5139 2816 5195 Domini
2861 5149 3108 5196 servetur
3154 5141 3208 5196 iu
3256 5135 3447 5206 capella
3490 5115 3676 5186 inferiori

550 5210 608 5266 5-
627 5207 950 5302 ίιηὶιιειεῑιιξτ
977 5212 1279 5278 Prioribus.
1326 5222 1386 5268 ιιι
1428 5227 1488 5269 δε
1515 5211 1812 5269 defendam
1838 5229 1934 5285 Per
1957 5215 2068 5284 Pl‘i-
2170 5239 2294 5282 cum
2327 5207 2452 5284 sera
2475 5242 2506 5282 a
2529 5228 2947 5300 quibuscunque
2975 5230 3262 5302 placuerit,
3293 5229 3364 5283 ita
3395 5236 3549 5280 tamen
3574 5207 3678 5302 illi“!

549 4729 605 4784 4.
643 4728 968 4786 Concessum
1019 4738 1104 4785 est
1148 4729 1398 4784 domibus
1447 4725 1619 4784 Scala:
1655 4726 1788 4792 Dei,
1835 4727 2067 4798 Anglize,

481 4823 542 4878 ὃ.
569 4822 990 4889 Bartholomazi,
1032 4822 1326 4887 Ilibernize,
1370 4819 1706 4888 Sclavonitc,
1737 4823 1882 4892 quod
1927 4822 2070 4876 vica-

478 4915 596 4972 rius
635 4931 758 4971 cum
794 4916 1106 4988 antiquiore
1147 4915 1324 4986 possit
1381 4914 1708 4988 confirmare
1747 4914 2066 4971 electionem

481 5007 683 5076 prioris
721 5021 751 5060 a
779 5017 1077 5074 conventu,
1115 5008 1160 5063 si
1207 5014 1358 5078 prior
1396 5023 1503 5062 non
1535 5006 1698 5063 fuerit
1731 5007 1783 5062 in
1811 5007 1916 5064 illis
1944 5023 2067 5079 par-

484 5099 650 5162 tilius,
680 5097 772 5166 qui
797 5113 894 5166 pro
920 5099 1293 5154 confirmanda
1315 5098 1580 5155 electione
1606 5099 1779 5170 possit
1807 5100 2010 5155 vocari.

479 5301 734 5374 vilegium
763 5299 1031 5356 indultum
1065 5316 1092 5355 a
1119 5304 1466 5371 praestatione
1493 5303 1851 5364 decimarum.
2175 5329 2463 5376 τρηονειυιι
2493 5297 2820 5392 ίηνηυριίδει
2847 5297 3216 5386 “ebdomada,
3250 5321 3294 5377 si
3321 5310 3568 5375 commode
3593 5297 3678 5392 fieri

551 5418 606 5470 6.
648 5416 774 5473 Post
811 5416 1234 5488 completorium
1273 5419 1487 5474 dicatur
1531 5422 1828 5493 antipbona
1871 5423 2056 5483 Saucia

2176 5423 2372 5483 potest.
2405 5412 2566 5470 Missa
2683 5415 2866 5472 Mat-ite
2889 5416 2942 5472 in
2967 5415 3219 5472 Sabbatis
3239 5453 3256 5480 ,
3285 5412 3336 5466 in
3358 5405 3495 5464 testis
3511 5386 3678 5493 cupii“?

484 5506 679 5580 Maria,
711 5521 767 5566 et
793 5485 971 5567 oratio
997 5510 1234 5568 Concede
1260 5527 1373 5565 nos.
1650 5485 1665 5493 ’
2171 5517 2228 5564 et
2271 5508 2619 5566 candelarum
2667 5510 2883 5567 dicatur
2941 5509 3228 5582 privatim,
3277 5497 3496 5572 exceptis
3536 5485 3680 5547 diem

556 5665 633 5737 (1)
676 5667 887 5737 Agenda
916 5679 1000 5726 est
1031 5670 1263 5728 oflicium
1295 5668 1696 5728 defunctorum.
