3976 6292
186 319 320 378 1145

1452 317 1777 376 STATUTA
1817 317 2147 388 ΑΝτιρυΑ.

3295 331 3434 390 1146

165 434 362 492 Natalis
405 429 649 497 Domini,
693 427 933 486 Sabbato
968 437 1191 494 sancto,
1227 437 1282 487 et
1312 439 1546 500 quatuor
1576 431 1728 489 festis
1755 439 1808 498 Α
1903 433 1992 489 52.
2035 434 2236 490 Omnes
2263 434 2512 490 monachi
2557 434 2892 506 sepeliantur
2931 455 3058 498 cum
3101 445 3305 515 cilicio,
3347 458 3431 504 tu-

165 529 218 583 Β.
251 526 330 580 Ma
340 524 447 578 rite.

229 637 313 692 l0.
356 632 603 689 Vicarius
637 630 782 686 dicat
818 629 1116 686 Benedicite
1137 631 1304 686 etiam
1333 632 1610 702 prioribus
1643 649 1740 690 ex-

163 724 358 780 traneis
388 720 917 793 supervenientibus,
944 721 1167 778 absente
1191 723 1390 794 priore.

227 817 312 871 ll.
347 814 454 870 Pro
501 812 796 868 tricenario
863 811 1173 868 inchoando
1222 814 1392 884 possit
1451 814 1740 871 transferri

159 908 610 965 anniversarium.

223 1001 307 1056 12.
347 998 694 1071 Agricultura
721 1013 827 1054 non
857 1006 1178 1054 exerceatur
1209 997 1264 1052 in
1297 998 1620 1070 agirelariis.

224 1090 310 1146 15.
347 1088 493 1145 Loco
535 1088 696 1144 trium
741 1103 1106 1161 personarqu
1177 1089 1447 1146 inutilium
1512 1099 1738 1161 possunt

156 1183 315 1252 recipi
362 1191 476 1256 tres
505 1181 695 1248 utiles,
746 1181 822 1236 ita
856 1182 1001 1252 quod
1051 1163 1281 1252 quilibet
1323 1197 1584 1239 numerus
1629 1197 1736 1238 non

155 1275 464 1331 excedatur.

225 1368 306 1422 14.
345 1365 543 1420 Novitii
574 1375 799 1438 possunt
836 1365 1116 1422 celebrare
1141 1379 1340 1424 missas
1375 1366 1652 1438 privatas,
1683 1374 1740 1422 et

152 1460 215 1514 ad
237 1473 330 1512 cas
349 1457 557 1513 servire
587 1459 656 1514 ad
681 1459 967 1514 arbitrium
994 1458 1214 1529 prioris.

219 1549 304 1605 l5.
340 1548 530 1606 Nullus
580 1558 876 1621 praesumat
919 1552 1254 1606 contendere
1290 1551 1375 1608 vel
1425 1552 1612 1609 ludere
1641 1569 1737 1625 pa-

151 1643 252 1696 lam
283 1641 366 1697 vel
401 1643 655 1712 privatim
683 1658 805 1699 cum
831 1643 1014 1714 priore
1051 1643 1354 1700 secundum
1390 1646 1632 1716 regulam
1672 1647 1730 1702 S.

151 1734 438 1791 Benedicti.

1847 525 1964 579 nica
2002 533 2058 580 et
2083 524 2292 580 cuculla
2320 533 2376 582 et
2399 527 2591 598 caligis
2621 537 2677 583 et
2701 530 3003 600 pedalibus.

1911 616 2003 672 35.
2043 615 2350 675 Conversus
2378 620 2576 692 aliquis
2607 638 2714 678 non
2743 625 2949 679 serviat
2976 627 3043 682 ad
3069 630 3284 688 missas.

1911 708 2003 763 54.
2043 709 2270 777 Quando
2319 715 2614 786 contigerit
2643 716 2749 773 duo
2779 717 2916 775 festa
2946 722 3264 791 transferri,
3309 729 3428 784 olli-

1842 800 1988 855 cium
2015 801 2238 870 majoris
2261 804 2382 862 festi
2406 807 2690 878 tiatprima
2713 811 2824 875 die,
2841 822 2890 867 et
2914 813 3057 870 aliud
3077 821 3350 888 sequenti;
3375 831 3432 877 et

1841 889 1888 944 si
1922 892 2202 965 contingat
2229 897 2667 956 anniversarium
2702 903 2788 959 die
2815 904 2929 972 illa,
2965 922 3073 962 non
3101 908 3432 980 impediatur

1844 983 2224 1046 translatione.

1909 1076 2000 1131 55.
2039 1065 2240 1136 Omnes
2262 1082 2355 1152 qui
2381 1083 2950 1145 minitanturmortem
2982 1091 3065 1147 vel
3103 1093 3313 1163 ignem,
3342 1096 3429 1151 vel

1841 1163 2042 1234 aliquid
2073 1167 2288 1235 simile,
2319 1172 2627 1246 cuicunque
2661 1190 2910 1246 persona:
2951 1181 3192 1249 ordinis,
3221 1184 3430 1255 possint

1840 1258 2344 1330 incarcerarijuxta
2375 1266 2662 1322 arbitrium
2692 1283 2936 1328 suorum.

1905 1348 1994 1404 56.
2035 1349 2198 1406 Missa
2225 1352 2291 1408 de
2320 1352 2591 1412 Cathcdra
2619 1358 2676 1414 S.
2713 1359 2862 1418 Petri
2893 1361 2945 1417 in
2973 1361 3063 1420 die
3083 1363 3340 1423 Ciuerum
3368 1379 3428 1424 et

1838 1450 1962 1512 post
2009 1443 2224 1501 dicetur
2267 1446 2340 1502 ab
2386 1447 2845 1519 hebdomadario,
2903 1457 3005 1513 nisi
3057 1459 3325 1514 acciderit
3375 1461 3426 1516 in

1839 1535 2104 1604 Sabbato,
2142 1539 2230 1595 vel
2254 1540 2558 1608 Dominica,
2585 1559 2686 1598 nec
2707 1544 2919 1602 dicetur
2943 1556 3149 1606 tractus
3177 1551 3232 1606 in
3265 1567 3350 1608 ea.

1905 1629 1997 1686 57.
2031 1629 2088 1685 Si
2111 1630 2310 1701 aliquis
2335 1632 2484 1702 prior
2502 1633 2769 1704 prioratui
2793 1638 2998 1695 cedens
3017 1657 3125 1696 non
3155 1643 3424 1698 invenerit

1838 1714 2014 1772 locum
2039 1707 2322 1773 vac'antem
2351 1719 2403 1774 in
2434 1719 2596 1776 domo
2637 1736 2735 1776 sua
2757 1764 2772 1791 ,
2808 1723 2956 1794 prior
2982 1727 3154 1796 possit
3177 1743 3302 1783 eum
3330 1743 3422 1799 po-

217 1827 300 1882 w.
341 1826 434 1896 ca.
459 1826 651 1883 nulum
699 1829 973 1899 primum
1020 1831 1306 1902 compellat
1339 1845 1467 1888 cum
1511 1841 1734 1902 propter
1765 1797 1809 1852 Β
1837 1822 1966 1864 uere
1987 1807 2042 1863 in
2073 1809 2319 1902 hospitio,
2336 1811 2424 1902 vel
2452 1813 2506 1867 in
2535 1813 2705 1880 cella,
2749 1824 2805 1870 et
2845 1816 3012 1872 alium
3043 1816 3111 1874 de
3143 1797 3426 1877 monachis

149 1935 301 1990 quem
319 1919 605 1974 vocabitur
617 1919 683 1975 ad
702 1919 985 1976 solvendas
1005 1935 1271 1990 expensas
1291 1937 1411 1992 qua:
1435 1921 1562 1978 ﬁent
1576 1923 1626 1977 in
1643 1937 1730 1978 eo.

212 2010 296 2065 17.
338 2009 442 2064 Pro
486 2011 768 2080 sepultura
813 2011 1151 2067 redditorum
1183 2011 1447 2069 laicorum
1481 2028 1592 2070 non
1639 2030 1736 2070 co-

149 2101 372 2156 meditur
397 2101 450 2156 in
479 2102 794 2169 refectorio,
825 2115 930 2159 nec
958 2102 1216 2173 vigilatur
1237 2119 1267 2158 a
1293 2105 1598 2174 monachis,
1627 2107 1730 2162 nisi

147 2207 237 2247 eos
259 2191 410 2247 obire
431 2192 724 2265 contigerit
752 2193 804 2248 in
830 2195 991 2250 domo
1019 2196 1312 2266 superiori.

213 2283 299 2341 l8.
341 2283 499 2339 Prior
526 2299 636 2340 non
667 2293 846 2341 cesset
873 2285 942 2341 ab
970 2285 1148 2343 cilicio
1175 2287 1230 2343 in
1274 2288 1417 2343 festo
1447 2289 1730 2359 Reliquia-

148 2391 262 2430 rum
287 2375 527 2433 ecclesia:
549 2376 823 2434 inferioris
845 2390 1070 2450 propter
1086 2380 1441 2451 fragilitatem
1465 2381 1566 2454 (2),
1591 2382 1732 2437 sicut

148 2480 242 2520 nec
270 2466 321 2520 in
351 2465 490 2523 festo
517 2467 877 2523 dedicationis
903 2469 1169 2540 ejusdem.

215 2557 298 2614 19.
338 2558 396 2613 lu
449 2559 608 2615 festis
655 2557 1056 2618 Purilicationis
1083 2572 1136 2617 et
1181 2563 1622 2620 Annuntiationis
1652 2566 1734 2621 di-

148 2655 296 2701 catur
313 2646 500 2703 Gloria
528 2649 584 2704 in
613 2649 861 2720 excelsis,
889 2656 1325 2724 quandocunque
1351 2655 1694 2727 contingant.

209 2740 298 2794 20.
341 2739 474 2796 Siue
505 2741 733 2798 consilio
761 2729 1157 2813 procuratoris,
1187 2746 1375 2802 vicarii
1404 2757 1462 2802 et
1488 2749 1732 2803 sacristae

145 2831 290 2901 prior
315 2845 420 2886 non
460 2835 638 2903 possit
673 2843 861 2892 mutuo
891 2835 1020 2892 dare
1049 2835 1190 2892 ultra
1227 2837 1414 2893 decem
1454 2838 1626 2894 libras
1657 2839 1730 2894 si-

148 2921 250 2974 tuul
278 2921 358 2976 vel
386 2937 489 2991 per
514 2933 716 2992 partes.

210 3011 293 3065 21.
343 3010 634 3070 Orationes
695 3013 748 3070 lu
801 3015 983 3072 missis
1027 3019 1394 3088 septenarium
1442 3035 1726 3077 numerum

1837 1913 2116 1956 removere
2138 1899 2204 1956 de
2245 1901 2380 1958 cella
2423 1912 2480 1958 et
2510 1904 2561 1959 in
2593 1904 2826 1976 hospitio
2856 1922 3091 1979 ponere,
3139 1926 3260 1966 cum
3289 1929 3426 1986 pace

1835 1998 1892 2045 et
1919 2005 2042 2046 cum
2069 1990 2211 2046 bona
2245 1991 2524 2050 voluntate
2548 1995 2826 2051 monachi.
3409 2057 3413 2060 .

1905 2080 1996 2137 58.
2038 2081 2269 2150 Quando
2325 2085 2682 2144 Annuutiatio
2737 2089 3013 2147 Dominica
3063 2093 3423 2152 celebrabitur

1835 2180 1957 2242 post
1997 2173 2242 2241 Pascha,
2284 2177 2500 2233 dicatur
2545 2181 2956 2250 reéponsorium
2991 2182 3164 2256 Prope
3199 2198 3277 2242 est
3315 2188 3400 2244 Do

1835 2266 2027 2332 minus,
2055 2266 2294 2324 alleluia.
2321 2268 2563 2326 Surrexit
2601 2272 2882 2328 Dominus.

1904 2357 1996 2413 59.
2036 2358 2236 2416 Novitii
2261 2363 2623 2420 excludantur
2651 2381 2681 2421 a
2707 2359 2981 2438 capitulo,
3013 2371 3058 2426 si
3084 2373 3254 2441 priori
3275 2374 3402 2432 vide

1833 2451 2001 2505 bitur.

1904 2537 1994 2594 40.
2035 2538 2294 2596 Conversi
2331 2557 2393 2598 se
2425 2555 2624 2602 vocent
2653 2547 2883 2616 fratres,
2932 2553 3024 2622 qui
3055 2563 3247 2612 contra
3283 2556 3417 2615 fece-

1835 2627 1926 2693 rit,
1958 2629 2173 2685 veniam
2203 2632 2462 2703 accipiat.

1905 2721 1995 2778 il.
2045 2721 2491 2797 Quotiescunque
2550 2728 2751 2786 dicitur
2807 2732 2878 2789 In
2935 2736 3135 2792 unitate
3189 2737 3419 2810 Spiritus

1831 2815 1997 2868 sancti
2045 2813 2186 2870 Deus
2227 2817 2280 2872 in
2311 2819 2492 2888 aliqua
2535 2822 2812 2887 oratione,
2853 2830 3072 2896 quando
3101 2842 3288 2900 postea
3339 2835 3415 2891 di-

1831 2903 2059 2960 cendum
2077 2917 2162 2961 est
2185 2905 2328 2964 Deus
2363 2909 2418 2963 in
2443 2910 2794 2981 adjutorium,
2823 2915 2892 2970 ad
2919 2919 3217 2978 misericors
3240 2922 3397 2980 Domi

1820 3011 1930 3050 .nus
1956 2997 2257 3068 erigamur,
2289 3014 2415 3055 cum
2447 2999 2515 3056 In
2547 3003 2749 3058 unitate
2768 3045 2783 3071 ,
2810 3014 2916 3062 etc.

145 3117 245 3158 non
271 3104 559 3169 excedant,
590 3105 690 3162 nisi
719 3109 1019 3164 necessitas
1042 3087 1357 3165 orationum
1383 3111 1685 3169 incumbat.

1897 3087 1989 3144 42.
2032 3088 2307 3145 Statutum
2355 3100 2440 3148 est
2483 3095 2627 3163 quod
2681 3095 2861 3153 nullus
2920 3100 3156 3170 appellet
3205 3103 3308 3160 nisi
3353 3107 3418 3160 ad

205 3191 294 3247 22.
337 3193 622 3249 Dedicatio
665 3209 772 3251 non
823 3206 1066 3252 mutetur
1113 3199 1216 3253 nisi
1257 3210 1483 3270 propter
1523 3201 1725 3258 festum

143 3283 477 3339 candelarum
507 3326 522 3351 ,
552 3295 611 3341 et
633 3294 762 3342 tunc
784 3301 908 3343 cum
941 3297 1050 3343 tota
1077 3287 1424 3345 solemnitate
1453 3305 1552 3346 sua
1583 3293 1726 3348 cele-

142 3375 339 3442 bretur,
366 3384 422 3431 et
449 3378 761 3432 comeditur
799 3379 854 3433 in
887 3379 1178 3435 refectorio
1208 3396 1224 3436 :
1273 3390 1455 3438 tamen
1486 3393 1720 3452 possunt

144 3467 380 3522 conversi
415 3477 471 3524 et
508 3467 712 3524 familia
743 3470 1012 3528 laborare.

205 3557 298 3617 25.
331 3560 571 3628 Quando
607 3563 787 3632 vigilia
821 3563 1088 3637 contingit
1136 3565 1224 3621 die
1268 3566 1584 3635 Dominico,
1631 3567 1728 3623 liat

134 3631 384 3718 lejunium
405 3662 469 3710 et
507 3631 950 3711 commemoratio
979 3631 1068 3711 die
1092 3655 1337 3712 Sabbati.

203 3741 288 3796 24.
327 3741 588 3800 lntlrmus
619 3745 670 3799 in
710 3744 940 3801 ecclesia
966 3746 1156 3802 sedeat
1189 3747 1243 3802 in
1297 3747 1418 3804 loco
1457 3763 1591 3815 suo,
1638 3748 1722 3805 vel

137 3841 235 3887 stet
261 3833 303 3888 si
337 3835 627 3905 placuerit,
660 3850 759 3892 nec
784 3843 1028 3891 transeat
1055 3836 1122 3891 ad
1158 3836 1333 3892 locum
1378 3838 1718 3896 inferiorem.

200 3924 286 3978 25.
328 3924 668 3982 Comedatur
695 3927 749 3982 in
780 3925 1073 3983 refectorio
1111 3927 1166 3982 in
1203 3927 1478 3999 sepultura
1527 3930 1721 4000 praela-

139 4023 326 4072 torum.

198 4106 286 4162 26.
325 4108 430 4166 Pro
473 4110 779 4167 tricenario
823 4113 940 4167 sive
980 4113 1255 4183 psalteriis
1302 4114 1486 4170 dicant
1533 4116 1717 4173 clerici

134 4198 213 4251 vel
257 4200 513 4256 monachi
560 4216 667 4256 non
711 4203 1025 4260 sacerdotes
1066 4221 1099 4259 ι.
1147 4203 1384 4274 psalmos
1425 4215 1482 4262 et
1520 4207 1645 4263 laici
1687 4225 1718 4264 ι.

135 4288 289 4348 Pater
305 4305 508 4350 noster.

195 4384 283 4440 27.
323 4387 577 4445 Clericus
601 4390 843 4446 redditus
871 4394 1088 4461 quando
1109 4393 1170 4447 lit
1191 4395 1514 4462 monachus,
1537 4396 1592 4451 in
1614 4411 1716 4453 suo

132 4475 309 4532 habitu
339 4496 463 4536 cum
497 4495 667 4553 cappa
691 4484 969 4552 probetur.

195 4566 282 4623 28.
324 4569 468 4624 Infra
509 4579 756 4626 octavam
784 4571 1187 4642 Apparitionis,
1233 4575 1616 4641 Ascettsionis,
1657 4587 1714 4633 et

131 4655 527 4730 Assumptiouis
553 4676 614 4717 ac
639 4661 948 4719 Nativitatis
979 4663 1042 4717 Β.
1073 4663 1256 4720 Maria:
1281 4666 1497 4720 dicatur
1525 4666 1712 4723 ferialc

135 4746 289 4818 It’yrie
314 4752 525 4822 eleyson
550 4754 669 4810 sine
689 4753 876 4810 Gloria
907 4757 962 4811 in
990 4756 1231 4823 excelsis,
1259 4759 1360 4814 nisi
1391 4759 1442 4814 in
1476 4759 1711 4816 Sabbato

133 4851 219 4895 aut
249 4842 387 4898 festo
420 4861 499 4900 xu
526 4845 865 4902 Lectionum.

195 4932 283 4988 29.
327 4934 488 4990 Prior
515 4937 677 4993 debet
702 4937 884 4994 dicere
908 4939 1142 5010 primam
1175 4942 1395 4997 missam
1430 4944 1707 5000 tricenarii

130 5020 430 5090 cujuslibet,
464 5025 508 5080 si
539 5026 608 5081 sit
632 5037 879 5097 paratus,
901 5029 1112 5085 etiamsi
1139 5031 1211 5084 sit
1238 5031 1705 5090 hebdomadarius.

198 5114 288 5169 50.
326 5116 384 5170 In
437 5118 576 5174 festo
607 5119 958 5189 reliquiarum
989 5130 1047 5178 et
1086 5123 1446 5181 dedicationis
1479 5126 1706 5183 inferius

130 5217 230 5258 non
256 5205 541 5279 frangatur
562 5208 847 5280 jejunium.
876 5213 1030 5279 item,
1055 5225 1277 5287 pmpter
1304 5218 1545 5289 hospites
1561 5220 1706 5291 jeju-

127 5296 268 5350 nium
297 5315 402 5354 non
433 5299 734 5374 frangatur.

193 5387 279 5444 5t.
315 5389 424 5445 Pro
452 5394 861 5466 archiepiscopo
894 5395 978 5452 vel
1005 5398 1260 5470 episcopo
1287 5400 1502 5458 dicatur
1528 5403 1703 5459 oratio

127 5476 207 5533 Da
233 5482 400 5550 nobis,
423 5483 663 5556 Domine,
691 5487 998 5558 utanimam
1026 5489 1217 5558 {amuli
1243 5493 1322 5548 tui
1345 5493 1630 5549 sacerdotis
1651 5505 1702 5548 et

117 5573 376 5642 pontiﬁcis
388 5616 405 5644 ,
427 5585 535 5634 etc.

1829 3180 2128 3250 capitulum
2175 3183 2459 3254 generale,
2495 3195 2548 3240 et
2585 3187 2867 3257 appellans
2904 3191 3053 3261 juste
3096 3209 3203 3248 non
3251 3198 3416 3264 possit

1831 3272 2323 3340 excommunicari,
2361 3285 2415 3330 et
2449 3275 2552 3331 lata
2589 3282 3178 3340 excommunicatiouis
3203 3297 3396 3344 senten

1833 3363 1905 3417 tia
1937 3375 2126 3419 contra
2149 3365 2298 3436 juste
2329 3367 2690 3437 appellantem
2719 3387 2829 3428 non
2856 3380 3078 3442 teneat;
3128 3377 3292 3434 aliter
3317 3395 3390 3451 ap

1831 3455 2038 3526 pellans
2065 3456 2394 3514 incarcerari
2425 3462 2614 3530 possit.

1891 3548 1986 3602 i5.
2025 3549 2251 3606 Noviter
2294 3552 2636 3612 celebrantes
2673 3571 2782 3613 non
2821 3558 3154 3617 descendant
3184 3577 3214 3618 a
3246 3565 3414 3635 gradu

1825 3641 2018 3698 altaris
2036 3659 2138 3714 pro
2162 3643 2530 3704 oblationibus
2556 3649 2904 3720 recipiendis.

1897 3732 1990 3788 44.
2041 3734 2336 3792 Convictus
2402 3737 2487 3793 vel
2537 3740 2827 3798 confessus
2887 3743 2961 3799 de
3017 3745 3412 3804 inconttnentia

1827 3827 2224 3898 qualicunque,
2264 3829 2310 3884 si
2359 3832 2636 3904 contingat
2665 3832 2818 3890 illum
2846 3838 3222 3906 reconciliari,
3267 3843 3412 3900 nullo

1827 3933 2072 3987 tempore
2095 3924 2268 3992 possit
2289 3921 2417 3996 eligi
2448 3923 2502 3980 in
2527 3925 2788 3996 priorem.

1885 4012 1974 4068 45.
2017 4013 2214 4070 Clerici
2247 4017 2443 4072 redditi
2471 4019 2744 4089 gaudeant
2768 4021 2958 4076 eodem
2989 4022 3274 4094 privilegio
3304 4041 3413 4094 quo

1825 4107 2074 4162 conversi
2103 4107 2159 4163 in
2185 4107 2534 4177 victualibus,
2557 4121 2612 4168 et
2646 4114 2981 4171 comedenda
3011 4117 3066 4190 in
3096 4115 3410 4186 refectorio,

1819 4205 1876 4252 et
1904 4198 2172 4256 veniendo
2202 4200 2270 4255 ad
2295 4202 2631 4258 mandatum.

1819 4324 1822 4326 η
1889 4289 1982 4346 46.
2022 4290 2244 4348 Festum
2271 4295 2329 4349 Β.
2361 4295 2599 4368 Dionysii
2617 4298 2682 4352 .in
2707 4298 2964 4355 domibus
2993 4301 3203 4358 ordinis
3227 4306 3406 4360 nostri

1823 4383 1879 4438 in
1909 4397 2076 4455 regno
2103 4384 2350 4442 Francia:
2375 4391 2552 4456 possit
2575 4405 2699 4444 cum
2725 4392 2968 4461 capitulo
2993 4393 3283 4450 celebrari.

1745 4505 1797 4565 υ
1889 4477 1981 4531 47.
2033 4476 2162 4533 Hec
2206 4479 2378 4534 dictio
2428 4479 2657 4547 Litium,
2707 4483 2760 4537 in
2807 4483 3003 4553 plurali
3055 4486 3406 4545 uni‘formiter

1819 4570 2212 4638 pronuntietur
2235 4585 2332 4640 per
2356 4582 2394 4624 ι.

1855 4645 1974 4716 48.
2011 4661 2240 4730 Quando
2266 4662 2374 4719 duo
2395 4663 2533 4719 festa
2555 4665 2906 4722 candelarmu
2939 4669 3252 4727 immediate
3277 4688 3405 4729 suc-

1809 4753 2016 4808 cedunt
2037 4793 2053 4816 ,
2087 4769 2327 4824 vespera:
2353 4756 2737 4828 subsequentis
2774 4759 2895 4814 festi
2927 4777 2956 4813 a
2983 4764 3225 4832 capitulo
3262 4765 3402 4820 inci-

1813 4846 1994 4917 piant,
2024 4848 2266 4918 exceptis
2295 4848 2403 4904 illis
2427 4849 2496 4905 de
2540 4849 2740 4921 quibus
2777 4866 3038 4924 expresse
3066 4858 3400 4916 contrarium

1809 4945 2075 4993 statutum
2106 4947 2208 4994 est.

1881 5027 1974 5084 l9.
2017 5027 2323 5085 Declaratio
2363 5031 2504 5101 quod
2552 5048 2581 5088 a
2624 5033 2711 5089 die
2759 5034 2980 5093 Pascha:
3017 5037 3072 5094 in
3116 5039 3292 5095 cilicio
3335 5043 3396 5099 ll.

1809 5121 1992 5177 Mariae
2037 5122 2232 5192 duplex
2263 5123 2491 5179 Alleluia
2531 5127 2766 5192 dicatur,
2811 5133 3165 5201 approbatur,
3201 5136 3303 5213 nisi
3347 5138 3399 5191 in

1809 5213 1951 5270 festo
1985 5215 2431 5275 Annuntiat-ionis
2462 5221 2684 5289 quando
2717 5222 2775 5276 lit
2802 5235 2923 5292 post
2949 5229 3169 5295 pascha,
3209 5231 3260 5295 iu
3291 5245 3400 5299 quo

1808 5305 2013 5360 dicitur
2037 5309 2442 5377 responset-ium
2472 5309 2644 5382 Prope
2662 5323 2738 5368 est
2761 5315 3043 5372 Dominus.

1882 5398 1972 5453 50.
2013 5398 2285 5455 Statutum
2333 5402 2401 5458 de
2448 5401 2718 5460 faciendis
2763 5407 3078 5462 carceribus
3127 5409 3398 5478 approba-

1814 5501 1920 5558 tur,
1948 5491 2146 5564 quibus
2173 5493 2518 5552 iucludantur
2556 5495 2798 5568 lalsarii,
2841 5501 3186 5567 incendiarii,
3216 5501 3396 5558 homi-

1729 5634 1733 5640 .
1808 5584 1964 5653 cidae,
1991 5582 2077 5639 vel
2101 5584 2372 5643 minantes
2399 5598 2648 5656 mortem,
2688 5590 2773 5646 vel
2799 5591 3007 5663 ignem,
3047 5602 3102 5650 et
3127 5603 3394 5666 vagantes

180 5703 254 5772 (2)
287 5704 346 5763 ld
371 5716 452 5764 est
508 5711 806 5771 illusionem
834 5722 1182 5783 nocturnam,
1227 5735 1323 5790 pro
1351 5737 1454 5794 qua
1481 5735 1688 5780 veteres
1708 5721 1957 5778 monachi
1987 5721 2228 5783 solebant
2259 5740 2288 5781 a
2318 5726 2678 5784 celebratione
2704 5725 2992 5786 abstinere.
