3962 6416
639 374 777 434 ΗΠ

1705 355 1980 413 οιωιΝιε.
2018 343 2484 410 αΑιιτιιυδιΑΝι
2513 339 2811 400 STATUA.

2282 343 2484 405 JSIANI
2513 339 2811 400 STATUA.
3281 300 3288 308 ’
3660 354 3746 414 ills

650 509 749 566 per
781 485 1042 544 mundum
1063 521 1078 548 ,
1118 487 1175 535 et
1203 473 1384 533 caeteri
1414 473 1481 530 de
1511 471 1708 542 quibus
1751 469 2010 540 scriptum
2051 475 2136 523 est
2182 472 2238 521 et
2264 465 2312 526 Α
2341 466 2656 529 sequentem
2698 467 2974 519 rasuram,
3012 460 3204 524 praeter
3239 453 3540 514 abstinentias
3561 459 3613 515 ab
3630 468 3746 524 ordine

641 589 976 725 Slagllfnll’tst
1006 654 1519 732 quinquagesimum
1564 662 1736 718 usque
1766 647 1836 701 ad
1885 644 2093 701 Pascha
2139 658 2240 714 pro

642 759 790 816 nullo
817 755 956 810 festo
978 750 1247 820 frangitur
1263 744 1547 814 jejunium.

713 848 805 905 52.
846 847 1118 900 Statutum
1170 845 1260 892 est
1306 833 1450 905 quod
1500 831 1713 902 priores
1762 845 1869 884 non
1917 826 2242 898 permittant

644 938 942 995 monachos
969 933 1051 988 vel
1096 942 1391 986 conversos
1421 941 1516 980 seu
1565 923 1808 978 redditos
1841 919 2116 991 professos
2147 917 2242 973 ali-

647 1048 753 1101 qua
782 1046 846 1084 ex
885 1040 1050 1084 causa
1093 1035 1314 1078 servare
1355 1017 1608 1073 denarios
1631 1057 1645 1080 ,
1698 1015 1812 1070 suis
1845 1014 1928 1068 vel
1959 1010 2241 1068 extraneis

645 1122 832 1177 usibus
854 1115 1226 1188 appropriatos
1253 1111 1336 1165 vel
1364 1108 1742 1180 propriandos.
2001 1104 2004 1106 ⁷

717 1211 808 1267 53.
859 1208 1134 1264 Statutum
1188 1211 1270 1259 est
1314 1202 1456 1272 quod
1513 1200 1604 1270 qui
1665 1198 1856 1254 leviter
1911 1196 2240 1268 protulerint

651 1301 814 1355 Prius
852 1299 1166 1353 dimitterem
1198 1293 1456 1356 ordinem,
1490 1291 1606 1346 sive
1634 1286 2031 1357 mquipollentia
2054 1287 2242 1351 verba,

646 1411 804 1466 quam
843 1393 1068 1462 {acerem
1094 1388 1178 1442 vel
1205 1386 1529 1440 obmiuerem
1559 1383 1656 1436 hoc
1684 1380 1761 1434 vel
1792 1379 1958 1444 illud;
2005 1380 2052 1435 si
2087 1380 2244 1448 prior

651 1484 840 1548 fuerit,
879 1480 952 1536 sit
994 1487 1146 1534 extra
1174 1479 1356 1531 sedem
1387 1488 1542 1528 suam
1573 1472 1627 1526 in
1665 1470 1901 1525 ecclesia
1935 1483 2031 1538 per
2072 1484 2239 1522 unum

648 1575 827 1638 diem;
871 1573 917 1628 si
945 1572 1242 1641 subjectus,
1287 1566 1519 1636 recipiat
1542 1565 1598 1618 in
1629 1562 1866 1634 capitulo
1897 1561 2240 1631 disciplinam

651 1681 753 1737 pro
773 1665 1018 1734 qualibet
1045 1661 1190 1715 vice.

729 1757 819 1813 54.
862 1757 940 1812 Ex
996 1761 1266 1824 praecepto
1309 1759 1363 1806 et
1415 1750 1634 1804 decreto
1680 1746 1887 1802 ordinis
1949 1754 2241 1802 teneantur

2343 550 2688 605 constitutas.

2411 641 2500 696 6'5.
2541 639 2792 694 Instituta
2825 636 2967 694 facta
3014 637 3080 691 de
3125 651 3332 692 numero
3373 651 3669 698 conversurum
3699 663 3748 702 re-

2343 731 2504 786 dacto
2528 729 2593 784 ad
2623 743 2720 783 xm
2744 726 3116 791 conﬁrmatur,
3139 725 3238 781 hoc
3259 725 3420 781 addito
3441 729 3555 796 quod
3575 731 3612 784 in
3631 748 3746 803 magna

2345 822 2673 878 necessitate
2703 820 2853 893 prior.
2878 817 3172 874 Carthusia:
3207 830 3356 886 super
3377 831 3538 872 annum
3567 822 3628 877 vel
3657 829 3748 894 capi.

2345 914 2513 969 tulum
2558 911 2810 984 generale
2856 925 2978 967 cum
3023 909 3178 965 domo
3201 909 3450 980 ,indigente
3477 928 3605 984 usque
3634 918 3679 971 ad
3697 935 3746 974 ru

2342 1004 2542 1075 poterit
2569 1002 2904 1074 dispensare.
3143 1055 3145 1058 .

2415 1096 2505 1151 64.
2546 1095 2867 1164 Quicunque
2923 1090 3218 1148 celaverint
3267 1090 3578 1148 visitatoribus
3610 1110 3653 1150 ea
3682 1110 3752 1165 qua

2345 1189 2544 1246 debent
2571 1186 2798 1244 revelari
2824 1186 2928 1251 eis,
2967 1199 3075 1240 non
3100 1184 3299 1254 possint
3321 1199 3346 1238 a
3366 1185 3584 1254 prioribus
3603 1188 3680 1242 suis
3699 1190 3752 1242 ab

2343 1281 2514 1347 solvi,
2549 1279 2655 1336 nisi
2689 1276 2930 1348 iniuncta
2961 1276 3042 1331 eis
3084 1273 3379 1344 poenitentia
3401 1283 3565 1344 septem
3581 1277 3753 1330 abstinen-

2345 1373 2543 1427 tiarum
2574 1369 2956 1426 continuarum
2979 1404 2996 1432 ,
3031 1365 3220 1422 diebus
3246 1365 3540 1420 abstinentia:
3558 1366 3750 1435 deputans,

2343 1461 2485 1515 ultra
2533 1458 2893 1516 abstinentias
2925 1457 3171 1522 debitas,
3220 1469 3372 1527 quam
3407 1469 3575 1526 ptenam
3602 1466 3754 1513 cauteet

2343 1553 2627 1623 diligenter
2651 1551 2856 1607 faciant
2877 1547 3179 1606 observari.

2413 1645 2504 1700 65.
2547 1644 2826 1700 Statutum
2883 1640 3029 1711 quod
3076 1639 3277 1710 priores
3317 1653 3400 1709 qui
3446 1639 3598 1708 reperti
3635 1639 3753 1694 iuerint

2343 1736 2643 1809 culpabiles
2671 1733 3000 1805 negligentia
3031 1729 3116 1785 vel
3141 1729 3245 1784 alio
3272 1728 3416 1786 modo
3446 1729 3502 1785 de
3523 1730 3752 1786 evasimein-

652 1851 867 1922 priores
914 1820 1252 1914 recipereiet
1296 1841 1490 1896 all‘erre
1523 1850 1766 1910 tempore
1793 1837 2118 1909 competenti
2149 1852 2240 1892 ca-
2274 1825 2319 1884 B
2347 1835 2773 1892 carceratorum,
2828 1825 2883 1880 in
2929 1823 3250 1895 quibusdam
3295 1820 3588 1878 confirmatur
3614 1820 3748 1875 chartis.

654 1942 826 2014 pitulo
853 1939 1088 2012 generali
1117 1936 1202 1991 vel
1243 1935 1406 2006 priori
1454 1933 1756 1988 Carthusiae
1799 1930 2242 1986 denuntiationes

654 2041 1020 2090 conventuum
1052 2028 1350 2086 secundum
1377 2026 1585 2082 ordinis
1611 2024 1880 2089 instituta,
1918 2022 2156 2093 alioquin
2185 2036 2244 2078 se

657 2125 912 2182 noverint
937 2122 1259 2193 puniendos.
1323 2139 1330 2148 ο
2025 2137 2027 2139 -

727 2215 817 2270 55.
858 2198 1140 2270 Sententia
1184 2205 1766 2264 excommunicationis
1815 2219 1935 2276 qua:
1973 2203 2147 2260 fertur
2187 2205 2244 2260 in

659 2308 846 2364 liamis
891 2307 1192 2376 palmarum
1225 2318 1252 2356 a
1284 2301 1498 2372 priore,
1547 2299 1904 2370 praesentibus
1932 2297 2242 2364 monachis,

661 2398 941 2454 conversis
973 2405 1032 2450 et
1058 2394 1316 2457 redditis,
1359 2393 1410 2447 in
1438 2391 1658 2461 scriptis
1683 2390 2011 2459 proferatur.

732 2487 823 2544 56.
863 2486 918 2541 In
949 2484 1127 2540 missis
1153 2483 1220 2537 ad
1251 2481 1436 2536 Gloria
1467 2482 1523 2536 in
1549 2479 1767 2535 excelsis
1802 2487 1857 2534 et
1882 2478 1949 2532 ad
1978 2476 2146 2533 Credo
2177 2477 2244 2532 ad

661 2593 860 2636 nomen
890 2575 1017 2631 Jesn
1047 2575 1258 2630 modice
1287 2572 1598 2628 inclinetur.

732 2673 824 2729 57.
864 2670 1179 2726 Pelliciosos
1223 2666 1473 2737 vulpiuos
1513 2675 1570 2720 et
1597 2664 1665 2720 de
1707 2662 1950 2720 bestiolis
1981 2661 2247 2718 silvestri-

660 2766 786 2830 bus,
821 2771 878 2821 et
901 2762 1272 2820 calceamenta
1304 2759 1517 2814 curiosa
1549 2766 1605 2813 et
1637 2755 1832 2826 plicata
1855 2756 2210 2827 reprobamus
2229 2794 2244 2822 ,

660 2863 718 2913 et
744 2857 812 2913 de
838 2865 1040 2910 caetero
1065 2867 1172 2908 non
1205 2851 1526 2907 habeantur.

732 2945 824 3002 58.
864 2944 922 3000 in
948 2942 1098 2999 omni
1122 2941 1288 2997 missa
1313 2955 1434 3010 quae
1457 2938 1524 2994 de
1547 2939 1684 2994 vivis
1710 2937 1946 2994 volvitur
1969 2936 2248 2994 celebran—

663 3037 752 3100 da,
784 3047 882 3106 per
903 3031 1142 3104 singulos
1173 3029 1372 3086 dicitur
1397 3028 1740 3099 Omnipotens
1768 3029 1860 3099 qui
1884 3029 2147 3082 vivorum.

735 3125 827 3182 59.
867 3124 1086 3180 Priores
1111 3130 1340 3194 possunt
1376 3123 1506 3176 dare
1535 3129 1858 3192 potestatem
1897 3120 2120 3176 vicariis
2148 3120 2246 3177 ab-

663 3215 908 3274 solvendi
955 3213 1009 3268 in
1052 3211 1296 3268 absentia
1340 3226 1440 3266 sua
1484 3211 1550 3266 de
1587 3211 1827 3282 quolibet
1871 3221 2142 3283 peccato:
2175 3212 2250 3267 ita

664 3316 848 3362 tamen
890 3301 1032 3373 quod
1077 3302 1144 3357 de
1190 3300 1406 3356 mortali
1442 3310 1622 3367 certo,
1669 3301 1812 3373 quod
1854 3301 2029 3368 absit,
2081 3303 2252 3374 priori

665 3404 920 3453 teneatur
947 3393 1141 3449 iterum
1173 3391 1442 3449 confiteri.

737 3484 828 3540 60.
867 3483 1087 3539 Festum
1115 3481 1177 3536 Β.
1209 3481 1540 3554 Magdalente
1570 3498 1693 3539 cum
1724 3483 1968 3541 candelis
1999 3485 2253 3542 solemni-

664 3586 752 3634 ter
775 3575 1104 3640 celebretur,
1149 3587 1254 3628 non
1286 3581 1468 3628 tamen
1496 3573 1708 3629 dicatur
1733 3574 1902 3630 Credo
1922 3616 1937 3639 ,
1979 3591 2079 3632 nec
2104 3591 2255 3633 com-

663 3674 908 3730 municet
933 3672 1216 3728 diaconus.
1255 3669 1312 3724 ln
1340 3667 1460 3739 ipso
1498 3664 1637 3722 festo
1672 3667 1894 3739 propria
1920 3669 2096 3725 oratio
2125 3668 2258 3724 Lar-

663 3766 797 3837 gire,
828 3765 896 3820 ad
921 3773 1132 3821 sextam
1162 3777 1294 3819 vero
1322 3761 1461 3816 Deus
1486 3759 1577 3830 qui
1601 3775 1693 3815 nos
1722 3775 1925 3826 annua,
1956 3760 2024 3816 ad
2053 3777 2252 3818 nonam

667 3855 905 3912 Exaudi.
1631 3891 1633 3894 -

740 3950 829 4004 61.
868 3948 1157 4020 Simplices
1183 3947 1436 4004 monachi
1478 3945 1563 4004 vel
1594 3944 1778 4002 clerici
1809 3945 1894 4002 vel
1933 3946 2130 4003 redditi
2159 3961 2257 4002 no-

666 4039 768 4096 stri
791 4039 1072 4095 venientes
1092 4039 1159 4093 ad
1184 4038 1505 4109 capitulum,
1536 4043 1732 4092 exeant
1753 4038 1820 4092 de
1841 4035 2080 4106 capitulo
2100 4035 2256 4092 obla-

669 4128 740 4183 tis
776 4126 1159 4196 petitionibus;
1195 4141 1297 4181 nec
1339 4126 1598 4191 redeant,
1648 4125 1754 4182 nisi
1790 4126 1968 4181 vocati
2017 4127 2258 4197 quandiu

669 4216 902 4273 habetur
931 4217 1004 4272 ibi
1037 4224 1321 4271 tractatus.
1353 4217 1684 4272 Conceditur
1719 4217 1868 4272 omni
1915 4217 2084 4286 priori
2121 4217 2260 4273 Car-

670 4304 868 4361 thasiae
895 4305 987 4376 qui
1024 4319 1125 4374 pro
1167 4313 1410 4376 tempore
1440 4304 1637 4371 fuerit,
1671 4314 1731 4359 ut
1757 4305 1986 4375 quilibet
2018 4316 2261 4376 tempore

673 4415 775 4454 suo
810 4406 919 4454 tres
948 4397 1246 4454 monachos
1265 4397 1476 4453 ordinis
1514 4397 1684 4468 possit
1712 4397 1960 4469 accipere
1988 4401 2054 4455 de
2083 4400 2260 4456 domi-

671 4493 778 4550 bus
825 4492 1034 4550 ordinis
1063 4505 1185 4546 cum
1213 4504 1349 4561 pace
1391 4505 1637 4561 persona:
1676 4499 1903 4556 vocatae,
1949 4499 2005 4548 et
2031 4492 2099 4546 ad
2129 4507 2258 4563 pro-

675 4581 963 4638 fessionem
994 4580 1280 4637 admittere
1327 4581 1382 4636 in
1421 4582 1582 4637 domo
1612 4581 1938 4637 Carthusize.
1981 4582 2116 4637 Cum
2163 4585 2259 4638 Iri-

673 4672 953 4729 cenarium
982 4671 1225 4726 occurrit
1255 4671 1410 4728 alteri
1443 4672 1738 4728 tricenario
1774 4672 2076 4729 sacerdotis
2097 4713 2113 4740 ,
2160 4688 2259 4744 pro

674 4763 982 4833 incipiendo
1011 4762 1225 4820 dicatur
1245 4763 1332 4818 Da
1355 4763 1523 4833 nobis,
1555 4773 1611 4820 et
1638 4780 1736 4836 pro
1764 4766 2092 4834 praecedenti
2115 4766 2258 4823 Deus

673 4857 760 4911 cui
799 4856 1068 4926 proprium
1095 4865 1237 4912 est...
1284 4855 1562 4928 famuliet
1589 4857 1880 4913 sacerdotis
1911 4859 2009 4913 tui.
2047 4857 2261 4916 Deinde

677 4945 1019 5002 adducuntur
1066 4947 1120 5002 in
1170 4946 1362 5017 plurali
1411 4962 1670 5016 numero,
1723 4946 1933 5004 scilicet
1975 4947 2058 5002 Da
2089 4949 2261 5017 nobis,

682 5033 904 5102 Domine
921 5076 936 5100 ,
967 5046 1024 5089 ut
1045 5036 1252 5091 animus
1270 5077 1286 5102 ,
1313 5045 1418 5091 etc.

669 5171 675 5178 .
751 5123 842 5178 62.
878 5124 1136 5198 Conversi
1175 5129 1268 5199 qui
1307 5138 1497 5185 contra
1535 5128 1766 5185 formam
1809 5130 2022 5187 ordinis
2057 5130 2262 5187 inventi

679 5215 904 5274 fuerunt
939 5231 1000 5271 se
1025 5233 1149 5273 cum
1179 5221 1442 5276 novacula
1468 5221 1670 5278 rasisse
1703 5236 2009 5292 grennones
2035 5224 2144 5296 ('5),
2179 5239 2266 5280 se-

681 5310 878 5368 cunda.
911 5319 1105 5380 quarta
1129 5320 1184 5365 et
1212 5321 1364 5368 sexta
1393 5314 1530 5369 feria
1553 5328 1584 5369 a
1610 5313 1738 5370 vino
1760 5315 2066 5372 abstineant
2092 5331 2264 5388 usque

682 5399 751 5454 ad
793 5398 951 5454 aliam
1001 5413 1294 5457 rasuram:
1328 5401 1538 5470 priores
1583 5419 1714 5461 vero
1760 5414 1818 5461 et
1851 5415 2263 5476 procuratores,

684 5490 777 5562 qui
811 5491 926 5572 haec
948 5490 1226 5549 observari
1253 5505 1360 5547 non
1392 5491 1643 5560 fecerint,
1669 5505 1952 5567 postquam
1984 5497 2267 5566 sciverint,
2315 5502 2321 5509 '

2345 1919 2475 1974 Post
2503 1919 2608 1974 hoc
2635 1917 2861 1972 verbum
2891 1917 3332 1970 incarceratorum
3354 1910 3754 1984 sequiturzobedieu-

2345 2011 2450 2066 tias
2489 2009 2780 2076 amittant,
2821 2015 2878 2063 et
2911 2006 3097 2063 eidem
3143 2018 3312 2074 ptente
3345 2000 3596 2072 subjaceant
3621 2001 3754 2062 subditi,

2350 2103 2641 2173 locumque
2687 2099 2924 2156 subeant
2986 2096 3296 2162 evadentis,
3360 2094 3553 2165 quandiu
3593 2091 3756 2148 videbitur

2347 2195 2584 2268 capitulo
2617 2191 2880 2263 generali.
2909 2188 3170 2260 Sequenti
3201 2189 3420 2260 capitulo
3440 2187 3614 2242 clament
3630 2184 3754 2254 culpam

2347 2301 2533 2353 suam,
2557 2293 2610 2342 et
2649 2285 2694 2341 si
2726 2281 2938 2352 judicio
2969 2280 3194 2352 capituli
3224 2281 3435 2352 .dignum
3470 2276 3614 2340 fuerit,
3640 2276 3757 2345 gravis

2347 2379 2484 2436 sime
2504 2378 2815 2450 puniantur.
2839 2374 2944 2429 Alii
2967 2389 3100 2430 vero
3122 2372 3213 2444 qui
3233 2372 3477 2429 evasionis
3496 2383 3648 2426 causam
3663 2366 3756 2420 dede-

2350 2469 2489 2533 rint,
2533 2465 2870 2524 obedientias
2895 2465 2962 2520 de
2995 2475 3197 2519 caetero
3229 2477 3329 2517 non
3357 2461 3575 2522 habeant,
3601 2464 3633 2511 et
3651 2455 3756 2511 luam

2349 2559 2580 2616 subeant
2599 2555 2902 2620 evadentis,
2947 2553 3190 2625 quandiu
3211 2551 3453 2624 placuerit
3472 2548 3650 2620 capitulo.
3663 2545 3752 2600 idem

2352 2651 2560 2708 faciant
2589 2658 2645 2707 et
2692 2648 2958 2719 recipiant
2987 2654 3366 2716 procuratores
3405 2657 3554 2699 coram
3581 2634 3758 2693 visitatori-

2348 2744 2452 2802 bus
2477 2744 2563 2800 vel
2590 2757 2686 2815 per
2706 2757 2823 2809 eos,
2853 2741 3186 2812 approbatur
3203 2747 3255 2796 et
3279 2737 3593 2794 confirmatur.

2421 2835 2511 2894 66.
2525 2875 2527 2877 -
2541 2835 2814 2904 Statutum
2837 2831 2980 2904 quod
3003 2833 3216 2903 priores
3235 2843 3437 2887 omnem
3457 2825 3657 2884 subditum
3674 2834 3759 2876 suum

2352 2928 2659 2985 convictum
2705 2927 2792 2983 vel
2839 2926 3154 2983 confessum
3202 2925 3267 2981 de
3301 2935 3574 2995 quocunque
3605 2915 3761 2974 crimine.

2351 3020 2496 3093 quod
2533 3020 2833 3077 secundum
2880 3019 3097 3077 ordinis
3141 3018 3376 3075 instituta
3415 3005 3761 3072 consueveruntde

2354 3115 2547 3170 ordine
2575 3113 2789 3186 penitus
2815 3112 3045 3183 expelli,
3099 3120 3312 3168 teneant
3356 3110 3404 3165 in
3439 3119 3608 3166 carcere
3629 3111 3762 3170 anglis”

2278 3179 2324 3242 θ
2355 3217 2527 3275 usque
2563 3179 2631 3259 ad
2661 3179 2957 3273 capitulum
2985 3201 3270 3274 generale,
3309 3199 3387 3255 vel
3420 3197 3762 3261 visitatoresgere-

2357 3295 2530 3363 rales,
2568 3294 2654 3351 vel
2680 3294 2964 3366 speciales,
3015 3303 3077 3349 ut
3101 3293 3321 3350 materia
3351 3287 3569 3361 evagandi
3591 3285 3638 3340 de
3654 3291 3764 3336 cetera

2355 3395 2685 3457 amputetur,
2732 3387 3070 3458 approbatur
3111 3395 3166 3441 et
3210 3383 3542 3445 confirmatur,
3579 3385 3620 3432 et
3643 3374 3686 3428 ad
3707 3370 3763 3424 hoc

2356 3478 2627 3550 agendum
2659 3477 2860 3532 subditi
2889 3486 3151 3533 tenentur
3177 3475 3404 3534 obedire.

2425 3569 2514 3624 67.
2557 3567 2832 3625 Statutum
2858 3570 3003 3639 quod
3053 3568 3307 3626 monachi
3346 3576 3395 3622 et
3427 3558 3619 3620 conversi
3642 3565 3678 3610 et
3702 3550 3768 3606 red-

2355 3662 2454 3719 diti
2483 3661 2719 3718 convicti
2759 3661 2826 3718 de
2872 3661 3293 3728 incontinentia,
3341 3661 3384 3716 si
3427 3644 3767 3723 contingatslill‘”

2358 3762 2604 3825 tempore
2646 3766 2743 3809 eos
2793 3751 3173 3819 reconciliari,
3223 3751 3364 3807 nullo
3392 3748 3527 3806 modo
3561 3744 3635 3799 hoc
3659 3736 3716 3791 ﬁt!
3740 3731 3768 3783 in

2357 3845 2606 3904 domibus
2649 3844 3075 3918 principalibus,
3124 3845 3206 3902 vel
3238 3845 3288 3901 in
3319 3843 3492 3914 quibus
3515 3825 3769 3918 convictiiue-

2357 3937 2496 4002 rint,
2538 3935 2642 3992 nisi
2654 3916 2734 3991 ad
2777 3944 3102 4006 perpetuum
3134 3949 3400 3994 carcerem
3427 3931 3485 3986 de
3505 3941 3590 3999 quo
3610 3922 3641 3977 si
3658 3916 3768 4006 edite

2357 4039 2578 4096 rentur,
2609 4005 2917 4084 nullornodo
2961 4028 3035 4084 ibi
3083 4035 3417 4090 remaneant,
3456 4023 3535 4080 sed
3571 4014 3659 4073 alibi
3679 4005 3769 4065 collo-

2357 4131 2551 4179 centur
2577 4122 2679 4179 sub
2704 4121 2886 4178 debita
2920 4121 3208 4192 disciplina
3228 4161 3245 4187 ,
3292 4118 3578 4192 approbatur
3605 4116 3642 4164 et
3661 4097 3767 4158 conir-

2359 4223 2559 4270 matur.

2429 4303 2518 4359 68.
2555 4304 2837 4360 Ordinatio
2893 4306 3036 4374 quod
3098 4305 3282 4362 clerici
3334 4298 3507 4359 redditi
3555 4306 3636 4350 non
3673 4284 3768 4352 1⁸8³³⁸

2357 4394 2699 4466 evangelium
2721 4394 2859 4450 sine
2889 4393 3107 4450 licentia
3135 4395 3371 4466 priorum
3415 4398 3620 4446 suorum.
3641 4380 3771 4467 ἶῐκεφ·

2361 4485 2582 4540 medant
2626 4487 2680 4540 in
2726 4484 3048 4553 refectorio,
3091 4501 3191 4541 nec
3238 4483 3474 4539 intersint
3514 4467 3685 4542 capitulo
3711 4469 3773 4513 snit

2365 4577 2626 4632 mandato
2654 4576 2946 4646 praedicto,
2984 4575 3314 4647 approbatur
3342 4584 3391 4628 et
3417 4568 3699 4627 confirmatur-

2437 4667 2525 4724 69.
2569 4642 2843 4723 Sta—tutum
2887 4642 3036 4738 quod
3057 4642 3336 4724 unoniales
3379 4668 3615 4720 teneantur
3647 4642 3775 4703 tum"

2365 4761 2560 4817 breves
2590 4761 2802 4817 ordinis
2832 4770 2996 4832 atque
3025 4762 3241 4825 missas,
3281 4758 3474 4817 scilicet
3495 4764 3574 4823 pro
3595 4740 3773 4832 missa

2367 4853 2686 4924 ps:tlterium
2716 4822 2987 4919 unum,.et
3011 4869 3110 4910 nos
3135 4822 3392 4908 faciamus
3415 4859 3497 4918 pro
3518 4842 3581 4895 eis
3600 4822 3775 4930 secundi"

2370 4948 2580 5004 ordinis
2608 4948 2854 5003 instituta
2873 4989 2888 5014 ,
2925 4949 3067 5004 sicut
3094 4964 3194 5020 pro
3229 4947 3346 5003 aliis
3373 4935 3584 5016 personis
3607 4926 3718 5020 "tisi"

2369 5038 2548 5103 diIIiS.
2597 5012 2928 5108 approbatur
2969 5047 3024 5093 et
3069 5012 3429 5094 confirmatur.
3470 5028 3558 5083 Pro
3597 5012 3778 5108 tricennii

2368 5130 2583 5188 solvant
2611 5106 2865 5200 quaslibet
2889 5130 3283 5202 quinquaginta
3317 5123 3529 5198 psalmos
3549 5112 3654 5170 sicut
3675 5106 3779 5156 W

2368 5225 2458 5280 chi
2491 5239 2598 5279 non
2623 5223 2958 5280 sacerdotes.

2441 5315 2528 5372 70.
2573 5313 2844 5371 Statutum
2867 5316 3011 5386 quod
3040 5329 3310 5372 conversa:
3333 5304 3628 5368 monialium,‘

2374 5413 2575 5461 caetero
2601 5406 2953 5476 recipientur,
2987 5421 3092 5462 non
3119 5413 3329 5476 portent
3351 5399 3506 5456 velum
3522 5376 3778 5476 ηίεηιωνῗίξ

2375 5497 2552 5570 aliqua
2577 5499 2824 5555 monialis
2869 5499 2936 5556 de
2973 5467 3172 5556 caetero
3195 5503 3259 5555 de
3288 5481 3618 5552 incontinentia
3636 5467 3778 5570 calli“

679 5567 994 5640 abstineant
1023 5598 1060 5660 ar
1074 5584 1202 5641 vino
1230 5583 1398 5642 semel
1427 5584 1481 5640 in
1511 5587 1813 5656 septimana
1835 5628 1850 5655 ,
1890 5604 2173 5662 quousque
2200 5560 2269 5648 ad
2374 5560 2558 5660 fuerit,
2584 5592 2724 5648 inter
2747 5601 2972 5651 ureteras
2994 5609 3182 5666 poenas
3207 5591 3322 5650 velo
3349 5589 3513 5646 careat
3536 5563 3698 5643 nimi“
3717 5560 3780 5624 Μ

760 5738 838 5809 (3)
869 5740 1144 5799 Grenones
1173 5757 1266 5802 seu
1300 5743 1588 5818 graniones
1615 5751 1740 5800 sunt
1779 5759 1842 5801 ea
1870 5745 2052 5803 barbae
2090 5762 2213 5818 pars
2247 5761 2366 5818 quae
2401 5746 2541 5803 infra
2574 5760 2733 5804 nares
2767 5757 2870 5804 est.
