3962 6460
277 379 331 454 ὶτ
573 440 579 444 .
1191 411 1209 416 -
1246 449 1273 475 θ
1546 387 1841 451 PROLEG

1932 388 2147 453 illam.
3418 374 3496 454 18

297 537 3487 581 ΜΝΞ

332 944 845 1156 ΤΟΥ
977 709 3423 1156 ΚΑΙέΞέῊὲὂΥΖΗΝΟΥ

1070 1285 1794 1403 ΙΣΤΟΡΙΩΝ
1883 1238 2408 1403 ΒΙΒΛΙΑ
2498 1285 2652 1402 Δι.
2744 1400 2749 1403 _

563 1570 1547 1861 JOANNI‘S‘
1634 1654 3178 1921 CANTACUZENI

885 1998 2010 2143 HISTORIABUM
2060 1989 2536 2139 .LIBRI
2651 2007 2873 2138 IV.

1391 2436 1405 2445 .
1442 2387 1811 2453 LECTORI
1854 2389 2255 2456 CANDIDO.

321 2508 643 2572 Secundus
676 2522 733 2574 et
760 2513 1279 2594 quadragesimus
1309 2533 1514 2576 annus
1543 2517 1647 2578 hic
1675 2518 1913 2596 agitur,
1949 2526 2287 2598 postquam
2311 2517 2593 2582 Iacobus
2627 2514 2958 2581 Pontanus
2984 2515 3324 2579 Societatis
3354 2519 3510 2580 Jesu

255 2612 541 2676 Joannem
570 2615 1071 2677 Cantacuzenum
1102 2616 1387 2679 Orientis
1419 2618 1867 2697 imperatorem
1907 2638 1937 2680 e
1975 2619 2250 2700 palliata
2283 2629 2565 2700 togatum
2592 2619 2747 2700 fecit
2780 2628 2809 2681 :’
2835 2619 2917 2695 de,
2944 2617 3188 2692 Graeco,
3223 2621 3539 2699 inquam;

160 2777 174 2793 ,
253 2717 311 2776 in
336 2717 635 2780 Latinum
663 2718 977 2799 eleganter
999 2721 1310 2783 convertit
1339 2741 1359 2782 :
1392 2731 1669 2804 togaque
1723 2725 1860 2805 ejus
1906 2733 2093 2787 notas
2118 2723 2530 2804 pereruditus
2563 2721 2762 2784 veluti
2798 2738 3161 2802 purpuram
3193 2720 3501 2789 intexuit.

253 2837 318 2879 ne
339 2820 582 2883 scilicet
609 2834 793 2886 terra
820 2823 1076 2887 Gracia
1102 2826 1400 2906 princeps
1428 2827 1496 2888 in
1526 2826 1853 2907 publicum
1877 2830 2016 2892 sine
2040 2844 2346 2910 purpura
2366 2828 2687 2907 prodiret.
2720 2827 2944 2905 Itaque
2978 2824 3164 2905 longe
3196 2825 3505 2903 optimum

253 2921 633 3000 historicum,
670 2930 726 2984 et
748 2924 1057 2988 veteribus
1088 2945 1305 2987 rerum
1333 2927 1761 3007 scriptoribus
1795 2930 1929 2991 sine
1962 2929 2152 2993 dubio
2184 2929 2702 3010 comparandum.
2737 2946 2863 3009 qua
2886 2927 3083 3003 docti,
3111 2945 3236 3008 qua
3260 2923 3510 2988 indocti

192 3036 209 3045 ‘
253 3025 521 3087 omnibus
541 3025 880 3089 versabant.
905 3029 1512 3109 Hiprbpter'rerum
1539 3041 1860 3110 gestarum
1876 3032 2239 3093 memoriam
2261 3040 2586 3092 auctorem
2607 3028 2955 3092 laudabant
3006 3037 3066 3088 et
3099 3025 3507 3107 probabant:

253 3124 342 3187 illi
376 3145 593 3189 rerum
632 3129 994 3191 divinarum
1038 3141 1225 3212 atque
1267 3133 1686 3194 humanarum
1734 3134 2068 3197 scientiam
2110 3133 2178 3194 in
2216 3133 2514 3214 principe
2553 3130 2986 3211 suspiciebant
3022 3149 3043 3189 :
3076 3126 3322 3189 civilem
3361 3130 3541 3209 ani-_

251 3249 419 3299 mum,
456 3230 861 3311 prudentiam
899 3232 1066 3315 domi
1113 3232 1502 3314 militiaque,
1532 3233 1977 3315 fortitudinem
2009 3235 2078 3296 in
2103 3234 2293 3295 rebus
2341 3231 2683 3295 hostilibus
2719 3249 2739 3290 :
2768 3230 2969 3290 animi
3008 3227 3511 3309 magnitudinem

253 3334 311 3391 in
339 3333 736 3415 perferendis
766 3313 1057 3416 injuriis,
1083 3353 1237 3416 quas
1276 3335 1635 3399 intulerant
1672 3338 1994 3401 modestia
2037 3337 2263 3411 nescii,
2301 3345 2358 3397 et
2388 3332 2663 3415 pudoris
2710 3333 2926 3411 ignari
2965 3332 3271 3404 homines,
3320 3349 3511 3413 quos-

250 3457 355 3519 que
378 3460 453 3502 ea
482 3458 647 3519 pene
690 3440 887 3503 servis
918 3438 1152 3502 liberos
1185 3444 1444 3523 fecerat,
1478 3449 1536 3504 et
1573 3461 1651 3505 ea:
1690 3445 1923 3524 inﬁmis
1967 3443 2312 3517 hominum,
2355 3457 2653 3524 summos.
2682 3439 2979 3519 °Denique
3016 3439 3086 3501 in
3128 3438 3514 3516 imperatore

255 3542 627 3603 clementiam
668 3558 815 3620 erga
842 3541 1085 3616 (hostes,
1131 3542 1357 3623 dignos
1401 3547 1696 3626 profecto
1728 3548 1840 3627 qui
1883 3545 2147 3611 hostilia
2187 3553 2590 3625 paterentur,
2635 3543 3059 3625 funditusque
3101 3539 3509 3602 tollerentur.

252 3644 567 3711 Postremo
594 3647 1051 3710 abdicationem
1080 3652 1352 3732 imperii,
1390 3653 1965 3735 despectionemque
1992 3671 2242 3715 summa
2276 3653 2371 3714 rei
2401 3649 2903 3724 demirabantur,
2937 3651 3120 3730 cujus
3152 3665 3342 3707 causa
3371 3645 3513 3724 ple-

255 3748 417 3824 rique
431 3751 600 3831 jura
627 3750 837 3813 divina
866 3753 1253 3832 humanaque
1282 3755 1553 3827 violant,
1585 3765 1644 3819 et
1673 3774 1988 3818 secessum
2011 3758 2080 3817 in
2105 3757 2587 3826 monasterium,
2618 3772 2741 3832 quo
2774 3751 3112 3814 solitarius
3140 3763 3515 3830 separatus-

255 3868 357 3929 que
403 3869 483 3911 ex
538 3852 859 3913 hominum
904 3854 1268 3934 frequentia
1312 3857 1644 3935 puriorem
1700 3867 1760 3918 et
1809 3855 2434 3920 sanctiorem’vitam
2482 3844 2747 3919 eiceret.
2795 3855 2907 3927 Hi,
2956 3854 3236 3933 inquam,
3290 3853 3359 3915 id
3396 3862 3511 3925 est,

258 3952 476 4035 Graeca
498 3953 733 4032 lingua
749 3956 967 4043 nescii,
989 3975 1120 4017 non
1140 3958 1330 4019 aliter
1349 3977 1532 4039 quam
1551 3961 1772 4022 Latine
1797 3960 2144 4042 loquentem
2166 3959 2393 4022 vellent
2421 3958 2586 4032 :illi,
2619 3959 2688 4022 id
2710 3967 2823 4033 est,
2855 3956 3153 4020 callentes
3178 3958 3517 4036 utriusque

158 4116 168 4127 ,
255 4054 476 4137 lingua
503 4059 750 4120 diutius
770 4062 934 4141 ferre
952 4080 1076 4122 non
1101 4075 1422 4141 poterant,
1444 4074 1513 4126 ut
1541 4065 1798 4127 Gracus
1823 4078 2053 4128 auctor
2074 4066 2286 4140 aliter,
2312 4084 2498 4145 quam
2520 4065 2732 4129 Grace
2757 4062 3144 4143 loqueretur.
3170 4046 3357 4138 Quod
3375 4080 3516 4121 cum

259 4162 625 4241 intelligeret
649 4161 1129 4225 illustrissimus
1149 4167 1250 4226 vir
1271 4169 1342 4230 D.
1366 4165 1440 4227 de
1462 4167 1708 4247 Noyers
1732 4173 1870 4248 regi
1886 4170 1960 4231 ab
1986 4171 2229 4234 intimis
2252 4152 2545 4230 consiliis
2565 4168 2916 4240 etsecretis,
2937 4164 3301 4245 cujuscura
3317 4160 3514 4241 adiﬁ-

258 4268 345 4328 cia
363 4265 565 4343 regia,
586 4277 770 4338 artes,
789 4267 1051 4355 ipsaque
1067 4268 1491 4346 typographia
1512 4286 1617 4349 reg
1627 4271 1686 4330 ia
1695 4273 2005 4351 permissa
2023 4279 2198 4345 sunt,
2220 4287 2340 4349 pro
2361 4268 2684 4349 singulari
2698 4266 3092 4329 humanitate
3110 4282 3252 4337 sua,
3270 4249 3515 4342 proque

259 4366 464 4427 innato
499 4386 627 4427 non
658 4367 909 4445 vulgari
953 4384 1099 4446 erga
1128 4366 1376 4430 litteras
1412 4368 1670 4449 affectu,
1711 4389 1981 4450 quarum
2025 4369 2555 4450 propagationem
2596 4366 2684 4429 ad
2712 4383 3015 4427 summam
3059 4364 3516 4443 rempublicam

256 4473 565 4549 pertinere
589 4474 783 4552 probe
818 4475 962 4547 scit,
991 4477 1208 4535 statim
1237 4475 1544 4554 optimum
1567 4476 1805 4556 factum
1827 4477 2035 4540 videri
2071 4476 2196 4538 sibi
2223 4472 2643 4552 signiﬁcavit,
2664 4480 2738 4533 ut
2764 4477 3063 4548 δίγλωττος
3086 4468 3374 4532 ederetur
3404 4489 3517 4531 au-

259 4583 384 4635 ctor
418 4576 559 4638 luce
597 4576 1022 4663 dignissimus,
1064 4599 1188 4661 quo
1235 4588 1537 4660 utrosque
1573 4583 1711 4643 coli
1749 4591 2068 4661 compotes
2118 4584 2403 4663 faceret:
2431 4589 2626 4658 utque
2660 4579 2796 4656 ipse
2842 4575 3323 4637 Cantacuzenus
3374 4595 3515 4637 cum

260 4673 436 4738 tineis
469 4689 524 4740 et
560 4676 776 4742 blattis
802 4684 1106 4760 pugnare"
1118 4682 1452 4755 desineret,
1482 4683 1596 4762 qui
1627 4691 1719 4743 tot
1748 4700 1998 4763 pugnas
2027 4691 2398 4763 pugnasset,
2432 4688 2644 4758 totque
2676 4677 2997 4738 hominum
3028 4685 3273 4754 strages
3300 4678 3519 4755 prius-

256 4800 431 4867 quam
462 4801 494 4842 e
517 4782 798 4843 virorum
830 4802 1085 4845 numero
1119 4786 1524 4860 eximeretur,
1571 4785 1862 4848 edidisset
1896 4808 1916 4848 :
1946 4806 2066 4867 quo
2097 4789 2268 4867 facto
2304 4786 2551 4865 egregio
2582 4801 2760 4845 nemo
2793 4799 2944 4843 sane
2973 4784 3229 4861 sapiens
3256 4780 3374 4843 ibit
3408 4782 3513 4842 in-

260 4885 452 4961 βσίαε,
510 4885 1013 4948 illustrissimum
1055 4889 1263 4949 virum
1312 4890 1547 4967 optime
1588 4889 1662 4949 de
1719 4889 1957 4951 litteris
2003 4908 2129 4975 esse
2164 4890 2609 4968 promeritam,
2655 4904 2846 4966 eoque
2899 4887 3151 4947 nomine
3193 4887 3415 4948 unicae
3461 4884 3518 4945 ei
3630 4957 3644 4969 .

261 4990 500 5065 gratias
527 4990 819 5069 agendas.
858 4991 1023 5066 Quin
1056 4992 1202 5067 imo,
1237 4992 1296 5052 si
1324 4992 1478 5074 quid
1514 5012 1723 5055 manes
1754 4997 2060 5069 sentiunt,
2104 4996 2171 5056 id
2203 4995 2330 5072 ipsi
2361 4994 2799 5057 Cantacuzeno
2832 4993 3356 5074 acceptissimum.
3373 4993 3515 5072 fore

265 5091 552 5151 credibile
581 5102 690 5164 est,
732 5091 896 5171 quod
926 5091 1166 5154 Latina
1192 5090 1423 5172 lingua
1455 5102 1509 5155 et
1534 5093 1764 5156 Graca
1784 5094 2053 5176 quodam
2083 5094 2407 5155 consortio
2446 5093 2627 5173 quasi
2661 5089 3113 5172 quodammodo
3150 5091 3317 5151 inter
3345 5100 3514 5152 vete-
3602 5098 3612 5105 “

263 5207 381 5250 rem
424 5211 771 5275 novamque
822 5196 1075 5256 Romam
1121 5196 1272 5258 bene
1318 5199 1654 5259 conveni-re
1697 5197 2012 5271 rideatur,
2064 5196 2234 5278 quod
2283 5195 2401 5258 ille
2420 5197 2604 5259 vivus
2648 5195 3086 5274 percupierat.
3131 5194 3272 5256 Hoc
3313 5193 3517 5274 igitur

260 5294 492 5371 fruere,
519 5295 730 5372 lector,
763 5308 818 5360 et
851 5283 1209 5379 beneﬁcium
1244 5317 1511 5378 agnosce
1536 5302 1690 5372 viri,
1722 5319 1843 5381 quo
1874 5320 2046 5362 nemo
2079 5301 2162 5363 ad
2200 5300 2397 5363 bonas
2440 5309 2610 5360 artes
2637 5297 3120 5377 promoren‘das,
3153 5306 3210 5356 et
3248 5297 3515 5358 eximios

264 5398 333 5459 ab
362 5410 506 5462 arte
531 5403 698 5464 viros
716 5400 1036 5483 juvandos
1064 5404 1447 5482 propensior
1492 5404 1779 5476 exsistit,
1810 5405 1871 5466 si
1908 5384 2037 5465 non
2065 5404 2358 5481 ingratus
2402 5411 2589 5483 atque
2620 5400 2697 5467 ab
2736 5399 2906 5460 omni
2935 5388 3326 5460 humanitate
3363 5398 3517 5458 alie-

265 5520 376 5563 nus
408 5523 497 5564 es.
532 5506 713 5581 Quod
739 5507 795 5569 si
825 5516 882 5567 te
909 5507 1007 5568 hic
1041 5527 1283 5589 aquum
1326 5507 1699 5585 prabueris,
1730 5509 1942 5586 primo
1981 5525 2224 5588 quoque
2263 5519 2544 5586 tempore
2586 5523 2794 5566 omnes
2824 5504 3111 5566 historia
3147 5504 3516 5581 Byzantina

267 5609 601 5688 scriptores
649 5619 774 5672 tam
809 5611 1028 5682 editos,
1061 5629 1248 5693 quam
1280 5630 1467 5671 manu
1499 5620 1797 5672 eaaratOs
1848 5612 2022 5691 typis
2062 5613 2258 5690 regiis
2293 5610 2561 5673 edendos
2596 5607 2871 5690 ejusdem
2917 5605 3346 5669 illustrissimi
3387 5606 3518 5667 viri

268 5709 479 5785 ductu,
524 5725 577 5775 et
616 5716 782 5795 regis
818 5715 1346 5780 Christianissimi
1392 5718 1703 5796 auspiciis
1752 5714 2081 5794 prolaturi
2122 5736 2336 5777 sumus
2368 5737 2388 5777 :
2418 5715 2492 5777 de
2540 5714 2721 5794 cujus
2763 5712 2859 5772 rei
2903 5711 3189 5772 utilitate
3230 5707 3518 5788 plerique

274 5830 475 5873 omnes
507 5817 920 5879 consentiunt.
970 5817 1080 5879 Vos
1110 5820 1222 5898 qui
1251 5816 1499 5879 litteras
1534 5817 1785 5891 amatis,
1829 5819 2048 5889 facete,
2095 5828 2148 5879 et
2183 5816 2446 5879 consilio
2466 5815 2710 5894 jura'e.
2754 5810 2971 5885 Fama,
3006 5810 3238 5883 virtus,
3278 5818 3330 5895 et
3362 5809 3524 5873 recti
