3962 6442
500 395 567 459 19
1194 408 1200 413 ’
1601 402 1941 462 JOANNES
1982 404 2022 463 C

2132 403 2606 471 TACUZENUS.
3674 412 3744 475 ἒξ)

494 530 672 573 amor
718 532 848 574 eum
883 514 1232 590 deseruere,
1281 518 1390 598 qui
1427 517 1677 579 litteras
1708 537 1835 578 non
1874 534 2064 592 amat,
2104 528 2213 580 aut
2260 539 2359 580 eas
2400 520 2671 581 incultas
2720 521 2948 583 deserit
2982 543 3001 582 :
3035 533 3093 583 et
3124 523 3381 601 penitus
3413 525 3747 612 inglorius,

492 617 586 677 vel
605 618 857 698 judicio
891 637 1002 678 suo
1037 638 1148 704 nec
1178 621 1498 691 memoria,
1536 640 1732 701 neque
1763 615 1997 682 litteris
2036 622 2296 697 dignum
2325 624 2665 702 quidquam
2691 626 2904 701 gessit,
2947 625 3055 685 sed
3080 625 3251 704 quod
3295 638 3526 689 wterno
3556 628 3747 692 silen-

425 742 434 753 ’
494 720 580 778 tio
613 719 806 797 magis
839 700 1224 780 obruendum
1253 720 1360 793 sit,
1392 738 1576 800 quam
1614 700 1972 781 litterarum
2013 723 2429 782 monumentis
2452 722 2906 811 mandandum.
2945 722 3108 786 Vale.
3536 722 3585 734 “’

1661 918 3706 947 M

1488 1078 1600 1187 J.
1690 1028 2321 1191 PONTANl
2411 1079 2530 1192 s.
2623 1082 2733 1196 J.

1029 1298 1137 1357 AD
1178 1297 1594 1358 CANDIDUM
1638 1298 1743 1358 ET
1793 1297 2212 1359 ERUDITUM
2258 1300 2693 1364 LECTOREM
2739 1304 3195 1371 PREFATIO.

475 1581 873 1650 Interprrtandi
919 1584 1056 1641 laus.
1090 1586 1292 1669 occasio
1322 1588 1551 1656 suscepti
1584 1584 2039 1669 laboris,'attcto.r.
2072 1586 2122 1642 A
2216 1584 2489 1640 Caeterum
2519 1603 2644 1643 cum
2680 1588 2735 1644 in
2773 1590 2878 1646 hoc
2904 1608 3127 1665 quoque
3156 1607 3265 1652 tam
3297 1603 3583 1669 praestanti
3613 1611 3739 1659 mu-

548 1656 868 1714 mconomia,
913 1664 1152 1737 tempus.
1199 1655 1375 1737 locus:
1430 1655 1754 1737 praeconium
1802 1655 2047 1737 Historia?

546 1725 829 1792 propositi?
860 1739 879 1777 .'
904 1732 951 1776 et
986 1724 1198 1778 tandem
1234 1726 1361 1796 quid
1388 1744 1421 1779 a
1452 1724 1602 1780 nobis
1631 1729 1923 1796 prwstitum
1956 1726 2047 1779 sit.

546 1859 650 1924 Qui
698 1861 765 1914 de
815 1860 1023 1915 Graecis
1076 1861 1130 1915 in
1184 1861 1437 1931 Latinum
1489 1871 1816 1918 convertere
1858 1879 2048 1935 aggre-

474 1950 796 2018 diuntur,et
824 1953 1001 2028 bonos
1031 1954 1335 2022 Scriptores
1367 1955 1535 2009 veluti
1570 1957 1912 2011 immortales
1947 1972 2047 2025 pe-

458 2044 745 2111 regrinos.
793 2053 958 2113 alque
1002 2045 1072 2099 ab
1098 2046 1303 2100 exteris
1330 2047 1647 2116 regionibus
1681 2046 1749 2100 ad
1781 2063 1840 2101 se
1869 2047 2045 2101 venti-

473 2142 678 2199 tantcs,
722 2135 963 2205 hospitio
1005 2137 1318 2191 humaniter
1359 2153 1423 2192 ac
1468 2139 1703 2208 benigne
1742 2140 2039 2208 accipiunt,

467 2238 671 2294 eosque
699 2227 888 2295 patria:
923 2243 1034 2281 sum
1062 2228 1323 2298 linguam,
1356 2243 1537 2283 mores
1581 2239 1637 2283 et
1667 2229 1916 2284 instituta
1943 2229 2044 2282 ἀρε

467 2331 593 2370 cere
624 2328 916 2378 conantur.
950 2335 1063 2386 quo
1103 2323 1328 2386 (contra
1364 2336 1530 2391 quam
1575 2322 1706 2377 olim
1739 2322 1887 2376 civili
1928 2323 2039 2376 Ro-

465 2424 752 2463 manorum
790 2412 914 2480 jure
957 2413 1406 2481 permittebatur,
1462 2431 1562 2484 per
1609 2416 1755 2484 quod
1800 2416 2036 2471 duarum

462 2502 749 2555 civitatum
802 2503 941 2556 civis
983 2520 1105 2559 esse
1148 2521 1311 2560 nemo
1346 2507 1598 2576 poterat)
1648 2509 1700 2562 in
1754 2518 2039 2578 posterum

463 2608 574 2647 non
620 2595 803 2649 minus
834 2594 977 2651 inter
1014 2597 1261 2659 Latinos,
1295 2616 1457 2669 quam
1491 2602 1633 2655 inter
1666 2602 1885 2658 Graecos
1915 2621 2043 2674 pro-

465 2682 610 2737 litcri
645 2696 870 2751 queant,
909 2703 990 2742 me
1026 2688 1103 2741 illi
1148 2705 1351 2745 munus
1379 2706 1510 2745 sane
1542 2693 1857 2760 pulchrum,
1884 2695 2038 2748 utili-

463 2778 616 2840 tatis,
661 2779 1134 2852 jucunditatisque
1170 2786 1408 2853 plenum.
1449 2785 1588 2839 addo
1618 2786 1809 2850 etiam,
1848 2786 1951 2842 nisi
1980 2787 2037 2841 in

461 2884 528 2921 eo
561 2873 1143 2945 cxcrcitationemjam
1180 2879 1449 2944 ceperint,
1482 2878 1830 2948 impeditum,
1860 2896 1924 2935 ac
1954 2880 2037 2933 la-

2154 1684 2285 1730 nere
2308 1677 2652 1746 elaborandi,
2682 1691 2736 1736 et
2761 1682 2986 1752 aliquod
3014 1701 3199 1756 Opera;
3222 1693 3460 1759 pretium
3492 1694 3729 1751 faciendi

2152 1769 2405 1824 voluntas
2459 1785 2569 1824 non
2614 1773 2910 1829 mediocris
2954 1777 3064 1845 jam
3119 1781 3330 1847 pridem
3385 1786 3522 1838 mihi
3579 1788 3729 1843 haud

2150 1857 2411 1921 defuerit,
2448 1860 2810 1916 nihilominus
2848 1865 2966 1933 ejus
2996 1867 3353 1927 dillicultates
3385 1877 3731 1945 cogitatione

2134 1951 2640 2021 complectentem,
2692 1969 2806 2009 non
2848 1957 3071 2026 quidem
3127 1962 3305 2029 pudor
3351 1965 3729 2033 Subrusticus.

2149 2039 2242 2094 sed
2274 2050 2454 2096 metus
2487 2042 2732 2110 quidam,
2769 2056 2826 2100 ut
2869 2047 3139 2112 arbitror,
3189 2052 3467 2123 ingenuus
3513 2074 3735 2129 semper

2147 2130 2468 2187 absterruit.
2501 2133 2568 2186 Et
2598 2135 2786 2190 nescio
2824 2139 3103 2207 quomodo
3133 2142 3304 2199 haeret
3339 2149 3394 2201 in
3448 2151 3731 2212 medullis.

2148 2238 2250 2277 nec
2292 2223 2544 2279 oblivisci
2582 2241 2748 2295 queo,
2790 2231 2937 2298 quod
2976 2234 3120 2301 apud
3162 2238 3495 2306 scriptorem
3542 2260 3733 2312 perSa-

2145 2315 2383 2385 pientem
2409 2316 2590 2387 legere
2618 2321 2839 2374 memini
2868 2340 2882 2376 :
2912 2335 3172 2391 praestare
3197 2330 3417 2391 timere.
3443 2350 3609 2402 quam
3639 2354 3737 2390 au-

2144 2404 2276 2459 dere
2318 2406 2370 2459 in
2413 2405 2634 2462 l‘.tteris.
2693 2411 2941 2467 Accessit
3008 2414 3075 2468 ad
3138 2432 3224 2472 me
3288 2423 3730 2492 retardandum,

2143 2496 2288 2564 quod
2342 2497 2437 2566 qui
2495 2499 2800 2566 primorum
2861 2504 3057 2570 primi,
3113 2508 3504 2581 signiferique,
3563 2528 3733 2587 atque

2141 2584 2302 2649 adeo,
2335 2587 2429 2656 qni
2466 2587 2828 2659 interpretum
2865 2592 3127 2649 familiam
3173 2598 3380 2656 ducere
3409 2584 3734 2661 existimau-

2143 2686 2253 2741 tur,
2295 2678 2379 2731 vel
2412 2678 2467 2732 in
2505 2695 2614 2733 uno
2647 2681 2788 2736 libro
2818 2688 3199 2743 convertendo
3228 2694 3578 2751 creberrime
3611 2699 3732 2751 hal-
3798 2731 3815 2748 .

2132 2771 2391 2833 'lucinati,
2438 2782 2605 2843 atque
2636 2789 2667 2828 a
2706 2775 2900 2838 lineis,
2931 2780 3092 2847 ,quod
3139 2781 3383 2848 dicitur,
3427 2790 3728 2855 excidisse,

2141 2861 2553 2932 diligentiorum
2615 2867 3095 2926 animadversione
3157 2873 3500 2943 deprehensi
3577 2894 3729 2937 sunt.

988 2926 991 2927 ,
1031 2926 1142 2945 Γ--
1861 2926 1922 2935 _-
1954 2926 2003 2933 -_
2246 2926 2258 2932 -
3231 2926 3255 2943 τ
3305 2926 3500 2935 ---η-ν.

458 2958 746 3015 boriosum
784 2965 1195 3033 aggrediamur.
1243 2967 1383 3034 Quid
1424 2970 1601 3027 enim.
1642 2971 1871 3033 amabo,
1908 2987 2033 3026 cum
2074 2926 2111 2978 Β
2144 2956 2403 3021 Quaenam
2446 2974 2577 3030 ergo
2609 2961 2741 3014 mihi
2774 2963 3079 3018 semidocta
3108 2966 3249 3021 fama
3281 2974 3562 3038 speranda
3591 2974 3737 3031 fuit?

460 3050 720 3105 universo
747 3069 949 3123 genere
977 3057 1307 3120 litterarum,
1344 3070 1457 3113 tum
1490 3061 1708 3116 duabus
1744 3063 1894 3117 hisce
1926 3063 2034 3117 lin-

393 3182 398 3188 .
457 3141 599 3211 guis,
629 3143 816 3199 Graeca
853 3147 1083 3208 scilicet.
1114 3165 1178 3203 ac
1207 3150 1422 3213 Latina,
1451 3144 1656 3222 quibus
1679 3154 1898 3220 divina),
1926 3156 2030 3209 hu-

455 3248 741 3304 manmquc
793 3247 962 3296 artes.
1018 3248 1074 3293 et
1118 3242 1375 3296 scientia:
1414 3256 1604 3298 mnues
1647 3247 2028 3307 continentur,

454 3325 809 3390 praiclarius?
857 3329 989 3398 quid
1038 3329 1382 3401 elegantius?
1422 3350 1655 3402 quarum
1704 3337 1756 3390 in
1798 3347 2029 3407 utraque

453 3426 766 3481 versantur,
810 3410 904 3487 qui
947 3419 1014 3474 de
1057 3421 1227 3475 altera
1265 3422 1321 3475 in
1367 3423 1593 3477 alteram
1634 3424 1775 3479 bona
1822 3430 2026 3496 scripta

398 3560 401 3565 ,
452 3507 771 3573 transferre,
815 3512 973 3565 etde
1018 3512 1398 3568 doctrinarum
1446 3517 1776 3582 candidatis,
1817 3534 2025 3589 perque
2082 3584 2089 3591 _

453 3594 578 3649 illos
631 3597 700 3650 de
754 3598 1040 3653 hominum
1089 3619 1290 3673 genere
1340 3621 1503 3674 quam
1557 3610 1764 3676 optime
1824 3610 2021 3664 mereri

449 3684 631 3754 (quod
676 3687 852 3756 ipsum
877 3702 964 3747 est
1001 3694 1058 3747 in
1090 3694 1283 3762 primis
1327 3680 1638 3768 laudabile)
1673 3701 2020 3757 annituntur.

446 3775 514 3832 Et
546 3794 670 3832 cum
717 3783 1021 3837 etiamnum
1059 3786 1208 3841 haud
1245 3803 1416 3857 pauca
1463 3790 1519 3844 in
1564 3791 1769 3849 Graecis
1813 3796 2024 3849 codici-

448 3868 572 3931 bus,
613 3885 710 3938 per
741 3872 1075 3930 illustriores
1110 3879 1560 3946 praepotentium,
1596 3897 1659 3936 ac
1701 3870 2016 3954 principum

445 3959 719 4027 virorum,
749 3972 807 4017 et
835 3981 1018 4019 rerum
1046 3967 1392 4036 publicarum
1416 3971 1781 4030 bibliothecas
1810 3976 2017 4043 abdita,

446 4061 503 4104 et
533 4052 742 4108 inclusa
770 4056 994 4121 lateant,
1019 4059 1223 4128 quibus
1252 4061 1307 4115 in
1335 4075 1584 4132 apertum
1630 4067 1864 4134 proditis
1898 4086 2018 4124 cre-

445 4156 624 4207 scere,
657 4159 720 4199 ac
747 4152 1035 4219 propagari
1070 4154 1245 4221 possit
1275 4153 1327 4208 in
1352 4168 1567 4211 omnem
1592 4168 1801 4227 partem
1827 4170 2016 4215 nostra

2142 3049 2654 3115 Verumenimvero,
2687 3063 3063 3122 cunctantem,
3121 3074 3185 3112 ac
3215 3063 3608 3131 jtrepidantem
3637 3084 3731 3123 sa-

2138 3140 2410 3210 pientium
2461 3143 2733 3197 virorum-
2761 3146 3064 3202 auctoritas
3112 3157 3440 3220 commovit,
3496 3158 3730 3229 ipsaque

2140 3233 2279 3287 ratio
2303 3234 2670 3298 confirmavit,
2692 3243 2751 3288 ut
2770 3236 3063 3307 aliquando
3088 3241 3142 3295 in
3167 3242 3386 3302 isthanc
3407 3252 3728 3318 palaestram

2138 3325 2531 3380 descenderem
2580 3345 2593 3378 :
2639 3327 2932 3396 siquidem,
2980 3332 3133 3401 juxta
3193 3336 3505 3407 vulgatum,
3563 3360 3728 3400 nemo

2135 3418 2384 3471 nascitur
2414 3416 2608 3471 artifex
2638 3435 2653 3472 :
2684 3429 2739 3473 et
2765 3436 2857 3475 ars
2890 3423 3040 3478 nulla
3075 3433 3178 3489 est,
3216 3427 3270 3481 in
3301 3444 3414 3499 qua
3451 3452 3559 3489 non
3592 3453 3723 3506 pec-

2136 3515 2312 3568 cando
2369 3515 2663 3569 discatur:
2698 3518 2956 3588 quodque
2999 3521 3160 3575 nobis
3205 3528 3396 3592 pueris
3437 3536 3723 3600 quondam

2135 3618 2499 3677 prteceptores
2522 3608 2579 3663 in
2606 3610 2734 3662 ludo
2755 3611 3092 3681 ingerebant,
3110 3614 3214 3681 Qui
3239 3633 3531 3690 nunquam
3560 3628 3728 3690 male,

2134 3714 2415 3768 nunquam
2453 3701 2611 3755 bene.
2644 3701 2869 3757 Factum
2920 3705 3110 3774 igitur,
3146 3716 3207 3762 ut
3243 3723 3373 3765 cum
3421 3720 3729 3772 serenissi-

2134 3806 2253 3843 mus
2320 3790 2580 3845 Boiorum
2645 3793 2904 3864 princeps
2956 3796 3367 3858 Maximilianus
3435 3808 3730 3866 societatis

2132 3894 2333 3939 nostrae
2385 3884 2706 3942 domesticis
2763 3890 3497 3966 potestatemﬂiberaliter,
3554 3882 3738 3973 atque.

2132 3975 2276 4029 ultro
2314 3979 2697 4045 concessisset,
2739 3995 2771 4034 θ
2816 3981 3196 4040 voluminibus
3242 3986 3455 4045 Graecis
3502 3996 3722 4050 calamo

2125 4069 2365 4123 exaratis
2401 4068 2670 4139 (quorum
2703 4073 2870 4127 habet
2898 4073 2954 4126 in
2979 4074 3316 4133 bibliotheca
3347 4096 3449 4137 sua
3485 4087 3723 4143 nobilis-

2126 4160 2261 4213 sima
2298 4161 2651 4219 lectissimam
2682 4146 2932 4237 co'piam)
2961 4167 3346 4240 depromendi,
3374 4185 3434 4230 et
3466 4178 3537 4231 ad
3566 4196 3724 4235 com-

445 4236 704 4301 eruditio,
738 4254 933 4295 eorum
969 4245 1172 4309 studia,
1209 4247 1304 4317 qui
1348 4248 1404 4302 id
1446 4260 1730 4319 praestant,
1775 4252 2014 4307 fructum
2048 4276 2091 4334 ο
2131 4268 2352 4315 munem
2401 4269 2582 4318 “sum.
2628 4259 3203 4331 emolumentumque.
3263 4267 3429 4336 Cujus
3484 4271 3724 4328 incenso

438 4326 588 4382 ferre
622 4344 979 4403 permagnum
1009 4338 1135 4406 quis
1164 4338 1502 4395 inﬁciabitur
1522 4341 1546 4394 ἲ
1568 4340 1675 4396 Sed
1700 4358 2015 4413 quanquam

441 4418 601 4474 labor
635 4422 682 4476 is
709 4424 889 4479 adhuc
924 4429 1234 4496 tyronibus,
1259 4446 1675 4503 paucorumque
1707 4435 2019 4504 stipendio-

444 4526 566 4564 rum
618 4513 889 4569 militibus
939 4520 1223 4587 operosior
1253 4521 1452 4577 accidit
1509 4534 1823 4592 propterea,
1866 4526 2015 4595 quod

370 4628 381 4633 —
445 4604 716 4671 permulta
770 4606 928 4668 vitia,
966 4618 1021 4663 et
1061 4622 1286 4679 peccata
1320 4606 1642 4681 occurrunt,
1688 4632 1811 4686 quae
1844 4618 2019 4672 vitare

442 4692 663 4748 dillicile
689 4705 773 4749 est
804 4697 1000 4767 (cujus
1032 4703 1110 4754 rei
1149 4716 1258 4754 non
1290 4701 1407 4756 leve
1437 4714 1841 4773 argumentum,
1865 4708 2015 4776 quod

441 4800 566 4838 cum
618 4778 949 4857 interpretes
992 4806 1132 4859 pene
1174 4793 1629 4861 innumerabiles,
1679 4802 2015 4858 excellentes

442 4887 647 4941 tamen,
707 4888 869 4949 atque
897 4884 1168 4950 perfectos
1201 4885 1495 4943 admodum
1536 4905 1689 4969 raros
1725 4895 2014 4949 nominare

442 4972 780 5041 possumus),
808 4974 1178 5051 nihilominus
1219 4979 1276 5032 in
1331 4980 1433 5034 ista
1467 4992 1894 5055 quantacunque
1927 4986 2012 5041 in-

442 5066 777 5133 terpretandi
822 5067 1212 5137 defatigatione
1238 5115 1251 5138 ,
1308 5089 1372 5127 ac
1400 5076 1648 5130 molestia
1675 5117 1687 5140 ,
1737 5079 2011 5137 suavitate

416 5156 676 5221 quadam
742 5158 1115 5227 perfunditur,
1166 5163 1527 5235 expleturquc
1576 5168 1837 5231 animus,
1885 5185 2027 5233 cum,

439 5246 545 5300 sibi
590 5248 644 5301 in
690 5250 813 5303 sinu
855 5253 1262 5320 quodammodo
1289 5259 1439 5311 nasci
1479 5258 1798 5313 thesaurum
1834 5261 2008 5329 videt,

439 5342 586 5395 unde
624 5342 894 5398 bonarum
942 5346 1251 5401 litterarum
1288 5347 1457 5402 ditior
1506 5351 1745 5406 evadat:
1779 5368 2011 5422 qumque

439 5432 706 5489 hactenus
740 5444 821 5511 tot
868 5436 1174 5501 hominum,
1220 5440 1388 5493 etiam
1415 5441 1787 5505 eruditorum,
1838 5446 2009 5500 millia

439 5524 784 5594 ignorarunt,
815 5528 1096 5598 multoque
1123 5531 1352 5593 diutius,
1385 5547 1448 5586 ac
1477 5546 1741 5602 perpetuo
1774 5535 2006 5589 forsitan

2126 4355 2347 4399 tenetur
2395 4347 2695 4413 desiderio,
2745 4351 3146 4421 interpretandi
3193 4371 3316 4424 quae
3365 4360 3719 4433 placuisset,

2121 4452 2224 4507 ego
2276 4438 2332 4492 in
2380 4439 2531 4495 hunc
2575 4456 2686 4495 non
2735 4442 3157 4500 Christodulum
3212 4448 3437 4518 utique,
3500 4460 3602 4512 sed
3661 4459 3719 4513 in

2122 4532 2457 4597 ipsissimum
2527 4534 2795 4589 Joannem
2847 4535 3294 4594 Cantacuzenum
3336 4542 3646 4603 inciderim
3703 4569 3720 4606 :

2120 4628 2231 4693 quo
2261 4625 2327 4678 ad
2357 4634 2599 4695 gustum,
2633 4629 3075 4699 sententiamque
3109 4647 3287 4686 meam
3318 4636 3462 4692 nihil
3491 4656 3723 4697 accom-

2118 4717 2415 4780 modatius,
2439 4719 2575 4774 nihil
2598 4720 2663 4773 ad
2690 4723 2864 4788 prima
2895 4721 3103 4777 militiae
3126 4724 3291 4794 hujus
3321 4734 3597 4787 tentanda
3623 4751 3713 4803 pe-

2120 4810 2317 4872 ricula,
2349 4820 2577 4879 propter
2605 4811 2928 4867 facilitatem
2959 4816 3256 4884 quamdam
3303 4819 3430 4890 ejus
3462 4824 3539 4880 in
3575 4806 3723 4882 scri-

2118 4900 2302 4955 bendo
2341 4904 2710 4970 opportunius
2738 4903 2982 4963 nancisci
3020 4907 3349 4975 potuissem.

2145 4995 2155 5010 ‘
2189 4993 2281 5048 Sic
2305 4994 2530 5047 omnino
2556 5005 2659 5061 est,
2688 5003 2747 5048 ut
2780 4996 2916 5061 dixi,
2951 4997 3008 5053 in
3046 4999 3315 5055 Joannem
3346 5002 3714 5065 Cantacuze-

2117 5098 2250 5137 num
2298 5083 2465 5137 incidi
2516 5086 2663 5153 :qui
2693 5085 2919 5154 quidem
2971 5104 3083 5157 quo
3132 5091 3488 5148 commodius
3540 5096 3717 5166 hujus

2117 5173 2246 5227 libri
2284 5172 2369 5226 sui
2403 5176 2791 5242 occasionem,
2826 5193 3135 5248 causasque
3176 5181 3403 5236 afferret
3430 5225 3445 5248 ,
3478 5199 3539 5242 et
3578 5207 3716 5259 per-

2117 5278 2311 5318 sonam
2338 5279 2494 5318 suam
2529 5267 2737 5322 celaret
2768 5268 2951 5339 (quod
2978 5279 3157 5325 tamen
3193 5273 3337 5328 haud
3371 5283 3516 5332 satis
3546 5295 3716 5341 (‘allle

2116 5355 2272 5420 fecit,
2307 5366 2367 5410 ut
2395 5372 2519 5410 mox
2550 5358 2801 5422 docebo)
2833 5360 2989 5429 ﬁngit
3020 5377 3048 5415 a
3086 5364 3323 5432 quodam
3375 5366 3510 5423 Nilo
3546 5372 3716 5430 fami-

2114 5447 2236 5501 liari
2270 5463 2328 5503 se
2362 5449 2428 5502 ad
2470 5451 2827 5527 scriptionem
2864 5468 2965 5521 per
3001 5453 3217 5509 litteras
3250 5455 3581 5525 sollicitari,
3648 5482 3717 5521 ac

2116 5540 2215 5593 sibi
2246 5541 2576 5597 vocabulum
2605 5544 2941 5598 Christoduli
2972 5546 3226 5614 imponit.
3266 5549 3543 5608 Idoneum
3580 5574 3717 5624 pro-

439 5616 802 5684 ignorasseut,
838 5636 900 5673 ca
948 5622 1204 5691 princeps
1237 5625 1539 5690 cognoscit,
1581 5634 1634 5678 ct
1676 5627 1998 5682 sollicitudi-
2033 5613 2087 5672 D
2114 5629 2281 5695 lecto,
2329 5648 2525 5695 nempe
2569 5651 2597 5687 a
2642 5644 2811 5698 statu,
2858 5647 2914 5690 ct
2955 5639 3273 5696 conditione
3320 5643 3478 5710 vita~,
3535 5667 3711 5718 quam

436 5724 556 5768 nes,
600 5726 861 5778 operam,
915 5726 1079 5784 atque
1120 5727 1348 5771 conatus
1400 5735 1528 5773 suos
1572 5732 1666 5788 spe
1706 5732 1758 5773 ct
1804 5722 2003 5777 fiducia

436 5808 603 5872 grata:
634 5804 969 5870 posteritatis
995 5807 1332 5862 consolatur.

2117 5723 2233 5778 haec
2280 5725 2529 5781 scribens
2562 5728 2756 5797 agebat
2786 5746 2799 5783 :
2846 5731 3048 5802 agebat
3077 5743 3261 5789 autem
3303 5742 3712 5813 monasticam,

2113 5825 2163 5869 et
2196 5816 2418 5873 Chrile
2443 5822 2708 5889 serviens,
2752 5826 2951 5880 merito
2982 5825 3102 5898 ejus
3137 5842 3361 5883 servum
3396 5845 3457 5885 se
3493 5839 3701 5907 appel-
