3962 6470
231 392 287 449 ει
1547 392 2144 459 momen-naua.
3428 383 3498 444 “2’2

224 503 377 560 lavit.
428 505 720 563 Occultare
771 523 952 579 porro,
982 520 1041 566 et
1079 520 1261 584 tegere
1311 529 1602 583 personam
1639 529 1793 569 snam
1824 492 1869 569 Ἀ
1901 512 2078 577 nimis,
2098 522 2148 567 et
2171 511 2413 568 notabilis
2440 524 2853 580 superamorem
2879 504 3233 573 mulierum’),
3257 501 3513 557 nonnisi

237 599 353 654 ideo
388 600 588 666 voluit,
620 601 787 671 idque
828 605 1146 673 prudenter,
1182 608 1328 676 quod
1375 607 1442 663 de
1474 608 1641 662 rebus
1672 624 1799 662 cum

1951 621 2141 664 isemet
2180 609 2255 664 ita
2290 607 2601 678 συμπαθῶς
2627 601 2955 672 θιὲναργῶς
3000 599 3250 665 scribere
3281 593 3499 666 potuit?

239 692 450 755 alienis,
480 704 595 746 tum
640 694 758 750 suis
798 696 1082 750 historiam
1126 699 1541 768 compositurus
1572 711 1713 763 erat,
1746 711 1803 755 ct
1906 700 2288 769 quodquidem
2308 695 2952 769 saepenumerofacitﬁic
2969 688 3503 757 solemus,frequen-

240 794 555 841 narraturus
599 787 857 857 plurima,
895 790 1097 861 quibus
1144 792 1436 847 audiendis
1475 808 1638 849 aures
1675 794 1801 864 qui-
1910 801 2012 855 ter,
2045 776 2311 866 inquam,’
2330 806 2640 862 magnoque
2670 804 2796 845 cum
2825 802 2994 844 sensu
3021 786 3089 841 de
3134 783 3205 839 iis
3228 780 3411 850 loqui.-
3432 792 3496 832 ac

242 878 466 933 busdam
509 879 783 946 dolerent,
814 890 875 937 ut
911 892 1071 937 antea
1118 884 1375 939 videndis
1419 886 1566 940 oculi
1600 882 1806 940 'dolue—
1908 885 2177 949 scribere,
2228 901 2352 955 quae
2395 893 2493 939 aut
2553 882 2809 939 absentia
2865 879 3025 934 valde
3073 878 3131 932 in
3185 872 3501 935 desideriis,

242 978 378 1023 rant.
419 969 518 1024 Est
549 986 677 1025 vero
710 981 820 1027 tam
854 972 1175 1042 infrequens
1196 973 1409 1029 Grmcis
1443 975 1549 1031 hoc
1575 992 1801 1042 nomen,
1909 992 2004 1037 aut
2032 980 2325 1051 praesentia
2363 980 2729 1032 vehementer
2757 973 2921 1029 nobis
2948 972 3003 1025 in
3030 967 3319 1025 amoribus
3348 973 3502 1019 sunt.

243 1060 641 1125 Cbristodulus,
689 1072 749 1117 ut
798 1065 883 1119 vel
928 1064 1057 1119 hinc
1090 1063 1196 1120 isto
1242 1068 1368 1121 loco
1416 1065 1694 1134 ﬁctilium,
1743 1085 1806 1124 ac
1909 1074 2023 1130 Nec
2055 1075 2197 1128 alius
2238 1082 2346 1127 tam
2389 1070 2601 1125 diserte
2635 1068 2705 1122 de
2740 1074 3001 1120 recusato
3041 1062 3209 1117 toties
3242 1058 3500 1129 imperio,

243 1155 651 1224 supposititium
683 1168 961 1224 appareat.
996 1156 1246 1228 Cumque
1278 1176 1378 1230 per
1415 1161 1470 1215 id
1500 1170 1718 1231 tempus
1749 1163 1804 1217 in
1910 1169 1981 1224 de
2014 1167 2273 1222 libertate
2302 1164 2449 1235 apud
2489 1161 2868 1218 Andronicum
2902 1173 3026 1220 sua,
3091 1154 3275 1223 deque
3305 1149 3508 1219 ampli-

246 1247 571 1300 nionasterio
623 1263 720 1317 pro
762 1249 972 1303 Joanne
1018 1251 1187 1305 etiam
1232 1251 1548 1323 Joasaphus
1596 1263 1808 1311 mutato
1913 1262 2106 1318 tudine
2138 1258 2430 1330 potestatis
2464 1270 2632 1327 quam
2664 1251 3024 1311 obtinuisset,
3059 1256 3263 1319 przeter
3295 1244 3509 1314 ipsum-

243 1336 458 1391 nomine
515 1340 811 1405 diceretur,
866 1341 1012 1396 sicut
1059 1356 1191 1397 non'
1222 1346 1533 1414 antiquum,
1582 1355 1638 1400 et
1679 1363 1808 1416 pro-

1951 1362 2027 1410 iet
2056 1369 2282 1409 narrare
2310 1351 2602 1412 voluisset,
2629 1347 2849 1403 etiamsi
2877 1343 3174 1415 potuisset.
3198 1336 3507 1406 Scriptura

241 1431 439 1496 Ρτὶιιω,
465 1432 540 1486 ita
565 1448 666 1488 nec
696 1449 897 1489 ηονυῐη
930 1437 1097 1503 ἱεῑιιά,
1126 1448 1183 1493 ει
1207 1441 1645 1511 assutuplilium,
1677 1443 1806 1499 Joa-
1914 1460 2119 1506 sanctae
2144 1449 2308 1505 toties
2335 1444 2641 1516 producue,
2667 1453 2724 1498 et
2742 1436 3056 1495 monastica
3075 1432 3373 1502 disciplina
3397 1443 3506 1483 non
3581 1438 3589 1447 '

242 1524 442 1591 “Ph”
491 1525 750 1594 inquam-
799 1528 866 1584 ad
923 1528 1053 1584 “bri
1104 1516 1403 1589 θυοῑοτθηι.
1445 1534 1808 1592 indicandum
1915 1544 2086 1600 semel
2107 1554 2215 1598 tam
2233 1541 2437 1597 eximie
2462 1538 2783 1610 praedicata,
2811 1545 2978 1604 atque
3011 1531 3179 1586 etiam
3205 1540 3306 1599 per
3330 1535 3508 1580 totam

245 1630 510 1685 υδυτρπθ
555 1618 739 1675 decuit
771 1638 786 1675 ε
817 1638 887 1678 ne
936 1626 1239 1681 mOMChUS
1279 1630 1502 1691 inanem
1545 1633 1810 1702 aucupari
1872 1622 1878 1629 ’
1916 1636 2205 1693 historiam
2233 1648 2436 1705 sparsae
2457 1640 2536 1687 tot
2558 1629 2782 1701 pietatis
2806 1634 2972 1690 notae,
2997 1638 3108 1677 non
3142 1621 3312 1676 alium
3340 1631 3507 1701 quam
3557 1638 3574 1690 ί

244 1706 490 1777 gloriam,
522 1721 576 1766 et
606 1713 698 1781 qui
745 1713 855 1768 Deo
892 1716 1189 1772 militatum
1233 1730 1483 1785 venerat,
1520 1722 1718 1778 iterum
1752 1740 1811 1779 se
1919 1730 2251 1785 monachum
2301 1728 2474 1787 olent,
2527 1723 2709 1793 qualis
2757 1720 2852 1775 ille
2901 1724 3187 1780 tum'erat,
3222 1727 3348 1767 cum
3391 1710 3512 1762 lure

243 1801 475 1869 negotiis
523 1803 804 1873 implicare
866 1809 1226 1868 saecularibus
1274 1813 1578 1891 videretur.
1627 1818 1810 1886 Atque
1844 1868 1885 1891 η
1918 1824 2127 1879 chartis
2175 1821 2483 1875 mandaret.
2525 1815 2755 1872 Dicendi
2803 1826 2999 1887 genus,
3049 1806 3199 1879 quod
3245 1805 3302 1860 in
3350 1801 3511 1858 libris

245 1890 314 1945 ita
370 1893 811 1954 codex-Gracus
861 1902 1237 1973 ἀνεπίγραφος
1288 1912 1373 1958 est
1395 1946 1409 1968 ,
1471 1906 1592 1961 sine
1647 1910 1809 1963 titulo
1845 1890 1887 1923 ’⁵
1914 1926 2111 1972 contra
2138 1915 2577 1972 Mabometanos,
2608 1919 2665 1965 et
2693 1907 2917 1962 Judaeos
2948 1905 3003 1958 in
3032 1900 3356 1957 defensione
3384 1897 3511 1952 (idei

244 1999 486 2052 prorsus.
510 1987 719 2044 Deinde
741 2005 808 2045 ex
832 1992 946 2060 ipsa
970 1991 1077 2048 Nili
1100 1997 1334 2065 epistola
1363 1997 1808 2054 Cantacuzenum
1913 2006 2243 2063 Christianae
2288 2002 2574 2066 adhibuit,
2615 2001 2741 2056 ideo
2777 1996 3048 2053 dissimile
3074 2000 3181 2057 est,
3218 1990 3349 2061 quia
3395 1988 3511 2043 illic

243 2076 407 2143 huius
448 2076 691 2135 historia:
735 2092 1038 2151 parentem,
1065 2094 1122 2140 et
1154 2088 1502 2142 conditorem
1534 2105 1654 2145 esse
1687 2086 1812 2161 per-
1915 2100 2221 2171 disputatio
2252 2086 2507 2168 quadam
2539 2103 2831 2165 perpetua,
2865 2101 2918 2146 et
2954 2088 3249 2143 dialectica
3288 2083 3515 2155 ροιῖηεῑ

241 2168 490 2236 spicuum
523 2170 604 2226 ﬁt.
636 2172 731 2227 llla
761 2175 908 2229 enim
930 2177 1133 2242 verba,
1154 2178 1262 2232 Καὶ
1291 2182 1380 2235 ὅτε
1410 2183 1519 2253 γὰρ
1561 2183 1630 2236 τὰ
1654 2186 1814 2239 κοινὰ

1958 2168 2021 2251 ἰο-
2057 2193 2307 2248 narratio
2367 2190 2591 2253 diﬂ‘usa,
2660 2194 2718 2241 et
2781 2182 3107 2239 continuata
3164 2175 3510 2245 suscipitur;

242 2262 499 2328 διετέλεις
532 2266 807 2335 πράττων,
853 2271 1093 2341 σωτηρία
1130 2276 1244 2336 τοῖς
1279 2276 1598 2345 πράγμασιν
1626 2274 1771 2348 ἦσθα
1794 2298 1809 2314 ο

1954 2289 2152 2343 roinde
2188 2293 2249 2339 ut
2284 2284 2389 2339 alia
2422 2281 2526 2343 ibi,
2555 2280 2662 2335 alia
2699 2278 2790 2332 hic
2817 2275 2889 2330 sit
2919 2273 3110 2336 facies,
3141 2276 3510 2360 necesseiest.

243 2357 335 2406 καὶ
362 2355 459 2408 νῦν
482 2357 683 2412 σαυτοῦ
724 2362 985 2429 γεγονὼς,
1018 2364 1279 2432 ἀληθείας
1317 2369 1426 2422 Καὶ
1462 2370 1815 2444 δικαιοσύνης

1951 2384 2012 2437 lla
2046 2380 2274 2435 demum
2313 2376 2412 2431 lib.
2451 2390 2527 2439 1v,
2561 2387 2682 2441 cap.
2718 2368 2790 2423 24
2819 2379 2876 2423 et
2919 2365 3012 2427 ΞΗ,
3045 2363 3317 2419 adversus
3349 2359 3514 2413 Nice-

246 2448 594 2520 παράδειγμα
640 2451 732 2505 τὸν
774 2454 889 2523 βίον
924 2457 1268 2525 κατέστησας
1302 2462 1395 2514 τὸν
1446 2462 1647 2516 σαυτοῦ
1677 2482 1688 2495 ·
1733 2465 1813 2520 Tu

1957 2477 2155 2529 horum
2182 2468 2491 2535 Gregoram'
2517 2467 2691 2521 multa
2726 2478 2853 2519 cum
2885 2456 3218 2517 acrimonia,
3254 2462 3313 2509 et
3335 2450 3516 2506 fusius

244 2541 381 2592 enim
399 2549 450 2593 et
476 2544 713 2611 quandiu
739 2549 945 2617 gessisti
978 2551 1371 2620 rempublicam,
1410 2555 1561 2609 salus
1606 2560 1816 2630 imperii
1919 2541 2099 2639 posita
2129 2569 2232 2635 (ne
2258 2563 2500 2634 amplius
2520 2560 2825 2615 verborum
2855 2555 2910 2609 in
2938 2569 2997 2608 re
3026 2563 3222 2621 parum
3257 2544 3517 2639 ambigua

244 2627 431 2731 (nisti:
481 2641 532 2685 et
591 2635 763 2704 hodie,
814 2647 1095 2708 postquam
1142 2645 1419 2714 defunctus
1466 2627 1690 2714 honore,
1740 2653 1816 2707 tui

1952 2627 2350 2727 onsumamus)
2401 2654 2693 2711 manifeste
2742 2650 2904 2705 nobis
2951 2645 3372 2714 astipulantur;
3420 2637 3516 2692 ubi

242 2724 404 2789 ipsius
438 2738 547 2777 esse
575 2724 871 2791 instituisti,
927 2732 1085 2784 vitam
1127 2749 1399 2804 moresque
1434 2744 1547 2789 tuos
1576 2739 1814 2793 veritatis
1920 2771 2032 2825 pra,
2084 2724 2468 2822 indignatione
2505 2744 2871 2800 dissimulata:
2907 2751 3160 2811 persona:
3204 2737 3517 2793 imlllemorv

244 2831 306 2867 ac
320 2816 545 2884 justitic
568 2820 1062 2894 exemplare/fecisti
1085 2842 1103 2879 :
1127 2827 1232 2893 hze,
1258 2830 1503 2900 inquam,
1525 2848 1687 2887 voces
1702 2850 1815 2888 non
1919 2816 2143 2899 ξςιυεςιιη
2207 2816 2376 2896 ξυεῃι
2412 2838 2732 2895 accuratius
2771 2834 2907 2902 agit.
2944 2843 3111 2900 quam
3144 2825 3288 2881 alius
3320 2837 3421 2894 pro
3451 2837 3521 2875 e0

242 2905 313 2958 ad
362 2908 633 2978 judicent,
677 2915 983 2982 consulem,
1028 2918 1352 2986 praefectum
1394 2922 1661 2993 aliquem,
1719 2926 1817 2985 sed
1920 2939 2124 3008 egisset
2157 2952 2172 2990 ;
2208 2933 2443 2993 tametsi
2476 2932 2530 2986 id
2568 2927 2925 3001 postmodum
2957 2920 3433 2980 animadverteris,
3467 2914 3521 2968 in

241 3001 593 3071 ³ί¹ιιηςιιιιω
628 3004 995 3063 ἀοωθεῑίουῐη
1027 3008 1294 3066 Joannem
1340 3012 1816 3084 Caulacuzenum,
1923 3001 2066 3085 viam
2142 3033 2368 3089 redeat,
2435 3035 2771 3091 rursumque
2828 3016 2937 3088 qui'
2993 3016 3099 3079 sit,
3167 3009 3525 3067 dissimulare

242 3095 398 3164 cujus
428 3098 947 3166 postAndronicum
980 3105 1273 3172 minorem,
1299 3110 1546 3178 quandiu
1580 3111 1627 3166 is
1654 3112 1816 3180 vixit,
1923 3122 2167 3179 studeat.
2344 3160 2373 3177 ο

242 3200 500 3256 suprema
530 3191 634 3246 fuit
668 3203 930 3260 potestas,
973 3205 1027 3251 et
1064 3181 1817 3275 imperatorimproximadn
1847 3206 1892 3264 ο
1999 3217 2264 3286 Sequitur
2292 3221 2354 3267 ut
2384 3211 2453 3265 de
2471 3206 2782 3266 (economia
2804 3203 3050 3259 breviter
3082 3208 3135 3256 te
3169 3211 3522 3255 maneamus.

243 3283 525 3347 omnibus.
558 3295 615 3339 el
660 3291 803 3356 apud
841 3304 1034 3346 omnes
1061 3295 1367 3350 auctoritas
1397 3312 1411 3348 :
1446 3297 1559 3352 imo
1593 3316 1721 3355 vero
1749 3302 1817 3356 ad
1901 3301 2022 3369 llis
2053 3283 2291 3380 quatuor
2313 3304 2473 3361 libris
2507 3317 2596 3357 res
2624 3299 2728 3354 sub
2762 3308 3000 3366 utroque
3024 3291 3366 3354 Andronico,
3418 3303 3525 3342 avo
3607 3334 3623 3342 -

246 3374 423 3442 ipsum
460 3393 662 3434 munus
692 3379 1131 3457 imperatorium,
1172 3389 1320 3459 quod
1353 3391 1498 3448 idem
1544 3394 1682 3450 citra
1720 3414 1821 3452 no-
1923 3414 1981 3462 et
2018 3374 2257 3472 nepote,
2310 3406 2369 3455 et
2420 3396 2524 3452 sub
2577 3392 2972 3448 Cantacuzeno
3031 3385 3271 3439 ﬁliorum
3305 3382 3527 3450 nepotis

248 3484 373 3524 men
406 3471 524 3535 diu,
562 3475 908 3541 postmodum
940 3490 995 3535 et
1027 3470 1107 3543 re,
1150 3492 1205 3538 et
1247 3487 1472 3542 nomine
1504 3490 1694 3545 multis
1720 3508 1820 3548 an-
1928 3470 2134 3559 tutore,
2169 3505 2337 3564 atque
2370 3489 2704 3559 imperatore
2748 3490 2918 3555 gestae
2950 3479 3320 3549 explanantur
3361 3490 3375 3528 :
3415 3474 3524 3537 sic,

246 3564 335 3619 nis
367 3566 800 3634 administravit,
835 3572 1156 3641 planissime
1204 3579 1488 3648 pertinent
1521 3600 1536 3637 :
1579 3584 1672 3654 qui
1711 3601 1821 3655 quo

1951 3603 1990 3646 ιι
2023 3589 2236 3660 primus
2266 3580 2600 3640 discordiam
2630 3617 2646 3641 ,
2672 3587 2728 3632 et
2767 3573 2909 3629 bella
2943 3572 3089 3626 inter
3134 3568 3523 3660 Andronicus:

249 3668 411 3726 pacto
447 3663 696 3731 σωτηρία
724 3663 833 3719 τῶν
862 3673 1211 3738 πραγμάτων
1245 3672 1433 3741 fuerit,
1482 3675 1714 3746 legendo
1746 3679 1825 3734 di-

1951 3658 2070 3738 llter
2098 3678 2396 3748 imperium
2429 3670 2664 3727 minoris
2703 3685 2717 3722 :
2751 3666 2951 3722 tertius
3004 3662 3212 3719 bellum
3253 3658 3530 3715 Cautacu-

248 3765 374 3806 sees
405 3796 415 3803 .
447 3762 505 3808 et
533 3754 673 3810 nihil
706 3757 895 3813 verius
925 3758 1033 3815 dici
1064 3762 1314 3831 potuisse
1349 3767 1680 3824 constitues.
1726 3770 1826 3826 llla
1929 3774 2052 3830 seni
2082 3786 2211 3828 cum
2271 3762 2752 3824 obtrectatoribus
2799 3755 3142 3814 et‘inimicis
3163 3793 3181 3818 ,
3214 3761 3531 3824 postremus

250 3842 507 3900 similiter
546 3845 600 3900 in
629 3863 791 3917 quem
839 3850 1030 3912 alium,
1072 3869 1279 3922 quzeso,
1321 3856 1430 3911 nisi
1466 3856 1520 3911 in
1551 3859 1824 3926 :eumdem

1951 3865 2180 3939 :jusdem
2207 3860 2436 3917 victoris
2464 3873 2532 3931 ac
2572 3852 3005 3924 triumphatoris
3042 3861 3294 3918 tempora
3345 3860 3533 3914 perse-

254 3937 547 4005 quadrant,
600 3941 802 4009 quibus
836 3958 962 3998 eum
1006 3943 1162 4002 Nilus
1195 3947 1266 4002 ab
1302 3950 1573 4021 exemplis
1603 3962 1827 4009 nostra-
1930 3937 2132 4035 quatur
2169 3979 2184 4015 ε
2229 3960 2289 4015 in
2346 3971 2460 4028 quo
2504 3953 2677 4010 etiam
2734 3949 3150 4011 subteruntur,
3211 3958 3349 4015 quae
3387 3943 3532 3997 inter

253 4028 412 4091 tium,
461 4043 888 4103 esterorumque
928 4036 1262 4108 scriptorum
1307 4040 1536 4111 incitat,
1581 4044 1659 4098 uti
1706 4055 1828 4101 acta

1951 4028 2201 4113 ioannem
2227 4050 2601 4118 Palaeologum
2624 4044 2933 4116 legitimum
2967 4037 3244 4094 haeredem
3271 4080 3286 4100 ,
3332 4045 3390 4090 et
3436 4040 3563 4104 pa-‘

250 4137 353 4176 sua
385 4125 660 4180 memoriae
688 4126 919 4213 ipsemet
947 4130 1179 4200 prodat?
1205 4134 1362 4187 Ἔστι
1401 4135 1459 4188 δὲ
1490 4136 1586 4190 καὶ
1618 4139 1701 4202 εἰς
1724 4155 1830 4193 πα-

1951 4149 2037 4204 .|’ts
2083 4144 2170 4200 sui
2198 4138 2502 4198 Andronici
2542 4148 2949 4197 successorem,
2980 4142 3352 4196 socerumque
3385 4125 3558 4181 Can-,

252 4216 529 4288 ράδειγμα
555 4219 655 4288 τὴν
693 4221 973 4292 ἡμετέραν
1005 4224 1242 4279 ἱκετείαν
1293 4227 1633 4296 ἀνενεγκεῖν.
1663 4231 1831 4285 Ἀντε

1951 4252 2266 4297 acuzeuum
2295 4273 2310 4294 ,
2365 4241 2424 4299 et
2459 4227 2710 4300 ejusdem
2758 4224 2935 4280 ﬁlium
2987 4223 3307 4278 Matthaeum
3355 4220 3533 4289 (cum

249 4309 364 4378 γᾴρ
394 4312 521 4373 τοὺς
573 4310 796 4379 ἔξωθεν,
842 4312 970 4367 ἄντε
1014 4319 1142 4381 τοὺς
1199 4318 1508 4392 ἡμετέρους
1553 4324 1835 4394 ἡγεμόνας

1951 4335 2136 4407 ιιιίῠιιε
2161 4328 2436 4385 ambobus
2463 4323 2756 4380 dissidinm
2798 4318 2849 4375 ei
2874 4315 3241 4385 intercessit)
3277 4313 3530 4407 contige-

254 4403 590 4474 ἑνθυμηοῇς,
641 4406 890 4477 οὐδαμῶς
939 4410 1216 4481 ἀτιμάσῃς
1257 4411 1356 4483 τὴν
1405 4415 1668 4486 ἱστορίαν.
1723 4419 1834 4472 Καὶ

1951 4403 2090 4483 amt.
2117 4420 2359 4478 Tametsi
2385 4427 2441 4473 et
2468 4417 2523 4471 in
2545 4414 2764 4470 duobus
2795 4410 3076 4482 prioribus
3108 4418 3216 4464 tam
3254 4405 3429 4461 multa
3459 4404 3530 4459 de

252 4495 403 4553 οὗτοι
430 4502 542 4570 γὰρ
584 4502 823 4556 κάκεῖνοι
848 4504 941 4557 ἐπὶ
963 4505 1023 4558 τὸ
1055 4508 1397 4579 συγγράφειν
1427 4511 1681 4581 καθῆκαν
1705 4514 1831 4568 ἑαυ-

1951 4521 2323 4577 Ξεηιεοιιιεηο
2350 4512 2781 4566 commemorata
2815 4510 2967 4567 sunt,
3009 4509 3071 4555 ut
3126 4500 3274 4572 quod
3313 4497 3368 4552 in
3403 4495 3526 4567 epi-

256 4592 406 4653 τιιίις,
433 4563 710 4663 οὐμικρὰ
759 4594 852 4648 τὸν
910 4563 1256 4669 ἀνθρὼπυινον
1287 4563 1404 4669 βίον
1544 4563 1832 4660 τ’τνᾷζὸύξῷν

1951 4563 2073 4669 stola
2106 4608 2265 4664 Nilus
2298 4605 2394 4668 ait,
2427 4616 2554 4657 eum
2591 4596 2920 4668 αὐτουργὸν,
2948 4595 3057 4651 hoc
3085 4603 3193 4660 est,
3236 4592 3408 4648 rebus
3443 4592 3527 4662 ip-

255 4683 475 4752 ὀνήσειν
504 4684 775 4754 οἰόμενοι·
810 4686 916 4742 Nec
940 4706 1060 4746 vero
1089 4701 1235 4746 caret
1268 4696 1531 4765 exentplo,
1561 4699 1705 4768 quod
1738 4700 1833 4754 abs
1934 4707 2129 4762 sismet
2164 4714 2352 4757 coram
2380 4740 2393 4763 ,
2426 4705 2489 4751 ut
2514 4704 2786 4755 actorem,
2813 4689 3085 4754 adfuisse,
3103 4704 3261 4759 aeque
3286 4689 3356 4744 de
3382 4689 3531 4754 illis,

258 4787 305 4829 te
327 4779 573 4847 petimus.
601 4776 807 4834 Etenim
832 4783 938 4835 sive
958 4782 1028 4836 ad
1052 4794 1316 4850 externos,
1335 4788 1445 4841 sive
1474 4792 1544 4842 ad
1569 4802 1836 4848 nostrates
1914 4781 1998 4852 :ut
2028 4794 2097 4851 de
2125 4788 2540 4862 posterioribus
2582 4781 3007 4854 intelligendum
3040 4779 3318 4835 videatur.

258 4870 377 4923 belli
401 4872 554 4924 duces
575 4871 844 4942 respicias,
868 4889 971 4927 non
999 4876 1195 4943 poteris
1213 4877 1310 4930 Itoc
1339 4894 1502 4949 genus
1530 4880 1837 4950 scriptionis

261 4977 610 5022 contemnere.
642 4966 843 5038 Quippe
860 4977 969 5022 tum
992 4969 1065 5032 hi,
1085 4977 1196 5024 tum
1221 4969 1305 5025 illi
1319 4972 1419 5025 huc
1440 4975 1645 5041 pariter
1666 4992 1722 5029 se
1743 4977 1838 5030 dc-

265 5064 541 5125 miserunl,
577 5076 678 5114 non
710 5077 899 5130 parum
929 5062 1050 5114 inde
1073 5064 1305 5117 humano
1327 5065 1506 5133 generi
1536 5068 1835 5122 consuitum

270 5153 335 5204 iri
374 5151 902 5223 arbitrantes.'Quid
929 5153 1076 5222 quod
1114 5154 1183 5210 de
1218 5170 1317 5209 sua
1353 5169 1478 5209 cum
1513 5155 1835 5213 Andronico

270 5244 707 5312 coniunctissima
752 5246 1177 5317 fidelissimaque
1238 5247 1484 5302 amicitia
1563 5250 1673 5320 (de
1725 5266 1833 5321 qua

271 5337 518 5406 equidem
570 5339 832 5409 cogitans,
871 5339 1032 5394 simul
1080 5340 1149 5396 de
1201 5340 1424 5396 Davidis
1480 5350 1535 5396 et
1585 5340 1836 5400 .lonathas

274 5428 675 5485 devinctissima
704 5409 1077 5487 familia'ritate
1104 5431 1285 5503 rogito
1312 5449 1327 5486 :
1362 5430 1428 5486 de
1462 5433 1666 5502 quibus
1696 5436 1834 5489 scri-

274 5529 420 5588 ptum
443 5522 671 5592 legimus
694 5542 706 5578 :
727 5525 922 5579 Anima
948 5510 1589 5599 Jonatlrdconglutinata
1615 5537 1690 5583 est
1711 5531 1836 5583 ani-

276 5631 368 5667 me
404 5614 657 5683 Doridis:
688 5627 734 5672 et
757 5617 943 5673 dilexit
975 5637 1093 5674 eum
1114 5686 1118 5691 _
1139 5622 1293 5692 quasi
1324 5623 1564 5676 animam
1598 5638 1752 5675 suam
1775 5623 1830 5688 ¹ς

276 5721 482 5763 rursum
519 5728 533 5765 :
567 5709 730 5765 Doleo
771 5728 932 5781 super
966 5720 1034 5776 te,
1067 5713 1235 5783 frater
1266 5715 1338 5767 mi
1370 5713 1625 5779 Jonatha,
1652 5714 1837 5769 decore

346 5870 563 5942 'lReg.
597 5886 762 5940 svnt,
802 5871 853 5925 ί.
934 5870 952 5901 ²
994 5868 1039 5925 ll
1087 5871 1203 5944 Reg
1273 5889 1310 5941 ι,
1360 5870 1452 5927 26.

2005 4887 2172 4942 Gesta
2208 4890 2341 4936 sunt
2364 4889 2550 4935 autem
2577 4875 2762 4933 omnia
2797 4874 2866 4930 ab
2912 4888 3061 4930 anno
3099 4881 3226 4943 post
3250 4870 3535 4928 Christum

1943 4989 2137 5036 natum
2175 4975 2472 5032 millesimo
2509 4968 2905 5026 trecentesimo
2931 4966 3199 5022 vicesimo
3230 4965 3433 5034 primo,
3465 4964 3537 5020 ad

1945 5084 2172 5127 annum.
2192 5066 2314 5137 plus
2366 5065 2551 5118 minus
2594 5059 3123 5130 quinquagesimum
3162 5068 3399 5123 nonum,
3435 5072 3538 5110 an~

1944 5164 2034 5218 nis
2063 5162 2329 5217 nimirum
2358 5156 2579 5226 triginta
2601 5168 2827 5217 novem,
2853 5162 2950 5206 aut
2986 5150 3233 5207 circiter.
3270 5149 3363 5205 Sic
3387 5148 3536 5226 enim

1946 5255 2221 5310 rationem
2258 5249 2649 5325 subducimus.
2687 5243 2921 5300 Michael
2955 5241 3296 5312 Palaeologus
3325 5240 3539 5311 collega

1946 5348 2119 5418 patris
2148 5345 2232 5399 sui
2261 5342 2563 5399 Andronici
2591 5349 2848 5394 mortuus
2866 5346 2954 5392 est
2982 5336 3281 5400 millesimo
3315 5344 3541 5390 trecen-

1946 5440 2143 5494 tesimo
2167 5437 2430 5492 vicesimo
2452 5433 2656 5505 primo.
2686 5430 2893 5486 Eodem
2913 5429 3036 5499 ipso
3056 5442 3203 5483 anno
3232 5427 3301 5499 (si
3328 5440 3358 5479 a
3383 5424 3543 5480 Sem-

1946 5531 2146 5587 tembri
2178 5531 2351 5585 ducas
2371 5530 2502 5583 anni
2538 5525 2802 5589 initium,
2840 5520 3115 5578 ut'Grieci
3161 5516 3380 5588 dicunt)
3422 5518 3542 5573 bel-

1944 5622 2058 5676 lum
2120 5621 2265 5676 inter
2295 5634 2457 5674 avum
2500 5628 2558 5673 et
2607 5625 2864 5688 nepotem
2917 5614 3164 5677 exarsit,
3206 5610 3540 5681 duravitque

1946 5713 2295 5779 sexennium,
2333 5721 2388 5768 et
2411 5726 2656 5766 mensem
2708 5725 2902 5777 unum,
2963 5713 3023 5761 ut
3080 5705 3137 5759 in
3195 5704 3347 5773 calce
3408 5702 3561 5760 libri.
