  <div class='ocr_page' id='page_1' title='image "/cluster/home/n/w/nwhite01/storage/ocr_20150623/153:no.1/coo.31924054870583/019.png"; bbox 0 0 3962 6508; ppageno 0'>
   <div class='ocr_carea' id='block_1_1' title="bbox 426 339 3727 408">
    <p class='ocr_par' dir='ltr' id='par_1_1' title="bbox 426 339 3727 408">
     <span class='ocr_line' id='line_1_1' title="bbox 426 339 3727 408; baseline 0 -1"><span class='ocrx_word' id='word_1_1' title='bbox 426 343 500 408; x_wconf 80' lang='grc'>23</span> <span class='ocrx_word' id='word_1_2' title='bbox 1342 392 1348 407; x_wconf 86' lang='grc'><strong>.</strong></span> <span class='ocrx_word' id='word_1_3' title='bbox 1536 339 1881 404; x_wconf 75' lang='lat' dir='ltr'><strong>JOANNES</strong></span> <span class='ocrx_word' id='word_1_4' title='bbox 1911 342 2153 403; x_wconf 79' lang='lat' dir='ltr'><strong>CANTA</strong></span> <span class='ocrx_word' id='word_1_5' title='bbox 2164 344 2540 408; x_wconf 86' lang='lat' dir='ltr'><strong>CUZENUS.</strong></span> <span class='ocrx_word' id='word_1_6' title='bbox 3652 344 3727 407; x_wconf 57' lang='lat' dir='ltr'><strong>Ei</strong></span> 
     </span>
    </p>
   </div>
   <div class='ocr_carea' id='block_1_2' title="bbox 425 454 3780 529">
    <p class='ocr_par' dir='ltr' id='par_1_2' title="bbox 425 454 3780 529">
     <span class='ocr_line' id='line_1_2' title="bbox 425 454 3780 529; baseline 0 -18"><span class='ocrx_word' id='word_1_7' title='bbox 425 457 591 526; x_wconf 80' lang='lat' dir='ltr'><strong>primi</strong></span> <span class='ocrx_word' id='word_1_8' title='bbox 621 455 855 513; x_wconf 85' lang='lat' dir='ltr'><strong>relatum</strong></span> <span class='ocrx_word' id='word_1_9' title='bbox 882 463 987 512; x_wconf 86' lang='lat' dir='ltr'><strong>est.</strong></span> <span class='ocrx_word' id='word_1_10' title='bbox 1007 455 1167 511; x_wconf 80' lang='lat' dir='ltr'><strong>Victo</strong></span> <span class='ocrx_word' id='word_1_11' title='bbox 1201 470 1336 518; x_wconf 90' lang='lat' dir='ltr'><strong>avo,</strong></span> <span class='ocrx_word' id='word_1_12' title='bbox 1384 470 1560 523; x_wconf 83' lang='lat' dir='ltr'><strong>nepos</strong></span> <span class='ocrx_word' id='word_1_13' title='bbox 1593 457 1745 509; x_wconf 83' lang='lat' dir='ltr'><strong>solus</strong></span> <span class='ocrx_word' id='word_1_14' title='bbox 1794 454 2015 526; x_wconf 72' lang='lat' dir='ltr'><strong>pnefuit</strong></span> <span class='ocrx_word' id='word_1_15' title='bbox 2048 463 2088 514; x_wconf 80' lang='grc' dir='ltr'><strong>Α</strong></span> <span class='ocrx_word' id='word_1_16' title='bbox 2119 456 2224 512; x_wconf 86' lang='lat' dir='ltr'><strong>Sed</strong></span> <span class='ocrx_word' id='word_1_17' title='bbox 2249 458 2408 529; x_wconf 87' lang='lat' dir='ltr'><strong>juvat.</strong></span> <span class='ocrx_word' id='word_1_18' title='bbox 2470 457 2645 527; x_wconf 89' lang='lat' dir='ltr'><strong>ipsius</strong></span> <span class='ocrx_word' id='word_1_19' title='bbox 2688 454 3063 515; x_wconf 87' lang='lat' dir='ltr'><strong>Cantacuzeni</strong></span> <span class='ocrx_word' id='word_1_20' title='bbox 3111 454 3282 511; x_wconf 80' lang='lat' dir='ltr'><strong>verba</strong></span> <span class='ocrx_word' id='word_1_21' title='bbox 3337 455 3611 526; x_wconf 84' lang='lat' dir='ltr'><strong>proferre</strong></span> <span class='ocrx_word' id='word_1_22' title='bbox 3662 457 3726 513; x_wconf 89' lang='lat' dir='ltr'><strong>in</strong></span> <span class='ocrx_word' id='word_1_23' title='bbox 3775 492 3780 499; x_wconf 63' lang='grc' dir='ltr'><strong><em>η</em></strong></span> 
     </span>
    </p>
   </div>
   <div class='ocr_carea' id='block_1_3' title="bbox 427 543 3721 621">
    <p class='ocr_par' dir='ltr' id='par_1_3' title="bbox 427 543 3721 621">
     <span class='ocr_line' id='line_1_3' title="bbox 427 543 3721 621; baseline -0.001 -16"><span class='ocrx_word' id='word_1_24' title='bbox 427 550 660 620; x_wconf 87' lang='lat' dir='ltr'><strong>imperio</strong></span> <span class='ocrx_word' id='word_1_25' title='bbox 691 553 854 604; x_wconf 90' lang='lat' dir='ltr'><strong>annls</strong></span> <span class='ocrx_word' id='word_1_26' title='bbox 890 547 1107 617; x_wconf 77' lang='lat' dir='ltr'><strong>viginti.</strong></span> <span class='ocrx_word' id='word_1_27' title='bbox 1147 547 1192 601; x_wconf 92' lang='lat' dir='ltr'><strong>si</strong></span> <span class='ocrx_word' id='word_1_28' title='bbox 1259 562 1452 602; x_wconf 87' lang='lat' dir='ltr'><strong>verum</strong></span> <span class='ocrx_word' id='word_1_29' title='bbox 1481 548 1676 603; x_wconf 84' lang='lat' dir='ltr'><strong>scribit</strong></span> <span class='ocrx_word' id='word_1_30' title='bbox 1707 547 2001 618; x_wconf 84' lang='lat' dir='ltr'><strong>Gregoras.</strong></span> <span class='ocrx_word' id='word_1_31' title='bbox 2112 549 2381 615; x_wconf 87' lang='lat' dir='ltr'><strong>medium,</strong></span> <span class='ocrx_word' id='word_1_32' title='bbox 2423 566 2487 605; x_wconf 71' lang='lat' dir='ltr'><strong>ex</strong></span> <span class='ocrx_word' id='word_1_33' title='bbox 2538 549 2670 605; x_wconf 88' lang='lat' dir='ltr'><strong>libri</strong></span> <span class='ocrx_word' id='word_1_34' title='bbox 2711 543 2894 621; x_wconf 82' lang='lat' dir='ltr'><strong>quarti</strong></span> <span class='ocrx_word' id='word_1_35' title='bbox 2938 548 3117 617; x_wconf 82' lang='lat' dir='ltr'><strong>capite</strong></span> <span class='ocrx_word' id='word_1_36' title='bbox 3167 548 3444 603; x_wconf 88' lang='lat' dir='ltr'><strong>vicesimo</strong></span> <span class='ocrx_word' id='word_1_37' title='bbox 3475 558 3721 618; x_wconf 79' lang='lat' dir='ltr'><strong>quarto,</strong></span> 
     </span>
    </p>
   </div>
   <div class='ocr_carea' id='block_1_4' title="bbox 422 640 3724 713">
    <p class='ocr_par' dir='ltr' id='par_1_4' title="bbox 422 640 3724 713">
     <span class='ocr_line' id='line_1_4' title="bbox 422 640 3724 713; baseline -0 -17"><span class='ocrx_word' id='word_1_38' title='bbox 422 644 542 709; x_wconf 79' lang='lat' dir='ltr'><strong>Quo</strong></span> <span class='ocrx_word' id='word_1_39' title='bbox 571 658 601 697; x_wconf 91' lang='lat' dir='ltr'><strong>e</strong></span> <span class='ocrx_word' id='word_1_40' title='bbox 647 642 789 696; x_wconf 84' lang='lat' dir='ltr'><strong>vivis</strong></span> <span class='ocrx_word' id='word_1_41' title='bbox 857 641 1117 701; x_wconf 88' lang='lat' dir='ltr'><strong>sublato,</strong></span> <span class='ocrx_word' id='word_1_42' title='bbox 1184 641 1519 710; x_wconf 85' lang='lat' dir='ltr'><strong>pupillorum</strong></span> <span class='ocrx_word' id='word_1_43' title='bbox 1560 640 1786 695; x_wconf 93' lang='lat' dir='ltr'><strong>tutelam</strong></span> <span class='ocrx_word' id='word_1_44' title='bbox 1839 643 2006 711; x_wconf 84' lang='lat' dir='ltr'><strong>gessit</strong></span> <span class='ocrx_word' id='word_1_45' title='bbox 2110 643 2277 704; x_wconf 82' lang='lat' dir='ltr'><strong>unde,</strong></span> <span class='ocrx_word' id='word_1_46' title='bbox 2322 643 2601 713; x_wconf 89' lang='lat' dir='ltr'><strong>quomodo</strong></span> <span class='ocrx_word' id='word_1_47' title='bbox 2633 659 2693 699; x_wconf 89' lang='lat' dir='ltr'><strong>se</strong></span> <span class='ocrx_word' id='word_1_48' title='bbox 2744 643 2981 712; x_wconf 77' lang='lat' dir='ltr'><strong>gesserit</strong></span> <span class='ocrx_word' id='word_1_49' title='bbox 3016 643 3072 696; x_wconf 91' lang='lat' dir='ltr'><strong>in</strong></span> <span class='ocrx_word' id='word_1_50' title='bbox 3125 640 3366 696; x_wconf 82' lang='lat' dir='ltr'><strong>Historia</strong></span> <span class='ocrx_word' id='word_1_51' title='bbox 3404 641 3724 697; x_wconf 87' lang='lat' dir='ltr'><strong>scribenda</strong></span> 
     </span>
    </p>
   </div>
   <div class='ocr_carea' id='block_1_5' title="bbox 421 724 3727 806">
    <p class='ocr_par' dir='ltr' id='par_1_5' title="bbox 421 724 3727 806">
     <span class='ocr_line' id='line_1_5' title="bbox 421 724 3727 806; baseline -0 -19"><span class='ocrx_word' id='word_1_52' title='bbox 421 735 861 794; x_wconf 80' lang='lat' dir='ltr'><strong>Cautacnzenus.</strong></span> <span class='ocrx_word' id='word_1_53' title='bbox 896 735 986 787; x_wconf 80' lang='lat' dir='ltr'><strong>vix</strong></span> <span class='ocrx_word' id='word_1_54' title='bbox 1013 750 1242 791; x_wconf 79' lang='lat' dir='ltr'><strong>auntnn,</strong></span> <span class='ocrx_word' id='word_1_55' title='bbox 1267 742 1323 788; x_wconf 93' lang='lat' dir='ltr'><strong>ut</strong></span> <span class='ocrx_word' id='word_1_56' title='bbox 1353 733 1614 803; x_wconf 72' lang='lat' dir='ltr'><strong>colligere</strong></span> <span class='ocrx_word' id='word_1_57' title='bbox 1642 744 1766 788; x_wconf 85' lang='lat' dir='ltr'><strong>est:</strong></span> <span class='ocrx_word' id='word_1_58' title='bbox 1807 724 2006 787; x_wconf 80' lang='lat' dir='ltr'><strong>adver-</strong></span> <span class='ocrx_word' id='word_1_59' title='bbox 2109 734 2407 804; x_wconf 80' lang='lat' dir='ltr'><strong>Gregoras,</strong></span> <span class='ocrx_word' id='word_1_60' title='bbox 2446 735 2663 806; x_wconf 88' lang='lat' dir='ltr'><strong>liquido</strong></span> <span class='ocrx_word' id='word_1_61' title='bbox 2695 735 3107 805; x_wconf 85' lang='lat' dir='ltr'><strong>perspiciatur:</strong></span> <span class='ocrx_word' id='word_1_62' title='bbox 3147 734 3548 801; x_wconf 75' lang='lat' dir='ltr'><strong>Imperatorem</strong></span> <span class='ocrx_word' id='word_1_63' title='bbox 3596 748 3727 787; x_wconf 76' lang='lat' dir='ltr'><strong>vero</strong></span> 
     </span>
    </p>
   </div>
   <div class='ocr_carea' id='block_1_6' title="bbox 421 824 3725 899">
    <p class='ocr_par' dir='ltr' id='par_1_6' title="bbox 421 824 3725 899">
     <span class='ocr_line' id='line_1_6' title="bbox 421 824 3725 899; baseline -0.001 -18"><span class='ocrx_word' id='word_1_64' title='bbox 421 834 518 881; x_wconf 69' lang='lat' dir='ltr'><strong>suis</strong></span> <span class='ocrx_word' id='word_1_65' title='bbox 556 840 720 894; x_wconf 86' lang='lat' dir='ltr'><strong>quem</strong></span> <span class='ocrx_word' id='word_1_66' title='bbox 770 825 973 879; x_wconf 87' lang='lat' dir='ltr'><strong>deinde</strong></span> <span class='ocrx_word' id='word_1_67' title='bbox 1012 836 1072 878; x_wconf 90' lang='lat' dir='ltr'><strong>ut</strong></span> <span class='ocrx_word' id='word_1_68' title='bbox 1103 832 1396 894; x_wconf 74' lang='lat' dir='ltr'><strong>tyrannum</strong></span> <span class='ocrx_word' id='word_1_69' title='bbox 1436 826 1658 877; x_wconf 80' lang='lat' dir='ltr'><strong>nomine</strong></span> <span class='ocrx_word' id='word_1_70' title='bbox 1694 824 1874 877; x_wconf 80' lang='lat' dir='ltr'><strong>viduze</strong></span> <span class='ocrx_word' id='word_1_71' title='bbox 1906 824 2007 877; x_wconf 85' lang='lat' dir='ltr'><strong>im-</strong></span> <span class='ocrx_word' id='word_1_72' title='bbox 2107 827 2578 892; x_wconf 79' lang='lat' dir='ltr'><strong>Cantacuzenum,</strong></span> <span class='ocrx_word' id='word_1_73' title='bbox 2631 838 2912 899; x_wconf 75' lang='lat' dir='ltr'><strong>postquam</strong></span> <span class='ocrx_word' id='word_1_74' title='bbox 2938 826 3109 895; x_wconf 82' lang='lat' dir='ltr'><strong>ipsum</strong></span> <span class='ocrx_word' id='word_1_75' title='bbox 3159 844 3253 898; x_wconf 87' lang='lat' dir='ltr'><strong>per</strong></span> <span class='ocrx_word' id='word_1_76' title='bbox 3293 843 3348 882; x_wconf 77' lang='lat' dir='ltr'><strong>se</strong></span> <span class='ocrx_word' id='word_1_77' title='bbox 3385 827 3725 898; x_wconf 73' lang='lat' dir='ltr'><strong>deprimere.</strong></span> 
     </span>
    </p>
   </div>
   <div class='ocr_carea' id='block_1_7' title="bbox 422 906 3728 994">
    <p class='ocr_par' dir='ltr' id='par_1_7' title="bbox 422 906 3728 994">
     <span class='ocr_line' id='line_1_7' title="bbox 422 906 3728 994; baseline -0.003 -23"><span class='ocrx_word' id='word_1_78' title='bbox 422 918 735 986; x_wconf 75' lang='lat' dir='ltr'><strong>pet-atricis,</strong></span> <span class='ocrx_word' id='word_1_79' title='bbox 783 927 840 971; x_wconf 88' lang='lat' dir='ltr'><strong>et</strong></span> <span class='ocrx_word' id='word_1_80' title='bbox 870 917 1109 971; x_wconf 84' lang='lat' dir='ltr'><strong>liberum</strong></span> <span class='ocrx_word' id='word_1_81' title='bbox 1160 918 1278 985; x_wconf 90' lang='lat' dir='ltr'><strong>ejus</strong></span> <span class='ocrx_word' id='word_1_82' title='bbox 1311 918 1514 970; x_wconf 86' lang='lat' dir='ltr'><strong>bellum</strong></span> <span class='ocrx_word' id='word_1_83' title='bbox 1559 906 2004 972; x_wconf 81' lang='lat' dir='ltr'><strong>administratum</strong></span> <span class='ocrx_word' id='word_1_84' title='bbox 2080 916 2272 992; x_wconf 73' lang='lat' dir='ltr'><strong>&#39;atque</strong></span> <span class='ocrx_word' id='word_1_85' title='bbox 2298 931 2530 977; x_wconf 79' lang='lat' dir='ltr'><strong>evertere</strong></span> <span class='ocrx_word' id='word_1_86' title='bbox 2570 940 2676 977; x_wconf 88' lang='lat' dir='ltr'><strong>non</strong></span> <span class='ocrx_word' id='word_1_87' title='bbox 2722 925 2913 994; x_wconf 86' lang='lat' dir='ltr'><strong>potuit,</strong></span> <span class='ocrx_word' id='word_1_88' title='bbox 2943 922 3370 993; x_wconf 70' lang='lat' dir='ltr'><strong>Palmologorum</strong></span> <span class='ocrx_word' id='word_1_89' title='bbox 3409 923 3728 992; x_wconf 72' lang='lat' dir='ltr'><strong>imperata-</strong></span> 
     </span>
    </p>
   </div>
   <div class='ocr_carea' id='block_1_8' title="bbox 419 1009 3726 1086">
    <p class='ocr_par' dir='ltr' id='par_1_8' title="bbox 419 1009 3726 1086">
     <span class='ocr_line' id='line_1_8' title="bbox 419 1009 3726 1086; baseline 0.001 -23"><span class='ocrx_word' id='word_1_90' title='bbox 419 1021 504 1063; x_wconf 84' lang='lat' dir='ltr'><strong>est</strong></span> <span class='ocrx_word' id='word_1_91' title='bbox 554 1009 714 1063; x_wconf 86' lang='lat' dir='ltr'><strong>anuis</strong></span> <span class='ocrx_word' id='word_1_92' title='bbox 743 1010 1010 1078; x_wconf 86' lang='lat' dir='ltr'><strong>quinque.</strong></span> <span class='ocrx_word' id='word_1_93' title='bbox 1068 1009 1146 1062; x_wconf 85' lang='lat' dir='ltr'><strong>Eo</strong></span> <span class='ocrx_word' id='word_1_94' title='bbox 1183 1010 1334 1061; x_wconf 83' lang='lat' dir='ltr'><strong>linito</strong></span> <span class='ocrx_word' id='word_1_95' title='bbox 1382 1010 1822 1076; x_wconf 81' lang='lat' dir='ltr'><strong>Cantacuzenus,</strong></span> <span class='ocrx_word' id='word_1_96' title='bbox 1880 1009 2006 1063; x_wconf 70' lang='lat' dir='ltr'><strong>data</strong></span> <span class='ocrx_word' id='word_1_97' title='bbox 2111 1026 2230 1069; x_wconf 77' lang='lat' dir='ltr'><strong>rum</strong></span> <span class='ocrx_word' id='word_1_98' title='bbox 2281 1014 2477 1070; x_wconf 83' lang='lat' dir='ltr'><strong>bellum</strong></span> <span class='ocrx_word' id='word_1_99' title='bbox 2540 1024 2788 1070; x_wconf 87' lang='lat' dir='ltr'><strong>mutuum</strong></span> <span class='ocrx_word' id='word_1_100' title='bbox 2841 1030 2938 1085; x_wconf 89' lang='lat' dir='ltr'><strong>pro</strong></span> <span class='ocrx_word' id='word_1_101' title='bbox 2993 1023 3309 1086; x_wconf 82' lang='lat' dir='ltr'><strong>argumento</strong></span> <span class='ocrx_word' id='word_1_102' title='bbox 3351 1030 3628 1080; x_wconf 76' lang='lat' dir='ltr'><strong>sumens;</strong></span> <span class='ocrx_word' id='word_1_103' title='bbox 3675 1023 3726 1067; x_wconf 88' lang='lat' dir='ltr'><strong>et</strong></span> 
     </span>
    </p>
   </div>
   <div class='ocr_carea' id='block_1_9' title="bbox 420 1099 3727 1178">
    <p class='ocr_par' dir='ltr' id='par_1_9' title="bbox 420 1099 3727 1178">
     <span class='ocr_line' id='line_1_9' title="bbox 420 1099 3727 1178; baseline -0.003 -21"><span class='ocrx_word' id='word_1_104' title='bbox 420 1102 621 1157; x_wconf 73' lang='lat' dir='ltr'><strong>Joanni</strong></span> <span class='ocrx_word' id='word_1_105' title='bbox 674 1101 986 1170; x_wconf 66' lang='lat' dir='ltr'><strong>Palaeologo</strong></span> <span class='ocrx_word' id='word_1_106' title='bbox 1040 1101 1093 1155; x_wconf 91' lang='lat' dir='ltr'><strong>in</strong></span> <span class='ocrx_word' id='word_1_107' title='bbox 1152 1100 1565 1154; x_wconf 87' lang='lat' dir='ltr'><strong>matrimonium</strong></span> <span class='ocrx_word' id='word_1_108' title='bbox 1605 1099 1759 1162; x_wconf 82' lang='lat' dir='ltr'><strong>ﬁlia,</strong></span> <span class='ocrx_word' id='word_1_109' title='bbox 1814 1100 2004 1154; x_wconf 84' lang='lat' dir='ltr'><strong>decem</strong></span> <span class='ocrx_word' id='word_1_110' title='bbox 2111 1100 2668 1178; x_wconf 51' lang='lat' dir='ltr'><strong>partim‘ignomnzia</strong></span> <span class='ocrx_word' id='word_1_111' title='bbox 2703 1123 2885 1160; x_wconf 68' lang='lat' dir='ltr'><strong>rerum</strong></span> <span class='ocrx_word' id='word_1_112' title='bbox 2931 1118 3225 1178; x_wconf 54' lang='lat' dir='ltr'><strong>genarum,</strong></span> <span class='ocrx_word' id='word_1_113' title='bbox 3276 1107 3485 1176; x_wconf 66' lang='lat' dir='ltr'><strong>parum</strong></span> <span class='ocrx_word' id='word_1_114' title='bbox 3533 1106 3727 1174; x_wconf 63' lang='grc' dir='ltr'><strong>ςταεία</strong></span> 
     </span>
    </p>
   </div>
   <div class='ocr_carea' id='block_1_10' title="bbox 424 1193 3730 1269">
    <p class='ocr_par' dir='ltr' id='par_1_10' title="bbox 424 1193 3730 1269">
     <span class='ocr_line' id='line_1_10' title="bbox 424 1193 3730 1269; baseline -0.005 -4"><span class='ocrx_word' id='word_1_115' title='bbox 424 1194 602 1248; x_wconf 62' lang='grc' dir='ltr'><strong>δίηηῖηί</strong></span> <span class='ocrx_word' id='word_1_116' title='bbox 642 1195 711 1249; x_wconf 71' lang='lat' dir='ltr'><strong>ab</strong></span> <span class='ocrx_word' id='word_1_117' title='bbox 742 1210 810 1248; x_wconf 77' lang='grc' dir='ltr'><strong>θο</strong></span> <span class='ocrx_word' id='word_1_118' title='bbox 862 1193 1184 1263; x_wconf 62' lang='grc' dir='ltr'><strong>Ρλοῖδείίυτν</strong></span> <span class='ocrx_word' id='word_1_119' title='bbox 1221 1195 1425 1261; x_wconf 58' lang='grc' dir='ltr'><strong>(Ιιιίῧυθ</strong></span> <span class='ocrx_word' id='word_1_120' title='bbox 1476 1211 1645 1260; x_wconf 67' lang='lat' dir='ltr'><strong>PNK‘S</strong></span> <span class='ocrx_word' id='word_1_121' title='bbox 1688 1210 1744 1248; x_wconf 76' lang='lat'><strong>50</strong></span> <span class='ocrx_word' id='word_1_122' title='bbox 1788 1193 2006 1262; x_wconf 78' lang='lat' dir='ltr'><strong>imbcrii</strong></span> <span class='ocrx_word' id='word_1_123' title='bbox 2111 1209 2362 1269; x_wconf 84' lang='lat' dir='ltr'><strong>corrupta</strong></span> <span class='ocrx_word' id='word_1_124' title='bbox 2414 1201 2658 1262; x_wconf 81' lang='lat' dir='ltr'><strong>veritate,</strong></span> <span class='ocrx_word' id='word_1_125' title='bbox 2692 1215 2754 1252; x_wconf 85' lang='lat' dir='ltr'><strong>ac</strong></span> <span class='ocrx_word' id='word_1_126' title='bbox 2798 1198 2920 1252; x_wconf 70' lang='lat' dir='ltr'><strong>t‘otis</strong></span> <span class='ocrx_word' id='word_1_127' title='bbox 2974 1198 3170 1253; x_wconf 82' lang='lat' dir='ltr'><strong>viribus</strong></span> <span class='ocrx_word' id='word_1_128' title='bbox 3227 1196 3368 1252; x_wconf 76' lang='lat' dir='ltr'><strong>velut</strong></span> <span class='ocrx_word' id='word_1_129' title='bbox 3414 1197 3474 1250; x_wconf 81' lang='lat' dir='ltr'><strong>in</strong></span> <span class='ocrx_word' id='word_1_130' title='bbox 3532 1194 3730 1267; x_wconf 74' lang='lat' dir='ltr'><strong>fabula</strong></span> 
     </span>
    </p>
   </div>
   <div class='ocr_carea' id='block_1_11' title="bbox 422 1286 3729 1357">
    <p class='ocr_par' dir='ltr' id='par_1_11' title="bbox 422 1286 3729 1357">
     <span class='ocr_line' id='line_1_11' title="bbox 422 1286 3729 1357; baseline -0 -18"><span class='ocrx_word' id='word_1_131' title='bbox 422 1287 753 1357; x_wconf 78' lang='lat' dir='ltr'><strong>gubernatio</strong></span> <span class='ocrx_word' id='word_1_132' title='bbox 787 1302 913 1341; x_wconf 90' lang='lat' dir='ltr'><strong>eum</strong></span> <span class='ocrx_word' id='word_1_133' title='bbox 950 1289 1177 1340; x_wconf 84' lang='lat' dir='ltr'><strong>nomine</strong></span> <span class='ocrx_word' id='word_1_134' title='bbox 1220 1296 1439 1341; x_wconf 83' lang='lat' dir='ltr'><strong>maneat</strong></span> <span class='ocrx_word' id='word_1_135' title='bbox 1468 1304 1483 1341; x_wconf 88' lang='lat'><strong>:</strong></span> <span class='ocrx_word' id='word_1_136' title='bbox 1512 1302 1679 1356; x_wconf 83' lang='lat' dir='ltr'><strong>penes</strong></span> <span class='ocrx_word' id='word_1_137' title='bbox 1711 1287 1866 1340; x_wconf 88' lang='lat' dir='ltr'><strong>illum</strong></span> <span class='ocrx_word' id='word_1_138' title='bbox 1905 1301 2009 1339; x_wconf 89' lang='lat' dir='ltr'><strong>no-</strong></span> <span class='ocrx_word' id='word_1_139' title='bbox 2110 1289 2556 1342; x_wconf 81' lang='lat' dir='ltr'><strong>comminiscenda</strong></span> <span class='ocrx_word' id='word_1_140' title='bbox 2605 1290 2897 1350; x_wconf 77' lang='lat' dir='ltr'><strong>mentiens.</strong></span> <span class='ocrx_word' id='word_1_141' title='bbox 2935 1288 3123 1343; x_wconf 80' lang='lat' dir='ltr'><strong>deinde</strong></span> <span class='ocrx_word' id='word_1_142' title='bbox 3146 1288 3333 1341; x_wconf 82' lang='lat' dir='ltr'><strong>ordine</strong></span> <span class='ocrx_word' id='word_1_143' title='bbox 3351 1286 3425 1341; x_wconf 86' lang='lat' dir='ltr'><strong>ad</strong></span> <span class='ocrx_word' id='word_1_144' title='bbox 3476 1286 3729 1347; x_wconf 73' lang='lat' dir='ltr'><strong>bellum,</strong></span> 
     </span>
    </p>
   </div>
   <div class='ocr_carea' id='block_1_12' title="bbox 426 1379 3733 1450">
    <p class='ocr_par' dir='ltr' id='par_1_12' title="bbox 426 1379 3733 1450">
     <span class='ocr_line' id='line_1_12' title="bbox 426 1379 3733 1450; baseline 0 -21"><span class='ocrx_word' id='word_1_145' title='bbox 426 1396 549 1433; x_wconf 84' lang='lat' dir='ltr'><strong>men</strong></span> <span class='ocrx_word' id='word_1_146' title='bbox 584 1379 874 1442; x_wconf 78' lang='lat' dir='ltr'><strong>duntaxat,</strong></span> <span class='ocrx_word' id='word_1_147' title='bbox 906 1388 962 1432; x_wconf 82' lang='lat' dir='ltr'><strong>et</strong></span> <span class='ocrx_word' id='word_1_148' title='bbox 987 1379 1229 1448; x_wconf 80' lang='lat' dir='ltr'><strong>dignitas</strong></span> <span class='ocrx_word' id='word_1_149' title='bbox 1256 1379 1631 1447; x_wconf 88' lang='lat' dir='ltr'><strong>imperatoria,</strong></span> <span class='ocrx_word' id='word_1_150' title='bbox 1668 1379 1852 1433; x_wconf 91' lang='lat' dir='ltr'><strong>donec</strong></span> <span class='ocrx_word' id='word_1_151' title='bbox 1873 1387 2006 1431; x_wconf 68' lang='lat' dir='ltr'><strong>aetas</strong></span> <span class='ocrx_word' id='word_1_152' title='bbox 2111 1381 2251 1450; x_wconf 87' lang='lat' dir='ltr'><strong>quod</strong></span> <span class='ocrx_word' id='word_1_153' title='bbox 2282 1391 2467 1434; x_wconf 86' lang='lat' dir='ltr'><strong>nostra</strong></span> <span class='ocrx_word' id='word_1_154' title='bbox 2519 1382 2778 1434; x_wconf 84' lang='lat' dir='ltr'><strong>memoria</strong></span> <span class='ocrx_word' id='word_1_155' title='bbox 2821 1390 3008 1434; x_wconf 72' lang='lat' dir='ltr'><strong>contra</strong></span> <span class='ocrx_word' id='word_1_156' title='bbox 3039 1379 3479 1435; x_wconf 71' lang='lat' dir='ltr'><strong>Cantacuzrunm</strong></span> <span class='ocrx_word' id='word_1_157' title='bbox 3511 1379 3733 1431; x_wconf 69' lang='lat' dir='ltr'><strong>excita-</strong></span> 
     </span>
    </p>
   </div>
   <div class='ocr_carea' id='block_1_13' title="bbox 424 1469 3730 1549">
    <p class='ocr_par' dir='ltr' id='par_1_13' title="bbox 424 1469 3730 1549">
     <span class='ocr_line' id='line_1_13' title="bbox 424 1469 3730 1549; baseline -0 -26"><span class='ocrx_word' id='word_1_158' title='bbox 424 1480 761 1524; x_wconf 77' lang='lat' dir='ltr'><strong>tuatur‘eseat</strong></span> <span class='ocrx_word' id='word_1_159' title='bbox 817 1469 1041 1541; x_wconf 80' lang='lat' dir='ltr'><strong>(agebat</strong></span> <span class='ocrx_word' id='word_1_160' title='bbox 1098 1473 1244 1523; x_wconf 79' lang='lat' dir='ltr'><strong>enim</strong></span> <span class='ocrx_word' id='word_1_161' title='bbox 1316 1471 1556 1525; x_wconf 75' lang='lat' dir='ltr'><strong>Joannes</strong></span> <span class='ocrx_word' id='word_1_162' title='bbox 1623 1485 1829 1522; x_wconf 86' lang='lat' dir='ltr'><strong>annum</strong></span> <span class='ocrx_word' id='word_1_163' title='bbox 1894 1483 2004 1521; x_wconf 89' lang='lat' dir='ltr'><strong>non</strong></span> <span class='ocrx_word' id='word_1_164' title='bbox 2111 1483 2223 1527; x_wconf 78' lang='lat' dir='ltr'><strong>tum</strong></span> <span class='ocrx_word' id='word_1_165' title='bbox 2253 1484 2351 1537; x_wconf 71' lang='lat' dir='ltr'><strong>est,</strong></span> <span class='ocrx_word' id='word_1_166' title='bbox 2384 1490 2715 1549; x_wconf 72' lang='lat' dir='ltr'><strong>progressus,</strong></span> <span class='ocrx_word' id='word_1_167' title='bbox 2743 1483 2855 1526; x_wconf 87' lang='lat' dir='ltr'><strong>tum</strong></span> <span class='ocrx_word' id='word_1_168' title='bbox 2893 1473 3003 1528; x_wconf 84' lang='lat' dir='ltr'><strong>alia</strong></span> <span class='ocrx_word' id='word_1_169' title='bbox 3036 1472 3316 1543; x_wconf 75' lang='lat' dir='ltr'><strong>complura</strong></span> <span class='ocrx_word' id='word_1_170' title='bbox 3347 1472 3577 1525; x_wconf 76' lang='lat' dir='ltr'><strong>crimini</strong></span> <span class='ocrx_word' id='word_1_171' title='bbox 3605 1471 3730 1532; x_wconf 86' lang='lat' dir='ltr'><strong>dat,</strong></span> 
     </span>
    </p>
   </div>
   <div class='ocr_carea' id='block_1_14' title="bbox 425 1561 3731 1633">
    <p class='ocr_par' dir='ltr' id='par_1_14' title="bbox 425 1561 3731 1633">
     <span class='ocr_line' id='line_1_14' title="bbox 425 1561 3731 1633; baseline -0.003 -21"><span class='ocrx_word' id='word_1_172' title='bbox 425 1564 547 1630; x_wconf 81' lang='lat' dir='ltr'><strong>plus</strong></span> <span class='ocrx_word' id='word_1_173' title='bbox 578 1563 852 1617; x_wconf 88' lang='lat' dir='ltr'><strong>decimum</strong></span> <span class='ocrx_word' id='word_1_174' title='bbox 890 1563 1193 1631; x_wconf 81' lang='lat' dir='ltr'><strong>quintumi,</strong></span> <span class='ocrx_word' id='word_1_175' title='bbox 1229 1571 1417 1631; x_wconf 76' lang='lat' dir='ltr'><strong>postea</strong></span> <span class='ocrx_word' id='word_1_176' title='bbox 1451 1578 1507 1615; x_wconf 86' lang='lat' dir='ltr'><strong>se</strong></span> <span class='ocrx_word' id='word_1_177' title='bbox 1546 1562 1811 1631; x_wconf 80' lang='lat' dir='ltr'><strong>collegam</strong></span> <span class='ocrx_word' id='word_1_178' title='bbox 1835 1561 2009 1629; x_wconf 86' lang='lat' dir='ltr'><strong>patia—</strong></span> <span class='ocrx_word' id='word_1_179' title='bbox 2111 1570 2389 1622; x_wconf 69' lang='grc' dir='ltr'><strong>ερνυξιηεεε</strong></span> <span class='ocrx_word' id='word_1_180' title='bbox 2414 1609 2427 1630; x_wconf 67' lang='grc'>,</span> <span class='ocrx_word' id='word_1_181' title='bbox 2460 1568 2629 1622; x_wconf 52' lang='lat' dir='ltr'><strong>mdes</strong></span> <span class='ocrx_word' id='word_1_182' title='bbox 2653 1606 2669 1628; x_wconf 65' lang='grc'><em>,</em></span> <span class='ocrx_word' id='word_1_183' title='bbox 2743 1568 3126 1620; x_wconf 49' lang='lat' dir='ltr'><strong>uacillatione,</strong></span> <span class='ocrx_word' id='word_1_184' title='bbox 3155 1603 3171 1628; x_wconf 67' lang='lat'><strong>,</strong></span> <span class='ocrx_word' id='word_1_185' title='bbox 3226 1564 3635 1633; x_wconf 56' lang='grc' dir='ltr'><strong>ρορυιαιίοηεε,</strong></span> <span class='ocrx_word' id='word_1_186' title='bbox 3676 1573 3731 1617; x_wconf 63' lang='grc' dir='ltr'><strong><em>σε</em></strong></span> 
     </span>
    </p>
   </div>
   <div class='ocr_carea' id='block_1_15' title="bbox 426 1654 3731 1730">
    <p class='ocr_par' dir='ltr' id='par_1_15' title="bbox 426 1654 3731 1730">
     <span class='ocr_line' id='line_1_15' title="bbox 426 1654 3731 1730; baseline -0.003 -24"><span class='ocrx_word' id='word_1_187' title='bbox 426 1663 532 1706; x_wconf 69' lang='grc' dir='ltr'><strong>ιιιτ.</strong></span> <span class='ocrx_word' id='word_1_188' title='bbox 574 1654 751 1722; x_wconf 86' lang='lat' dir='ltr'><strong>llujus</strong></span> <span class='ocrx_word' id='word_1_189' title='bbox 776 1656 940 1723; x_wconf 88' lang='lat' dir='ltr'><strong>spatii</strong></span> <span class='ocrx_word' id='word_1_190' title='bbox 977 1657 1066 1707; x_wconf 82' lang='lat' dir='ltr'><strong>vix</strong></span> <span class='ocrx_word' id='word_1_191' title='bbox 1102 1656 1396 1709; x_wconf 85' lang='lat' dir='ltr'><strong>dimidium</strong></span> <span class='ocrx_word' id='word_1_192' title='bbox 1438 1655 1661 1709; x_wconf 85' lang='lat' dir='ltr'><strong>videtur</strong></span> <span class='ocrx_word' id='word_1_193' title='bbox 1679 1654 2007 1722; x_wconf 63' lang='lat' dir='ltr'><strong>explevisse,</strong></span> <span class='ocrx_word' id='word_1_194' title='bbox 2113 1676 2442 1730; x_wconf 71' lang='lat' dir='ltr'><strong>quwcunque</strong></span> <span class='ocrx_word' id='word_1_195' title='bbox 2472 1659 2727 1724; x_wconf 64' lang='lat' dir='ltr'><strong>Romani;</strong></span> <span class='ocrx_word' id='word_1_196' title='bbox 2758 1675 2852 1727; x_wconf 79' lang='lat' dir='ltr'><strong>per</strong></span> <span class='ocrx_word' id='word_1_197' title='bbox 2879 1660 2934 1711; x_wconf 69' lang='lat' dir='ltr'><strong>id</strong></span> <span class='ocrx_word' id='word_1_198' title='bbox 2979 1657 3174 1711; x_wconf 70' lang='lat' dir='ltr'><strong>bellum</strong></span> <span class='ocrx_word' id='word_1_199' title='bbox 3215 1656 3464 1711; x_wconf 65' lang='lat' dir='ltr'><strong>luctuosa</strong></span> <span class='ocrx_word' id='word_1_200' title='bbox 3510 1656 3731 1709; x_wconf 63' lang='lat' dir='ltr'><strong>incide-</strong></span> 
     </span>
    </p>
   </div>
   <div class='ocr_carea' id='block_1_16' title="bbox 426 1747 3729 1817">
    <p class='ocr_par' dir='ltr' id='par_1_16' title="bbox 426 1747 3729 1817">
     <span class='ocr_line' id='line_1_16' title="bbox 426 1747 3729 1817; baseline -0.003 -20"><span class='ocrx_word' id='word_1_201' title='bbox 426 1760 611 1799; x_wconf 90' lang='lat' dir='ltr'><strong>rerum</strong></span> <span class='ocrx_word' id='word_1_202' title='bbox 647 1748 808 1817; x_wconf 80' lang='lat' dir='ltr'><strong>hujus</strong></span> <span class='ocrx_word' id='word_1_203' title='bbox 856 1748 1084 1809; x_wconf 87' lang='lat' dir='ltr'><strong>mundi,</strong></span> <span class='ocrx_word' id='word_1_204' title='bbox 1121 1759 1179 1802; x_wconf 87' lang='lat' dir='ltr'><strong>et</strong></span> <span class='ocrx_word' id='word_1_205' title='bbox 1226 1750 1474 1802; x_wconf 73' lang='lat' dir='ltr'><strong>adversae</strong></span> <span class='ocrx_word' id='word_1_206' title='bbox 1528 1747 1695 1801; x_wconf 84' lang='lat' dir='ltr'><strong>sortis</strong></span> <span class='ocrx_word' id='word_1_207' title='bbox 1731 1753 2009 1800; x_wconf 78' lang='lat' dir='ltr'><strong>renovata:</strong></span> <span class='ocrx_word' id='word_1_208' title='bbox 2045 1797 2087 1817; x_wconf 43' lang='grc' dir='ltr'><strong>ἢ</strong></span> <span class='ocrx_word' id='word_1_209' title='bbox 2115 1762 2261 1812; x_wconf 68' lang='lat' dir='ltr'><strong>mm,</strong></span> <span class='ocrx_word' id='word_1_210' title='bbox 2284 1752 2368 1805; x_wconf 71' lang='lat' dir='ltr'><strong>iui</strong></span> <span class='ocrx_word' id='word_1_211' title='bbox 2392 1752 2689 1814; x_wconf 68' lang='grc' dir='ltr'><strong>αεσι-ξθεηε,</strong></span> <span class='ocrx_word' id='word_1_212' title='bbox 2748 1760 2860 1804; x_wconf 61' lang='lat' dir='ltr'><strong>tum</strong></span> <span class='ocrx_word' id='word_1_213' title='bbox 2889 1750 2949 1803; x_wconf 76' lang='lat' dir='ltr'><strong>ob</strong></span> <span class='ocrx_word' id='word_1_214' title='bbox 2987 1765 3223 1804; x_wconf 64' lang='lat' dir='ltr'><strong>amorem</strong></span> <span class='ocrx_word' id='word_1_215' title='bbox 3251 1748 3604 1812; x_wconf 57' lang='lat' dir='ltr'><strong>dominandi,</strong></span> <span class='ocrx_word' id='word_1_216' title='bbox 3632 1749 3729 1802; x_wconf 67' lang='lat' dir='ltr'><strong>im.</strong></span> 
     </span>
    </p>
   </div>
   <div class='ocr_carea' id='block_1_17' title="bbox 421 1835 3726 1916">
    <p class='ocr_par' dir='ltr' id='par_1_17' title="bbox 421 1835 3726 1916">
     <span class='ocr_line' id='line_1_17' title="bbox 421 1835 3726 1916; baseline -0.004 -13"><span class='ocrx_word' id='word_1_217' title='bbox 421 1840 661 1903; x_wconf 69' lang='grc' dir='ltr'><strong>(ὶιιοάωιι</strong></span> <span class='ocrx_word' id='word_1_218' title='bbox 692 1841 875 1894; x_wconf 53' lang='lat' dir='ltr'><strong>udi&quot;-</strong></span> <span class='ocrx_word' id='word_1_219' title='bbox 924 1842 1055 1907; x_wconf 61' lang='grc' dir='ltr'><strong>Ουέιθ</strong></span> <span class='ocrx_word' id='word_1_220' title='bbox 1090 1843 1206 1908; x_wconf 69' lang='lat' dir='ltr'><strong>iPSO</strong></span> <span class='ocrx_word' id='word_1_221' title='bbox 1258 1841 1362 1911; x_wconf 64' lang='lat' dir='ltr'><strong>iam</strong></span> <span class='ocrx_word' id='word_1_222' title='bbox 1419 1840 1689 1893; x_wconf 64' lang='grc' dir='ltr'><strong>ηὶοηειοιιο</strong></span> <span class='ocrx_word' id='word_1_223' title='bbox 1734 1839 1879 1893; x_wconf 65' lang='lat' dir='ltr'><strong>illi?!‘</strong></span> <span class='ocrx_word' id='word_1_224' title='bbox 1904 1838 2010 1892; x_wconf 61' lang='lat' dir='ltr'><strong>Pa‘</strong></span> <span class='ocrx_word' id='word_1_225' title='bbox 2044 1835 2088 1857; x_wconf 70' lang='grc' dir='ltr'><strong>ν</strong></span> <span class='ocrx_word' id='word_1_226' title='bbox 2116 1844 2437 1916; x_wconf 76' lang='lat' dir='ltr'><strong>perialisque</strong></span> <span class='ocrx_word' id='word_1_227' title='bbox 2468 1844 2670 1913; x_wconf 76' lang='lat' dir='ltr'><strong>fastigii</strong></span> <span class='ocrx_word' id='word_1_228' title='bbox 2702 1844 3006 1912; x_wconf 82' lang='lat' dir='ltr'><strong>cupidinem</strong></span> <span class='ocrx_word' id='word_1_229' title='bbox 3036 1839 3302 1894; x_wconf 83' lang='lat' dir='ltr'><strong>malorum</strong></span> <span class='ocrx_word' id='word_1_230' title='bbox 3330 1839 3561 1891; x_wconf 79' lang='lat' dir='ltr'><strong>illorum</strong></span> <span class='ocrx_word' id='word_1_231' title='bbox 3600 1835 3726 1891; x_wconf 72' lang='lat' dir='ltr'><strong>nul-</strong></span> 
     </span>
    </p>
   </div>
   <div class='ocr_carea' id='block_1_18' title="bbox 422 1929 3811 2011">
    <p class='ocr_par' dir='ltr' id='par_1_18' title="bbox 422 1929 3811 2011">
     <span class='ocr_line' id='line_1_18' title="bbox 422 1929 3811 2011; baseline -0.003 -28"><span class='ocrx_word' id='word_1_232' title='bbox 422 1932 710 2000; x_wconf 74' lang='lat' dir='ltr'><strong>la-ologum</strong></span> <span class='ocrx_word' id='word_1_233' title='bbox 780 1940 837 1986; x_wconf 84' lang='lat' dir='ltr'><strong>et</strong></span> <span class='ocrx_word' id='word_1_234' title='bbox 894 1933 1210 1987; x_wconf 70' lang='lat' dir='ltr'><strong>Matthueum</strong></span> <span class='ocrx_word' id='word_1_235' title='bbox 1292 1942 1479 1985; x_wconf 78' lang='lat' dir='ltr'><strong>secuta</strong></span> <span class='ocrx_word' id='word_1_236' title='bbox 1544 1940 1713 1994; x_wconf 88' lang='lat' dir='ltr'><strong>sunt,</strong></span> <span class='ocrx_word' id='word_1_237' title='bbox 1779 1930 2008 1983; x_wconf 87' lang='lat' dir='ltr'><strong>forsitan</strong></span> <span class='ocrx_word' id='word_1_238' title='bbox 2115 1938 2224 2011; x_wconf 66' lang='grc' dir='ltr'><strong>[αρι</strong></span> <span class='ocrx_word' id='word_1_239' title='bbox 2257 1939 2466 1991; x_wconf 60' lang='lat' dir='ltr'><strong>duxisse</strong></span> <span class='ocrx_word' id='word_1_240' title='bbox 2489 1939 2753 1991; x_wconf 65' lang='lat' dir='ltr'><strong>rationem</strong></span> <span class='ocrx_word' id='word_1_241' title='bbox 2790 1934 3054 2005; x_wconf 65' lang='lat' dir='ltr'><strong>afﬁrmat,</strong></span> <span class='ocrx_word' id='word_1_242' title='bbox 3092 1932 3240 1987; x_wconf 73' lang='lat' dir='ltr'><strong>Illud</strong></span> <span class='ocrx_word' id='word_1_243' title='bbox 3281 1942 3467 1986; x_wconf 62' lang='lat' dir='ltr'><strong>autem</strong></span> <span class='ocrx_word' id='word_1_244' title='bbox 3513 1929 3727 1986; x_wconf 69' lang='lat' dir='ltr'><strong>Canta-</strong></span> <span class='ocrx_word' id='word_1_245' title='bbox 3790 1936 3811 1946; x_wconf 82' lang='grc'><em>⁴</em></span> 
     </span>
    </p>
   </div>
   <div class='ocr_carea' id='block_1_19' title="bbox 425 2020 3731 2096">
    <p class='ocr_par' dir='ltr' id='par_1_19' title="bbox 425 2020 3731 2096">
     <span class='ocr_line' id='line_1_19' title="bbox 425 2020 3731 2096; baseline -0.001 -21"><span class='ocrx_word' id='word_1_246' title='bbox 425 2023 612 2087; x_wconf 85' lang='lat' dir='ltr'><strong>unius,</strong></span> <span class='ocrx_word' id='word_1_247' title='bbox 637 2034 731 2076; x_wconf 86' lang='lat' dir='ltr'><strong>aut</strong></span> <span class='ocrx_word' id='word_1_248' title='bbox 763 2027 1001 2077; x_wconf 88' lang='lat' dir='ltr'><strong>duorum</strong></span> <span class='ocrx_word' id='word_1_249' title='bbox 1043 2038 1317 2077; x_wconf 86' lang='lat' dir='ltr'><strong>annorum</strong></span> <span class='ocrx_word' id='word_1_250' title='bbox 1358 2021 1580 2076; x_wconf 87' lang='lat' dir='ltr'><strong>fuerunt</strong></span> <span class='ocrx_word' id='word_1_251' title='bbox 1613 2039 1628 2075; x_wconf 90' lang='lat'><strong>:</strong></span> <span class='ocrx_word' id='word_1_252' title='bbox 1663 2036 1786 2074; x_wconf 87' lang='lat' dir='ltr'><strong>nam</strong></span> <span class='ocrx_word' id='word_1_253' title='bbox 1821 2021 1876 2074; x_wconf 90' lang='lat' dir='ltr'><strong>iu</strong></span> <span class='ocrx_word' id='word_1_254' title='bbox 1923 2020 2009 2073; x_wconf 86' lang='lat' dir='ltr'><strong>his</strong></span> <span class='ocrx_word' id='word_1_255' title='bbox 2112 2040 2368 2082; x_wconf 60' lang='lat' dir='ltr'><strong>cunnum</strong></span> <span class='ocrx_word' id='word_1_256' title='bbox 2400 2027 2733 2096; x_wconf 75' lang='lat' dir='ltr'><strong>potissimum</strong></span> <span class='ocrx_word' id='word_1_257' title='bbox 2782 2024 3021 2088; x_wconf 77' lang='lat' dir='ltr'><strong>vellicat,</strong></span> <span class='ocrx_word' id='word_1_258' title='bbox 3069 2032 3119 2076; x_wconf 91' lang='lat' dir='ltr'><strong>et</strong></span> <span class='ocrx_word' id='word_1_259' title='bbox 3142 2037 3235 2076; x_wconf 82' lang='lat' dir='ltr'><strong>&#39;cor</strong></span> <span class='ocrx_word' id='word_1_260' title='bbox 3264 2022 3382 2088; x_wconf 82' lang='lat' dir='ltr'><strong>ejus</strong></span> <span class='ocrx_word' id='word_1_261' title='bbox 3414 2024 3553 2081; x_wconf 79' lang='lat' dir='ltr'><strong>urit,</strong></span> <span class='ocrx_word' id='word_1_262' title='bbox 3581 2021 3731 2086; x_wconf 70' lang='lat' dir='ltr'><strong>quod</strong></span> 
     </span>
    </p>
   </div>
   <div class='ocr_carea' id='block_1_20' title="bbox 385 2112 2010 2195">
    <p class='ocr_par' dir='ltr' id='par_1_20' title="bbox 385 2112 2009 2195">
     <span class='ocr_line' id='line_1_20' title="bbox 385 2112 2009 2195; baseline -0.002 -27"><span class='ocrx_word' id='word_1_263' title='bbox 385 2173 387 2177; x_wconf 28' lang='grc' dir='ltr'><strong><em>η</em></strong></span> <span class='ocrx_word' id='word_1_264' title='bbox 421 2115 571 2183; x_wconf 81' lang='lat' dir='ltr'><strong>quod</strong></span> <span class='ocrx_word' id='word_1_265' title='bbox 601 2130 700 2183; x_wconf 90' lang='lat' dir='ltr'><strong>pro</strong></span> <span class='ocrx_word' id='word_1_266' title='bbox 728 2125 882 2195; x_wconf 75' lang='lat' dir='ltr'><strong>certo</strong></span> <span class='ocrx_word' id='word_1_267' title='bbox 923 2115 1216 2176; x_wconf 85' lang='lat' dir='ltr'><strong>aﬂirmem,</strong></span> <span class='ocrx_word' id='word_1_268' title='bbox 1269 2130 1379 2167; x_wconf 88' lang='lat' dir='ltr'><strong>non</strong></span> <span class='ocrx_word' id='word_1_269' title='bbox 1420 2114 1620 2167; x_wconf 81' lang='lat' dir='ltr'><strong>habeo.</strong></span> <span class='ocrx_word' id='word_1_270' title='bbox 1657 2112 1770 2167; x_wconf 87' lang='lat' dir='ltr'><strong>llae</strong></span> <span class='ocrx_word' id='word_1_271' title='bbox 1794 2112 2009 2165; x_wconf 85' lang='lat' dir='ltr'><strong>ratione</strong></span> 
     </span>
    </p>
   </div>
   <div class='ocr_carea' id='block_1_21' title="bbox 2114 2112 3731 2195">
    <p class='ocr_par' dir='ltr' id='par_1_21' title="bbox 2114 2114 3731 2184">
     <span class='ocr_line' id='line_1_21' title="bbox 2114 2114 3731 2184; baseline -0.004 -11"><span class='ocrx_word' id='word_1_272' title='bbox 2114 2120 2394 2181; x_wconf 87' lang='lat' dir='ltr'><strong>mentitur,</strong></span> <span class='ocrx_word' id='word_1_273' title='bbox 2448 2135 2591 2184; x_wconf 87' lang='lat' dir='ltr'><strong>eum,</strong></span> <span class='ocrx_word' id='word_1_274' title='bbox 2655 2118 2827 2171; x_wconf 82' lang='lat' dir='ltr'><strong>adhuc</strong></span> <span class='ocrx_word' id='word_1_275' title='bbox 2879 2120 3085 2170; x_wconf 84' lang='lat' dir='ltr'><strong>vivente</strong></span> <span class='ocrx_word' id='word_1_276' title='bbox 3123 2115 3458 2173; x_wconf 80' lang='lat' dir='ltr'><strong>Andronico,</strong></span> <span class='ocrx_word' id='word_1_277' title='bbox 3510 2114 3731 2181; x_wconf 79' lang='lat' dir='ltr'><strong>imperii</strong></span> 
     </span>
    </p>
   </div>
   <div class='ocr_carea' id='block_1_22' title="bbox 420 2201 3729 2277">
    <p class='ocr_par' dir='ltr' id='par_1_22' title="bbox 420 2201 3729 2277">
     <span class='ocr_line' id='line_1_22' title="bbox 420 2201 3729 2277; baseline -0.002 -16"><span class='ocrx_word' id='word_1_278' title='bbox 420 2208 764 2277; x_wconf 81' lang='lat' dir='ltr'><strong>eolliguntur</strong></span> <span class='ocrx_word' id='word_1_279' title='bbox 809 2209 936 2260; x_wconf 81' lang='lat' dir='ltr'><strong>anni</strong></span> <span class='ocrx_word' id='word_1_280' title='bbox 983 2207 1226 2261; x_wconf 64' lang='lat' dir='ltr'><strong>historiae</strong></span> <span class='ocrx_word' id='word_1_281' title='bbox 1272 2207 1441 2276; x_wconf 81' lang='lat' dir='ltr'><strong>hujus</strong></span> <span class='ocrx_word' id='word_1_282' title='bbox 1501 2205 1731 2259; x_wconf 83' lang='lat' dir='ltr'><strong>circiter</strong></span> <span class='ocrx_word' id='word_1_283' title='bbox 1783 2203 2007 2274; x_wconf 81' lang='lat' dir='ltr'><strong>triginta</strong></span> <span class='ocrx_word' id='word_1_284' title='bbox 2109 2206 2339 2261; x_wconf 82' lang='lat' dir='ltr'><strong>Romani</strong></span> <span class='ocrx_word' id='word_1_285' title='bbox 2361 2205 2515 2277; x_wconf 88' lang='lat' dir='ltr'><strong>longe</strong></span> <span class='ocrx_word' id='word_1_286' title='bbox 2541 2204 3054 2276; x_wconf 83' lang='lat' dir='ltr'><strong>appetentissimum,</strong></span> <span class='ocrx_word' id='word_1_287' title='bbox 3086 2219 3205 2257; x_wconf 82' lang='lat' dir='ltr'><strong>cum</strong></span> <span class='ocrx_word' id='word_1_288' title='bbox 3249 2201 3304 2255; x_wconf 88' lang='lat' dir='ltr'><strong>id</strong></span> <span class='ocrx_word' id='word_1_289' title='bbox 3354 2203 3580 2271; x_wconf 75' lang='lat' dir='ltr'><strong>assequi</strong></span> <span class='ocrx_word' id='word_1_290' title='bbox 3618 2215 3729 2256; x_wconf 83' lang='lat' dir='ltr'><strong>non</strong></span> 
     </span>
    </p>
   </div>
   <div class='ocr_carea' id='block_1_23' title="bbox 421 2290 3725 2369">
    <p class='ocr_par' dir='ltr' id='par_1_23' title="bbox 421 2290 3725 2369">
     <span class='ocr_line' id='line_1_23' title="bbox 421 2290 3725 2369; baseline -0.003 -18"><span class='ocrx_word' id='word_1_291' title='bbox 421 2316 642 2356; x_wconf 83' lang='lat' dir='ltr'><strong>novem.</strong></span> <span class='ocrx_word' id='word_1_292' title='bbox 675 2299 751 2355; x_wconf 78' lang='lat' dir='ltr'><strong>Ex</strong></span> <span class='ocrx_word' id='word_1_293' title='bbox 780 2299 866 2354; x_wconf 86' lang='lat' dir='ltr'><strong>bis</strong></span> <span class='ocrx_word' id='word_1_294' title='bbox 906 2306 1075 2368; x_wconf 86' lang='lat' dir='ltr'><strong>patet,</strong></span> <span class='ocrx_word' id='word_1_295' title='bbox 1107 2309 1353 2367; x_wconf 88' lang='lat' dir='ltr'><strong>tempora</strong></span> <span class='ocrx_word' id='word_1_296' title='bbox 1387 2296 1688 2351; x_wconf 79' lang='lat' dir='ltr'><strong>Andronici</strong></span> <span class='ocrx_word' id='word_1_297' title='bbox 1718 2295 1963 2351; x_wconf 86' lang='lat' dir='ltr'><strong>.luuioris</strong></span> <span class='ocrx_word' id='word_1_298' title='bbox 1988 2336 2004 2359; x_wconf 88' lang='lat'><strong>,</strong></span> <span class='ocrx_word' id='word_1_299' title='bbox 2111 2305 2302 2369; x_wconf 74' lang='lat' dir='ltr'><strong>posset,</strong></span> <span class='ocrx_word' id='word_1_300' title='bbox 2345 2297 2414 2350; x_wconf 86' lang='lat' dir='ltr'><strong>ad</strong></span> <span class='ocrx_word' id='word_1_301' title='bbox 2440 2296 2726 2350; x_wconf 76' lang='lat' dir='ltr'><strong>monachos</strong></span> <span class='ocrx_word' id='word_1_302' title='bbox 2749 2295 2801 2348; x_wconf 86' lang='lat' dir='ltr'><strong>in</strong></span> <span class='ocrx_word' id='word_1_303' title='bbox 2831 2302 3009 2348; x_wconf 87' lang='lat' dir='ltr'><strong>monte</strong></span> <span class='ocrx_word' id='word_1_304' title='bbox 3040 2292 3197 2357; x_wconf 75' lang='lat' dir='ltr'><strong>Atlio,</strong></span> <span class='ocrx_word' id='word_1_305' title='bbox 3240 2292 3329 2361; x_wconf 85' lang='lat' dir='ltr'><strong>qui</strong></span> <span class='ocrx_word' id='word_1_306' title='bbox 3369 2291 3478 2344; x_wconf 80' lang='lat' dir='ltr'><strong>uiri</strong></span> <span class='ocrx_word' id='word_1_307' title='bbox 3521 2290 3725 2353; x_wconf 80' lang='lat' dir='ltr'><strong>sancti,</strong></span> 
     </span>
    </p>
   </div>
   <div class='ocr_carea' id='block_1_24' title="bbox 428 2375 3728 2460">
    <p class='ocr_par' dir='ltr' id='par_1_24' title="bbox 428 2375 3728 2460">
     <span class='ocr_line' id='line_1_24' title="bbox 428 2375 3728 2460; baseline -0.003 -13"><span class='ocrx_word' id='word_1_308' title='bbox 428 2391 828 2451; x_wconf 72' lang='lat' dir='ltr'><strong>Cantatuzeni,</strong></span> <span class='ocrx_word' id='word_1_309' title='bbox 860 2375 1163 2445; x_wconf 78' lang='lat' dir='ltr'><strong>ctloannis</strong></span> <span class='ocrx_word' id='word_1_310' title='bbox 1200 2388 1489 2457; x_wconf 62' lang='lat' dir='ltr'><strong>l’almologi</strong></span> <span class='ocrx_word' id='word_1_311' title='bbox 1518 2404 1627 2441; x_wconf 90' lang='lat' dir='ltr'><strong>non</strong></span> <span class='ocrx_word' id='word_1_312' title='bbox 1661 2388 1796 2441; x_wconf 82' lang='lat' dir='ltr'><strong>satis</strong></span> <span class='ocrx_word' id='word_1_313' title='bbox 1834 2386 2006 2456; x_wconf 86' lang='lat' dir='ltr'><strong>probe</strong></span> <span class='ocrx_word' id='word_1_314' title='bbox 2112 2402 2163 2445; x_wconf 77' lang='lat' dir='ltr'><strong>et</strong></span> <span class='ocrx_word' id='word_1_315' title='bbox 2190 2409 2222 2445; x_wconf 84' lang='grc' dir='ltr'><em>α</em></span> <span class='ocrx_word' id='word_1_316' title='bbox 2254 2390 2364 2444; x_wconf 89' lang='lat' dir='ltr'><strong>Deo</strong></span> <span class='ocrx_word' id='word_1_317' title='bbox 2387 2389 2552 2460; x_wconf 73' lang='lat' dir='ltr'><strong>afﬂati</strong></span> <span class='ocrx_word' id='word_1_318' title='bbox 2595 2388 2903 2457; x_wconf 75' lang='lat' dir='ltr'><strong>futurorum</strong></span> <span class='ocrx_word' id='word_1_319' title='bbox 2952 2387 3363 2456; x_wconf 66' lang='lat' dir='ltr'><strong>praesensionem</strong></span> <span class='ocrx_word' id='word_1_320' title='bbox 3397 2384 3603 2437; x_wconf 82' lang='lat' dir='ltr'><strong>habere</strong></span> <span class='ocrx_word' id='word_1_321' title='bbox 3627 2383 3728 2452; x_wconf 82' lang='lat' dir='ltr'><strong>ju-</strong></span> 
     </span>
    </p>
   </div>
   <div class='ocr_carea' id='block_1_25' title="bbox 376 2477 3728 2555">
    <p class='ocr_par' dir='ltr' id='par_1_25' title="bbox 376 2477 3728 2555">
     <span class='ocr_line' id='line_1_25' title="bbox 376 2477 3728 2555; baseline -0.005 -18"><span class='ocrx_word' id='word_1_322' title='bbox 376 2499 384 2505; x_wconf 85' lang='lat'>&#39;</span> <span class='ocrx_word' id='word_1_323' title='bbox 422 2484 719 2555; x_wconf 76' lang='lat' dir='ltr'><strong>digessisse</strong></span> <span class='ocrx_word' id='word_1_324' title='bbox 747 2481 1119 2550; x_wconf 78' lang='lat' dir='ltr'><strong>Onuphrimn,</strong></span> <span class='ocrx_word' id='word_1_325' title='bbox 1147 2489 1204 2533; x_wconf 88' lang='lat' dir='ltr'><strong>et</strong></span> <span class='ocrx_word' id='word_1_326' title='bbox 1230 2481 1387 2533; x_wconf 90' lang='lat' dir='ltr'><strong>alios.</strong></span> <span class='ocrx_word' id='word_1_327' title='bbox 1415 2479 1539 2536; x_wconf 78' lang='lat' dir='ltr'><strong>Err:</strong></span> <span class='ocrx_word' id='word_1_328' title='bbox 1556 2487 1684 2531; x_wconf 90' lang='lat' dir='ltr'><strong>runt</strong></span> <span class='ocrx_word' id='word_1_329' title='bbox 1720 2478 1851 2530; x_wconf 88' lang='lat' dir='ltr'><strong>item</strong></span> <span class='ocrx_word' id='word_1_330' title='bbox 1879 2490 2004 2532; x_wconf 85' lang='lat' dir='ltr'><strong>cum</strong></span> <span class='ocrx_word' id='word_1_331' title='bbox 2110 2484 2454 2555; x_wconf 40' lang='lat' dir='ltr'><strong>dicabant)”,</strong></span> <span class='ocrx_word' id='word_1_332' title='bbox 2484 2483 2779 2552; x_wconf 59' lang='lat' dir='ltr'><strong>profectum</strong></span> <span class='ocrx_word' id='word_1_333' title='bbox 2808 2495 2945 2544; x_wconf 57' lang='lat' dir='ltr'><strong>esse,</strong></span> <span class='ocrx_word' id='word_1_334' title='bbox 2988 2479 3054 2532; x_wconf 79' lang='lat' dir='ltr'><strong>de</strong></span> <span class='ocrx_word' id='word_1_335' title='bbox 3088 2479 3307 2548; x_wconf 54' lang='lat' dir='ltr'><strong>futuris,</strong></span> <span class='ocrx_word' id='word_1_336' title='bbox 3343 2485 3400 2529; x_wconf 73' lang='grc' dir='ltr'><strong>,ιι</strong></span> <span class='ocrx_word' id='word_1_337' title='bbox 3438 2494 3516 2530; x_wconf 73' lang='grc' dir='ltr'><strong>απ</strong></span> <span class='ocrx_word' id='word_1_338' title='bbox 3565 2477 3728 2545; x_wconf 64' lang='grc' dir='ltr'><strong>αιιεσ</strong></span> 
     </span>
    </p>
   </div>
   <div class='ocr_carea' id='block_1_26' title="bbox 418 2550 3728 2643">
    <p class='ocr_par' dir='ltr' id='par_1_26' title="bbox 418 2550 3728 2643">
     <span class='ocr_line' id='line_1_26' title="bbox 418 2550 3728 2643; baseline -0.007 -13"><span class='ocrx_word' id='word_1_339' title='bbox 418 2578 686 2643; x_wconf 76' lang='lat' dir='ltr'><strong>Gregora,</strong></span> <span class='ocrx_word' id='word_1_340' title='bbox 717 2575 848 2629; x_wconf 84' lang='lat' dir='ltr'><strong>dum</strong></span> <span class='ocrx_word' id='word_1_341' title='bbox 888 2573 1265 2628; x_wconf 85' lang='lat' dir='ltr'><strong>Andronicum</strong></span> <span class='ocrx_word' id='word_1_342' title='bbox 1313 2572 1597 2627; x_wconf 78' lang='lat' dir='ltr'><strong>Juniorem</strong></span> <span class='ocrx_word' id='word_1_343' title='bbox 1648 2586 1796 2625; x_wconf 88' lang='lat' dir='ltr'><strong>anno</strong></span> <span class='ocrx_word' id='word_1_344' title='bbox 1825 2572 2007 2623; x_wconf 67' lang='lat' dir='ltr'><strong>aetatis</strong></span> <span class='ocrx_word' id='word_1_345' title='bbox 2112 2550 2409 2632; x_wconf 46' lang='lat' dir='ltr'><strong>Romanu‘m</strong></span> <span class='ocrx_word' id='word_1_346' title='bbox 2440 2550 2722 2638; x_wconf 76' lang='lat' dir='ltr'><strong>imperium</strong></span> <span class='ocrx_word' id='word_1_347' title='bbox 2762 2580 3140 2642; x_wconf 83' lang='lat' dir='ltr'><strong>perventurum</strong></span> <span class='ocrx_word' id='word_1_348' title='bbox 3186 2577 3342 2623; x_wconf 74' lang='lat' dir='ltr'><strong>esset.</strong></span> <span class='ocrx_word' id='word_1_349' title='bbox 3395 2577 3728 2638; x_wconf 56' lang='lat' dir='ltr'><strong>pereunda-</strong></span> 
     </span>
    </p>
   </div>
   <div class='ocr_carea' id='block_1_27' title="bbox 422 2662 2003 2747">
    <p class='ocr_par' dir='ltr' id='par_1_27' title="bbox 422 2662 2003 2747">
     <span class='ocr_line' id='line_1_27' title="bbox 422 2662 2003 2747; baseline -0.006 -25"><span class='ocrx_word' id='word_1_350' title='bbox 422 2668 1059 2747; x_wconf 78' lang='lat' dir='ltr'><strong>quadragesimoquinto</strong></span> <span class='ocrx_word' id='word_1_351' title='bbox 1085 2666 1419 2719; x_wconf 68' lang='lat' dir='ltr'><strong>esstinetum</strong></span> <span class='ocrx_word' id='word_1_352' title='bbox 1456 2664 1830 2717; x_wconf 77' lang='lat' dir='ltr'><strong>tradiderunt.</strong></span> <span class='ocrx_word' id='word_1_353' title='bbox 1868 2662 2003 2716; x_wconf 74' lang='lat' dir='ltr'><strong>Nam</strong></span> 
     </span>
    </p>
   </div>
   <div class='ocr_carea' id='block_1_28' title="bbox 2110 2661 3726 2736">
    <p class='ocr_par' dir='ltr' id='par_1_28' title="bbox 2110 2661 3726 2736">
     <span class='ocr_line' id='line_1_28' title="bbox 2110 2661 3726 2736; baseline -0.004 -14"><span class='ocrx_word' id='word_1_354' title='bbox 2110 2679 2312 2736; x_wconf 86' lang='lat' dir='ltr'><strong>turum,</strong></span> <span class='ocrx_word' id='word_1_355' title='bbox 2354 2680 2462 2723; x_wconf 90' lang='lat' dir='ltr'><strong>etc.</strong></span> <span class='ocrx_word' id='word_1_356' title='bbox 2499 2668 2758 2723; x_wconf 82' lang='lat' dir='ltr'><strong>Attamen</strong></span> <span class='ocrx_word' id='word_1_357' title='bbox 2794 2667 2912 2719; x_wconf 83' lang='lat' dir='ltr'><strong>fieri</strong></span> <span class='ocrx_word' id='word_1_358' title='bbox 2948 2672 3129 2732; x_wconf 82' lang='lat' dir='ltr'><strong>potest</strong></span> <span class='ocrx_word' id='word_1_359' title='bbox 3163 2703 3178 2726; x_wconf 93' lang='lat'><strong>,</strong></span> <span class='ocrx_word' id='word_1_360' title='bbox 3216 2672 3279 2716; x_wconf 88' lang='lat' dir='ltr'><strong>ut</strong></span> <span class='ocrx_word' id='word_1_361' title='bbox 3329 2661 3628 2732; x_wconf 85' lang='lat' dir='ltr'><strong>Gregoras</strong></span> <span class='ocrx_word' id='word_1_362' title='bbox 3653 2661 3726 2716; x_wconf 86' lang='lat' dir='ltr'><strong>de</strong></span> 
     </span>
    </p>
   </div>
   <div class='ocr_carea' id='block_1_29' title="bbox 423 2752 3697 2827">
    <p class='ocr_par' dir='ltr' id='par_1_29' title="bbox 423 2752 3697 2827">
     <span class='ocr_line' id='line_1_29' title="bbox 423 2752 3697 2827; baseline -0.005 -11"><span class='ocrx_word' id='word_1_363' title='bbox 423 2765 469 2817; x_wconf 87' lang='lat' dir='ltr'><strong>si</strong></span> <span class='ocrx_word' id='word_1_364' title='bbox 506 2772 666 2815; x_wconf 88' lang='lat' dir='ltr'><strong>natus</strong></span> <span class='ocrx_word' id='word_1_365' title='bbox 698 2769 819 2813; x_wconf 88' lang='lat' dir='ltr'><strong>erat</strong></span> <span class='ocrx_word' id='word_1_366' title='bbox 858 2773 1032 2813; x_wconf 89' lang='lat' dir='ltr'><strong>annos</strong></span> <span class='ocrx_word' id='word_1_367' title='bbox 1070 2758 1265 2827; x_wconf 84' lang='lat' dir='ltr'><strong>viginti</strong></span> <span class='ocrx_word' id='word_1_368' title='bbox 1315 2767 1527 2826; x_wconf 84' lang='lat' dir='ltr'><strong>septem</strong></span> <span class='ocrx_word' id='word_1_369' title='bbox 1579 2766 1875 2825; x_wconf 79' lang='lat' dir='ltr'><strong>antequam</strong></span> <span class='ocrx_word' id='word_1_370' title='bbox 1922 2769 2010 2809; x_wconf 87' lang='lat' dir='ltr'><strong>se-</strong></span> <span class='ocrx_word' id='word_1_371' title='bbox 2112 2761 2363 2817; x_wconf 72' lang='lat' dir='ltr'><strong>moribus</strong></span> <span class='ocrx_word' id='word_1_372' title='bbox 2385 2758 2692 2815; x_wconf 78' lang='lat' dir='ltr'><strong>Andronici</strong></span> <span class='ocrx_word' id='word_1_373' title='bbox 2721 2756 2973 2827; x_wconf 51' lang='lat' dir='ltr'><strong>quaedam</strong></span> <span class='ocrx_word' id='word_1_374' title='bbox 3004 2770 3116 2811; x_wconf 75' lang='lat' dir='ltr'><strong>non</strong></span> <span class='ocrx_word' id='word_1_375' title='bbox 3151 2768 3387 2824; x_wconf 78' lang='lat' dir='ltr'><strong>prorsus</strong></span> <span class='ocrx_word' id='word_1_376' title='bbox 3410 2753 3551 2808; x_wconf 72' lang='lat' dir='ltr'><strong>falsa</strong></span> <span class='ocrx_word' id='word_1_377' title='bbox 3582 2752 3697 2808; x_wconf 75' lang='lat' dir='ltr'><strong>seri</strong></span> 
     </span>
    </p>
   </div>
   <div class='ocr_carea' id='block_1_30' title="bbox 424 2849 2006 2918">
    <p class='ocr_par' dir='ltr' id='par_1_30' title="bbox 424 2849 2006 2918">
     <span class='ocr_line' id='line_1_30' title="bbox 424 2849 2006 2918; baseline -0.006 -8"><span class='ocrx_word' id='word_1_378' title='bbox 424 2857 660 2911; x_wconf 89' lang='lat' dir='ltr'><strong>eundam</strong></span> <span class='ocrx_word' id='word_1_379' title='bbox 713 2869 941 2908; x_wconf 86' lang='lat' dir='ltr'><strong>uxorem</strong></span> <span class='ocrx_word' id='word_1_380' title='bbox 1005 2854 1256 2914; x_wconf 85' lang='lat' dir='ltr'><strong>duceret,</strong></span> <span class='ocrx_word' id='word_1_381' title='bbox 1308 2863 1369 2905; x_wconf 83' lang='lat' dir='ltr'><strong>ut</strong></span> <span class='ocrx_word' id='word_1_382' title='bbox 1410 2861 1600 2905; x_wconf 84' lang='lat' dir='ltr'><strong>noster</strong></span> <span class='ocrx_word' id='word_1_383' title='bbox 1646 2850 1792 2904; x_wconf 89' lang='lat' dir='ltr'><strong>libro</strong></span> <span class='ocrx_word' id='word_1_384' title='bbox 1825 2849 2006 2918; x_wconf 81' lang='lat' dir='ltr'><strong>primo</strong></span> 
     </span>
    </p>
   </div>
   <div class='ocr_carea' id='block_1_31' title="bbox 2109 2845 3718 2918">
    <p class='ocr_par' dir='ltr' id='par_1_31' title="bbox 2109 2845 3718 2918">
     <span class='ocr_line' id='line_1_31' title="bbox 2109 2845 3718 2918; baseline -0.007 -8"><span class='ocrx_word' id='word_1_385' title='bbox 2109 2854 2227 2918; x_wconf 87' lang='lat' dir='ltr'><strong>bat,</strong></span> <span class='ocrx_word' id='word_1_386' title='bbox 2258 2864 2316 2908; x_wconf 86' lang='lat' dir='ltr'><strong>et</strong></span> <span class='ocrx_word' id='word_1_387' title='bbox 2359 2868 2423 2907; x_wconf 88' lang='lat' dir='ltr'><strong>ea</strong></span> <span class='ocrx_word' id='word_1_388' title='bbox 2458 2861 2652 2906; x_wconf 90' lang='lat' dir='ltr'><strong>noster</strong></span> <span class='ocrx_word' id='word_1_389' title='bbox 2681 2859 2776 2904; x_wconf 88' lang='lat' dir='ltr'><strong>aut</strong></span> <span class='ocrx_word' id='word_1_390' title='bbox 2809 2848 2946 2913; x_wconf 84' lang='lat' dir='ltr'><strong>tanti</strong></span> <span class='ocrx_word' id='word_1_391' title='bbox 3005 2863 3115 2901; x_wconf 90' lang='lat' dir='ltr'><strong>non</strong></span> <span class='ocrx_word' id='word_1_392' title='bbox 3168 2846 3440 2910; x_wconf 63' lang='lat' dir='ltr'><strong>aestimet,</strong></span> <span class='ocrx_word' id='word_1_393' title='bbox 3475 2845 3718 2916; x_wconf 77' lang='lat' dir='ltr'><strong>ejusque</strong></span> 
     </span>
    </p>
   </div>
   <div class='ocr_carea' id='block_1_32' title="bbox 424 2934 3712 3021">
    <p class='ocr_par' dir='ltr' id='par_1_32' title="bbox 424 2934 3712 3021">
     <span class='ocr_line' id='line_1_32' title="bbox 424 2934 3712 3021; baseline -0.004 -17"><span class='ocrx_word' id='word_1_394' title='bbox 424 2956 636 3013; x_wconf 82' lang='lat' dir='ltr'><strong>narrat,</strong></span> <span class='ocrx_word' id='word_1_395' title='bbox 671 2958 728 3001; x_wconf 91' lang='lat' dir='ltr'><strong>et</strong></span> <span class='ocrx_word' id='word_1_396' title='bbox 750 2962 813 3001; x_wconf 86' lang='lat' dir='ltr'><strong>ea</strong></span> <span class='ocrx_word' id='word_1_397' title='bbox 845 2948 1010 3000; x_wconf 86' lang='lat' dir='ltr'><strong>ducta</strong></span> <span class='ocrx_word' id='word_1_398' title='bbox 1068 2945 1255 2998; x_wconf 86' lang='lat' dir='ltr'><strong>adhuc</strong></span> <span class='ocrx_word' id='word_1_399' title='bbox 1296 2945 1508 3013; x_wconf 83' lang='lat' dir='ltr'><strong>aliquot</strong></span> <span class='ocrx_word' id='word_1_400' title='bbox 1540 2942 1700 2996; x_wconf 87' lang='lat' dir='ltr'><strong>annis</strong></span> <span class='ocrx_word' id='word_1_401' title='bbox 1729 2957 1855 2995; x_wconf 90' lang='lat' dir='ltr'><strong>cum</strong></span> <span class='ocrx_word' id='word_1_402' title='bbox 1902 2954 2005 2993; x_wconf 85' lang='lat' dir='ltr'><strong>avo</strong></span> <span class='ocrx_word' id='word_1_403' title='bbox 2104 2944 2388 3016; x_wconf 79' lang='lat' dir='ltr'><strong>juventuti</strong></span> <span class='ocrx_word' id='word_1_404' title='bbox 2438 2939 2807 3021; x_wconf 82' lang='lat' dir='ltr'><strong>condonanda</strong></span> <span class='ocrx_word' id='word_1_405' title='bbox 2843 2946 3001 3008; x_wconf 89' lang='lat' dir='ltr'><strong>putet</strong></span> <span class='ocrx_word' id='word_1_406' title='bbox 3030 2975 3050 3000; x_wconf 63' lang='grc' dir='ltr'>ι</span> <span class='ocrx_word' id='word_1_407' title='bbox 3075 2945 3171 2991; x_wconf 86' lang='lat' dir='ltr'><strong>aut</strong></span> <span class='ocrx_word' id='word_1_408' title='bbox 3195 2936 3543 3001; x_wconf 86' lang='lat' dir='ltr'><strong>dissimulet.</strong></span> <span class='ocrx_word' id='word_1_409' title='bbox 3569 2944 3628 2991; x_wconf 90' lang='lat' dir='ltr'><strong>et</strong></span> <span class='ocrx_word' id='word_1_410' title='bbox 3659 2934 3712 2988; x_wconf 88' lang='lat' dir='ltr'><strong>id</strong></span> 
     </span>
    </p>
   </div>
   <div class='ocr_carea' id='block_1_33' title="bbox 424 3034 2003 3112">
    <p class='ocr_par' dir='ltr' id='par_1_33' title="bbox 424 3034 2003 3112">
     <span class='ocr_line' id='line_1_33' title="bbox 424 3034 2003 3112; baseline -0.008 -16"><span class='ocrx_word' id='word_1_411' title='bbox 424 3043 629 3097; x_wconf 81' lang='lat' dir='ltr'><strong>bellum</strong></span> <span class='ocrx_word' id='word_1_412' title='bbox 666 3043 834 3112; x_wconf 80' lang='lat' dir='ltr'><strong>gessit</strong></span> <span class='ocrx_word' id='word_1_413' title='bbox 864 3058 878 3094; x_wconf 91' lang='lat'><strong>:</strong></span> <span class='ocrx_word' id='word_1_414' title='bbox 925 3041 969 3094; x_wconf 87' lang='lat' dir='ltr'><strong>si</strong></span> <span class='ocrx_word' id='word_1_415' title='bbox 1004 3055 1070 3094; x_wconf 86' lang='lat' dir='ltr'><strong>eo</strong></span> <span class='ocrx_word' id='word_1_416' title='bbox 1102 3039 1252 3090; x_wconf 83' lang='lat' dir='ltr'><strong>victo</strong></span> <span class='ocrx_word' id='word_1_417' title='bbox 1294 3037 1455 3091; x_wconf 86' lang='lat' dir='ltr'><strong>annis</strong></span> <span class='ocrx_word' id='word_1_418' title='bbox 1485 3035 1679 3104; x_wconf 70' lang='lat' dir='ltr'><strong>viginti</strong></span> <span class='ocrx_word' id='word_1_419' title='bbox 1711 3035 1862 3089; x_wconf 90' lang='lat' dir='ltr'><strong>solus</strong></span> <span class='ocrx_word' id='word_1_420' title='bbox 1898 3034 2003 3085; x_wconf 63' lang='lat' dir='ltr'><strong>imo</strong></span> 
     </span>
    </p>
   </div>
   <div class='ocr_carea' id='block_1_34' title="bbox 2113 3025 3718 3100">
    <p class='ocr_par' dir='ltr' id='par_1_34' title="bbox 2113 3025 3718 3100">
     <span class='ocr_line' id='line_1_34' title="bbox 2113 3025 3718 3100; baseline -0.006 -11"><span class='ocrx_word' id='word_1_421' title='bbox 2113 3034 2372 3089; x_wconf 70' lang='lat' dir='ltr'><strong>anticitire</strong></span> <span class='ocrx_word' id='word_1_422' title='bbox 2402 3030 2668 3100; x_wconf 66' lang='lat' dir='ltr'><strong>singulari</strong></span> <span class='ocrx_word' id='word_1_423' title='bbox 2702 3030 2935 3092; x_wconf 79' lang='lat' dir='ltr'><strong>fortasse</strong></span> <span class='ocrx_word' id='word_1_424' title='bbox 2971 3027 3203 3089; x_wconf 88' lang='lat' dir='ltr'><strong>tribuat,</strong></span> <span class='ocrx_word' id='word_1_425' title='bbox 3230 3026 3301 3081; x_wconf 87' lang='lat' dir='ltr'><strong>de</strong></span> <span class='ocrx_word' id='word_1_426' title='bbox 3322 3041 3439 3095; x_wconf 88' lang='lat' dir='ltr'><strong>quo</strong></span> <span class='ocrx_word' id='word_1_427' title='bbox 3472 3026 3530 3080; x_wconf 88' lang='lat' dir='ltr'><strong>in</strong></span> <span class='ocrx_word' id='word_1_428' title='bbox 3553 3025 3718 3081; x_wconf 81' lang='lat' dir='ltr'><strong>Notis</strong></span> 
     </span>
    </p>
   </div>
   <div class='ocr_carea' id='block_1_35' title="bbox 424 3123 2738 3213">
    <p class='ocr_par' dir='ltr' id='par_1_35' title="bbox 424 3123 2738 3213">
     <span class='ocr_line' id='line_1_35' title="bbox 424 3123 2738 3213; baseline -0.008 -26"><span class='ocrx_word' id='word_1_429' title='bbox 424 3136 633 3204; x_wconf 66' lang='lat' dir='ltr'><strong>peravi!</strong></span> <span class='ocrx_word' id='word_1_430' title='bbox 654 3175 667 3198; x_wconf 86' lang='lat'><strong>,</strong></span> <span class='ocrx_word' id='word_1_431' title='bbox 720 3135 976 3206; x_wconf 82' lang='lat' dir='ltr'><strong>sequitur</strong></span> <span class='ocrx_word' id='word_1_432' title='bbox 1001 3131 1567 3208; x_wconf 73' lang='lat' dir='ltr'><strong>quinquagenarium,</strong></span> <span class='ocrx_word' id='word_1_433' title='bbox 1602 3141 1694 3182; x_wconf 88' lang='lat' dir='ltr'><strong>aut</strong></span> <span class='ocrx_word' id='word_1_434' title='bbox 1722 3142 1789 3182; x_wconf 78' lang='lat' dir='ltr'><strong>eo</strong></span> <span class='ocrx_word' id='word_1_435' title='bbox 1838 3127 2007 3195; x_wconf 74' lang='lat' dir='ltr'><strong>tnztju-</strong></span> <span class='ocrx_word' id='word_1_436' title='bbox 2031 3150 2076 3213; x_wconf 76' lang='lat' dir='ltr'>C</span> <span class='ocrx_word' id='word_1_437' title='bbox 2111 3142 2212 3182; x_wconf 81' lang='lat' dir='ltr'><strong>suo</strong></span> <span class='ocrx_word' id='word_1_438' title='bbox 2245 3126 2369 3180; x_wconf 80' lang='lat' dir='ltr'><strong>loco</strong></span> <span class='ocrx_word' id='word_1_439' title='bbox 2398 3123 2738 3178; x_wconf 77' lang='lat' dir='ltr'><strong>videbimus,</strong></span> 
     </span>
    </p>
   </div>
   <div class='ocr_carea' id='block_1_36' title="bbox 425 3210 3718 3281">
    <p class='ocr_par' dir='ltr' id='par_1_36' title="bbox 425 3210 3718 3281">
     <span class='ocr_line' id='line_1_36' title="bbox 425 3210 3718 3281; baseline -0.005 -2"><span class='ocrx_word' id='word_1_440' title='bbox 425 3242 541 3281; x_wconf 88' lang='lat' dir='ltr'><strong>rem</strong></span> <span class='ocrx_word' id='word_1_441' title='bbox 568 3227 797 3281; x_wconf 87' lang='lat' dir='ltr'><strong>obiisse.</strong></span> <span class='ocrx_word' id='word_1_442' title='bbox 2008 3244 2013 3250; x_wconf 81' lang='grc'><strong>·</strong></span> <span class='ocrx_word' id='word_1_443' title='bbox 2044 3210 2071 3213; x_wconf 31' lang='grc' dir='ltr'><strong><em>Ὺ</em></strong></span> <span class='ocrx_word' id='word_1_444' title='bbox 2159 3210 2299 3277; x_wconf 62' lang='lat' dir='ltr'><strong>1am</strong></span> <span class='ocrx_word' id='word_1_445' title='bbox 2330 3220 2398 3274; x_wconf 87' lang='lat' dir='ltr'><strong>de</strong></span> <span class='ocrx_word' id='word_1_446' title='bbox 2433 3214 2768 3272; x_wconf 79' lang='lat' dir='ltr'><strong>excellentia</strong></span> <span class='ocrx_word' id='word_1_447' title='bbox 2790 3252 2808 3277; x_wconf 85' lang='lat'><strong>,</strong></span> <span class='ocrx_word' id='word_1_448' title='bbox 2865 3213 3049 3268; x_wconf 90' lang='lat' dir='ltr'><strong>fructu</strong></span> <span class='ocrx_word' id='word_1_449' title='bbox 3078 3250 3095 3275; x_wconf 91' lang='lat'><strong>,</strong></span> <span class='ocrx_word' id='word_1_450' title='bbox 3145 3211 3433 3281; x_wconf 80' lang='lat' dir='ltr'><strong>elegantia</strong></span> <span class='ocrx_word' id='word_1_451' title='bbox 3461 3251 3479 3276; x_wconf 90' lang='lat'><strong>,</strong></span> <span class='ocrx_word' id='word_1_452' title='bbox 3526 3219 3586 3264; x_wconf 90' lang='lat' dir='ltr'><strong>et</strong></span> <span class='ocrx_word' id='word_1_453' title='bbox 3625 3224 3718 3263; x_wconf 85' lang='lat' dir='ltr'><strong>or-</strong></span> 
     </span>
    </p>
   </div>
   <div class='ocr_carea' id='block_1_37' title="bbox 492 3303 2010 3382">
    <p class='ocr_par' dir='ltr' id='par_1_37' title="bbox 492 3307 2006 3382">
     <span class='ocr_line' id='line_1_37' title="bbox 492 3307 2006 3382; baseline -0.006 -13"><span class='ocrx_word' id='word_1_454' title='bbox 492 3313 860 3370; x_wconf 83' lang='lat' dir='ltr'><strong>Ostendemus</strong></span> <span class='ocrx_word' id='word_1_455' title='bbox 914 3328 1108 3377; x_wconf 87' lang='lat' dir='ltr'><strong>nunc,</strong></span> <span class='ocrx_word' id='word_1_456' title='bbox 1178 3329 1290 3382; x_wconf 90' lang='lat' dir='ltr'><strong>quo</strong></span> <span class='ocrx_word' id='word_1_457' title='bbox 1350 3313 1472 3366; x_wconf 89' lang='lat' dir='ltr'><strong>loco</strong></span> <span class='ocrx_word' id='word_1_458' title='bbox 1536 3310 1683 3364; x_wconf 85' lang='lat' dir='ltr'><strong>inter</strong></span> <span class='ocrx_word' id='word_1_459' title='bbox 1745 3307 2006 3380; x_wconf 73' lang='lat' dir='ltr'><strong>Byzanti-</strong></span> 
     </span>
    </p>
   </div>
   <div class='ocr_carea' id='block_1_38' title="bbox 2114 3303 3716 3382">
    <p class='ocr_par' dir='ltr' id='par_1_38' title="bbox 2114 3303 3716 3377">
     <span class='ocr_line' id='line_1_38' title="bbox 2114 3303 3716 3377; baseline -0.01 -5"><span class='ocrx_word' id='word_1_460' title='bbox 2114 3314 2395 3373; x_wconf 86' lang='lat' dir='ltr'><strong>namentis</strong></span> <span class='ocrx_word' id='word_1_461' title='bbox 2436 3308 2684 3365; x_wconf 67' lang='lat' dir='ltr'><strong>historia:</strong></span> <span class='ocrx_word' id='word_1_462' title='bbox 2740 3307 2909 3377; x_wconf 88' lang='lat' dir='ltr'><strong>hujus</strong></span> <span class='ocrx_word' id='word_1_463' title='bbox 2966 3304 3099 3375; x_wconf 87' lang='lat' dir='ltr'><strong>quid</strong></span> <span class='ocrx_word' id='word_1_464' title='bbox 3152 3320 3257 3376; x_wconf 79' lang='lat' dir='ltr'><strong>ego</strong></span> <span class='ocrx_word' id='word_1_465' title='bbox 3295 3307 3441 3359; x_wconf 83' lang='lat' dir='ltr'><strong>satis</strong></span> <span class='ocrx_word' id='word_1_466' title='bbox 3478 3303 3716 3374; x_wconf 82' lang='lat' dir='ltr'><strong>dignum</strong></span> 
     </span>
    </p>
   </div>
   <div class='ocr_carea' id='block_1_39' title="bbox 426 3396 3712 3473">
    <p class='ocr_par' dir='ltr' id='par_1_39' title="bbox 426 3396 3712 3473">
     <span class='ocr_line' id='line_1_39' title="bbox 426 3396 3712 3473; baseline -0.005 -18"><span class='ocrx_word' id='word_1_467' title='bbox 426 3417 525 3457; x_wconf 85' lang='lat' dir='ltr'><strong>nas</strong></span> <span class='ocrx_word' id='word_1_468' title='bbox 588 3402 855 3463; x_wconf 69' lang='lat' dir='ltr'><strong>liiSlOl’iaS</strong></span> <span class='ocrx_word' id='word_1_469' title='bbox 917 3402 1037 3456; x_wconf 65' lang='lat' dir='ltr'><strong>hiPC</strong></span> <span class='ocrx_word' id='word_1_470' title='bbox 1092 3414 1285 3456; x_wconf 72' lang='lat' dir='ltr'><strong>“OSU‘B</strong></span> <span class='ocrx_word' id='word_1_471' title='bbox 1335 3401 1655 3455; x_wconf 83' lang='lat' dir='ltr'><strong>collocanda</strong></span> <span class='ocrx_word' id='word_1_472' title='bbox 1708 3400 1801 3453; x_wconf 54' lang='lat' dir='ltr'><strong>Sit.</strong></span> <span class='ocrx_word' id='word_1_473' title='bbox 1864 3398 2009 3452; x_wconf 67' lang='lat' dir='ltr'><strong>CIIII-</strong></span> <span class='ocrx_word' id='word_1_474' title='bbox 2111 3408 2595 3468; x_wconf 65' lang='lat' dir='ltr'><strong>Cunlmemorem?</strong></span> <span class='ocrx_word' id='word_1_475' title='bbox 2645 3407 2795 3461; x_wconf 57' lang='lat' dir='ltr'><strong>Inter</strong></span> <span class='ocrx_word' id='word_1_476' title='bbox 2837 3396 3186 3460; x_wconf 65' lang='grc' dir='ltr'><strong>τεοθιηίὸιιεε</strong></span> <span class='ocrx_word' id='word_1_477' title='bbox 3232 3403 3470 3473; x_wconf 67' lang='lat' dir='ltr'><strong>quidem</strong></span> <span class='ocrx_word' id='word_1_478' title='bbox 3519 3417 3712 3457; x_wconf 65' lang='lat' dir='ltr'><strong>rel-mn</strong></span> 
     </span>
    </p>
   </div>
   <div class='ocr_carea' id='block_1_40' title="bbox 425 3489 2010 3570">
    <p class='ocr_par' dir='ltr' id='par_1_40' title="bbox 425 3489 2004 3563">
     <span class='ocr_line' id='line_1_40' title="bbox 425 3489 2004 3563; baseline -0.005 -15"><span class='ocrx_word' id='word_1_479' title='bbox 425 3505 727 3549; x_wconf 82' lang='lat' dir='ltr'><strong>tacuzenus</strong></span> <span class='ocrx_word' id='word_1_480' title='bbox 774 3493 1092 3563; x_wconf 87' lang='lat' dir='ltr'><strong>Nicephoro</strong></span> <span class='ocrx_word' id='word_1_481' title='bbox 1143 3494 1403 3563; x_wconf 72' lang='lat' dir='ltr'><strong>Gregorio</strong></span> <span class='ocrx_word' id='word_1_482' title='bbox 1442 3494 1691 3562; x_wconf 65' lang='lat' dir='ltr'><strong>proxime</strong></span> <span class='ocrx_word' id='word_1_483' title='bbox 1735 3489 2004 3552; x_wconf 83' lang='lat' dir='ltr'><strong>succedit,</strong></span> 
     </span>
    </p>
   </div>
   <div class='ocr_carea' id='block_1_41' title="bbox 2114 3489 3715 3570">
    <p class='ocr_par' dir='ltr' id='par_1_41' title="bbox 2114 3496 3715 3570">
     <span class='ocr_line' id='line_1_41' title="bbox 2114 3496 3715 3570; baseline -0.009 -9"><span class='ocrx_word' id='word_1_484' title='bbox 2114 3506 2449 3562; x_wconf 61' lang='lat' dir='ltr'><strong>Griecarum.</strong></span> <span class='ocrx_word' id='word_1_485' title='bbox 2489 3516 2597 3565; x_wconf 75' lang='lat' dir='ltr'><strong>seu</strong></span> <span class='ocrx_word' id='word_1_486' title='bbox 2625 3498 3058 3570; x_wconf 76' lang='lat' dir='ltr'><strong>Byzantinarum</strong></span> <span class='ocrx_word' id='word_1_487' title='bbox 3080 3496 3424 3567; x_wconf 72' lang='lat' dir='ltr'><strong>scriptores,</strong></span> <span class='ocrx_word' id='word_1_488' title='bbox 3481 3504 3544 3548; x_wconf 88' lang='lat' dir='ltr'><strong>ut</strong></span> <span class='ocrx_word' id='word_1_489' title='bbox 3581 3500 3715 3547; x_wconf 85' lang='lat' dir='ltr'><strong>sunt</strong></span> 
     </span>
    </p>
   </div>
   <div class='ocr_carea' id='block_1_42' title="bbox 423 3582 2010 3655">
    <p class='ocr_par' dir='ltr' id='par_1_42' title="bbox 423 3586 2003 3655">
     <span class='ocr_line' id='line_1_42' title="bbox 423 3586 2003 3655; baseline -0.005 -15"><span class='ocrx_word' id='word_1_490' title='bbox 423 3589 659 3655; x_wconf 72' lang='lat' dir='ltr'><strong>ejusque</strong></span> <span class='ocrx_word' id='word_1_491' title='bbox 718 3588 1072 3642; x_wconf 66' lang='lat' dir='ltr'><strong>narrationes</strong></span> <span class='ocrx_word' id='word_1_492' title='bbox 1121 3586 1411 3639; x_wconf 84' lang='lat' dir='ltr'><strong>continuat</strong></span> <span class='ocrx_word' id='word_1_493' title='bbox 1472 3601 1488 3637; x_wconf 90' lang='lat'><strong>:</strong></span> <span class='ocrx_word' id='word_1_494' title='bbox 1544 3597 1859 3653; x_wconf 84' lang='lat' dir='ltr'><strong>quanquam</strong></span> <span class='ocrx_word' id='word_1_495' title='bbox 1894 3596 2003 3634; x_wconf 93' lang='lat' dir='ltr'><strong>non</strong></span> 
     </span>
    </p>
   </div>
   <div class='ocr_carea' id='block_1_43' title="bbox 2114 3582 3712 3655">
    <p class='ocr_par' dir='ltr' id='par_1_43' title="bbox 2114 3582 3712 3655">
     <span class='ocr_line' id='line_1_43' title="bbox 2114 3582 3712 3655; baseline -0.011 -4"><span class='ocrx_word' id='word_1_496' title='bbox 2114 3597 2380 3655; x_wconf 83' lang='lat' dir='ltr'><strong>Zonaras,</strong></span> <span class='ocrx_word' id='word_1_497' title='bbox 2423 3591 2672 3653; x_wconf 81' lang='lat' dir='ltr'><strong>Nieetas,</strong></span> <span class='ocrx_word' id='word_1_498' title='bbox 2714 3588 3026 3649; x_wconf 88' lang='lat' dir='ltr'><strong>Cedrenus,</strong></span> <span class='ocrx_word' id='word_1_499' title='bbox 3066 3594 3123 3640; x_wconf 89' lang='lat' dir='ltr'><strong>et</strong></span> <span class='ocrx_word' id='word_1_500' title='bbox 3151 3585 3268 3651; x_wconf 88' lang='lat' dir='ltr'><strong>alii,</strong></span> <span class='ocrx_word' id='word_1_501' title='bbox 3316 3599 3447 3638; x_wconf 89' lang='lat' dir='ltr'><strong>meo</strong></span> <span class='ocrx_word' id='word_1_502' title='bbox 3482 3582 3712 3652; x_wconf 82' lang='lat' dir='ltr'><strong>quidem</strong></span> 
     </span>
    </p>
   </div>
   <div class='ocr_carea' id='block_1_44' title="bbox 426 3673 2010 3757">
    <p class='ocr_par' dir='ltr' id='par_1_44' title="bbox 426 3673 2007 3744">
     <span class='ocr_line' id='line_1_44' title="bbox 426 3673 2007 3744; baseline -0.003 -15"><span class='ocrx_word' id='word_1_503' title='bbox 426 3678 700 3743; x_wconf 62' lang='lat' dir='ltr'><strong>praecise,</strong></span> <span class='ocrx_word' id='word_1_504' title='bbox 778 3690 842 3731; x_wconf 81' lang='lat' dir='ltr'><strong>ac</strong></span> <span class='ocrx_word' id='word_1_505' title='bbox 914 3674 1262 3744; x_wconf 82' lang='lat' dir='ltr'><strong>simpliciter.</strong></span> <span class='ocrx_word' id='word_1_506' title='bbox 1336 3676 1469 3729; x_wconf 78' lang='lat' dir='ltr'><strong>Nam</strong></span> <span class='ocrx_word' id='word_1_507' title='bbox 1542 3689 1664 3729; x_wconf 86' lang='lat' dir='ltr'><strong>cum</strong></span> <span class='ocrx_word' id='word_1_508' title='bbox 1733 3673 2007 3741; x_wconf 83' lang='lat' dir='ltr'><strong>Gregoras</strong></span> 
     </span>
    </p>
   </div>
   <div class='ocr_carea' id='block_1_45' title="bbox 2114 3673 3714 3757">
    <p class='ocr_par' dir='ltr' id='par_1_45' title="bbox 2114 3675 3714 3757">
     <span class='ocr_line' id='line_1_45' title="bbox 2114 3675 3714 3757; baseline -0.009 -16"><span class='ocrx_word' id='word_1_509' title='bbox 2114 3699 2163 3742; x_wconf 77' lang='lat' dir='ltr'><strong>el</strong></span> <span class='ocrx_word' id='word_1_510' title='bbox 2190 3682 2563 3757; x_wconf 85' lang='lat' dir='ltr'><strong>quorumdam</strong></span> <span class='ocrx_word' id='word_1_511' title='bbox 2588 3681 2731 3736; x_wconf 89' lang='lat' dir='ltr'><strong>bene</strong></span> <span class='ocrx_word' id='word_1_512' title='bbox 2756 3680 3131 3734; x_wconf 86' lang='lat' dir='ltr'><strong>litteratorum</strong></span> <span class='ocrx_word' id='word_1_513' title='bbox 3150 3677 3368 3747; x_wconf 85' lang='lat' dir='ltr'><strong>judicio</strong></span> <span class='ocrx_word' id='word_1_514' title='bbox 3388 3676 3482 3731; x_wconf 85' lang='lat' dir='ltr'><strong>hie</strong></span> <span class='ocrx_word' id='word_1_515' title='bbox 3504 3675 3714 3743; x_wconf 85' lang='lat' dir='ltr'><strong>primas</strong></span> 
     </span>
    </p>
   </div>
   <div class='ocr_carea' id='block_1_46' title="bbox 425 3763 3712 3846">
    <p class='ocr_par' dir='ltr' id='par_1_46' title="bbox 425 3763 3712 3846">
     <span class='ocr_line' id='line_1_46' title="bbox 425 3763 3712 3846; baseline -0.008 -21"><span class='ocrx_word' id='word_1_516' title='bbox 425 3769 663 3825; x_wconf 78' lang='lat' dir='ltr'><strong>inobitu</strong></span> <span class='ocrx_word' id='word_1_517' title='bbox 719 3767 1023 3846; x_wconf 83' lang='lat' dir='ltr'><strong>Andronici</strong></span> <span class='ocrx_word' id='word_1_518' title='bbox 1058 3766 1306 3821; x_wconf 83' lang='lat' dir='ltr'><strong>Junioris</strong></span> <span class='ocrx_word' id='word_1_519' title='bbox 1341 3766 1591 3825; x_wconf 85' lang='lat' dir='ltr'><strong>desinat,</strong></span> <span class='ocrx_word' id='word_1_520' title='bbox 1647 3775 1838 3819; x_wconf 86' lang='lat' dir='ltr'><strong>noster</strong></span> <span class='ocrx_word' id='word_1_521' title='bbox 1879 3763 2006 3816; x_wconf 81' lang='lat' dir='ltr'><strong>inde</strong></span> <span class='ocrx_word' id='word_1_522' title='bbox 2114 3789 2312 3835; x_wconf 63' lang='grc' dir='ltr'><strong>ιρηριτ</strong></span> <span class='ocrx_word' id='word_1_523' title='bbox 2351 3777 2688 3843; x_wconf 49' lang='lat' dir='ltr'><strong>videturque</strong></span> <span class='ocrx_word' id='word_1_524' title='bbox 2734 3773 2885 3827; x_wconf 62' lang='lat' dir='ltr'><strong>solus</strong></span> <span class='ocrx_word' id='word_1_525' title='bbox 2933 3770 3234 3831; x_wconf 48' lang='lat' dir='ltr'><strong>didicisse.</strong></span> <span class='ocrx_word' id='word_1_526' title='bbox 3280 3785 3398 3838; x_wconf 71' lang='lat' dir='ltr'><strong>quo</strong></span> <span class='ocrx_word' id='word_1_527' title='bbox 3448 3778 3611 3838; x_wconf 65' lang='lat' dir='ltr'><strong>pacm</strong></span> <span class='ocrx_word' id='word_1_528' title='bbox 3642 3764 3712 3819; x_wconf 66' lang='lat' dir='ltr'><strong>ad</strong></span> 
     </span>
    </p>
   </div>
   <div class='ocr_carea' id='block_1_47' title="bbox 424 3856 2010 3939">
    <p class='ocr_par' dir='ltr' id='par_1_47' title="bbox 424 3856 2006 3929">
     <span class='ocr_line' id='line_1_47' title="bbox 424 3856 2006 3929; baseline -0.006 -13"><span class='ocrx_word' id='word_1_529' title='bbox 424 3876 537 3916; x_wconf 77' lang='lat' dir='ltr'><strong>non</strong></span> <span class='ocrx_word' id='word_1_530' title='bbox 583 3860 845 3914; x_wconf 82' lang='lat' dir='ltr'><strong>orditur:</strong></span> <span class='ocrx_word' id='word_1_531' title='bbox 890 3859 1026 3929; x_wconf 85' lang='lat' dir='ltr'><strong>quin</strong></span> <span class='ocrx_word' id='word_1_532' title='bbox 1082 3859 1193 3911; x_wconf 90' lang='lat' dir='ltr'><strong>imo</strong></span> <span class='ocrx_word' id='word_1_533' title='bbox 1233 3859 1539 3913; x_wconf 87' lang='lat' dir='ltr'><strong>secundum</strong></span> <span class='ocrx_word' id='word_1_534' title='bbox 1590 3856 1837 3909; x_wconf 72' lang='lat' dir='ltr'><strong>historia:</strong></span> <span class='ocrx_word' id='word_1_535' title='bbox 1893 3868 2006 3909; x_wconf 66' lang='lat' dir='ltr'><strong>suae</strong></span> 
     </span>
    </p>
   </div>
   <div class='ocr_carea' id='block_1_48' title="bbox 2114 3856 3715 3939">
    <p class='ocr_par' dir='ltr' id='par_1_48' title="bbox 2114 3861 3715 3928">
     <span class='ocr_line' id='line_1_48' title="bbox 2114 3861 3715 3928; baseline -0.011 0"><span class='ocrx_word' id='word_1_536' title='bbox 2114 3875 2329 3928; x_wconf 79' lang='lat' dir='ltr'><strong>Iaudem</strong></span> <span class='ocrx_word' id='word_1_537' title='bbox 2384 3867 2802 3924; x_wconf 84' lang='lat' dir='ltr'><strong>accommodate</strong></span> <span class='ocrx_word' id='word_1_538' title='bbox 2867 3863 3211 3920; x_wconf 83' lang='lat' dir='ltr'><strong>eoutexenda</strong></span> <span class='ocrx_word' id='word_1_539' title='bbox 3295 3863 3375 3917; x_wconf 85' lang='lat' dir='ltr'><strong>sit</strong></span> <span class='ocrx_word' id='word_1_540' title='bbox 3450 3861 3715 3916; x_wconf 76' lang='lat' dir='ltr'><strong>historia.</strong></span> 
     </span>
    </p>
   </div>
   <div class='ocr_carea' id='block_1_49' title="bbox 426 3947 2006 4022">
    <p class='ocr_par' dir='ltr' id='par_1_49' title="bbox 426 3947 2006 4022">
     <span class='ocr_line' id='line_1_49' title="bbox 426 3947 2006 4022; baseline -0.001 -18"><span class='ocrx_word' id='word_1_541' title='bbox 426 3952 628 4005; x_wconf 87' lang='lat' dir='ltr'><strong>librum</strong></span> <span class='ocrx_word' id='word_1_542' title='bbox 665 3950 733 4005; x_wconf 90' lang='lat' dir='ltr'><strong>ad</strong></span> <span class='ocrx_word' id='word_1_543' title='bbox 784 3952 1032 4022; x_wconf 87' lang='lat' dir='ltr'><strong>ejusdem</strong></span> <span class='ocrx_word' id='word_1_544' title='bbox 1084 3950 1387 4007; x_wconf 85' lang='lat' dir='ltr'><strong>Andronici</strong></span> <span class='ocrx_word' id='word_1_545' title='bbox 1448 3957 1683 4002; x_wconf 80' lang='lat' dir='ltr'><strong>mortem</strong></span> <span class='ocrx_word' id='word_1_546' title='bbox 1730 3947 2006 4016; x_wconf 82' lang='lat' dir='ltr'><strong>perducit.</strong></span> 
     </span>
    </p>
   </div>
   <div class='ocr_carea' id='block_1_50' title="bbox 428 4040 2006 4115">
    <p class='ocr_par' dir='ltr' id='par_1_50' title="bbox 428 4040 2006 4115">
     <span class='ocr_line' id='line_1_50' title="bbox 428 4040 2006 4115; baseline -0.004 -17"><span class='ocrx_word' id='word_1_547' title='bbox 428 4045 633 4100; x_wconf 82' lang='lat' dir='ltr'><strong>Verum</strong></span> <span class='ocrx_word' id='word_1_548' title='bbox 671 4047 800 4115; x_wconf 89' lang='lat' dir='ltr'><strong>quia</strong></span> <span class='ocrx_word' id='word_1_549' title='bbox 846 4043 1121 4115; x_wconf 83' lang='lat' dir='ltr'><strong>Gregoras</strong></span> <span class='ocrx_word' id='word_1_550' title='bbox 1170 4043 1274 4097; x_wconf 88' lang='lat' dir='ltr'><strong>iste</strong></span> <span class='ocrx_word' id='word_1_551' title='bbox 1314 4057 1454 4107; x_wconf 84' lang='lat' dir='ltr'><strong>avo,</strong></span> <span class='ocrx_word' id='word_1_552' title='bbox 1513 4042 1568 4096; x_wconf 88' lang='lat' dir='ltr'><strong>in</strong></span> <span class='ocrx_word' id='word_1_553' title='bbox 1625 4041 1785 4111; x_wconf 89' lang='lat' dir='ltr'><strong>cujus</strong></span> <span class='ocrx_word' id='word_1_554' title='bbox 1825 4040 2006 4094; x_wconf 83' lang='lat' dir='ltr'><strong>aulam</strong></span> 
     </span>
    </p>
   </div>
   <div class='ocr_carea' id='block_1_51' title="bbox 426 4133 2005 4197">
    <p class='ocr_par' dir='ltr' id='par_1_51' title="bbox 426 4133 2005 4197">
     <span class='ocr_line' id='line_1_51' title="bbox 426 4133 2005 4197; baseline -0.004 -5"><span class='ocrx_word' id='word_1_555' title='bbox 426 4139 662 4194; x_wconf 76' lang='lat' dir='ltr'><strong>desertis</strong></span> <span class='ocrx_word' id='word_1_556' title='bbox 726 4137 925 4192; x_wconf 87' lang='lat' dir='ltr'><strong>studiis</strong></span> <span class='ocrx_word' id='word_1_557' title='bbox 975 4137 1300 4193; x_wconf 85' lang='lat' dir='ltr'><strong>liberalibus</strong></span> <span class='ocrx_word' id='word_1_558' title='bbox 1333 4151 1392 4191; x_wconf 87' lang='lat' dir='ltr'><strong>se</strong></span> <span class='ocrx_word' id='word_1_559' title='bbox 1435 4136 1704 4195; x_wconf 76' lang='lat' dir='ltr'><strong>contulit,</strong></span> <span class='ocrx_word' id='word_1_560' title='bbox 1752 4133 2005 4197; x_wconf 85' lang='lat' dir='ltr'><strong>amicior,</strong></span> 
     </span>
    </p>
   </div>
   <div class='ocr_carea' id='block_1_52' title="bbox 427 4226 2009 4301">
    <p class='ocr_par' dir='ltr' id='par_1_52' title="bbox 427 4226 2009 4301">
     <span class='ocr_line' id='line_1_52' title="bbox 427 4226 2009 4301; baseline -0.003 -17"><span class='ocrx_word' id='word_1_561' title='bbox 427 4231 616 4301; x_wconf 90' lang='lat' dir='ltr'><strong>nepoti</strong></span> <span class='ocrx_word' id='word_1_562' title='bbox 657 4226 849 4285; x_wconf 80' lang='lat' dir='ltr'><strong>autem‘</strong></span> <span class='ocrx_word' id='word_1_563' title='bbox 876 4229 1119 4299; x_wconf 80' lang='lat' dir='ltr'><strong>iniquior</strong></span> <span class='ocrx_word' id='word_1_564' title='bbox 1158 4229 1265 4284; x_wconf 80' lang='lat' dir='ltr'><strong>fuit</strong></span> <span class='ocrx_word' id='word_1_565' title='bbox 1332 4247 1346 4283; x_wconf 91' lang='lat'><strong>:</strong></span> <span class='ocrx_word' id='word_1_566' title='bbox 1394 4229 1661 4296; x_wconf 81' lang='lat' dir='ltr'><strong>illtnnque</strong></span> <span class='ocrx_word' id='word_1_567' title='bbox 1711 4228 2009 4296; x_wconf 86' lang='lat' dir='ltr'><strong>plurimum</strong></span> 
     </span>
    </p>
   </div>
   <div class='ocr_carea' id='block_1_53' title="bbox 426 4320 2011 4393">
    <p class='ocr_par' dir='ltr' id='par_1_53' title="bbox 426 4320 2011 4393">
     <span class='ocr_line' id='line_1_53' title="bbox 426 4320 2011 4393; baseline -0.004 -16"><span class='ocrx_word' id='word_1_568' title='bbox 426 4333 484 4377; x_wconf 89' lang='lat' dir='ltr'><strong>et</strong></span> <span class='ocrx_word' id='word_1_569' title='bbox 559 4337 706 4393; x_wconf 50' lang='lat' dir='ltr'><strong>saepe</strong></span> <span class='ocrx_word' id='word_1_570' title='bbox 768 4322 1215 4386; x_wconf 82' lang='lat' dir='ltr'><strong>commendavit;</strong></span> <span class='ocrx_word' id='word_1_571' title='bbox 1277 4320 1429 4374; x_wconf 87' lang='lat' dir='ltr'><strong>hunc</strong></span> <span class='ocrx_word' id='word_1_572' title='bbox 1482 4328 1694 4387; x_wconf 77' lang='lat' dir='ltr'><strong>aperte,</strong></span> <span class='ocrx_word' id='word_1_573' title='bbox 1740 4333 1843 4372; x_wconf 86' lang='lat' dir='ltr'><strong>nec</strong></span> <span class='ocrx_word' id='word_1_574' title='bbox 1892 4333 2011 4371; x_wconf 66' lang='lat' dir='ltr'><strong>mo-</strong></span> 
     </span>
    </p>
   </div>
   <div class='ocr_carea' id='block_1_54' title="bbox 432 4410 2007 4481">
    <p class='ocr_par' dir='ltr' id='par_1_54' title="bbox 432 4410 2007 4481">
     <span class='ocr_line' id='line_1_54' title="bbox 432 4410 2007 4481; baseline -0.006 -10"><span class='ocrx_word' id='word_1_575' title='bbox 432 4417 576 4481; x_wconf 88' lang='lat' dir='ltr'><strong>dice,</strong></span> <span class='ocrx_word' id='word_1_576' title='bbox 602 4427 660 4471; x_wconf 86' lang='lat' dir='ltr'><strong>et</strong></span> <span class='ocrx_word' id='word_1_577' title='bbox 706 4430 819 4469; x_wconf 86' lang='lat' dir='ltr'><strong>non</strong></span> <span class='ocrx_word' id='word_1_578' title='bbox 857 4429 984 4468; x_wconf 86' lang='lat' dir='ltr'><strong>raro</strong></span> <span class='ocrx_word' id='word_1_579' title='bbox 1037 4412 1398 4473; x_wconf 81' lang='lat' dir='ltr'><strong>insimulavit,</strong></span> <span class='ocrx_word' id='word_1_580' title='bbox 1431 4426 1496 4465; x_wconf 87' lang='lat' dir='ltr'><strong>ac</strong></span> <span class='ocrx_word' id='word_1_581' title='bbox 1529 4411 1905 4478; x_wconf 75' lang='lat' dir='ltr'><strong>vituperavit;</strong></span> <span class='ocrx_word' id='word_1_582' title='bbox 1939 4410 2007 4462; x_wconf 87' lang='lat' dir='ltr'><strong>ad</strong></span> 
     </span>
    </p>
   </div>
   <div class='ocr_carea' id='block_1_55' title="bbox 427 4488 2013 4578">
    <p class='ocr_par' dir='ltr' id='par_1_55' title="bbox 427 4488 2013 4578">
     <span class='ocr_line' id='line_1_55' title="bbox 427 4488 2013 4578; baseline -0.006 -14"><span class='ocrx_word' id='word_1_583' title='bbox 427 4488 568 4569; x_wconf 64' lang='lat' dir='ltr'><strong>haec,</strong></span> <span class='ocrx_word' id='word_1_584' title='bbox 590 4509 886 4578; x_wconf 70' lang='lat' dir='ltr'><strong>quaeinter</strong></span> <span class='ocrx_word' id='word_1_585' title='bbox 937 4507 1061 4560; x_wconf 87' lang='lat' dir='ltr'><strong>illos</strong></span> <span class='ocrx_word' id='word_1_586' title='bbox 1090 4504 1436 4562; x_wconf 82' lang='lat' dir='ltr'><strong>acciderunt.</strong></span> <span class='ocrx_word' id='word_1_587' title='bbox 1472 4512 1685 4571; x_wconf 84' lang='lat' dir='ltr'><strong>partem</strong></span> <span class='ocrx_word' id='word_1_588' title='bbox 1720 4502 2013 4557; x_wconf 78' lang='lat' dir='ltr'><strong>maximam</strong></span> 
     </span>
    </p>
   </div>
   <div class='ocr_carea' id='block_1_56' title="bbox 429 4597 2010 4667">
    <p class='ocr_par' dir='ltr' id='par_1_56' title="bbox 429 4597 2010 4667">
     <span class='ocr_line' id='line_1_56' title="bbox 429 4597 2010 4667; baseline -0.006 -11"><span class='ocrx_word' id='word_1_589' title='bbox 429 4602 662 4656; x_wconf 89' lang='lat' dir='ltr'><strong>minime</strong></span> <span class='ocrx_word' id='word_1_590' title='bbox 702 4607 1000 4667; x_wconf 80' lang='lat' dir='ltr'><strong>comperta</strong></span> <span class='ocrx_word' id='word_1_591' title='bbox 1018 4597 1217 4652; x_wconf 89' lang='lat' dir='ltr'><strong>habuit</strong></span> <span class='ocrx_word' id='word_1_592' title='bbox 1249 4615 1262 4649; x_wconf 91' lang='lat'><strong>:</strong></span> <span class='ocrx_word' id='word_1_593' title='bbox 1292 4611 1416 4665; x_wconf 73' lang='lat' dir='ltr'><strong>qua:</strong></span> <span class='ocrx_word' id='word_1_594' title='bbox 1470 4605 1654 4649; x_wconf 89' lang='lat' dir='ltr'><strong>autem</strong></span> <span class='ocrx_word' id='word_1_595' title='bbox 1698 4597 2010 4664; x_wconf 81' lang='lat' dir='ltr'><strong>comperit,</strong></span> 
     </span>
    </p>
   </div>
   <div class='ocr_carea' id='block_1_57' title="bbox 429 4689 2014 4761">
    <p class='ocr_par' dir='ltr' id='par_1_57' title="bbox 429 4689 2014 4761">
     <span class='ocr_line' id='line_1_57' title="bbox 429 4689 2014 4761; baseline -0.005 -11"><span class='ocrx_word' id='word_1_596' title='bbox 429 4711 493 4750; x_wconf 88' lang='lat' dir='ltr'><strong>ea</strong></span> <span class='ocrx_word' id='word_1_597' title='bbox 533 4692 787 4756; x_wconf 80' lang='lat' dir='ltr'><strong>confuse,</strong></span> <span class='ocrx_word' id='word_1_598' title='bbox 816 4690 1160 4761; x_wconf 82' lang='lat' dir='ltr'><strong>imperfecte,</strong></span> <span class='ocrx_word' id='word_1_599' title='bbox 1194 4690 1443 4760; x_wconf 68' lang='lat' dir='ltr'><strong>quaedam</strong></span> <span class='ocrx_word' id='word_1_600' title='bbox 1474 4705 1693 4759; x_wconf 79' lang='lat' dir='ltr'><strong>qttoqlte</strong></span> <span class='ocrx_word' id='word_1_601' title='bbox 1717 4689 1881 4744; x_wconf 86' lang='lat' dir='ltr'><strong>aliter</strong></span> <span class='ocrx_word' id='word_1_602' title='bbox 1909 4689 2014 4743; x_wconf 90' lang='lat' dir='ltr'><strong>ali-</strong></span> 
     </span>
    </p>
   </div>
   <div class='ocr_carea' id='block_1_58' title="bbox 430 4781 2011 4858">
    <p class='ocr_par' dir='ltr' id='par_1_58' title="bbox 430 4781 2011 4858">
     <span class='ocr_line' id='line_1_58' title="bbox 430 4781 2011 4858; baseline -0.003 -17"><span class='ocrx_word' id='word_1_603' title='bbox 430 4795 679 4858; x_wconf 83' lang='lat' dir='ltr'><strong>quanto;</strong></span> <span class='ocrx_word' id='word_1_604' title='bbox 729 4785 862 4856; x_wconf 85' lang='lat' dir='ltr'><strong>quid</strong></span> <span class='ocrx_word' id='word_1_605' title='bbox 913 4783 1236 4853; x_wconf 83' lang='lat' dir='ltr'><strong>aliquanto?</strong></span> <span class='ocrx_word' id='word_1_606' title='bbox 1268 4783 1446 4836; x_wconf 88' lang='lat' dir='ltr'><strong>multo</strong></span> <span class='ocrx_word' id='word_1_607' title='bbox 1475 4781 1655 4839; x_wconf 85' lang='lat' dir='ltr'><strong>aliter.</strong></span> <span class='ocrx_word' id='word_1_608' title='bbox 1689 4798 1852 4851; x_wconf 86' lang='lat' dir='ltr'><strong>quam</strong></span> <span class='ocrx_word' id='word_1_609' title='bbox 1881 4798 2011 4837; x_wconf 84' lang='lat' dir='ltr'><strong>eve-</strong></span> 
     </span>
    </p>
   </div>
   <div class='ocr_carea' id='block_1_59' title="bbox 427 4874 2011 4943">
    <p class='ocr_par' dir='ltr' id='par_1_59' title="bbox 427 4874 2011 4943">
     <span class='ocr_line' id='line_1_59' title="bbox 427 4874 2011 4943; baseline -0.008 -10"><span class='ocrx_word' id='word_1_610' title='bbox 427 4882 661 4940; x_wconf 84' lang='lat' dir='ltr'><strong>nerunt,</strong></span> <span class='ocrx_word' id='word_1_611' title='bbox 693 4886 748 4930; x_wconf 82' lang='lat' dir='ltr'><strong>et</strong></span> <span class='ocrx_word' id='word_1_612' title='bbox 768 4887 894 4930; x_wconf 86' lang='lat' dir='ltr'><strong>cum</strong></span> <span class='ocrx_word' id='word_1_613' title='bbox 917 4874 1223 4929; x_wconf 76' lang='lat' dir='ltr'><strong>mendaciis</strong></span> <span class='ocrx_word' id='word_1_614' title='bbox 1249 4875 1506 4943; x_wconf 78' lang='lat' dir='ltr'><strong>exposuit</strong></span> <span class='ocrx_word' id='word_1_615' title='bbox 1533 4889 1549 4940; x_wconf 89' lang='lat'><strong>;</strong></span> <span class='ocrx_word' id='word_1_616' title='bbox 1590 4874 1642 4926; x_wconf 91' lang='lat' dir='ltr'><strong>in</strong></span> <span class='ocrx_word' id='word_1_617' title='bbox 1674 4874 1849 4942; x_wconf 84' lang='lat' dir='ltr'><strong>ipsius</strong></span> <span class='ocrx_word' id='word_1_618' title='bbox 1875 4888 2011 4942; x_wconf 66' lang='lat' dir='ltr'><strong>quo.</strong></span> 
     </span>
    </p>
   </div>
   <div class='ocr_carea' id='block_1_60' title="bbox 433 4964 2014 5039">
    <p class='ocr_par' dir='ltr' id='par_1_60' title="bbox 433 4964 2014 5039">
     <span class='ocr_line' id='line_1_60' title="bbox 433 4964 2014 5039; baseline -0.003 -17"><span class='ocrx_word' id='word_1_619' title='bbox 433 4984 546 5039; x_wconf 87' lang='lat' dir='ltr'><strong>que</strong></span> <span class='ocrx_word' id='word_1_620' title='bbox 572 4967 944 5022; x_wconf 78' lang='lat' dir='ltr'><strong>Canta‘cuzeui</strong></span> <span class='ocrx_word' id='word_1_621' title='bbox 997 4966 1164 5031; x_wconf 87' lang='lat' dir='ltr'><strong>bello,</strong></span> <span class='ocrx_word' id='word_1_622' title='bbox 1195 4967 1474 5037; x_wconf 85' lang='lat' dir='ltr'><strong>rebusque</strong></span> <span class='ocrx_word' id='word_1_623' title='bbox 1515 4964 2014 5021; x_wconf 81' lang='lat' dir='ltr'><strong>commemorandis</strong></span> 
     </span>
    </p>
   </div>
   <div class='ocr_carea' id='block_1_61' title="bbox 434 5055 2014 5131">
    <p class='ocr_par' dir='ltr' id='par_1_61' title="bbox 434 5055 2014 5131">
     <span class='ocr_line' id='line_1_61' title="bbox 434 5055 2014 5131; baseline -0.004 -15"><span class='ocrx_word' id='word_1_624' title='bbox 434 5065 582 5131; x_wconf 67' lang='lat' dir='ltr'><strong>(quae</strong></span> <span class='ocrx_word' id='word_1_625' title='bbox 612 5060 819 5129; x_wconf 81' lang='lat' dir='ltr'><strong>scripta</strong></span> <span class='ocrx_word' id='word_1_626' title='bbox 850 5059 938 5114; x_wconf 85' lang='lat' dir='ltr'><strong>vel</strong></span> <span class='ocrx_word' id='word_1_627' title='bbox 972 5058 1328 5121; x_wconf 84' lang='lat' dir='ltr'><strong>interierunt,</strong></span> <span class='ocrx_word' id='word_1_628' title='bbox 1388 5058 1474 5114; x_wconf 86' lang='lat' dir='ltr'><strong>vel</strong></span> <span class='ocrx_word' id='word_1_629' title='bbox 1513 5059 1693 5112; x_wconf 91' lang='lat' dir='ltr'><strong>adhuc</strong></span> <span class='ocrx_word' id='word_1_630' title='bbox 1746 5058 1802 5111; x_wconf 87' lang='lat' dir='ltr'><strong>in</strong></span> <span class='ocrx_word' id='word_1_631' title='bbox 1831 5055 2014 5124; x_wconf 87' lang='lat' dir='ltr'><strong>aliqua</strong></span> 
     </span>
    </p>
   </div>
   <div class='ocr_carea' id='block_1_62' title="bbox 431 5148 2015 5221">
    <p class='ocr_par' dir='ltr' id='par_1_62' title="bbox 431 5148 2015 5221">
     <span class='ocr_line' id='line_1_62' title="bbox 431 5148 2015 5221; baseline -0.006 -12"><span class='ocrx_word' id='word_1_632' title='bbox 431 5152 777 5209; x_wconf 87' lang='lat' dir='ltr'><strong>bibliotheca</strong></span> <span class='ocrx_word' id='word_1_633' title='bbox 814 5152 1009 5218; x_wconf 86' lang='lat' dir='ltr'><strong>latent)</strong></span> <span class='ocrx_word' id='word_1_634' title='bbox 1042 5166 1237 5221; x_wconf 85' lang='lat' dir='ltr'><strong>parum</strong></span> <span class='ocrx_word' id='word_1_635' title='bbox 1267 5150 1412 5205; x_wconf 84' lang='lat' dir='ltr'><strong>bona</strong></span> <span class='ocrx_word' id='word_1_636' title='bbox 1447 5151 1553 5204; x_wconf 84' lang='lat' dir='ltr'><strong>fide</strong></span> <span class='ocrx_word' id='word_1_637' title='bbox 1578 5192 1593 5215; x_wconf 93' lang='lat'><strong>,</strong></span> <span class='ocrx_word' id='word_1_638' title='bbox 1634 5148 2015 5217; x_wconf 87' lang='lat' dir='ltr'><strong>malevoleque</strong></span> 
     </span>
    </p>
   </div>
   <div class='ocr_carea' id='block_1_63' title="bbox 434 5241 2013 5303">
    <p class='ocr_par' dir='ltr' id='par_1_63' title="bbox 434 5241 2013 5303">
     <span class='ocr_line' id='line_1_63' title="bbox 434 5241 2013 5303; baseline -0.005 -3"><span class='ocrx_word' id='word_1_639' title='bbox 434 5253 695 5300; x_wconf 81' lang='lat' dir='ltr'><strong>versatus</strong></span> <span class='ocrx_word' id='word_1_640' title='bbox 736 5254 840 5300; x_wconf 82' lang='lat' dir='ltr'><strong>est.</strong></span> <span class='ocrx_word' id='word_1_641' title='bbox 876 5244 1299 5301; x_wconf 75' lang='lat' dir='ltr'><strong>Cantacuzenus</strong></span> <span class='ocrx_word' id='word_1_642' title='bbox 1327 5245 1441 5297; x_wconf 62' lang='lat' dir='ltr'><strong>haec</strong></span> <span class='ocrx_word' id='word_1_643' title='bbox 1472 5242 1605 5298; x_wconf 88' lang='lat' dir='ltr'><strong>vitia</strong></span> <span class='ocrx_word' id='word_1_644' title='bbox 1648 5257 1756 5296; x_wconf 90' lang='lat' dir='ltr'><strong>non</strong></span> <span class='ocrx_word' id='word_1_645' title='bbox 1807 5241 2013 5303; x_wconf 87' lang='lat' dir='ltr'><strong>ferens,</strong></span> 
     </span>
    </p>
   </div>
   <div class='ocr_carea' id='block_1_64' title="bbox 429 5330 2013 5408">
    <p class='ocr_par' dir='ltr' id='par_1_64' title="bbox 429 5330 2013 5408">
     <span class='ocr_line' id='line_1_64' title="bbox 429 5330 2013 5408; baseline -0.006 -15"><span class='ocrx_word' id='word_1_646' title='bbox 429 5338 594 5408; x_wconf 77' lang='lat' dir='ltr'><strong>longe</strong></span> <span class='ocrx_word' id='word_1_647' title='bbox 623 5337 897 5393; x_wconf 88' lang='lat' dir='ltr'><strong>sincerius</strong></span> <span class='ocrx_word' id='word_1_648' title='bbox 919 5377 933 5401; x_wconf 89' lang='lat'><strong>,</strong></span> <span class='ocrx_word' id='word_1_649' title='bbox 974 5335 1249 5406; x_wconf 78' lang='lat' dir='ltr'><strong>longeque</strong></span> <span class='ocrx_word' id='word_1_650' title='bbox 1296 5334 1578 5401; x_wconf 81' lang='lat' dir='ltr'><strong>copiosius</strong></span> <span class='ocrx_word' id='word_1_651' title='bbox 1601 5374 1615 5397; x_wconf 93' lang='lat'><strong>,</strong></span> <span class='ocrx_word' id='word_1_652' title='bbox 1655 5330 1972 5390; x_wconf 77' lang='lat' dir='ltr'><strong>disdnctius</strong></span> <span class='ocrx_word' id='word_1_653' title='bbox 1998 5369 2013 5392; x_wconf 90' lang='lat'><strong>,</strong></span> 
     </span>
    </p>
   </div>
   <div class='ocr_carea' id='block_1_65' title="bbox 434 5426 2010 5502">
    <p class='ocr_par' dir='ltr' id='par_1_65' title="bbox 434 5426 2010 5502">
     <span class='ocr_line' id='line_1_65' title="bbox 434 5426 2010 5502; baseline -0.006 -15"><span class='ocrx_word' id='word_1_654' title='bbox 434 5433 745 5502; x_wconf 75' lang='lat' dir='ltr'><strong>integrius,</strong></span> <span class='ocrx_word' id='word_1_655' title='bbox 790 5429 995 5485; x_wconf 89' lang='lat' dir='ltr'><strong>certius</strong></span> <span class='ocrx_word' id='word_1_656' title='bbox 1033 5430 1216 5482; x_wconf 86' lang='lat' dir='ltr'><strong>omnia</strong></span> <span class='ocrx_word' id='word_1_657' title='bbox 1273 5427 1606 5496; x_wconf 79' lang='lat' dir='ltr'><strong>explicavit;</strong></span> <span class='ocrx_word' id='word_1_658' title='bbox 1672 5427 1874 5496; x_wconf 85' lang='lat' dir='ltr'><strong>quippe</strong></span> <span class='ocrx_word' id='word_1_659' title='bbox 1918 5426 2010 5494; x_wconf 87' lang='lat' dir='ltr'><strong>qui</strong></span> 
     </span>
    </p>
   </div>
   <div class='ocr_carea' id='block_1_66' title="bbox 368 5503 2013 5607">
    <p class='ocr_par' dir='ltr' id='par_1_66' title="bbox 368 5503 2013 5607">
     <span class='ocr_line' id='line_1_66' title="bbox 368 5503 2013 5607; baseline -0.002 -30"><span class='ocrx_word' id='word_1_660' title='bbox 368 5594 379 5607; x_wconf 31' lang='grc'><strong><em>1</em></strong></span> <span class='ocrx_word' id='word_1_661' title='bbox 432 5523 697 5580; x_wconf 84' lang='lat' dir='ltr'><strong>omnibus</strong></span> <span class='ocrx_word' id='word_1_662' title='bbox 729 5538 873 5593; x_wconf 88' lang='lat' dir='ltr'><strong>pene</strong></span> <span class='ocrx_word' id='word_1_663' title='bbox 903 5536 1012 5575; x_wconf 90' lang='lat' dir='ltr'><strong>non</strong></span> <span class='ocrx_word' id='word_1_664' title='bbox 1058 5518 1311 5575; x_wconf 79' lang='lat' dir='ltr'><strong>interfuit</strong></span> <span class='ocrx_word' id='word_1_665' title='bbox 1344 5503 1562 5583; x_wconf 49' lang='lat' dir='ltr'><strong>‘solum,</strong></span> <span class='ocrx_word' id='word_1_666' title='bbox 1602 5535 1794 5574; x_wconf 85' lang='lat' dir='ltr'><strong>verum</strong></span> <span class='ocrx_word' id='word_1_667' title='bbox 1846 5518 2013 5573; x_wconf 87' lang='lat' dir='ltr'><strong>etiam</strong></span> 
     </span>
    </p>
   </div>
   <div class='ocr_carea' id='block_1_67' title="bbox 434 5610 2013 5688">
    <p class='ocr_par' dir='ltr' id='par_1_67' title="bbox 434 5610 2013 5688">
     <span class='ocr_line' id='line_1_67' title="bbox 434 5610 2013 5688; baseline -0.003 -20"><span class='ocrx_word' id='word_1_668' title='bbox 434 5616 703 5688; x_wconf 69' lang='lat' dir='ltr'><strong>praefuit,</strong></span> <span class='ocrx_word' id='word_1_669' title='bbox 762 5625 817 5670; x_wconf 90' lang='lat' dir='ltr'><strong>et</strong></span> <span class='ocrx_word' id='word_1_670' title='bbox 861 5628 984 5683; x_wconf 68' lang='lat' dir='ltr'><strong>quae</strong></span> <span class='ocrx_word' id='word_1_671' title='bbox 1028 5614 1144 5682; x_wconf 88' lang='lat' dir='ltr'><strong>ipse</strong></span> <span class='ocrx_word' id='word_1_672' title='bbox 1199 5626 1311 5665; x_wconf 90' lang='lat' dir='ltr'><strong>non</strong></span> <span class='ocrx_word' id='word_1_673' title='bbox 1362 5611 1539 5675; x_wconf 80' lang='lat' dir='ltr'><strong>vidit,</strong></span> <span class='ocrx_word' id='word_1_674' title='bbox 1600 5621 1696 5667; x_wconf 88' lang='lat' dir='ltr'><strong>aut</strong></span> <span class='ocrx_word' id='word_1_675' title='bbox 1754 5611 1866 5681; x_wconf 85' lang='lat' dir='ltr'><strong>egit</strong></span> <span class='ocrx_word' id='word_1_676' title='bbox 1899 5610 2013 5679; x_wconf 86' lang='lat' dir='ltr'><strong>(qui</strong></span> 
     </span>
    </p>
   </div>
   <div class='ocr_carea' id='block_1_68' title="bbox 440 5703 2017 5775">
    <p class='ocr_par' dir='ltr' id='par_1_68' title="bbox 440 5703 2017 5775">
     <span class='ocr_line' id='line_1_68' title="bbox 440 5703 2017 5775; baseline -0.002 -15"><span class='ocrx_word' id='word_1_677' title='bbox 440 5708 587 5761; x_wconf 84' lang='lat' dir='ltr'><strong>enim</strong></span> <span class='ocrx_word' id='word_1_678' title='bbox 628 5707 807 5775; x_wconf 81' lang='lat' dir='ltr'><strong>potuit</strong></span> <span class='ocrx_word' id='word_1_679' title='bbox 835 5705 1175 5775; x_wconf 86' lang='lat' dir='ltr'><strong>omnia?)ea</strong></span> <span class='ocrx_word' id='word_1_680' title='bbox 1218 5721 1246 5760; x_wconf 71' lang='grc' dir='ltr'><strong>δ</strong></span> <span class='ocrx_word' id='word_1_681' title='bbox 1284 5704 1521 5760; x_wconf 83' lang='lat' dir='ltr'><strong>testibus</strong></span> <span class='ocrx_word' id='word_1_682' title='bbox 1560 5703 1900 5773; x_wconf 82' lang='lat' dir='ltr'><strong>gravissimis</strong></span> <span class='ocrx_word' id='word_1_683' title='bbox 1926 5718 2017 5758; x_wconf 82' lang='lat' dir='ltr'><strong>ac-</strong></span> 
     </span>
    </p>
   </div>
   <div class='ocr_carea' id='block_1_69' title="bbox 438 5797 2014 5885">
    <p class='ocr_par' dir='ltr' id='par_1_69' title="bbox 438 5797 2014 5885">
     <span class='ocr_line' id='line_1_69' title="bbox 438 5797 2014 5885; baseline 0.002 -35"><span class='ocrx_word' id='word_1_684' title='bbox 438 5798 619 5875; x_wconf 78' lang='lat' dir='ltr'><strong>cepit;</strong></span> <span class='ocrx_word' id='word_1_685' title='bbox 659 5798 1123 5878; x_wconf 81' lang='lat' dir='ltr'><strong>quemadmodum</strong></span> <span class='ocrx_word' id='word_1_686' title='bbox 1152 5799 1221 5885; x_wconf 42' lang='lat' dir='ltr'><strong>in.</strong></span> <span class='ocrx_word' id='word_1_687' title='bbox 1242 5797 1351 5853; x_wconf 86' lang='lat' dir='ltr'><strong>fine</strong></span> <span class='ocrx_word' id='word_1_688' title='bbox 1381 5798 1506 5853; x_wconf 89' lang='lat' dir='ltr'><strong>libri</strong></span> <span class='ocrx_word' id='word_1_689' title='bbox 1551 5797 1734 5871; x_wconf 87' lang='lat' dir='ltr'><strong>quarti</strong></span> <span class='ocrx_word' id='word_1_690' title='bbox 1767 5804 2014 5853; x_wconf 80' lang='lat' dir='ltr'><strong>testatur.</strong></span> 
     </span>
    </p>
   </div>
   <div class='ocr_carea' id='block_1_70' title="bbox 2113 3952 3714 4027">
    <p class='ocr_par' dir='ltr' id='par_1_70' title="bbox 2113 3952 3714 4027">
     <span class='ocr_line' id='line_1_70' title="bbox 2113 3952 3714 4027; baseline -0.009 -7"><span class='ocrx_word' id='word_1_691' title='bbox 2113 3967 2272 4027; x_wconf 83' lang='lat' dir='ltr'><strong>Mira,</strong></span> <span class='ocrx_word' id='word_1_692' title='bbox 2325 3979 2489 4020; x_wconf 85' lang='lat' dir='ltr'><strong>nova,</strong></span> <span class='ocrx_word' id='word_1_693' title='bbox 2548 3959 2824 4022; x_wconf 87' lang='lat' dir='ltr'><strong>inaudita,</strong></span> <span class='ocrx_word' id='word_1_694' title='bbox 2880 3957 3166 4020; x_wconf 87' lang='lat' dir='ltr'><strong>inusitata,</strong></span> <span class='ocrx_word' id='word_1_695' title='bbox 3202 3957 3560 4010; x_wconf 87' lang='lat' dir='ltr'><strong>occultorum</strong></span> <span class='ocrx_word' id='word_1_696' title='bbox 3617 3952 3714 4008; x_wconf 87' lang='lat' dir='ltr'><strong>Dei</strong></span> 
     </span>
    </p>
   </div>
   <div class='ocr_carea' id='block_1_71' title="bbox 2106 4047 3716 4129">
    <p class='ocr_par' dir='ltr' id='par_1_71' title="bbox 2106 4047 3716 4129">
     <span class='ocr_line' id='line_1_71' title="bbox 2106 4047 3716 4129; baseline -0.008 -16"><span class='ocrx_word' id='word_1_697' title='bbox 2106 4057 2444 4129; x_wconf 84' lang='lat' dir='ltr'><strong>judiciorum</strong></span> <span class='ocrx_word' id='word_1_698' title='bbox 2474 4053 2673 4124; x_wconf 88' lang='lat' dir='ltr'><strong>plena,</strong></span> <span class='ocrx_word' id='word_1_699' title='bbox 2705 4052 2959 4122; x_wconf 85' lang='lat' dir='ltr'><strong>grandia,</strong></span> <span class='ocrx_word' id='word_1_700' title='bbox 2994 4049 3231 4105; x_wconf 73' lang='lat' dir='ltr'><strong>iliustria</strong></span> <span class='ocrx_word' id='word_1_701' title='bbox 3264 4050 3445 4103; x_wconf 86' lang='lat' dir='ltr'><strong>multa</strong></span> <span class='ocrx_word' id='word_1_702' title='bbox 3493 4047 3588 4102; x_wconf 87' lang='lat' dir='ltr'><strong>hic</strong></span> <span class='ocrx_word' id='word_1_703' title='bbox 3622 4062 3716 4100; x_wconf 81' lang='lat' dir='ltr'><strong>re—</strong></span> 
     </span>
    </p>
   </div>
   <div class='ocr_carea' id='block_1_72' title="bbox 2114 4142 3713 4211">
    <p class='ocr_par' dir='ltr' id='par_1_72' title="bbox 2114 4142 3713 4211">
     <span class='ocr_line' id='line_1_72' title="bbox 2114 4142 3713 4211; baseline -0.004 -11"><span class='ocrx_word' id='word_1_704' title='bbox 2114 4158 2443 4201; x_wconf 78' lang='lat' dir='ltr'><strong>censentur.</strong></span> <span class='ocrx_word' id='word_1_705' title='bbox 2496 4147 2602 4208; x_wconf 87' lang='lat' dir='ltr'><strong>Et,</strong></span> <span class='ocrx_word' id='word_1_706' title='bbox 2659 4147 2705 4200; x_wconf 90' lang='lat' dir='ltr'><strong>si</strong></span> <span class='ocrx_word' id='word_1_707' title='bbox 2766 4145 2999 4200; x_wconf 86' lang='lat' dir='ltr'><strong>historia</strong></span> <span class='ocrx_word' id='word_1_708' title='bbox 3040 4143 3210 4197; x_wconf 85' lang='lat' dir='ltr'><strong>debet</strong></span> <span class='ocrx_word' id='word_1_709' title='bbox 3246 4158 3377 4198; x_wconf 87' lang='lat' dir='ltr'><strong>esse</strong></span> <span class='ocrx_word' id='word_1_710' title='bbox 3425 4142 3713 4211; x_wconf 85' lang='lat' dir='ltr'><strong>prudens,</strong></span> 
     </span>
    </p>
   </div>
   <div class='ocr_carea' id='block_1_73' title="bbox 2114 4232 3709 4309">
    <p class='ocr_par' dir='ltr' id='par_1_73' title="bbox 2114 4232 3709 4309">
     <span class='ocr_line' id='line_1_73' title="bbox 2114 4232 3709 4309; baseline -0.008 -14"><span class='ocrx_word' id='word_1_711' title='bbox 2114 4249 2281 4309; x_wconf 87' lang='lat' dir='ltr'><strong>atque</strong></span> <span class='ocrx_word' id='word_1_712' title='bbox 2331 4246 2527 4294; x_wconf 85' lang='lat' dir='ltr'><strong>ornata</strong></span> <span class='ocrx_word' id='word_1_713' title='bbox 2577 4253 2763 4293; x_wconf 88' lang='lat' dir='ltr'><strong>rerum</strong></span> <span class='ocrx_word' id='word_1_714' title='bbox 2801 4235 3142 4305; x_wconf 76' lang='lat' dir='ltr'><strong>explicatio,</strong></span> <span class='ocrx_word' id='word_1_715' title='bbox 3192 4245 3394 4288; x_wconf 85' lang='lat' dir='ltr'><strong>neutra</strong></span> <span class='ocrx_word' id='word_1_716' title='bbox 3439 4235 3621 4287; x_wconf 88' lang='lat' dir='ltr'><strong>virtus</strong></span> <span class='ocrx_word' id='word_1_717' title='bbox 3654 4232 3709 4284; x_wconf 88' lang='lat' dir='ltr'><strong>in</strong></span> 
     </span>
    </p>
   </div>
   <div class='ocr_carea' id='block_1_74' title="bbox 2114 4312 3710 4396">
    <p class='ocr_par' dir='ltr' id='par_1_74' title="bbox 2114 4312 3710 4396">
     <span class='ocr_line' id='line_1_74' title="bbox 2114 4312 3710 4396; baseline -0.004 -13"><span class='ocrx_word' id='word_1_718' title='bbox 2114 4329 2218 4383; x_wconf 85' lang='lat' dir='ltr'><strong>hac</strong></span> <span class='ocrx_word' id='word_1_719' title='bbox 2258 4328 2660 4382; x_wconf 84' lang='lat' dir='ltr'><strong>desideratur:</strong></span> <span class='ocrx_word' id='word_1_720' title='bbox 2697 4342 2821 4396; x_wconf 72' lang='lat' dir='ltr'><strong>quae</strong></span> <span class='ocrx_word' id='word_1_721' title='bbox 2851 4325 2990 4379; x_wconf 89' lang='lat' dir='ltr'><strong>mihi</strong></span> <span class='ocrx_word' id='word_1_722' title='bbox 3036 4312 3257 4393; x_wconf 77' lang='lat' dir='ltr'><strong>semper</strong></span> <span class='ocrx_word' id='word_1_723' title='bbox 3299 4340 3331 4378; x_wconf 83' lang='lat' dir='ltr'><strong>a.</strong></span> <span class='ocrx_word' id='word_1_724' title='bbox 3378 4325 3501 4378; x_wconf 85' lang='lat' dir='ltr'><strong>viro</strong></span> <span class='ocrx_word' id='word_1_725' title='bbox 3545 4322 3710 4377; x_wconf 84' lang='lat' dir='ltr'><strong>nobi—</strong></span> 
     </span>
    </p>
   </div>
   <div class='ocr_carea' id='block_1_75' title="bbox 2117 4415 3706 4490">
    <p class='ocr_par' dir='ltr' id='par_1_75' title="bbox 2117 4415 3706 4490">
     <span class='ocr_line' id='line_1_75' title="bbox 2117 4415 3706 4490; baseline -0.006 -15"><span class='ocrx_word' id='word_1_726' title='bbox 2117 4422 2355 4485; x_wconf 88' lang='lat' dir='ltr'><strong>lissimo,</strong></span> <span class='ocrx_word' id='word_1_727' title='bbox 2388 4430 2442 4473; x_wconf 88' lang='lat' dir='ltr'><strong>et</strong></span> <span class='ocrx_word' id='word_1_728' title='bbox 2480 4419 2702 4490; x_wconf 83' lang='lat' dir='ltr'><strong>ingenio</strong></span> <span class='ocrx_word' id='word_1_729' title='bbox 2729 4416 3199 4472; x_wconf 80' lang='lat' dir='ltr'><strong>excellentissimo</strong></span> <span class='ocrx_word' id='word_1_730' title='bbox 3255 4415 3706 4483; x_wconf 80' lang='lat' dir='ltr'><strong>sumissimoque</strong></span> 
     </span>
    </p>
   </div>
   <div class='ocr_carea' id='block_1_76' title="bbox 2051 4500 3706 4582">
    <p class='ocr_par' dir='ltr' id='par_1_76' title="bbox 2051 4500 3706 4582">
     <span class='ocr_line' id='line_1_76' title="bbox 2051 4500 3706 4582; baseline -0.005 -14"><span class='ocrx_word' id='word_1_731' title='bbox 2051 4500 2089 4552; x_wconf 78' lang='grc' dir='ltr'><strong>θ</strong></span> <span class='ocrx_word' id='word_1_732' title='bbox 2119 4515 2235 4568; x_wconf 87' lang='lat' dir='ltr'><strong>visa</strong></span> <span class='ocrx_word' id='word_1_733' title='bbox 2279 4521 2366 4566; x_wconf 85' lang='lat' dir='ltr'><strong>est</strong></span> <span class='ocrx_word' id='word_1_734' title='bbox 2419 4510 2770 4582; x_wconf 79' lang='lat' dir='ltr'><strong>profluxisse.</strong></span> <span class='ocrx_word' id='word_1_735' title='bbox 2813 4508 3118 4565; x_wconf 84' lang='lat' dir='ltr'><strong>Prudentia</strong></span> <span class='ocrx_word' id='word_1_736' title='bbox 3174 4507 3477 4569; x_wconf 81' lang='lat' dir='ltr'><strong>militaris.</strong></span> <span class='ocrx_word' id='word_1_737' title='bbox 3536 4515 3706 4574; x_wconf 84' lang='lat' dir='ltr'><strong>atque</strong></span> 
     </span>
    </p>
   </div>
   <div class='ocr_carea' id='block_1_77' title="bbox 2116 4601 3705 4668">
    <p class='ocr_par' dir='ltr' id='par_1_77' title="bbox 2116 4601 3705 4668">
     <span class='ocr_line' id='line_1_77' title="bbox 2116 4601 3705 4668; baseline -0.008 -6"><span class='ocrx_word' id='word_1_738' title='bbox 2116 4607 2297 4662; x_wconf 87' lang='lat' dir='ltr'><strong>civilis</strong></span> <span class='ocrx_word' id='word_1_739' title='bbox 2331 4616 2441 4660; x_wconf 90' lang='lat' dir='ltr'><strong>tam</strong></span> <span class='ocrx_word' id='word_1_740' title='bbox 2477 4604 2683 4662; x_wconf 83' lang='lat' dir='ltr'><strong>eximia</strong></span> <span class='ocrx_word' id='word_1_741' title='bbox 2724 4603 2815 4656; x_wconf 92' lang='lat' dir='ltr'><strong>hic</strong></span> <span class='ocrx_word' id='word_1_742' title='bbox 2867 4603 3089 4663; x_wconf 86' lang='lat' dir='ltr'><strong>elucet,</strong></span> <span class='ocrx_word' id='word_1_743' title='bbox 3139 4611 3199 4655; x_wconf 87' lang='lat' dir='ltr'><strong>ut</strong></span> <span class='ocrx_word' id='word_1_744' title='bbox 3248 4601 3537 4655; x_wconf 80' lang='lat' dir='ltr'><strong>civitatum</strong></span> <span class='ocrx_word' id='word_1_745' title='bbox 3569 4614 3705 4668; x_wconf 80' lang='lat' dir='ltr'><strong>pro-</strong></span> 
     </span>
    </p>
   </div>
   <div class='ocr_carea' id='block_1_78' title="bbox 2119 4690 3703 4765">
    <p class='ocr_par' dir='ltr' id='par_1_78' title="bbox 2119 4690 3703 4765">
     <span class='ocr_line' id='line_1_78' title="bbox 2119 4690 3703 4765; baseline -0.008 -12"><span class='ocrx_word' id='word_1_746' title='bbox 2119 4699 2546 4765; x_wconf 84' lang='lat' dir='ltr'><strong>vinciarumque</strong></span> <span class='ocrx_word' id='word_1_747' title='bbox 2572 4693 2906 4754; x_wconf 76' lang='lat' dir='ltr'><strong>rectoribus;</strong></span> <span class='ocrx_word' id='word_1_748' title='bbox 2928 4708 2994 4746; x_wconf 89' lang='lat' dir='ltr'><strong>ac</strong></span> <span class='ocrx_word' id='word_1_749' title='bbox 3018 4693 3147 4747; x_wconf 86' lang='lat' dir='ltr'><strong>belli</strong></span> <span class='ocrx_word' id='word_1_750' title='bbox 3167 4691 3410 4747; x_wconf 82' lang='lat' dir='ltr'><strong>ducibus</strong></span> <span class='ocrx_word' id='word_1_751' title='bbox 3432 4690 3703 4760; x_wconf 86' lang='lat' dir='ltr'><strong>majorem</strong></span> 
     </span>
    </p>
   </div>
   <div class='ocr_carea' id='block_1_79' title="bbox 2119 4783 3702 4854">
    <p class='ocr_par' dir='ltr' id='par_1_79' title="bbox 2119 4783 3702 4854">
     <span class='ocr_line' id='line_1_79' title="bbox 2119 4783 3702 4854; baseline -0.008 -10"><span class='ocrx_word' id='word_1_752' title='bbox 2119 4789 2175 4844; x_wconf 90' lang='lat' dir='ltr'><strong>in</strong></span> <span class='ocrx_word' id='word_1_753' title='bbox 2230 4788 2458 4842; x_wconf 89' lang='lat' dir='ltr'><strong>modum</strong></span> <span class='ocrx_word' id='word_1_754' title='bbox 2508 4786 2987 4845; x_wconf 82' lang='lat' dir='ltr'><strong>cmumodaturam</strong></span> <span class='ocrx_word' id='word_1_755' title='bbox 3054 4795 3268 4854; x_wconf 83' lang='lat' dir='ltr'><strong>putem.</strong></span> <span class='ocrx_word' id='word_1_756' title='bbox 3321 4783 3461 4839; x_wconf 90' lang='lat' dir='ltr'><strong>Cum</strong></span> <span class='ocrx_word' id='word_1_757' title='bbox 3516 4790 3702 4836; x_wconf 82' lang='lat' dir='ltr'><strong>autem</strong></span> 
     </span>
    </p>
   </div>
   <div class='ocr_carea' id='block_1_80' title="bbox 2119 4873 3702 4947">
    <p class='ocr_par' dir='ltr' id='par_1_80' title="bbox 2119 4873 3702 4947">
     <span class='ocr_line' id='line_1_80' title="bbox 2119 4873 3702 4947; baseline -0.007 -13"><span class='ocrx_word' id='word_1_758' title='bbox 2119 4881 2301 4934; x_wconf 88' lang='lat' dir='ltr'><strong>virum</strong></span> <span class='ocrx_word' id='word_1_759' title='bbox 2354 4878 2638 4947; x_wconf 86' lang='lat' dir='ltr'><strong>politicum</strong></span> <span class='ocrx_word' id='word_1_760' title='bbox 2671 4876 2738 4929; x_wconf 87' lang='lat' dir='ltr'><strong>ad</strong></span> <span class='ocrx_word' id='word_1_761' title='bbox 2772 4876 2923 4931; x_wconf 87' lang='lat' dir='ltr'><strong>bene‘</strong></span> <span class='ocrx_word' id='word_1_762' title='bbox 2957 4874 3261 4943; x_wconf 76' lang='lat' dir='ltr'><strong>regendum</strong></span> <span class='ocrx_word' id='word_1_763' title='bbox 3301 4873 3430 4928; x_wconf 86' lang='lat' dir='ltr'><strong>aliis</strong></span> <span class='ocrx_word' id='word_1_764' title='bbox 3480 4885 3702 4941; x_wconf 85' lang='lat' dir='ltr'><strong>quoque</strong></span> 
     </span>
    </p>
   </div>
   <div class='ocr_carea' id='block_1_81' title="bbox 2114 4968 3699 5034">
    <p class='ocr_par' dir='ltr' id='par_1_81' title="bbox 2114 4968 3699 5034">
     <span class='ocr_line' id='line_1_81' title="bbox 2114 4968 3699 5034; baseline -0.007 -7"><span class='ocrx_word' id='word_1_765' title='bbox 2114 4972 2422 5027; x_wconf 74' lang='lat' dir='ltr'><strong>virtutibus</strong></span> <span class='ocrx_word' id='word_1_766' title='bbox 2475 4968 2847 5027; x_wconf 89' lang='lat' dir='ltr'><strong>nihilominus</strong></span> <span class='ocrx_word' id='word_1_767' title='bbox 2888 4968 3222 5023; x_wconf 88' lang='lat' dir='ltr'><strong>instructum</strong></span> <span class='ocrx_word' id='word_1_768' title='bbox 3250 4981 3378 5021; x_wconf 82' lang='lat' dir='ltr'><strong>esse</strong></span> <span class='ocrx_word' id='word_1_769' title='bbox 3409 4972 3699 5034; x_wconf 73' lang='lat' dir='ltr'><strong>Oporteat.</strong></span> 
     </span>
    </p>
   </div>
   <div class='ocr_carea' id='block_1_82' title="bbox 2121 5050 3702 5131">
    <p class='ocr_par' dir='ltr' id='par_1_82' title="bbox 2121 5050 3702 5131">
     <span class='ocr_line' id='line_1_82' title="bbox 2121 5050 3702 5131; baseline -0.009 -11"><span class='ocrx_word' id='word_1_770' title='bbox 2121 5081 2207 5120; x_wconf 81' lang='lat' dir='ltr'><strong>me</strong></span> <span class='ocrx_word' id='word_1_771' title='bbox 2242 5079 2435 5119; x_wconf 86' lang='lat' dir='ltr'><strong>carum</strong></span> <span class='ocrx_word' id='word_1_772' title='bbox 2494 5062 2721 5131; x_wconf 90' lang='lat' dir='ltr'><strong>quidem</strong></span> <span class='ocrx_word' id='word_1_773' title='bbox 2774 5058 3031 5130; x_wconf 82' lang='lat' dir='ltr'><strong>exempla</strong></span> <span class='ocrx_word' id='word_1_774' title='bbox 3107 5061 3558 5126; x_wconf 85' lang='lat' dir='ltr'><strong>documentaque</strong></span> <span class='ocrx_word' id='word_1_775' title='bbox 3609 5050 3702 5107; x_wconf 78' lang='lat' dir='ltr'><strong>liic</strong></span> 
     </span>
    </p>
   </div>
   <div class='ocr_carea' id='block_1_83' title="bbox 2116 5147 3702 5225">
    <p class='ocr_par' dir='ltr' id='par_1_83' title="bbox 2116 5147 3702 5225">
     <span class='ocr_line' id='line_1_83' title="bbox 2116 5147 3702 5225; baseline -0.009 -15"><span class='ocrx_word' id='word_1_776' title='bbox 2116 5157 2324 5210; x_wconf 89' lang='lat' dir='ltr'><strong>frustra</strong></span> <span class='ocrx_word' id='word_1_777' title='bbox 2374 5153 2649 5223; x_wconf 86' lang='lat' dir='ltr'><strong>requiras.</strong></span> <span class='ocrx_word' id='word_1_778' title='bbox 2704 5153 2763 5208; x_wconf 91' lang='lat' dir='ltr'><strong>In</strong></span> <span class='ocrx_word' id='word_1_779' title='bbox 2806 5153 3016 5224; x_wconf 78' lang='lat' dir='ltr'><strong>’quibus</strong></span> <span class='ocrx_word' id='word_1_780' title='bbox 3044 5153 3263 5225; x_wconf 46' lang='lat' dir='ltr'><strong>.qualis,</strong></span> <span class='ocrx_word' id='word_1_781' title='bbox 3292 5149 3464 5204; x_wconf 83' lang='lat' dir='ltr'><strong>fuerit</strong></span> <span class='ocrx_word' id='word_1_782' title='bbox 3495 5147 3702 5202; x_wconf 81' lang='lat' dir='ltr'><strong>Cauta-</strong></span> 
     </span>
    </p>
   </div>
   <div class='ocr_carea' id='block_1_84' title="bbox 2118 5228 3701 5311">
    <p class='ocr_par' dir='ltr' id='par_1_84' title="bbox 2118 5228 3701 5311">
     <span class='ocr_line' id='line_1_84' title="bbox 2118 5228 3701 5311; baseline -0.006 -12"><span class='ocrx_word' id='word_1_783' title='bbox 2118 5262 2386 5311; x_wconf 79' lang='lat' dir='ltr'><strong>ruzenus,</strong></span> <span class='ocrx_word' id='word_1_784' title='bbox 2422 5245 2567 5301; x_wconf 88' lang='lat' dir='ltr'><strong>infra</strong></span> <span class='ocrx_word' id='word_1_785' title='bbox 2599 5245 2962 5301; x_wconf 87' lang='lat' dir='ltr'><strong>ostendemus</strong></span> <span class='ocrx_word' id='word_1_786' title='bbox 2998 5265 3010 5300; x_wconf 91' lang='lat'><strong>:</strong></span> <span class='ocrx_word' id='word_1_787' title='bbox 3046 5245 3100 5298; x_wconf 89' lang='lat' dir='ltr'><strong>in</strong></span> <span class='ocrx_word' id='word_1_788' title='bbox 3131 5257 3372 5311; x_wconf 67' lang='lat' dir='ltr'><strong>praesens</strong></span> <span class='ocrx_word' id='word_1_789' title='bbox 3394 5237 3601 5308; x_wconf 84' lang='lat' dir='ltr'><strong>aliquid</strong></span> <span class='ocrx_word' id='word_1_790' title='bbox 3634 5228 3701 5291; x_wconf 87' lang='lat' dir='ltr'><strong>de</strong></span> 
     </span>
    </p>
   </div>
   <div class='ocr_carea' id='block_1_85' title="bbox 2119 5330 3701 5407">
    <p class='ocr_par' dir='ltr' id='par_1_85' title="bbox 2119 5330 3701 5407">
     <span class='ocr_line' id='line_1_85' title="bbox 2119 5330 3701 5407; baseline -0.009 -11"><span class='ocrx_word' id='word_1_791' title='bbox 2119 5339 2435 5396; x_wconf 85' lang='lat' dir='ltr'><strong>Andronico</strong></span> <span class='ocrx_word' id='word_1_792' title='bbox 2463 5337 2736 5396; x_wconf 87' lang='lat' dir='ltr'><strong>dicemus.</strong></span> <span class='ocrx_word' id='word_1_793' title='bbox 2771 5354 2965 5407; x_wconf 89' lang='lat' dir='ltr'><strong>quem,</strong></span> <span class='ocrx_word' id='word_1_794' title='bbox 2996 5337 3090 5407; x_wconf 88' lang='lat' dir='ltr'><strong>qui</strong></span> <span class='ocrx_word' id='word_1_795' title='bbox 3122 5352 3151 5389; x_wconf 91' lang='lat' dir='ltr'><strong>a</strong></span> <span class='ocrx_word' id='word_1_796' title='bbox 3185 5336 3472 5388; x_wconf 71' lang='lat' dir='ltr'><strong>Clemente</strong></span> <span class='ocrx_word' id='word_1_797' title='bbox 3500 5330 3540 5384; x_wconf 85' lang='lat' dir='ltr'><strong>V</strong></span> <span class='ocrx_word' id='word_1_798' title='bbox 3566 5345 3701 5399; x_wconf 87' lang='lat' dir='ltr'><strong>pon-</strong></span> 
     </span>
    </p>
   </div>
   <div class='ocr_carea' id='block_1_86' title="bbox 2089 5421 3700 5497">
    <p class='ocr_par' dir='ltr' id='par_1_86' title="bbox 2089 5421 3700 5497">
     <span class='ocr_line' id='line_1_86' title="bbox 2089 5421 3700 5497; baseline -0.009 -12"><span class='ocrx_word' id='word_1_799' title='bbox 2089 5429 2266 5495; x_wconf 57' lang='lat' dir='ltr'><strong>tifice</strong></span> <span class='ocrx_word' id='word_1_800' title='bbox 2298 5429 2541 5484; x_wconf 78' lang='lat' dir='ltr'><strong>maximo</strong></span> <span class='ocrx_word' id='word_1_801' title='bbox 2582 5430 2639 5482; x_wconf 90' lang='lat' dir='ltr'><strong>in</strong></span> <span class='ocrx_word' id='word_1_802' title='bbox 2674 5429 2972 5497; x_wconf 78' lang='lat' dir='ltr'><strong>Extravag.</strong></span> <span class='ocrx_word' id='word_1_803' title='bbox 3010 5426 3402 5480; x_wconf 87' lang='lat' dir='ltr'><strong>communibus</strong></span> <span class='ocrx_word' id='word_1_804' title='bbox 3434 5432 3495 5477; x_wconf 88' lang='lat' dir='ltr'><strong>ut</strong></span> <span class='ocrx_word' id='word_1_805' title='bbox 3525 5421 3700 5474; x_wconf 75' lang='lat' dir='ltr'><strong>lucre—</strong></span> 
     </span>
    </p>
   </div>
   <div class='ocr_carea' id='block_1_87' title="bbox 2118 5510 3701 5585">
    <p class='ocr_par' dir='ltr' id='par_1_87' title="bbox 2118 5510 3701 5585">
     <span class='ocr_line' id='line_1_87' title="bbox 2118 5510 3701 5585; baseline -0.01 -9"><span class='ocrx_word' id='word_1_806' title='bbox 2118 5520 2354 5576; x_wconf 89' lang='lat' dir='ltr'><strong>ticorum</strong></span> <span class='ocrx_word' id='word_1_807' title='bbox 2418 5526 2475 5573; x_wconf 84' lang='lat' dir='ltr'><strong>et</strong></span> <span class='ocrx_word' id='word_1_808' title='bbox 2514 5518 2836 5573; x_wconf 88' lang='lat' dir='ltr'><strong>schismatis</strong></span> <span class='ocrx_word' id='word_1_809' title='bbox 2890 5510 3105 5585; x_wconf 73' lang='lat' dir='ltr'><strong>antiqui</strong></span> <span class='ocrx_word' id='word_1_810' title='bbox 3157 5517 3431 5570; x_wconf 82' lang='lat' dir='ltr'><strong>fautorem</strong></span> <span class='ocrx_word' id='word_1_811' title='bbox 3480 5524 3701 5566; x_wconf 77' lang='lat' dir='ltr'><strong>excom-</strong></span> 
     </span>
    </p>
   </div>
   <div class='ocr_carea' id='block_1_88' title="bbox 2119 5601 3698 5704">
    <p class='ocr_par' dir='ltr' id='par_1_88' title="bbox 2119 5601 3698 5704">
     <span class='ocr_line' id='line_1_88' title="bbox 2119 5601 3698 5704; baseline -0.01 -35"><span class='ocrx_word' id='word_1_812' title='bbox 2119 5612 2498 5704; x_wconf 65' lang='lat' dir='ltr'><strong>ninnicatione</strong></span> <span class='ocrx_word' id='word_1_813' title='bbox 2530 5624 2852 5682; x_wconf 85' lang='lat' dir='ltr'><strong>percussum</strong></span> <span class='ocrx_word' id='word_1_814' title='bbox 2879 5610 3182 5672; x_wconf 83' lang='lat' dir='ltr'><strong>existimat,</strong></span> <span class='ocrx_word' id='word_1_815' title='bbox 3217 5612 3262 5663; x_wconf 89' lang='lat' dir='ltr'><strong>is</strong></span> <span class='ocrx_word' id='word_1_816' title='bbox 3287 5619 3535 5675; x_wconf 80' lang='lat' dir='ltr'><strong>tempora</strong></span> <span class='ocrx_word' id='word_1_817' title='bbox 3559 5601 3698 5657; x_wconf 84' lang='lat' dir='ltr'><strong>male</strong></span> 
     </span>
    </p>
   </div>
   <div class='ocr_carea' id='block_1_89' title="bbox 2119 5691 3698 5776">
    <p class='ocr_par' dir='ltr' id='par_1_89' title="bbox 2119 5691 3698 5776">
     <span class='ocr_line' id='line_1_89' title="bbox 2119 5691 3698 5776; baseline -0.006 -15"><span class='ocrx_word' id='word_1_818' title='bbox 2119 5691 2445 5776; x_wconf 74' lang='lat' dir='ltr'><strong>componit,</strong></span> <span class='ocrx_word' id='word_1_819' title='bbox 2490 5716 2547 5761; x_wconf 87' lang='lat' dir='ltr'><strong>et</strong></span> <span class='ocrx_word' id='word_1_820' title='bbox 2591 5706 2949 5776; x_wconf 79' lang='grc' dir='ltr'><strong>ἀνιστορησίᾳ</strong></span> <span class='ocrx_word' id='word_1_821' title='bbox 2982 5703 3276 5758; x_wconf 82' lang='lat' dir='ltr'><strong>manifeste</strong></span> <span class='ocrx_word' id='word_1_822' title='bbox 3315 5701 3554 5768; x_wconf 69' lang='lat' dir='ltr'><strong>laborat.</strong></span> <span class='ocrx_word' id='word_1_823' title='bbox 3594 5691 3698 5759; x_wconf 80' lang='lat' dir='ltr'><strong>Qui</strong></span> 
     </span>
    </p>
   </div>
   <div class='ocr_carea' id='block_1_90' title="bbox 2120 5784 3698 5871">
    <p class='ocr_par' dir='ltr' id='par_1_90' title="bbox 2120 5784 3698 5871">
     <span class='ocr_line' id='line_1_90' title="bbox 2120 5784 3698 5871; baseline -0.011 -16"><span class='ocrx_word' id='word_1_824' title='bbox 2120 5798 2270 5855; x_wconf 90' lang='lat' dir='ltr'><strong>enim</strong></span> <span class='ocrx_word' id='word_1_825' title='bbox 2321 5808 2453 5858; x_wconf 89' lang='lat' dir='ltr'><strong>tunc</strong></span> <span class='ocrx_word' id='word_1_826' title='bbox 2484 5796 2827 5871; x_wconf 82' lang='lat' dir='ltr'><strong>imperabat,</strong></span> <span class='ocrx_word' id='word_1_827' title='bbox 2878 5805 2936 5852; x_wconf 83' lang='lat' dir='ltr'><strong>et</strong></span> <span class='ocrx_word' id='word_1_828' title='bbox 2964 5796 3109 5852; x_wconf 87' lang='lat' dir='ltr'><strong>ultra</strong></span> <span class='ocrx_word' id='word_1_829' title='bbox 3139 5794 3329 5853; x_wconf 80' lang='lat' dir='ltr'><strong>adhuc</strong></span> <span class='ocrx_word' id='word_1_830' title='bbox 3354 5788 3515 5851; x_wconf 81' lang='lat' dir='ltr'><strong>annis</strong></span> <span class='ocrx_word' id='word_1_831' title='bbox 3538 5784 3698 5856; x_wconf 90' lang='lat' dir='ltr'><strong>quin-</strong></span> 
     </span>
    </p>
   </div>
  </div>
