3962 6442
193 371 263 439 25
1512 363 1757 426 PROLE

1925 360 2120 423 lENA.
3414 348 3489 416 26

207 490 387 548 decim
425 495 558 559 post
593 485 901 545 Clementis
925 499 958 542 e
982 483 1095 543 vita
1139 483 1448 542 discessum
1501 479 1770 551 imperavi

1935 475 2213 544 ελεοηὰτη
2249 470 2544 540 πολιτείαν
2575 470 2722 530 θετόν
2749 487 2804 525 τι
2851 467 3041 542 χρῆμα
3081 467 3178 524 καὶ
3206 465 3376 537 ῑερὶν,
3407 485 3497 538 φι-

204 582 562 639 Andronicus
592 584 806 648 senior,
859 596 1019 638 sacro
1057 579 1154 634 illo
1197 578 1432 634 fulmine
1467 584 1648 630 tactus
1675 581 1763 629 est

1931 566 2142 635 οσοφία,
2201 564 2296 617 καὶ
2349 564 2480 634 περὶ
2534 559 2808 634 οὐρανίων
2863 562 3208 634 πραγμάτων
3258 561 3495 628 γνῶσις,

206 677 346 747 Ergo
375 676 433 730 in
457 675 775 730 Andronico
815 674 1046 732 Juniore
1085 672 1384 729 Christiani
1436 668 1770 739 imperatoris

1935 682 2056 734 ργον
2093 663 2320 734 ὑψηλὸν,
2350 663 2446 716 καὶ
2473 663 2573 734 τὴν
2596 660 2948 733 ἀνθρωπῑνὴν
2979 659 3312 733 ὐιὲερὸαῐνον
3334 656 3499 710 δύνα-

210 783 530 838 expressum
590 783 654 823 ac
729 769 915 822 vivum
958 766 1364 836 quodammodo
1430 763 1788 817 simulacrum
1898 777 2012 829 μιν,
2052 758 2173 829 ἱερὰ
2225 757 2450 828 ἡσυχία.
2490 758 2548 812 ld
2580 765 2690 820 est,
2727 773 2809 812 res
2858 757 3100 817 honesta.
3129 763 3180 808 et
3218 753 3323 807 Deo
3351 768 3505 806 ama-

214 864 301 917 hic
332 863 684 933 proponitur.
716 863 812 917 Est
849 861 1020 923 enim,
1055 870 1115 914 ut
1143 859 1355 929 paucis,
1395 868 1451 912 et
1474 855 1790 911 summatim
1896 851 2020 906 bilis
2046 891 2062 914 ,
2116 852 2226 906 vita
2275 852 2500 922 negotiis
2538 867 2738 916 vacua,
2774 859 2825 904 et
2856 846 3269 919 tranquillitatis
3313 845 3499 916 plena,

217 972 466 1026 agamus,
503 955 726 1015 excelsi,
764 970 870 1008 nec
903 955 1085 1008 minus
1113 952 1349 1007 modesti
1386 949 1588 1012 animi,
1624 948 1793 1002 bene-
1897 955 2206 1016 supremum
2259 960 2322 997 ac
2385 945 2829 1015 perfectissimum
2868 944 2992 996 vita:
3035 941 3363 1003 institutum,
3419 955 3502 992 res

219 1051 373 1111 licus,
402 1049 579 1111 fortis,
605 1064 668 1102 ac
691 1062 1018 1117 generosus.
1051 1047 1324 1101 adversus
1348 1045 1489 1098 bene
1515 1049 1794 1096 merentes
1897 1046 2083 1091 sancta
2143 1048 2191 1090 et
2271 1036 2474 1100 divina,
2536 1035 2868 1106 philosophia
2947 1043 2998 1088 et
3046 1035 3276 1104 cognitio
3328 1047 3506 1085 rerum

218 1150 439 1209 gratus,
476 1139 778 1204 humanus,
833 1138 1162 1208 iniuriarum
1217 1135 1581 1203 laborumque
1659 1131 1797 1185 tole-
1901 1130 2214 1195 caelestium,
2264 1145 2397 1199 opus
2453 1130 2676 1184 sublime
2711 1139 2761 1183 et
2792 1130 3038 1184 Immanis
3079 1127 3278 1182 viribus
3303 1126 3506 1195 majus,

221 1247 380 1295 rans,
425 1233 478 1286 in
526 1231 860 1302 ignoscendo
905 1231 1090 1289 mitis,
1125 1227 1483 1300 misericors,
1521 1225 1671 1296 pacis
1698 1239 1797 1277 cn-
1900 1228 2048 1298 quies
2091 1235 2304 1279 saneta.
2339 1223 2584 1278 Montem
2629 1240 2798 1294 porro
2843 1225 3009 1287 Atho,
3047 1222 3114 1276 ad
3150 1235 3316 1292 quem
3349 1233 3507 1274 com-

223 1327 403 1394 pidus,
445 1328 499 1379 in
547 1325 914 1380 consultando
946 1339 1068 1378 cum
1098 1323 1296 1377 amicis
1333 1321 1573 1390 diligens
1607 1317 1793 1388 (quod
1904 1321 2066 1388 plura
2096 1320 2370 1374 :editicata
2410 1320 2776 1385 monasteria,
2817 1319 2874 1372 in
2910 1317 3120 1387 quibus
3157 1316 3352 1382 ingens
3384 1327 3508 1364 mo-

221 1428 420 1473 rontra
464 1419 733 1472 mentitur
757 1418 1050 1488 Gregoras,
1083 1418 1214 1470 dum
1254 1413 1486 1469 consilia
1520 1412 1669 1466 nulla
1700 1409 1798 1464 ad-
1905 1414 2212 1467 nachorum
2246 1411 2570 1476 multitudo,
2605 1411 2763 1464 πόλιν
2817 1409 3100 1480 οὐράνιον.
3141 1405 3408 1461 cwlestcm
3436 1404 3510 1457 ci-

225 1514 456 1566 misisse.
492 1521 550 1565 et
580 1511 869 1579 imperium
903 1499 1206 1578 neglexisse
1242 1506 1540 1573 autumat),
1571 1505 1640 1558 ab
1667 1503 1800 1558 odio
1904 1508 2123 1562 vitalem
2152 1505 2426 1560 nominat.
2466 1505 2646 1559 Fncos
2681 1504 2805 1557 illos
2833 1489 3200 1558 scholasticos
3223 1537 3240 1561 ,
3272 1498 3366 1552 καὶ
3405 1495 3508 1558 τὰς

226 1607 278 1658 in
308 1619 643 1674 quemquam
687 1602 1040 1672 suscipiendo
1071 1602 1326 1662 alienus,
1363 1597 1615 1668 pecunia:
1657 1595 1800 1650 libe-
1903 1599 2204 1669 ληκύθους,
2249 1606 2307 1651 et
2367 1597 2648 1668 pigmenta
2707 1595 2986 1650 lsocratea
3039 1609 3148 1647 non
3181 1590 3348 1646 habet
3391 1589 3510 1644 ha-c
3546 1639 3550 1647 ,

228 1698 354 1750 talis
376 1737 390 1759 .
423 1696 728 1750 aediﬁcandi
763 1694 1046 1748 studiosus
1067 1734 1082 1754 .
1115 1699 1248 1762 erga
1276 1692 1451 1744 Deum
1478 1731 1492 1755 ,
1546 1688 1759 1742 caelites
1783 1724 1800 1749 ο
1906 1693 2146 1749 historia
2175 1709 2190 1747 :
2221 1691 2316 1746 sed
2344 1701 2605 1746 ornatum
2634 1688 2932 1760 quemdam
2957 1685 3325 1742 matronalem
3376 1681 3513 1736 viri-

227 1790 546 1843 sacerdotes
571 1829 584 1854 ,
634 1803 797 1842 avum
832 1788 971 1841 tnire
1002 1787 1148 1856 pius.
1195 1784 1390 1839 lusunt
1431 1783 1484 1836 in
1526 1781 1614 1834 his
1646 1777 1802 1833 libris
1839 1836 1876 1886 Β
1908 1789 2151 1857 lemque,
2187 1801 2252 1841 ac
2289 1786 2576 1841 robustam
2629 1783 2987 1855 elegantiam,
3029 1779 3325 1836 schemata
3360 1791 3514 1846 (μηρ-

229 1881 454 1950 insuper
483 1881 587 1934 alia
633 1881 688 1934 in
738 1880 864 1934 aliis
899 1879 1294 1948 praeclarorum
1347 1876 1695 1935 facinorum,
1745 1879 1804 1928 et
1839 1871 1876 1886 "
1907 1881 2034 1935 dum
2082 1879 2326 1934 oratoria
2395 1886 2451 1933 et
2519 1876 2802 1932 Λιιίείεωί
2855 1890 2968 1929 non
3015 1873 3243 1944 penitus
3285 1871 3512 1926 absunt.

139 1964 156 1974 ’
229 1974 418 2042 (quod
455 1972 922 2044 dissimulandum
963 1985 1071 2025 non
1116 1971 1242 2037 est)
1287 1967 1454 2022 etiam
1504 1963 1804 2034 insignium
1909 1973 2120 2042 Lingua
2151 1972 2347 2042 purior
2393 1981 2502 2032 εει,
2538 1985 2708 2041 quam
2745 1983 2850 2038 pro
2882 1966 2974 2022 illa
3007 1973 3194 2030 male,
3247 1977 3358 2017 ηοη
3384 1976 3514 2016 cum

226 2069 484 2120 vitiorum
514 2067 765 2134 exempla
801 2082 816 2120 :
851 2079 1088 2134 quorum
1140 2071 1199 2115 ut
1245 2062 1335 2116 illa
1365 2059 1632 2114 imitanda
1659 2099 1674 2124 ,
1725 2057 1790 2112 sit

1952 2074 2052 2120 ictc
2085 2064 2325 2120 nutricis
2358 2064 2555 2118 hausta
2579 2104 2593 2129 ,
2647 2061 2744 2117 sed
2778 2076 2847 2117 ex
2879 2058 3041 2115 libris
3073 2065 3336 2128 percepta
3357 2054 3516 2109 vide-

227 2159 325 2210 ista
354 2157 612 2210 evitanda
661 2155 826 2208 nobis
857 2162 1009 2208 sunt.
1045 2152 1250 2207 Notum
1277 2161 1366 2204 est
1397 2164 1636 2219 namque
1666 2148 1791 2201 illuc

1952 2168 2058 2213 cet.
2113 2159 2252 2214 Nam
2300 2158 2394 2212 illo
2437 2149 2642 2211 sz'rculo
2691 2155 2818 2226 (sub
2850 2152 3186 2210 Audronieis
3226 2149 3514 2211 nimirum,

227 2251 487 2304 Romana
513 2249 756 2303 historia:
782 2246 1090 2317 principis:
1123 2244 1239 2298 Hoc
1264 2242 1402 2297 illud
1436 2253 1512 2295 est
1543 2242 1791 2310 prazciput

1952 2261 1965 2305 ι
2010 2255 2210 2320 antea)
2265 2267 2374 2305 non
2421 2249 2790 2305 mediocriter
2830 2246 3198 2306 infuscatam,
3241 2252 3299 2298 et
3331 2249 3516 2295 muta-

226 2346 278 2398 ίη
304 2347 601 2415 δοθηίίίοηε
627 2360 802 2398 "Tum
852 2342 1063 2396 *αιτιθνθ
1095 2357 1157 2395 σο
1188 2339 1530 2410 frugiferum.
1563 2338 1736 2390 οηιηὶε
1759 2345 1809 2388 ιδ
1914 2349 2097 2400 tiones
2121 2344 2270 2400 haud
2302 2344 2452 2398 leves
2474 2357 2819 2414 perpessam,
2851 2339 3060 2412 eruditi
3092 2353 3204 2392 non
3230 2335 3515 2390 nesciunt.

228 2435 451 2506 sumpti
479 2434 792 2488 documenta
819 2435 871 2486 in
903 2433 1101 2486 illustri
1133 2433 1304 2500 posita
1355 2435 1696 2483 monumento
1727 2428 1792 2480 in-

1951 2440 2202 2496 ηιΙιίειιιὶιιϐ
2247 2440 2353 2494 hoc
2406 2453 2507 2508 pro
2549 2436 2870 2492 corollario.
2903 2433 3229 2489 Genuenses
3305 2439 3364 2484 et
3405 2427 3515 2482 Ve—

229 2530 384 2591 neri,
418 2527 555 2587 unde
584 2527 676 2581 tibi
717 2538 926 2596 tumque
953 2525 1256 2596 reipnb'icie
1283 2522 1424 2594 quod
1484 2523 1690 2578 imitere
1715 2537 1793 2574 ca-

1955 2533 2033 2589 eli
2067 2534 2240 2587 multa
2286 2532 2380 2588 hic
2410 2533 2478 2586 ab
2510 2530 2636 2586 aliis
2664 2528 2952 2585 historicis
2979 2527 3097 2582 suis
3125 2521 3517 2596 praetermissa,

230 2622 341 2690 pias
373 2636 392 2673 :
421 2621 561 2672 unde
585 2619 776 2688 {cedam
811 2620 1040 2687 inceptu,
1075 2617 1266 2687 findunt
1295 2621 1439 2669 exitu
1473 2613 1614 2684 quod
1655 2613 1794 2668 vites.

1958 2637 2011 2682 ut
2039 2643 2328 2698 nunquam
2355 2626 2580 2695 cognita
2608 2625 2677 2680 de
2708 2623 3020 2694 majoribus
3044 2619 3183 2681 suis,
3209 2630 3522 2685 eorumque

232 2712 405 2768 “ab”
438 2712 528 2766 hic
552 2711 661 2766 dux
681 2751 695 2774 ν
728 2711 895 2766 habet
926 2711 1084 2764 miles
1108 2752 1121 2772 ο
1155 2708 1322 2762 hath
1357 2708 1606 2776 βτίνθίυε
1637 2705 1808 2769 “mss
1913 2725 2121 2777 virtute
2144 2730 2202 2776 et
2227 2719 2390 2774 factis
2414 2720 2620 2790 legere,
2659 2726 2723 2774 et
2778 2716 3034 2787 quaedam
3063 2713 3202 2767 falso
3225 2711 3294 2766 de
3322 2709 3524 2782 iisdem

230 2804 392 2857 habet
425 2802 810 2872 magistratus.
847 2802 1054 2856 habent
1083 2801 1263 2866 sacri,
1305 2799 1515 2854 habent
1551 2796 1794 2868 profani

1639 2796 1765 2851 ’ίεηί
1792 2838 1808 2863 ν
1915 2815 2186 2868 hactenus
2217 2811 2426 2881 scripta
2462 2808 2888 2881 deprehendere
2915 2811 3203 2876 poterunt.

231 2896 439 2951 habent
478 2895 702 2961 summi,
739 2894 946 2948 habent
972 2893 1169 2954 inlimi,
1209 2892 1415 2947 habent
1445 2889 1572 2954 viri,
1602 2890 1795 2944 habenl

1988 2907 2213 2972 Restat,
2246 2914 2307 2960 ut
2349 2919 2472 2974 quin
2519 2918 2621 2958 nos
2665 2905 2750 2957 vel
2798 2899 3181 2970 praestitimus,
3243 2895 3331 2951 vel
3380 2909 3523 2964 prae-

231 2991 529 3052 mulieres,
569 2991 715 3058 quod
746 2988 832 3042 vel
870 2988 1077 3058 fugiant
1113 2987 1198 3042 vel
1234 2994 1566 3056 sequantur.
1614 2983 1795 3037 lttSttttl

1971 3013 2069 3052 are
2113 2997 2549 3056 contendimus,
2607 2994 2948 3048 indicemus.
2987 2990 3044 3046 ln
3099 2987 3531 3059 interpretando

229 3084 513 3139 orationes
553 3081 908 3150 creberrima:
939 3099 953 3134 :
990 3097 1132 3151 quas
1175 3095 1300 3134 cum
1354 3079 1447 3134 hic
1489 3087 1689 3132 auctor
1719 3076 1793 3130 di-

1968 3106 2042 3145 tm
2075 3090 2318 3161 speciem
2353 3103 2454 3158 pro
2492 3096 2658 3156 captu
2700 3094 2894 3141 nostro
2946 3081 3256 3140 consectati
3306 3096 3532 3146 sumus,

233 3187 414 3234 rectas
441 3177 602 3231 valde
632 3185 778 3230 amet
809 3180 962 3236 (sunt
987 3175 1135 3230 enim
1163 3174 1531 3243 speciosiores
1587 3179 1645 3225 et
1685 3185 1797 3241 gra-

1968 3199 2086 3238 uant
2135 3198 2204 3236 ex
2260 3197 2457 3237 eorum
2494 3181 2740 3236 lectione
2767 3219 2782 3243 ,
2817 3179 2911 3249 qui
2945 3177 3015 3232 de
3061 3175 3274 3246 Optimo
3322 3189 3532 3245 genere

233 3274 464 3337 viores),
491 3285 591 3324 nos
611 3268 884 3322 interdum
921 3268 1205 3322 brevitatis
1231 3267 1428 3338 gratia,
1452 3278 1509 3321 et
1533 3267 1601 3321 ad
1632 3267 1797 3320 vitan-

1969 3276 2335 3348 Iterpretandi
2369 3283 2784 3346 praeceperunt,
2815 3273 3209 3341 bonorumque
3244 3269 3533 3339 interpre-

234 3366 356 3418 dam
387 3380 454 3418 ex
480 3362 841 3416 similitudine
875 3362 1185 3415 satietatem
1212 3404 1226 3425 ,
1251 3361 1317 3414 ad
1341 3360 1616 3430 obliquas,
1659 3371 1798 3412 mort

1971 3386 2038 3423 un
2070 3369 2470 3425 observatione
2537 3379 2724 3422 mente
2771 3377 3096 3436 conceptam
3163 3372 3327 3433 atque
3359 3361 3535 3415 infor-a

235 3458 546 3514 Cmsariano
573 3455 902 3526 redegimus.
923 3455 1032 3509 Nec
1061 3471 1280 3523 possum
1307 3453 1375 3510 de
1393 3454 1522 3508 istis
1546 3450 1799 3508 orationi.

1966 3473 2126 3518 latam
2182 3462 2562 3520 tenebamus:
2599 3476 2723 3531 quae
2775 3457 3090 3532 cuiusmodi
3139 3457 3249 3520 sit,
3288 3456 3323 3510 ii
3355 3454 3530 3525 potis-

239 3553 342 3606 bus
363 3549 668 3620 quidquam
704 3549 903 3611 melius
955 3563 1018 3602 ac
1069 3549 1259 3602 verius
1281 3548 1493 3618 idicere
1515 3588 1529 3611 ,
1565 3563 1732 3618 quam
1768 3543 1803 3602 si

1977 3572 2128 3609 mum
2188 3556 2559 3626 intelligunt,
2612 3567 2850 3625 quorum
2901 3551 3177 3607 industria
3222 3549 3275 3604 in
3331 3547 3532 3602 eodem

239 3658 334 3697 cas
356 3642 679 3712 prudentes,
707 3639 980 3709 copiosas,
1009 3653 1418 3709 nervorumque
1442 3655 1506 3692 ac
1529 3643 1803 3710 sanguini:

1970 3648 2210 3702 urriculo
2264 3665 2323 3702 se
2374 3646 2680 3718 aliquando
2733 3645 3057 3717 explicavit.
3098 3643 3359 3700 Codicem
3407 3655 3534 3712 per-

239 3736 431 3806 plenas
451 3775 466 3797 ,
502 3743 558 3788 et
589 3732 814 3787 omnino
859 3733 1320 3803 ῥητορικωτὲρας’
1344 3732 1557 3789 dixero.
1586 3734 1803 3789 Praeter-

1972 3757 2088 3794 uam
2141 3740 2524 3807 mendosum,
2583 3739 2843 3808 maleque
2900 3737 3320 3806 interpunctum
3375 3745 3536 3787 acce‘

235 3836 304 3884 ea
360 3829 452 3882 hic
530 3827 778 3880 invenire
829 3829 911 3880 est
955 3823 1106 3879 locos
1157 3839 1488 3879 communes
1549 3836 1820 3881 tractatos
1927 3834 2130 3904 pimus,
2161 3845 2222 3888 ut
2253 3833 2506 3887 divinare
2574 3842 2629 3886 et
2663 3831 2944 3902 coniicere
2993 3830 3322 3898 frequenter
3359 3841 3532 3896 Opor.

241 3924 480 3989 egregie.
516 3921 650 3976 scite
677 3921 859 3984 dicta.
895 3922 1189 3989 Ρειτωηιίθε
1215 3933 1321 3972 "0"
1363 3920 1640 3990 Vult-lares,
1675 3923 1824 3977 Cele-
1928 3930 2116 3986 tuerit.
2158 3927 2393 3982 Nomina
2441 3927 2719 3990 locorum,
2768 3941 2890 3995 quze
2931 3940 3034 3979 nec
3063 3921 3533 3992 diligentissimus

244 4016 427 4069 brium
458 4015 787 4083 scriptorum
820 4014 902 4085 (ut
924 4012 992 4066 de
1022 4012 1196 4067 sacris
1220 4016 1452 4080 taceam)
1487 4017 1818 4073 sententias.
1925 4019 2176 4074 Ortclitts
2211 4019 2398 4072 ()lllltla
2430 4019 2695 4089 collegit,
2735 4027 2792 4072 et
2845 4030 3246 4088 personarum,
3281 4029 3404 4084 qua:
3445 4012 3532 4068 vel

244 4108 473 4162 fabellas
502 4107 711 4176 aliquot
738 4105 970 4175 lepidas,
1006 4117 1061 4160 et
1091 4105 1155 4158 ad
1185 4121 1298 4160 rem
1327 4104 1820 4161 demonstrandam
1927 4111 2138 4166 Graecia
2186 4111 2300 4181 iant
2353 4111 2617 4165 occidens
2673 4119 2732 4165 et
2791 4109 3305 4182 βεσαρσαρωμὲνη,
3338 4107 3425 4160 vel
3469 4105 3535 4163 lia

244 4202 572 4271 appositas:
609 4214 768 4269 quas,
817 4210 878 4252 ut
907 4199 1035 4261 scis,
1067 4199 1530 4268 philosophorum
1585 4201 1664 4254 illi
1722 4217 1823 4254 an-
1929 4205 2246 4260 brariornm
2289 4203 2588 4258 oscitantia
2636 4201 3000 4271 depravarat,
3044 4201 3250 4255 alicubi
3275 4199 3344 4254 de
3379 4213 3532 4252 con—

247 4295 470 4355 tistites,
527 4293 675 4346 Plato
725 4301 780 4346 et
811 4292 1137 4346 AristOtelcs
1163 4331 1176 4353 ,
1216 4294 1541 4362 neutiquam
1576 4303 1826 4347 coutctn-
1923 4298 2142 4368 iectura
2171 4295 2598 4349 emendavimus
2654 4298 2802 4364 (nam
2832 4292 2927 4362 qui
2954 4291 3202 4346 omnium
3234 4305 3422 4344 veram
3479 4297 3538 4346 et

246 4388 457 4442 nendas
487 4395 841 4440 censuerunt.
873 4385 1109 4455 (lapicnt
1152 4396 1204 4441 te
1237 4387 1372 4441 item
1405 4401 1544 4454 quas
1583 4385 1824 4441 strictim
1931 4406 2256 4465 germanam
2294 4389 2627 4460 scripturam
2662 4385 3032 4458 coniectando
3075 4384 3252 4456 possit
3282 4383 3532 4453 assequi,

249 4481 468 4548 attingit
502 4477 754 4534 Romana:
777 4477 1058 4548 historiae;
1095 4481 1320 4550 capient
1350 4481 1492 4534 varii
1523 4481 1663 4536 ritus
1685 4466 1827 4546 ξω-
1868 4550 1887 4556 _
1929 4501 2033 4556 ego
2057 4485 2280 4555 quidem
2309 4483 2558 4537 futurum
2589 4483 2788 4552 opinor
2814 4481 3144 4550 aeminenti,
3165 4477 3370 4532 omissa
3387 4493 3538 4548 qua:-

250 4573 400 4642 pient
421 4586 564 4640 quos
605 4573 795 4626 miscet
824 4573 1134 4627 animorum
1174 4584 1376 4638 motus,
1420 4583 1534 4628 tum
1576 4575 1730 4629 lenes
1760 4590 1825 4630 ac
1861 4550 1902 4606 θ
1933 4580 2064 4635 dam
2114 4577 2538 4648 supplevimus;
2589 4576 2645 4631 ln
2699 4575 2951 4641 singulos
2991 4574 3168 4628 libros
3222 4572 3538 4644 periochas,

254 4664 452 4727 sedati,
494 4677 630 4732 quos
659 4663 764 4733 ἢθη
789 4662 990 4727 Graeci,
1029 4675 1142 4719 tum
1183 4680 1378 4736 graves
1406 4667 1505 4730 illi,
1553 4678 1608 4723 et
1633 4667 1818 4722 conci«

1976 4695 2024 4732 ru
2075 4676 2354 4748 epitomas
2410 4669 2896 4740 conscripsimus:
2936 4684 3077 4740 quas
3122 4676 3180 4722 ct
3229 4667 3440 4723 lecturo
3472 4667 3540 4724 ad

252 4759 394 4822 tati,
443 4773 582 4827 ques
627 4758 790 4812 iidem
834 4758 984 4829 πάθη
1033 4769 1278 4814 vocant:
1311 4761 1535 4830 capient
1609 4761 1816 4816 descri-

2019 4767 2419 4844 οπαρασκευὴν
2447 4807 2464 4834 ,
2517 4775 2574 4821 et
2607 4765 2659 4820 ei
2699 4765 2795 4835 qui
2836 4767 2950 4836 iam
3009 4764 3187 4834 legit,
3238 4762 3304 4816 ad
3339 4763 3543 4816 ἀνακειι
3576 4811 3583 4832 ί

251 4852 470 4922 ptioncs
502 4850 709 4920 aliquot
744 4853 990 4922 insignes
1021 4871 1033 4906 :
1065 4855 1288 4923 capient
1319 4853 1423 4909 alia
1451 4855 1677 4910 demum
1710 4853 1815 4924 plu.

1979 4866 2242 4918 αλαίωσιν
2287 4862 2455 4916 utiles
2506 4861 2628 4916 fore
2680 4859 3064 4914 conﬁdimus:
3099 4857 3311 4912 relictis
3334 4857 3543 4932 sectio-

257 4948 418 4999 rima.
438 4945 596 5011 Quod
621 4946 663 4999 si
694 4961 874 5000 rerum
898 4947 1135 5002 varietas
1160 4947 1423 5014 delectat,
1446 4947 1518 5005 de
1533 4961 1647 5019 quo
1664 4963 1829 5002 nemo
1931 4959 2100 5012 "ibus
2129 4959 2293 5027 (quas
2328 4953 2384 5008 in
2439 4952 2723 5024 plerisque
2753 4949 3052 5006 codicibus
3076 4990 3092 5013 ,
3131 4951 3250 5003 sive
3301 4947 3540 5012 scribas.

258 5040 494 5101 dubitat,
529 5056 588 5094 ea
619 5056 750 5095 sane
787 5041 878 5095 hic
906 5041 1136 5096 mirifica
1163 5042 1437 5105 cernitur,
1472 5053 1535 5098 ut
1578 5043 1822 5112 singulo-

1986 5068 2050 5106 ve
2075 5051 2345 5111 lectores,
2383 5062 2496 5102 non
2526 5047 2700 5116 'ipsos
2749 5053 3011 5099 auctores
3063 5042 3412 5114 excogitasse
3487 5050 3544 5098 et

261 5148 378 5185 rum
407 5132 668 5186 librorum
710 5133 1013 5202 periOChal.
1061 5149 1156 5189 seu
1187 5135 1446 5205 epitomate
1479 5135 1827 5191 indicabunt.
1935 5142 2264 5198 adhibuisse
2306 5139 2454 5207 reor)
2489 5136 2636 5206 quod
2691 5135 2858 5190 modo
2891 5135 3060 5189 nimis
3110 5134 3343 5199 crebrae,
3380 5131 3549 5186 modo

263 5224 778 5294 Episcopisdebitus
802 5226 976 5282 honos
1007 5237 1060 5282 et
1099 5229 1828 5284 reverentiahictribuitur.
1938 5235 2109 5290 nimis
2166 5248 2341 5296 rarm,
2390 5232 2596 5301 szepius
2645 5240 3038 5300 argumentum
3093 5228 3184 5283 vix
3229 5243 3294 5283 ex
3345 5227 3548 5283 triente

263 5320 544 5375 Catholica
606 5320 853 5375 instituta
900 5323 1352 5392 caeremoniaeque
1414 5323 1487 5376 ita
1546 5331 1677 5377 sunt
1736 5337 1834 5392 per
1941 5327 2522 5397 comprehenderem,
2553 5325 2608 5378 in
2646 5323 2824 5394 capita
2854 5362 2870 5388 ,
2906 5339 3059 5378 more
3105 5322 3427 5377 Latinorum
3459 5328 3548 5373 ιο.

267 5411 425 5466 hosce
451 5413 622 5467 libros
643 5415 945 5478 luculenta,
977 5423 1034 5472 nt
1059 5431 1168 5469 non
1206 5425 1364 5486 optes
1399 5416 1592 5485 magis.
1632 5417 1689 5470 lu
1717 5416 1833 5484 pri-
1941 5430 2059 5474 tum
2080 5395 2297 5487 corpus
2323 5417 2620 5472 divisimus
2646 5457 2661 5479 ,
2709 5424 2767 5470 et
2795 5416 2862 5470 ad
2906 5417 3178 5487 cuiusque
3209 5413 3407 5483 capitis
3439 5411 3548 5466 ini-
3620 5395 3632 5402 ’

269 5508 367 5558 mis
393 5523 524 5562 vero
550 5508 640 5563 Dei
667 5509 836 5563 Mater
861 5525 1074 5564 summa
1110 5511 1164 5564 in
1198 5511 1554 5566 veneratione
1583 5521 1668 5565 est
1699 5528 1712 5564 :
1744 5509 1835 5564 cui
1944 5514 2080 5568 tium
2145 5512 2270 5583 eius
2345 5525 2618 5564 summam
2689 5510 3058 5580 apposuimus
3106 5516 3378 5575 notasque
3401 5545 3416 5570 ,
3487 5513 3547 5558 ut

270 5601 427 5649 etiam
478 5598 612 5652 urbs
661 5609 773 5653 tota
820 5597 1332 5670 Constantinopolis
1386 5617 1416 5656 a
1469 5601 1836 5657 Constantino
1941 5612 2209 5674 quantum
2245 5605 2484 5656 maxime
2533 5617 2865 5672 possemus,
2899 5611 2955 5655 et
3007 5600 3159 5654 hisce
3205 5596 3459 5658 summis,
3490 5604 3547 5650 et

270 5689 452 5753 Magno
501 5696 790 5748 commissa
853 5709 916 5748 ac
974 5695 1228 5751 dedicata
1265 5688 1489 5768 legitur.
1553 5695 1674 5752 Vita
1724 5714 1840 5752 mo~
1945 5697 2056 5750 illis
2089 5695 2353 5765 epitomis
2386 5695 2585 5749 lectori
2620 5695 2808 5749 lumen
2833 5693 3342 5764 pra-panderemus.
3367 5688 3545 5744 Locos

272 5780 464 5835 nastica
499 5793 583 5837 est
612 5783 711 5848 illi,
757 5787 992 5852 πρᾶγμα
1017 5786 1178 5839 καλὴν
1216 5788 1310 5840 καὶ
1339 5787 1608 5855 θεοφιλὲς,
1660 5789 1836 5860 ἀπρά-

1979 5790 2159 5859 liquot
2195 5805 2390 5858 parum
2435 5804 2634 5854 sanos,
2668 5786 2950 5859 praetextis
3002 5787 3055 5839 in
3110 5785 3230 5856 ipso
3273 5792 3536 5840 contextu

275 5887 421 5944 γμων
447 5881 540 5929 καὶ
574 5877 767 5950 pesti;
799 5879 1040 5954 γαλήνης
1072 5881 1208 5951 βίος,
1243 5882 1544 5952 ἀκρότατος
1575 5881 1712 5958 βίης,
1747 5884 1839 5940 καὶ

1965 5881 2530 5944 tuitnadversiouibus
2604 5879 3066 5959 perstrinximus,
3112 5891 3252 5950 quas
3300 5877 3529 5950 quidem
