3962 6446
2309 196 2342 224 Ι

413 361 493 426 27
1392 365 1397 369 ’
1563 359 1913 421 ΙΟΑΝΝΕδ
1950 362 2020 417 Cr‘

2121 361 2576 424 i‘ACUZENUS.
2708 400 2723 411 ρ
3605 366 3681 428 23

417 479 611 543 rogatu
645 476 843 527 nostro
872 468 1113 527 Iacobus
1137 469 1766 535 Gretserus,sncietatis
1799 479 2000 523 nostrae
2031 471 2075 526 Α
2105 490 2213 546 que
2238 484 2299 528 ut
2330 477 2403 531 ab
2435 473 2721 531 historicis
2751 473 3037 541 abeamus,
3088 482 3146 531 et
3171 472 3238 528 ad
3265 472 3404 529 alios
3438 477 3677 545 scripto-

406 563 744 647 theologus,
774 564 913 619 etin
938 564 1218 619 academia
1265 563 1669 634 lngolstadiana
1719 562 1997 632 professor

418 658 736 713 ordinarius
793 658 1152 727 conscripsit.
1186 657 1255 711 Et
1284 657 1399 712 haec
1427 655 1660 710 fecimus
1685 695 1700 718 ,
1734 655 1908 720 magis
1941 662 2001 707 ut

419 747 719 804 candorem
761 757 1010 802 nostrum
1040 748 1200 801 bonis
1229 746 1364 800 viris
1399 747 1759 815 probaremus
1783 787 1799 810 ,
1833 759 1998 813 quam

423 837 571 905 quod
610 838 706 892 illa
732 879 747 901 ,
792 840 1202 908 qualiacunque
1255 848 1427 903 sunt,
1490 838 1596 893 hoc
1645 839 1869 908 quidem
1902 853 2002 890 sa:-

421 928 550 982 culo
577 968 593 992 ,
639 937 698 983 et
734 930 788 983 in
821 931 908 985 his
937 931 1100 985 terris
1154 931 1223 983 ad
1262 945 1599 1000 quemquam
1645 928 2000 984 inticiendum

423 1021 955 1092 depravandumque
1038 1025 1272 1078 valitura
1347 1023 1795 1079 formidarcnius.
1868 1022 2003 1090 Quis

424 1112 573 1166 enim
614 1116 835 1180 nescit,
883 1118 1047 1171 etiam
1090 1118 1185 1187 qui
1238 1117 1457 1171 litteras
1488 1132 1596 1170 non
1650 1115 1862 1180 didicit,
1893 1129 2002 1167 non

425 1212 555 1258 tum-
573 1205 814 1273 primum
843 1246 861 1273 ,
909 1208 1290 1278 propendente
1339 1209 1552 1264 scilicet
1587 1209 1700 1278 jam
1748 1207 1813 1262 ad
1846 1221 2006 1261 occa-

425 1312 547 1352 sum
583 1298 814 1367 imperio
837 1340 852 1364 ,
886 1301 984 1355 sed
1026 1301 1212 1355 multis
1236 1309 1363 1355 ante
1408 1315 1677 1354 annorum
1713 1298 2002 1362 centuriis,

425 1405 568 1459 pene
605 1399 731 1460 post
764 1394 1284 1461 octingentesimum
1334 1393 1518 1446 statim
1564 1391 1634 1446 ab
1668 1402 1793 1445 ortu
1840 1390 2005 1446 Chri-

427 1484 534 1547 sti,
582 1484 919 1540 Oricntalem
957 1487 1264 1541 Ecclesiam
1293 1502 1323 1541 a
1366 1485 1615 1540 Romana
1667 1484 2010 1540 secessisse?

427 1577 706 1632 Feruntur
759 1579 1186 1634 item-historici
1242 1562 1352 1633 non
1402 1580 1607 1649 pauci,
1660 1579 1765 1633 hoc
1810 1588 2006 1632 nostro

427 1672 630 1738 partim
657 1671 1025 1740 antiquiores,
1058 1673 1256 1740 partim
1291 1672 1662 1735 recentiores,
1698 1686 1841 1740 quos
1878 1685 2005 1725 cum

430 1759 498 1811 ad
543 1775 714 1813 unum
764 1762 851 1815 vel
911 1760 966 1814 in
1011 1760 1336 1825 haereticis,
1373 1760 1459 1814 vel
1522 1760 1578 1813 in
1635 1758 2003 1814 schismaticis

425 1850 551 1921 jure
584 1866 942 1906 numeremus
963 1894 975 1913 ,
1024 1852 1176 1907 nullo
1206 1862 1386 1905 tamen
1431 1866 1622 1933 eorum
1652 1850 1771 1904 sine
1800 1848 2004 1916 aliquo,

431 1943 693 1996 omnibus
726 1944 890 1996 simul
927 1943 1047 1998 sine
1092 1942 1331 1997 maximo
1381 1922 1717 1997 detrimento
1763 1939 2006 2017 Ecclesia
2039 1922 2064 1931 ’

436 2031 682 2087 liomaua
741 2049 931 2088 carere
974 2050 1087 2088 non
1141 2043 1342 2103 potest.
1394 2033 1515 2089 Vin’
1564 2041 1622 2086 tu
1669 2031 1862 2085 audire
1911 2030 2007 2099 qui

435 2122 589 2178 sint?
645 2124 984 2180 Sozomenus
1051 2138 1106 2180 et
1162 2125 1423 2180 Socrates
1467 2124 1663 2180 Novati
1719 2122 2009 2193 perﬁdiam

431 2216 624 2271 sectati
656 2226 804 2272 sunt.
841 2218 1088 2283 Quorum
1139 2218 1230 2273 hic
1277 2235 1388 2273 non
1431 2219 1616 2273 oblata
1665 2217 1844 2272 solum
1868 2255 1882 2278 ,
1912 2215 2010 2270 sed

433 2308 716 2363 interdum
772 2310 939 2364 etiam
1012 2311 1241 2378 quaesita
1316 2312 1610 2366 occasione
1674 2308 2013 2365 Novatianos

433 2398 670 2456 libenter
699 2401 920 2467 laudat,
970 2403 1104 2471 ipsis
1152 2405 1416 2458 miracula
1468 2404 1699 2468 tribuit,
1736 2401 2012 2455 Romano-

428 2487 558 2545 rum
607 2492 928 2558 pontiticum
984 2496 1282 2561 potentiam
1342 2495 1635 2564 exagitat:
1683 2509 1806 2564 qua:
1830 2494 2014 2548 omnia

435 2582 674 2637 Iacobus
703 2583 899 2638 Billius
928 2586 1184 2641 eruditus
1233 2587 1520 2656 theologus
1551 2585 2012 2640 Observationum

435 2687 720 2738 sacrarum
754 2675 896 2729 libro
927 2679 1139 2744 primo,
1194 2679 1373 2747 capite
1423 2678 1687 2732 vicesimo
1737 2693 1893 2733 sexto
1924 2678 2012 2731 lu-

437 2755 691 2819 culehter
743 2767 1107 2823 demonstrat.
1171 2771 1249 2825 De
1299 2770 1613 2837 Nieephoro
1665 2769 1893 2826 Callisto
1948 2770 2016 2825 li-

440 2864 573 2925 quet
602 2872 665 2912 ex
719 2859 991 2914 Gennadii
1039 2862 1304 2932 Apologia
1349 2877 1450 2931 pro
1499 2863 1736 2918 concilio
1785 2864 2016 2920 Floren‘

445 2949 600 3013 tino,
660 2950 752 3004 ubi
796 2949 916 3021 ejus
956 2967 1068 3005 non
1124 2962 1230 3006 tam
1279 2941 1505 3022 scripta,
1553 2970 1716 3023 quam
1768 2955 2018 3011 convicia

445 3052 635 3094 contra
673 3040 901 3098 Latinos
930 3043 1277 3108 refelluntur,
1312 3054 1371 3098 ut
1411 3046 1480 3099 de
1517 3045 1586 3100 iis
1615 3062 1737 3116 qua:
1783 3050 2017 3117 sparsim

443 3131 499 3185 in
537 3132 823 3187 historiam
860 3151 1013 3189 suam
1046 3136 1267 3191 sinistra
1322 3137 1599 3202 inseruit,
1646 3139 1782 3193 nihil
1815 3141 2013 3195 dicam.
2046 3171 2090 3230 ϐ
2121 3143 2177 3188 et
2226 3134 2560 3203 inquirimus
2604 3150 2619 3186 :

445 3223 713 3277 Zonaram
747 3224 914 3278 fuisse
940 3226 1379 3293 schismatirum,
1414 3229 1604 3283 testari
1640 3238 1873 3298 possunt
1899 3231 2020 3300 ejus

445 3325 706 3383 poemata
743 3316 1153 3371 aculeatissima
1195 3317 1263 3371 de
1294 3316 1647 3389 processione
1696 3321 1870 3375 sancti
1902 3320 2024 3391 Spi-

448 3406 590 3458 ritus
618 3446 632 3466 ,
683 3417 739 3460 et
772 3407 880 3460 alia
934 3407 1202 3462 adversus
1250 3400 1474 3464 Latiiios
1518 3411 1822 3479 composita
1846 3453 1867 3478 ,
1902 3427 2024 3481 quae

438 3496 849 3555 .Gcncbrardus
897 3500 1026 3554 dum
1060 3509 1452 3564 converteret,
1503 3516 1563 3556 se
1611 3500 2025 3559 criminationes

449 3588 573 3644 illas
608 3591 866 3645 omisisse
912 3602 1122 3646 narrat.
1171 3592 1247 3646 De
1304 3590 1666 3664 Pachymerio
1713 3594 1857 3650 idem
1896 3610 2027 3650 con-

431 3690 597 3744 _stare
644 3691 824 3751 pctcst
878 3699 945 3737 ex
989 3684 1266 3751 adjunetis
1311 3685 1377 3739 ad
1413 3684 1711 3757 Gregoram
1745 3686 2023 3742 Latinum.

450 3769 525 3824 Ea
562 3782 690 3826 sunt
720 3773 900 3842 capita
929 3814 945 3840 ,
991 3789 1088 3828 seu
1116 3775 1222 3830 loci
1277 3791 1459 3829 rerum
1514 3778 1780 3831 memoria
1833 3778 2026 3848 digna—

452 3878 575 3916 rum
596 3904 611 3927 ,
641 3880 673 3919 e
698 3866 891 3920 codice
924 3868 1283 3936 Augustauo,
1318 3866 1467 3921 carie
1498 3867 1751 3921 confecto
1795 3876 1849 3922 et
1904 3884 2027 3921 inu-

451 3954 586 4015 tilo,
623 3970 723 4023 per
774 3956 1025 4024 singulos
1061 3956 1237 4010 libros
1287 3956 1529 4025 cxcerpti
1562 3973 1575 4009 :
1609 3956 1768 4024 cujus
1809 3957 2033 4012 animus

451 4044 508 4098 in
563 4045 870 4133 Romanam
916 4045 1225 4099 Ecclesiam
1278 4047 1458 4114 qualis
1504 4045 1785 4106 fuerit,ex
1814 4046 2026 4115 quinto,

453 4146 610 4191 sexto
636 4177 650 4200 ,
683 4148 738 4192 et
772 4139 1349 4207 octavo'potissimum
1382 4139 1540 4193 libris
1570 4139 2028 4208 deprehenditur.

451 4228 828 4298 Nicephorum
874 4230 1172 4301 Grcgoram
1213 4246 1433 4301 quoque
1483 4230 1823 4301 et'Nicetam
1885 4230 2030 4287 Cho-

455 4319 661 4374 niatam
709 4337 904 4379 eorum
960 4332 1316 4377 monumenta
1398 4323 1661 4392 produnt.
1714 4323 1870 4378 Adde
1922 4324 2063 4377 huc.

454 4411 807 4475 Ccdrenum,
873 4411 1139 4482 Glycam,
1206 4412 1629 4466 Constantinum
1702 4413 2027 4484 Manassem,

2108 581 2200 622 res
2251 567 2577 633 veniamus,
2626 564 2892 635 Origenes
2933 576 2991 623 et
3066 566 3441 623 Tertullianus
3488 568 3678 638 quales

2105 659 2326 713 tandem
2373 658 2646 712 fuerunt?
2688 674 2872 714 nonne
2919 675 3112 714 eorum
3151 659 3390 714 haereses
3419 660 3680 714 exstant?

2102 752 2379 806 Feruntur
2405 750 2901 806 Demonstrau’ones
2928 750 3246 820 evangelica:
3274 749 3496 805 Eusebii
3521 750 3682 805 Pam—

2105 845 2240 913 phili
2263 885 2277 908 ,
2310 846 2363 899 in
2402 846 2612 915 quibus
2641 854 2832 914 aperte
2859 852 2916 897 et
2969 844 3171 913 saepius
3195 840 3464 911 ἀριανεζει
3484 880 3499 907 ,
3531 840 3677 910 quod

2106 935 2461 989 doctissimus
2507 934 2706 988 Billius
2735 932 3177 987 Observationum
3208 931 3310 986 lib.
3348 947 3401 994 ι,
3437 946 3559 1000 cap.
3588 931 3679 996 27,

2105 1025 2265 1094 plane
2303 1026 2397 1085 'ac.
2439 1025 2644 1081 diserte
2692 1023 2961 1079 ostendit.
3005 1022 3150 1097 Quid
3197 1023 3682 1077 Demonstrationes

2104 1117 2471 1186 evangelicae?
2541 1117 2738 1172 Stat-im
2801 1116 2855 1173 in
2913 1116 3033 1186 ipso
3087 1114 3687 1186 principio.Ecclesia-

2108 1211 2263 1264 stica:
2293 1211 2414 1281 ejus
2462 1206 2720 1266 Historia:
2768 1211 2901 1280 (quo
2934 1217 3296 1265 monumento
3342 1208 3482 1263 nihil
3512 1207 3687 1262 habe-
3742 1233 3786 1281 ,η

2107 1317 2231 1356 mus
2298 1302 2355 1356 in
2409 1303 2692 1373 republica
2744 1301 3061 1357 Christiana
3114 1299 3425 1369 illustrius)
3476 1298 3688 1353 ariani-

2107 1407 2256 1447 smos
2299 1394 2510 1463 aliquot
2557 1395 2816 1449 observat
2860 1402 3011 1448 torno
3061 1393 3226 1447 tertio
3250 1390 3546 1446 Annalium
3577 1391 3690 1445 Zo-

2107 1499 2294 1537 naras.
2351 1485 2493 1539 Sunt
2541 1487 2596 1539 in
2632 1485 2887 1540 manibus
2919 1484 3273 1543 Monumenta
3318 1483 3524 1548 Photil,
3559 1492 3689 1539 sunt

2110 1574 2392 1630 Theodori
2432 1576 2776 1630 Balsamonis
2804 1616 2818 1637 .
2871 1575 2966 1644 qui
3024 1574 3253 1630 Latinos
3280 1615 3296 1641 ,
3340 1582 3400 1628 ut
3427 1574 3692 1646 pestilen—
3736 1642 3741 1645 _

2111 1666 2357 1720 tissimus
2411 1666 2820 1731 schismatieus,
2874 1665 3144 1720 conviciis
3203 1664 3406 1734 passim
3461 1665 3688 1719 lacerat.

2113 1759 2348 1813 Eosdem
2387 1759 2458 1812 ob
2485 1759 2906 1827 proccssionem
2958 1758 3132 1813 sancti
3164 1756 3407 1827 Spiritus
3452 1756 3695 1825 exagitat

2111 1853 2273 1905 etiam
2326 1847 2554 1906 nobilis~
2591 1851 2737 1906 inter
2795 1850 3080 1920 theologos
3143 1849 3332 1904 Patres
3392 1848 3692 1918 TheOphy.

2116 1943 2300 1998 lactus
2331 1942 2601 2011 Bulgariae
2631 1942 2952 2012 cpiscopus,
2987 1950 3067 2006 et,
3098 1942 3257 2012 cujus
3289 1931 3552 1996 similiter
3579 1954 3698 1993 ma-

2109 2048 2274 2102 gnum
2299 2034 2444 2087 inter
2456 2047 2643 2088 sacros
2662 2033 2964 2102 scriptores
2986 2046 3191 2087 nomen
3211 2039 3316 2095 est,
3336 2029 3694 2101 Euthyrnius.

2109 2124 2340 2180 Possum
2388 2124 2571 2179 adhuc
2612 2125 2900 2179 nominare
2925 2123 3180 2178 homilias
3204 2165 3220 2189 ,
3256 2131 3314 2177 et
3348 2122 3454 2177 alia
3482 2122 3696 2190 scripta

2111 2218 2492 2286 hujuscemodi
2513 2217 2823 2280 hominum,
2839 2232 2961 2286 qua:
2983 2216 3037 2270 in
3058 2215 3312 2270 Latinum
3336 2214 3594 2269 translata
3618 2213 3694 2267 le-

2114 2319 2341 2379 guntur,
2365 2318 2423 2364 ct
2445 2308 2516 2363 ab
2535 2310 2772 2364 eruditis
2788 2290 3166 2379 proferuntur.
3185 2306 3243 2363 Si
3265 2322 3396 2378 ergo
3413 2322 3513 2361 nec
3529 2321 3700 2375 supe-

2113 2401 2319 2469 riorum
2348 2401 2610 2466 historiae,
2635 2415 2740 2454 nec
2762 2401 2992 2455 istorum
3017 2397 3402 2453 commentarii
3427 2397 3702 2452 hactenus

2116 2492 2375 2551 Ecclesia:
2430 2491 2937 2557 ineommodarunt,
2978 2483 3113 2561 q‘uin
3163 2489 3351 2560 potius
3399 2487 3567 2557 (quod
3606 2502 3700 2543 res

2115 2585 2332 2649 clamat)
2357 2585 2556 2639 mirum
2595 2584 2650 2638 in
2676 2584 2897 2639 modum
2934 2584 3403 2652 vehementerque
3443 2596 3697 2637 commo-

2119 2678 2340 2742 darunt,
2378 2693 2447 2732 ne
2479 2693 2509 2740 a
2539 2678 2925 2733 Cantacuzeno
2957 2676 3182 2747 quidem
3212 2675 3388 2745 magis
3431 2674 3698 2729 damnum

2118 2765 2293 2821 ullum
2325 2765 2681 2821 metuendum
2709 2807 2725 2831 ,
2751 2781 2917 2835 quam
2949 2764 3164 2821 fructus
3191 2805 3207 2832 ,
3257 2765 3414 2834 isque
3444 2779 3555 2818 non
3580 2779 3705 2818 me-

2118 2857 2347 2919 diocris,
2377 2866 2436 2912 ut
2465 2872 2534 2912 ex
2561 2856 3021 2912 antecedentibus
3046 2856 3259 2927 patuit,
3285 2855 3702 2926 exspectandus

2119 2961 2225 3007 est.
2260 2952 2465 3006 Rerum
2494 2959 2774 3021 gestarum
2801 2991 2816 3018 ,
2850 2965 2916 3006 ac
2940 2949 3311 3006 vetustiorum
3362 2957 3706 3023 temporum,

2120 3042 2331 3105 utilem,
2379 3040 2861 3110 necessariamque
2892 3040 3262 3110 cognitionem
3316 3041 3710 3109 persequimur

2683 3134 2728 3187 si
2772 3132 2904 3201 quid
2961 3130 3243 3186 interdum
3295 3130 3350 3183 in
3396 3130 3466 3185 iis
3515 3128 3710 3185 minus

2122 3224 2567 3287 commendabile
2616 3224 2930 3293 aspergitur
2959 3262 2974 3288 ,
3025 3223 3080 3277 id
3137 3232 3248 3278 tota
3305 3230 3491 3277 mente
3539 3236 3710 3275 aver-

2123 3330 2308 3370 samur
2336 3323 2500 3383 atque
2525 3314 2808 3383 rejicimus
2858 3330 2872 3366 :
2909 3321 2966 3368 et
3007 3312 3217 3367 calamo
3245 3310 3583 3378 etiam,'cum
3615 3320 3713 3364 est

2124 3408 2367 3472 occasio,
2399 3416 2657 3460 notamus
2688 3414 2856 3476 atque
2909 3403 3279 3459 contudimus.
3327 3402 3442 3457 Nec
3472 3416 3602 3457 vero
3630 3401 3712 3455 ab

2126 3501 2231 3555 hoc
2263 3508 2495 3554 auctore
2539 3507 2733 3553 nostro
2789 3496 3051 3552 Ecclesiae
3100 3495 3402 3560 Romanas,
3448 3503 3544 3549 aut
3594 3492 3717 3546 Ro-

2126 3605 2294 3644 mano
2342 3588 2590 3659 pontiﬁci
2641 3587 2989 3644 contumelias
3042 3586 3338 3649 dicuntur,
3380 3600 3544 3654 quem
3589 3582 3713 3638 Pa-

2128 3691 2288 3745 trem,
2328 3681 2723 3734 sanctissimum
2770 3677 3089 3742 Dominum,
3135 3685 3228 3731 tua
3276 3676 3530 3730 sanctitas
3547 3663 3576 3741 ,”
3608 3683 3714 3729 tua

2128 3771 2399 3827 beatitudo
2431 3780 2624 3836 vocat,
2656 3781 2714 3824 et
2767 3778 2827 3823 ut
2871 3768 3015 3838 apud
3052 3782 3197 3821 .cum
3249 3766 3512 3834 opinione
3559 3765 3715 3820 mala

2128 3881 2199 3920 ne
2230 3863 2342 3927 sit,
2390 3863 2639 3917 elaborat
2673 3863 2919 3932 (propter
2957 3859 3218 3919 barbaros
3245 3896 3261 3923 ,
3307 3857 3516 3912 Turcas
3546 3856 3717 3911 vide-

2129 3958 2303 4021 licet,
2356 3956 2411 4009 in
2446 3955 2711 4009 auxilium
2765 3953 3064 4008 accersitos
3089 3990 3104 4016 ,
3139 3957 3517 4019 vastatamque
3562 3950 3737 4002 licllo‘

2130 4050 2278 4104 civili
2310 4049 2679 4117 provinciam)
2709 4060 2835 4100 cum
2865 4059 2932 4098 eo
2966 4058 3117 4098 arma
3146 4044 3412 4097 adversus
3458 4041 3721 4097 inﬁdeles

2129 4158 2231 4211 pro
2261 4140 2432 4210 gloria
2483 4139 2667 4193 crucis
2717 4137 2931 4192 Christi
2975 4136 3313 4208 conjungere
3358 4135 3552 4204 cupit;
3587 4133 3718 4204 ejus

2131 4233 2503 4288 laudationem
2529 4231 2636 4286 sibi
2665 4229 3011 4300 amplissimo
3041 4226 3238 4282 honori
3270 4225 3425 4279 ducit
3451 4243 3465 4278 :
3498 4224 3717 4291 legatos

2130 4325 2307 4394 ipsius
2362 4323 2599 4393 benigne
2652 4322 2859 4392 excipit
2901 4338 2917 4374 :
2963 4335 3089 4376 cum
3157 4318 3353 4373 eodem
3401 4317 3718 4388 (Clemente

2134 4414 2396 4468 nimirum
2424 4412 2514 4478 Vl)
2578 4409 2887 4487 de_synodo
2936 4405 3212 4469 habenda,
3253 4404 3720 4474 redintegranda-

455 4504 723 4558 Joannem
756 4512 811 4558 et
840 4503 1137 4575 Georgium
1168 4541 1183 4567 ,
1229 4502 1591 4572 Curopalatas
1615 4546 1630 4567 ,
1680 4512 1734 4559 et
1762 4505 1902 4559 alios
1931 4545 1944 4565 .
1983 4507 2028 4559 si
2065 4502 2109 4556 D
2134 4523 2239 4576 que
2275 4504 2640 4560 Ecelesiarum
2673 4499 2970 4557 concordia
3003 4498 3237 4554 sollicite
3257 4537 3272 4562 ,
3299 4512 3365 4552 ac
3393 4506 3718 4552 reverenter

457 4609 795 4662 quaeramus.
852 4594 987 4648 Nam
1042 4610 1139 4664 per
1170 4595 1262 4648 illa
1294 4602 1539 4664 tempora
1568 4603 1678 4648 tam
1730 4611 1837 4649 non
1871 4595 2030 4651 facile

460 4685 794 4739 nionachum
825 4727 840 4750 ,
892 4696 987 4739 aut
1034 4686 1368 4754 scriptorem
1415 4702 1444 4740 a
1500 4688 1743 4742 Romana
1787 4689 2032 4745 Ecclesia

461 4792 565 4827 non
599 4778 997 4833 alienissimum
1029 4792 1148 4836 erat
1178 4783 1427 4837 invenire
1473 4782 1525 4837 in
1576 4782 1783 4839 Graecia
1812 4825 1826 4849 ,
1868 4802 2030 4856 quam

461 4866 626 4922 hodie
659 4869 879 4926 dillicile
924 4882 1008 4926 est
1041 4891 1349 4944 prasconcm
1384 4876 1535 4931 vcrhi
1590 4877 1686 4931 Dei
1717 4919 1731 4941 ,
1782 4889 1878 4934 aut
1907 4897 2036 4950 pro-

460 4958 726 5016 fessorem
757 4964 1088 5019 catholicum
1142 4968 1389 5023 invenire
1430 4971 1486 5023 in
1519 4969 1782 5026 Saxonia.
1838 4972 1906 5026 Et
1942 4976 2037 5042 qui

394 5048 397 5051 ’
465 5055 686 5111 tandem
721 5057 835 5110 licri
876 5067 1062 5127 potest
1092 5100 1105 5124 ,
1159 5070 1220 5114 ut
1251 5063 1345 5131 qui
1397 5063 1737 5132 patriarchas
1768 5062 2042 5119 Constan-

464 5148 865 5218 tin0politanos
931 5151 1357 5217 sehismaticos,
1414 5156 1695 5224 appellant
1759 5156 2044 5211 sanctissi-

466 5254 618 5302 mos,
675 5234 1100 5307 metiiiieiiicos,
1157 5254 1213 5299 ct
1260 5246 1540 5315 principes
1594 5248 1892 5323 Ecclesiae,
1938 5248 2039 5317 ipsi

464 5329 712 5400 ejusdem
768 5330 959 5387 farina:
1008 5350 1117 5389 non
1167 5333 1424 5388 fuerint?
1478 5334 1533 5390 Si
1587 5350 1689 5405 ego
1730 5335 2041 5404 quempiam

469 5422 1020 5490 superintcndcntcm
1054 5427 1384 5482 sanetiss’mi
1437 5427 1704 5482 verahulo
1747 5427 2040 5491 afﬁcerem,

468 5512 638 5565 credo
667 5553 680 5578 ,
720 5514 929 5585 aliqui,
967 5516 1077 5569 imo
1107 5517 1329 5586 plurimi
1358 5558 1373 5583 ,
1409 5533 1511 5571 nec
1536 5516 1741 5587 injuria
1772 5555 1787 5580 ,
1821 5532 1904 5571 me
1940 5515 2047 5571 Lu-

471 5601 764 5663 thcranum
791 5649 807 5677 ,
852 5618 946 5664 aut
974 5609 1358 5665 Catviniaaum
1407 5626 1530 5668 esse
1571 5609 1914 5681 colligerent.
1950 5612 2061 5665 At-‘

2135 4600 2264 4667 agit.
2294 4599 2414 4653 Non
2444 4636 2459 4661 ,
2502 4596 2727 4664 inquam
2753 4632 2769 4657 ,
2806 4592 2899 4646 hic
2928 4590 3171 4661 probra,
3207 4598 3265 4644 et
3309 4588 3598 4643 maledicta
3622 4589 3720 4659 ja-

2143 4693 2406 4744 ciuntur:
2442 4687 2538 4742 sed
2571 4683 2847 4739 dissensio
2875 4722 2892 4749 ,
2941 4696 3005 4736 ac
3048 4679 3339 4735 dissidium‘
3383 4678 3515 4734 illud
3553 4695 3582 4733 a
3610 4694 3725 4733 no-

2136 4782 2222 4836 bis
2256 4780 2471 4834 Latinis
2497 4779 2612 4849 jam
2645 4775 2812 4845 lippis
2860 4786 2913 4844 ct
2949 4772 3270 4828 tonsoribus
3297 4771 3465 4826 etiam
3497 4781 3720 4835 notum,

2138 4872 2429 4941 aliquoties
2469 4884 2529 4924 se
2575 4866 2804 4931 exserit,
2830 4874 2998 4935 atque
3055 4880 3084 4917 a
3135 4854 3404 4934 majorum
3461 4863 3723 4930 exemplo

2141 4965 2514 5020 defensionem
2545 4999 2559 5027 ,
2594 4973 2911 5030 quanquam
2971 4956 3232 5028 injustam
3259 4995 3274 5021 ,
3315 4953 3470 5025 petit.
3502 4950 3636 5006 Nam
3673 4955 3722 5010 si

2141 5059 2375 5129 majores

2252 5188 2303 5243 Μ
2312 5201 2575 5259 agnopere
2604 5200 2637 5237 a
2662 5198 2805 5249 vero,
2832 5181 3084 5253 longeque
3108 5194 3315 5233 errasse
3342 5176 3610 5243 uidentur,

2150 5335 2209 5378 ut
2251 5322 2324 5376 ait
2390 5317 2703 5381 Lucretius,
2747 5331 2862 5370 non
2918 5314 3041 5369 ideo
3096 5311 3408 5366 minoribus
3445 5310 3612 5381 pedes
3668 5310 3725 5365 in

2149 5416 2369 5470 illorum
2418 5410 2665 5481 vestigiis
2707 5406 2947 5479 ponendi
2999 5414 3175 5459 sunt:
3213 5403 3318 5458 nisi
3356 5402 3458 5473 ipsi
3505 5418 3732 5471 quoque

2151 5524 2273 5562 cum
2329 5505 2521 5560 iisdem
2584 5503 2640 5557 in
2693 5500 2838 5555 idem
2871 5512 2930 5553 se
3001 5495 3325 5551 barathrum
3385 5493 3733 5566 praecipitare

2151 5600 2431 5656 studeant.
