3962 6438
200 403 260 469 29
476 463 486 471 .
1538 404 1955 469 PBOLEGOM
1969 408 2113 470 ENA
2127 455 2142 470 .
3438 401 3515 466 30

225 602 3498 629 WOW

852 774 1000 863 DE
1073 736 1364 867 VI'l‘A
1440 770 1962 863 JOANNIS
2035 773 2872 869 CANTACUZENI

1383 970 1500 1031 EX
1541 967 1905 1031 EIUSDEM
1949 969 2333 1037 HISTORIA
2349 1010 2367 1031 .

734 1279 908 1337 Genus
938 1285 988 1332 et
1016 1275 1252 1348 familia.
1840 1285 1887 1343 Α
1924 1276 2253 1342 Andronici?
2278 1279 2507 1351 majoris
2557 1289 2743 1336 natam
2789 1276 2989 1339 [renen
3043 1299 3270 1342 uxorem
3309 1286 3516 1346 duxit:

1915 1386 2039 1440 qua:
2097 1370 2241 1425 lilios
2293 1371 2345 1425 ei
2407 1372 2631 1441 peperit
2689 1373 2853 1441 duos,
2897 1375 3187 1434 Joannem'
3213 1388 3270 1435 et
3316 1380 3516 1438 Deme-

1919 1465 2123 1529 trium;
2163 1466 2303 1519 tilias
2328 1474 2538 1527 ternas.
2572 1480 2811 1534 quarum
2854 1468 3241 1541 primogenita:
3272 1471 3515 1527 inditum

1915 1570 2120 1608 nomen
2171 1555 2504 1612 'l‘beodorre.
2566 1555 2887 1612 Manlia-um
2920 1571 3077 1630 pater
3118 1560 3513 1631 imperatorem

1907 1647 2274 1707 renuntiavit.
2292 1649 2554 1719 deditque
2574 1648 2624 1703 id
2654 1650 2912 1718 precibus
2931 1652 3242 1722 prmsertim
3262 1652 3512 1709 excerci-

1917 1748 2006 1795 tus
2039 1758 2245 1812 :quem
2285 1750 2468 1798 tamen
2499 1743 2747 1801 Joannes
2790 1746 3132 1817 Palmologus
3161 1748 3338 1804 haeres
3373 1748 3515 1820 legi-

1919 1833 2088 1887 timus
2128 1833 2363 1905 imperio
2391 1835 2545 1890 abire
2598 1838 2800 1909 coegit.
2840 1837 3082 1894 Manueli
3109 1838 3277 1894 filiam
3323 1839 3513 1912 Syrgis
3573 1849 3595 1869 ’

1917 1923 2043 1986 (fuit
2104 1924 2195 1979 hic
2226 1925 2560 1998 Cypriorum
2620 1934 3151 2002 rege’procreatus)
3190 1922 3511 2004 despondit.

1919 2020 2022 2095 Sed
2067 2018 2119 2073 id
2157 2021 2497 2075 conuubium
2546 2020 2747 2094 Syrges
2801 2032 2930 2079 ante
2977 2028 3203 2097 nuptias
3257 2027 3512 2083 rescidit.

1916 2113 2068 2176 Post,
2102 2113 2338 2169 Liberus
2363 2115 2741 2171 Triballorum
2791 2117 3152 2190 dynastarum
3184 2120 3514 2191 potentissi-

1916 2219 2062 2266 mus,
2102 2204 2269 2258 filiam
2295 2220 2452 2261 suam
2491 2207 2673 2263 eidem
2701 2210 2936 2265 Manueli
2969 2211 3306 2280 desponderi
3331 2212 3513 2282 cupit.

1915 2308 1971 2353 et
2012 2297 2414 2369 despondetur,
2445 2310 2611 2355 utest
2664 2302 2808 2357 libro
2833 2320 2917 2370 tu,
2956 2319 3079 2374 cap.
3106 2305 3197 2360 48.
3231 2301 3548 2361 llaetenus'

1917 2390 1986 2445 de
2016 2392 2284 2448 maribus.
2310 2393 2647 2450 -Pucllarum
2692 2397 2862 2451 trium
2901 2397 3127 2452 nomina
3159 2406 3289 2454 sunt
3318 2398 3511 2462 Maria,

1918 2484 2238 2549 Theodora.
2317 2486 2550 2544 lleleua.
2622 2488 2863 2544 Primam
2938 2489 3257 2561 Nicephoro
3322 2489 3510 2555 Ducat,

1916 2580 2147 2638 Joannis
2180 2584 2429 2654 [ιεεροιιη
2461 2584 2596 2651 lilio,
2622 2585 2945 2642 Acarnania:
2979 2586 3515 2658 principi,nondum

1913 2683 2207 2750 septennio
2256 2698 2481 2752 egresso
2551 2694 2748 2750 pactus
2797 2692 2907 2740 cst.
2967 2684 3216 2741 Alteram
3265 2685 3511 2741 Orcbani

1911 2772 2114 2836 Persm,
2144 2790 2241 2828 seu
2270 2775 2466 2830 Turca:
2501 2776 2707 2846 p0tius,
2767 2777 3041 2850 Bithynia:
3070 2777 3300 2833 domino
3337 2778 3514 2834 tradi~

1911 2863 2032 2920 dit:
2062 2866 2222 2936 cujus
2253 2866 2458 2937 opibus
2495 2883 2610 2925 rem
2643 2884 2798 2923 suam
2823 2884 3210 2939 smpenumero
3235 2877 3517 2926 sustenta-

1912 2956 1991 3008 vit
2061 2964 2229 3025 atque
2283 2958 2686 3014 eonstabilivit.
2719 2959 3063 3016 Postremam
3119 2975 3246 3016 cum
3297 2960 3517 3017 Joanne

1910 3042 2218 3114 Palzeologo
2274 3045 2631 3117 imperatore,
2667 3065 2943 3104 annorum
3004 3051 3324 3121 quindecim
3381 3054 3517 3107 ado-

1911 3138 2157 3194 lescente
2189 3140 2496 3212 conjunxit,
2530 3158 2695 3211 quem
2722 3143 2909 3198 laudat
2945 3143 3050 3198 lib.
3088 3161 3161 3210 tv,
3193 3159 3320 3215 cap.
3358 3145 3410 3199 1.
3437 3144 3515 3199 Ex

1882 3234 1976 3287 ~eo
2004 3234 2361 3289 matrimonio
2408 3236 2780 3302 Andronicus,
2825 3237 3067 3303 Manuel,
3099 3237 3363 3304 Joannes,
3413 3238 3516 3294 De-

1915 3324 2151 3379 metrius
2200 3322 2320 3390 lilii,
2377 3334 2436 3379 et
2464 3324 2625 3379 lrene
2682 3325 2791 3381 lilia
2823 3325 3112 3397 propagati
3155 3334 3305 3380 sunt.
3339 3324 3529 3380 Suatn~

1912 3419 2114 3486 cuique
2138 3417 2306 3470 trium
2334 3416 2571 3472 ﬁliarum
2606 3417 2958 3488 {peculiarem
2998 3410 3374 3473 laudationem
3404 3418 3511 3472 im-

277 1422 535 1488 Joannis,
564 1420 855 1485 Manuelis,
896 1431 951 1477 et
989 1421 1224 1475 aliorum
1261 1419 1806 1481 Cantacuzenorum.

219 1527 276 1572 ut
324 1517 575 1570 virorum
634 1514 929 1569 illustrium
974 1523 1066 1570 et-
1104 1513 1496 1569 bellicosorum
1556 1511 1811 1565 meminit

217 1607 451 1664 Nieetas.
483 1607 638 1674 Quos
676 1606 767 1660 hic
810 1616 998 1660 noster
1041 1604 1465 1660 Cautaeuzenus
1499 1603 1553 1656 in
1584 1601 1810 1671 majori-

223 1703 325 1757 bus
342 1702 462 1756 suis
482 1701 677 1754 habet.
705 1698 879 1759 Idem.
900 1698 1172 1753 Joannem
1211 1696 1485 1756 Manuelis
1511 1695 1810 1764 imperato-

222 1797 297 1851 ris
330 1805 550 1863 neptem
573 1832 587 1855 ,
629 1792 796 1857 alium
830 1791 1095 1847 Joannem
1140 1788 1588 1844 CantaCuzenum
1639 1786 1808 1841 Isaaci

227 1890 416 1957 Angeli
449 1903 695 1943 sororem
732 1886 786 1942 in
815 1882 1170 1938 matrimonio
1199 1882 1487 1935 habuisse.
1524 1880 1698 1947 Natus
1727 1889 1813 1933 est

222 1980 491 2054 Byzantii.
545 1977 762 2033 Patrem
822 1991 852 2031 a
912 1974 1187 2030 natalibus
1239 1972 1489 2028 modeste
1548 1970 1812 2041 pnedicat

222 2075 317 2129 lib.
345 2090 432 2136 ιιι,
465 2086 591 2127 eum
622 2069 779 2131 dicit,
805 2069 878 2121 Οὐ
904 2069 1012 2139 γὰρ
1031 2068 1137 2120 τῶν
1174 2064 1387 2119 πολλῶν
1413 2060 1514 2129 εἷς,
1543 2062 1658 2118 Non
1697 2069 1813 2116 erat

221 2185 352 2222 unus
402 2183 433 2220 e
489 2163 694 2226 multis,
747 2178 840 2217 seu
886 2159 1122 2231 vulgaris
1151 2175 1171 2213 :
1217 2169 1270 2212 et
1322 2157 1528 2212 alicubi
1576 2167 1808 2210 matrem

218 2276 369 2316 suam
443 2256 724 2328 Syrgianis
778 2254 1015 2325 appellat
1071 2253 1227 2306 θείαν
1289 2257 1663 2313 materteram,
1718 2264 1812 2302 seu

220 2357 463 2413 amitam.
496 2369 586 2406 seu
615 2352 823 2406 demum
866 2355 1147 2419 cognatam
1171 2363 1321 2401 suam
1372 2344 1628 2413 (liberius
1661 2342 1810 2397 enim

218 2449 318 2502 hac
342 2462 478 2501 voce
506 2448 702 2506 utitur,
721 2453 783 2497 ut
813 2439 1181 2507 docebimus),
1205 2453 1369 2508 quam
1398 2437 1623 2507 quidem
1651 2435 1813 2490 femi-

221 2557 340 2595 nam
374 2555 445 2594 ex
502 2537 649 2592 libro
703 2536 907 2605 primo,
935 2533 1083 2587 haud
1134 2533 1300 2602 longe
1338 2531 1408 2586 ab
1466 2531 1627 2585 initio
1668 2531 1813 2584 seire

216 2630 343 2685 licet
376 2629 455 2682 ad
486 2628 856 2695 imperatores
904 2638 1078 2694 genus
1120 2622 1400 2678 retulisse.
1443 2623 1588 2678 Puer
1625 2622 1812 2677 adhuc
1844 2653 1886 2709 Β

216 2734 425 2794 patrem
457 2721 642 2775 amisit
669 2735 689 2783 :7
709 2719 802 2787 qui
839 2732 984 2771 anno
1015 2716 1195 2771 aetatis
1234 2715 1416 2785 primo
1447 2730 1620 2786 supra
1649 2714 1806 2769 vice-

213 2817 437 2873 simum,
462 2809 802 2880 praefecturae
835 2823 948 2862 suae
998 2806 1445 2875 Peloponesiacze
1484 2817 1709 2867 octavo,
1750 2806 1805 2859 in

212 2904 404 2959 eadem
437 2902 729 2972 peninsula
768 2899 1032 2955 decessit.
1062 2899 1239 2953 Mater
1265 2899 1413 2955 dicta
1441 2896 1807 2953 estTheodo—

216 3014 297 3060 ia,
325 2997 485 3067 cujus
518 2994 829 3049 avunculus
870 3008 1121 3067 magnus,
1147 2992 1203 3047 id
1229 3001 1333 3054 est.
1369 2992 1508 3047 avia:
1541 3001 1808 3047 materna:

213 3065 408 3153 frater,
441 3088 673 3143 Michael
717 3086 929 3156 primus
961 3065 1305 3156 Palicologus
1332 3085 1660 3157 imperator.
1690 3086 1804 3141 lta-

211 3201 322 3254 que
373 3182 569 3238 eadem
622 3180 1109 3246 Michaelissoror,
1153 3189 1209 3235 et
1258 3179 1632 3236 Cantaeuzeni
1673 3194 1806 3250 pro-

215 3277 360 3331 avia.
415 3276 539 3330 Fuit
593 3273 886 3329 Theodora
942 3275 1143 3330 mulier
1185 3275 1496 3344 prudentiae
1555 3274 1805 3344 majoris,

216 3384 384 3440 quam
424 3383 526 3439 pro
581 3378 745 3439 captu
792 3366 1083 3430 sexus,'et
1114 3366 1432 3423 tractationi
1462 3382 1646 3421 rerqu
1680 3381 1805 3435 gra—

217 3467 364 3518 vium
445 3474 610 3535 atque
671 3479 994 3534 magnarum
1050 3463 1272 3527 idonea,
1324 3478 1487 3532 quam
1531 3460 1808 3530 Gregoras

214 3566 366 3611 recte
416 3554 505 3609 his
557 3555 743 3608 verbis
780 3553 1097 3619 celebravit,
1128 3554 1286 3608 lib."
1322 3574 1334 3609 :
1375 3551 1548 3618 Quam
1574 3553 1809 3606 assistri-

215 3668 327 3705 rem
355 3649 571 3720 conjugi
588 3649 876 3716 imperator
903 3647 1211 3716 reliquerat,
1235 3649 1505 3700 senatoria
1533 3655 1806 3707 matrona.

215 3760 262 3799 et
302 3745 569 3817 gravitate
601 3758 805 3796 morum
846 3743 1148 3811 conspicua,
1182 3752 1231 3798 et
1270 3741 1538 3810 singulari
1570 3740 1804 3810 pruden-

216 3841 289 3893 tia
340 3848 554 3896 ornata.
588 3854 649 3890 ac
687 3838 743 3889 in
790 3835 942 3889 rebus
966 3836 1132 3889 dubiis
1174 3837 1424 3905 pru‘seuti
1470 3833 1693 3888 consilio
1724 3834 1810 3886 in-

214 3940 442 3984 structa.
487 3907 618 3995 Eius
661 3928 1043 3995 indignissima
1080 3928 1303 3982 vexatio
1342 3936 1569 3998 prepter
1607 3926 1804 3990 lilium,
2578 3907 2837 4000 Honores.

215 4035 269 4078 et
308 4038 460 4077 mors
494 4022 864 4092 lacrymabilis
896 4023 992 4076 lib.
1021 4038 1103 4086 ιιι,
1135 4038 1257 4093 cap.
1279 4021 1373 4086 ‘29.,
1400 4022 1491 4087 26,
1524 4022 1802 4091 56,expo-
1829 4019 1875 4081 C
1978 4018 2262 4089 Principio
2295 4019 2598 4075 Andronici
2650 4020 2735 4075 avi
2789 4018 3032 4075 cubiculi
3071 4018 3215 4074 sacri
3244 4016 3512 4088 praeposi-

213 4118 386 4169 nitur.
420 4114 725 4184 Nirepbori
762 4114 1151 4178 Cantaeuzeui,
1177 4126 1232 4168 et
1262 4113 1528 4168 Manuelis
1552 4113 1796 4168 Tarcha-
1908 4119 1999 4166 tus
2026 4112 2153 4177 fuit,
2216 4112 2420 4167 deinde
2463 4113 2774 4167 Andronici
2814 4112 3037 4182 nepotis
3082 4112 3266 4183 (cujits
3289 4109 3510 4165 videtur

217 4194 407 4272 uiolae,
439 4208 594 4262 illius
646 4207 937 4277 patruelis,
990 4207 1155 4278 hujus
1212 4207 1556 4270 consobrini,
1588 4215 1684 4261 aut
1731 4221 1797 4261 ex
1832 4226 1840 4233 ε
1906 4205 2149 4272 coaevus)
2185 4220 2420 4273 magnus
2453 4206 2821 4261 domesticus.
2854 4204 3152 4259 Thraciam
3185 4202 3507 4273 praefectus,

216 4316 409 4357 sorore
461 4300 680 4369 nepotis
725 4300 823 4355 lib.
876 4317 934 4361 ιι,
983 4315 1103 4367 cap.
1131 4302 1183 4364 8,
1219 4300 1494 4354 meminit.
1526 4299 1798 4355 Jo:inuem
1906 4311 2003 4350 seu
2042 4304 2250 4365 praeter
2274 4295 2628 4366 gubernavit.
2682 4295 2807 4349 Fuit
2839 4299 2968 4349 item
2997 4295 3257 4364 princeps
3289 4292 3505 4347 militiae

214 4395 487 4466 Angelum
504 4393 824 4463 ἐξάδελφον,
850 4404 907 4448 et
930 4394 1150 4457 ἀνεψιὸν
1173 4393 1435 4448 similiter
1457 4395 1725 4464 appellat,
1745 4402 1802 4448 et

1912 4391 2301 4461 imperatoriae,
2349 4391 2468 4445 sive
2509 4391 2797 4461 copiarum
2849 4390 2960 4443 dux
2995 4403 3272 4443 summus.
3303 4385 3506 4442 Aucto—
3539 4442 3558 4449 _

215 4505 281 4542 ex
330 4489 526 4543 eadem
584 4487 766 4542 radice
799 4487 1068 4559 prodiisse
1125 4488 1340 4543 scribit.
1376 4485 1582 4542 Mentio
1612 4496 1799 4542 autetn
1910 4487 2046 4540 ritas
2100 4484 2246 4556 ejus.
2305 4491 2550 4553 potestas
2600 4491 2658 4537 et
2729 4481 3068 4537 existimatio
3125 4477 3500 4543 incredibilis,

217 4581 427 4635 sororis
454 4590 545 4635 est
572 4579 672 4635 lib.
700 4597 778 4644 ut,
805 4596 925 4651 cap.
956 4581 1048 4636 26.
1908 4578 2005 4639 ita,
2052 4586 2114 4630 ut
2144 4591 2212 4630 eo
2253 4575 2594 4640 inconsulto,
2618 4581 2715 4628 aut
2741 4573 3049 4644 refragante
3087 4571 3227 4626 nihil
3282 4584 3506 4641 gerere-

1909 4680 2020 4733 tur,
2066 4670 2298 4740 ipseque
2335 4668 2750 4723 administraret
2790 4669 3000 4728 outuia.
3053 4674 3111 4720 et
3148 4672 3322 4729 esset,
3388 4677 3501 4718 non

1907 4760 2131 4831 quidem
2181 4759 2452 4814 vocabulo
2486 4767 2635 4828 (nam
2690 4760 2742 4813 id
2781 4777 2889 4815 una
2938 4775 3064 4815 cum
3117 4758 3338 4823 habitu,
3372 4757 3508 4813 licet

288 4854 595 4925 Cuujugem
625 4851 819 4907 habuit
867 4851 1086 4917 lreaeu,
1113 4851 1418 4909 Andronici
1472 4854 1665 4909 Asanis
1698 4854 1801 4914 viri
1908 4869 2017 4906 non
2050 4853 2220 4907 semel
2252 4853 2321 4906 ab
2367 4853 2689 4908 Andronico
2740 4853 3025 4918 invitatus,
3050 4865 3107 4907 et
3141 4852 3304 4908 enixe
3345 4865 3507 4921 roga-
3563 4836 3573 4843 ’

220 4945 607 5010 illustrissimi,
635 4947 813 5016 magni
843 4946 1024 5005 ducis.
1051 4955 1104 5001 et
1162 4962 1287 5001 cum
1344 4946 1666 5002 Andronico
1716 4964 1805 5003 sc-
1908 4958 2019 5010 tus,
2054 4956 2379 5001 constanter
2442 4946 2626 5018 fugit),
2655 4947 2749 5002 sed
2801 4963 2969 5018 opere
3018 4947 3139 5018 ipso
3180 4945 3504 5017 imperator.

225 5042 376 5093 niore
466 5039 791 5105 cognatione.
851 5036 1135 5106 conjuncti
1195 5037 1389 5092 liliam.
1452 5038 1582 5093 Fuit
1649 5042 1799 5093 enim
1906 5038 2050 5109 Lege
2075 5056 2194 5109 cap.
2221 5039 2374 5105 9,lib
2414 5040 2610 5106 u.Quo
2640 5040 2925 5103 defuncto,
2947 5055 3243 5111 proi'erutn
3266 5056 3330 5094 ac
3360 5040 3507 5096 utili-

224 5123 431 5187 Asancs
471 5147 503 5184 e
536 5148 727 5188 sorore
775 5132 1075 5187 Andronici
1122 5143 1306 5189 natus.
1339 5133 1419 5187 Ex
1468 5150 1530 5188 ea
1573 5125 1825 5189 sustulit~
1907 5143 2023 5189 tum
2059 5137 2204 5188 votis
2231 5135 2595 5205 ltislymoticbi
2641 5134 2966 5198 obsecutus,
3005 5134 3253 5204 itemque
3276 5135 3401 5189 aliis
3432 5135 3503 5189 de

224 5225 427 5280 liberos
474 5242 592 5286 sex,
649 5242 831 5281 mares
888 5238 1020 5291 tres,
1078 5228 1319 5282 feminas
1374 5228 1630 5283 totidem.
1668 5223 1800 5283 'lllis
1904 5230 2087 5281 causis
2152 5234 2311 5297 (quas
2370 5228 2602 5296 profert,
2650 5228 2783 5281 dum
2835 5226 3107 5282 affectate
3187 5216 3500 5300 tyrannidis

225 5322 442 5372 non‘niua
483 5321 724 5384 fuerunt,
769 5320 1077 5383 Matthmus,
1120 5321 1361 5383 Mauuel.
1423 5322 1809 5409 Andronicus;
1834 5366 1881 5426 ο
1907 5323 2287 5393 suspicionem
2317 5339 2345 5376 .1
2371 5338 2428 5375 se
2462 5322 2690 5389 depellit
2724 5342 2739 5378 :
2769 5321 2993 5392 depellit
3040 5331 3226 5377 autem
3259 5324 3501 5393 simussi-

229 5414 399 5481 Atque
454 5413 541 5469 hic
597 5428 913 5481 postremus
957 5413 1058 5490 vis
1099 5413 1489 5467 dumlet-imutu
1523 5417 1800 5483 attingens
1834 5413 1877 5426 “’
1910 5434 1995 5471 me
2043 5434 2106 5472 ac
2146 5416 2631 5482 αἰδοιιὶεεῑιιιομθι
2665 5427 2773 5470 tam
2820 5416 3213 5480 v'erisimiliter,
3261 5425 3320 5470 ut
3356 5415 3497 5471 nihil

226 5521 446 5569 anutnn,
489 5522 607 5561 cum
667 5507 791 5561 :tvia
851 5516 1078 5576 paterna
1136 5508 1190 5561 in
1243 5507 1551 5561 custodiam
1610 5510 1794 5574 datus,
1905 5510 2216 5568 desideres)
2274 5526 2573 5580 purpuram
2618 5518 2675 5566 et
2722 5510 2920 5565 tiaram
2969 5511 3172 5565 induit.
3220 5509 3496 5563 Adriano-
3544 5579 3555 5583 _

227 5601 554 5661 νυηιιιιοςιιιιιι
610 5600 877 5671 pestifera
950 5600 1038 5655 lue
1104 5617 1201 5671 per
1258 5601 1309 5656 id
1374 5612 1587 5671 tempus
1643 5620 1796 5673 gras-
1903 5605 2013 5676 poli
2061 5624 2089 5658 a
2125 5604 2332 5658 Lazaro
2390 5605 2923 5675 Hierosolymorum,
2977 5618 3198 5658 rursum
3238 5603 3487 5675 Byzantii

225 5705 374 5744 same
420 5695 621 5750 interiit
676 5694 1075 5762 :reliquorum
1131 5711 1299 5765 opera
1341 5696 1489 5749 donli
1548 5687 1835 5768 bellique.
1897 5698 1969 5753 ab
2020 5697 2233 5752 lsidmo
2288 5698 2626 5768 patriarchis
2680 5712 2944 5755 coronam
2993 5695 3338 5765 impcrialem
3392 5710 3489 5750 sos

226 5783 438 5840 nudtum
468 5805 595 5844 usus
622 5800 707 5843 est
739 5797 919 5854 pater.
965 5786 1204 5857 Uterque
1256 5801 1488 5843 ornatur
1536 5791 1792 5845 laudibus
1892 5791 2062 5845 lemui
2099 5793 2208 5846 ritu
2244 5791 2479 5863 accepit.
2517 5792 2693 5858 Quam
2722 5792 2881 5847 beate
2908 5788 3135 5853 vixerit,
3163 5788 3217 5843 in
3262 5791 3488 5859 quantis

226 5871 540 5957 lib.su,cap.
590 5884 679 5935 ‘33.
732 5879 1024 5937 Manlia-us
1076 5879 1337 5936 Demetrii
1386 5883 1645 5952 despotic,
1689 5886 1786 5939 lilii
1893 5887 2160 5954 euimque
2213 5885 2358 5941 modi
2406 5883 2624 5953 opibus,
2655 5885 2706 5939 in
2740 5896 2944 5963 quanta
2976 5882 3268 5942 hominum
3308 5883 3485 5947 admi-

1912 3603 2080 3666 libro,
2147 3618 2272 3673 cap.
2324 3604 2433 3667 ὄις
2504 3602 2710 3670 Mariae,
2770 3619 2894 3673 qum
2967 3602 3225 3659 adversis
3285 3601 3513 3657 casibus

1912 3706 2142 3767 propter
2176 3712 2416 3767 nequam
2442 3700 2707 3752 maritum
2726 3696 2953 3769 iactata.
2982 3694 3208 3750 tandem
3238 3708 3307 3749 eo
3325 3692 3520 3764 occisa

1911 3806 2038 3872 cum
2063 3800 2236 3844 matre
2265 3791 2592 3845 monacham
2612 3788 2858 3861 Byzantii
2885 3789 3018 3861 egit,
3043 3787 3142 3843 lib.
3162 3802 3242 3854 ιιι,
3267 3801 3392 3858 cap.
3416 3784 3512 3840 45.

702 4716 864 4780 Uxor,
903 4717 1073 4785 liberi,
1099 4726 1336 4789 nepotes.

1911 3513 2079 3580 pertit
2109 3527 2123 3565 :
2158 3512 2466 3567 Theodorte
2491 3512 2590 3568 lib.
2623 3528 2706 3578 ιιι,
2729 3528 2854 3583 cap.
2882 3511 2994 3579 95;
3032 3511 3257 3567 Helenae
3311 3510 3511 3567 eodem
3594 3510 3605 3513 “
