3962 6454
2053 136 2080 168 ο

477 351 548 424 at
1610 330 1961 426 JOANNES
2000 361 2646 426 CANTACUZENUS.‘
2995 349 2998 352 ’
3685 362 3756 426 32

481 472 699 528 ratione
739 480 796 528 et
849 470 1044 544 gloria,
1085 473 1203 544 ipse
1246 473 1573 532 clarissimis
1611 477 1818 540 verbis,
1856 477 1954 533 lib.
1981 494 2063 544 in,
2097 483 2137 538 Α
2173 485 2263 530 tur
2293 494 2308 531 :
2337 477 2502 555 digna
2533 476 2807 548 profecto,
2857 478 2947 534 cui
2977 479 3064 536 vel
3093 479 3270 552 majus
3313 478 3754 537 committeretur

481 578 606 635 cap.
632 566 702 623 55
723 574 779 622 et
803 563 870 621 78
904 565 1150 620 edocuit.

873 655 1083 715 Studia.
1105 657 1361 712 doctrinm
1401 666 1451 712 et
1482 675 1673 712 mores.

555 746 615 802 In
648 748 872 803 militari
899 749 1222 820 disciplina,
1253 752 1404 806 socio
1453 751 1778 823 Syrgianne,
1804 751 2066 821 magistro

488 838 698 907 Angeln
735 855 894 892 usum
922 857 981 894 se
1005 853 1193 895 narrat
1225 861 1238 896 :
1266 843 1317 895 in
1351 860 1457 912 qua
1507 845 1706 898 deinde
1739 861 1834 912 per
1857 843 2067 897 exerci-

486 931 750 983 tationem
802 931 1206 1000 lectionemque
1235 934 1393 1004 longe
1433 935 1734 989 admodum
1774 937 2062 1004 processit,

491 1019 722 1089 talisque
751 1038 977 1089 prorsus
1018 1023 1200 1077 extitit
1242 1025 1558 1093 imperator,
1594 1027 1810 1094 qualem
1833 1025 1901 1078 Μ.
1937 1019 2067 1078 Tul-

489 1113 599 1167 lius
630 1115 683 1167 in
732 1115 1064 1183 Pompeiana
1113 1117 1362 1186 depinxit
1392 1136 1404 1171 :
1429 1118 1701 1185 siquidem
1735 1119 1786 1170 in
1825 1133 1892 1172 eo
1926 1131 2066 1186 quo-

491 1221 599 1273 que
637 1207 726 1260 illa
753 1221 1012 1275 quatuor,
1047 1225 1166 1278 qua:
1201 1210 1254 1260 in
1287 1225 1500 1261 summo
1526 1210 1861 1278 imperatore
1886 1210 2094 1264 inesse’

487 1297 714 1362 debent,
746 1299 1090 1364 enituerunt,
1125 1301 1382 1362 scientia,
1451 1303 1650 1363 virtus,
1692 1301 1944 1364 felicitas,
1971 1317 2068 1355 au-

405 1450 420 1474 ;
471 1389 737 1445 'ctoritas.
795 1390 944 1445 Talis
995 1391 1148 1456 item,
1195 1393 1412 1459 qualem
1467 1392 1519 1445 in
1583 1393 1890 1464 Strategico
1945 1411 2067 1464 gra-

407 1507 424 1523 -
486 1481 751 1536 vissinius
790 1494 1098 1553 praeceptor
1136 1485 1388 1538 militaris
1441 1484 1762 1539 Onosander
1804 1485 2069 1541 describit

488 1590 609 1644 cap.
650 1575 702 1638 I,
731 1584 938 1634 castus.
971 1586 1309 1645 temperans,
1349 1579 1584 1643 sobrius,
1619 1578 1786 1648 frugi,
1827 1579 2069 1633 laborio-

487 1679 605 1732 sus,
649 1649 986 1736 intelligens,
1033 1669 1259 1722 minime
1309 1685 1529 1730 avarus,
1577 1684 1678 1723 nec
1715 1670 1928 1739 jnnior,
1968 1685 2069 1725 nec

487 1758 698 1820 senior,
762 1759 999 1812 filiorum
1061 1769 1238 1830 pater,
1302 1760 1520 1814 dicendi
1595 1761 1828 1826 peritus,
1895 1761 2068 1828 gloria

2172 571 2486 639 imperium.
2535 570 2924 634 Fortitudinis,
2984 572 3476 642 magnanimitatis,
3525 587 3592 628 ac
3655 589 3752 642 pa-

2171 661 2375 715 tientiae
2403 671 2510 724 est.
2537 662 2685 731 quod
2715 678 2988 733 nusquam
3018 663 3189 718 ferme
3213 663 3370 718 abest
3389 663 3459 717 ab
3483 663 3752 728 exercitu,

2170 768 2449 821 manuque
2518 768 2618 808 sua
2658 754 2734 818 Jn
2787 756 3000 809 hostem
3073 765 3282 825 pugnat
3327 755 3610 808 viriliter:
3653 771 3756 811 nec

2169 844 2545 911 voluptatibus
2612 844 2882 914 indulget,
2937 855 2992 900 et
3050 845 3298 900 adversis
3367 847 3586 900 casibus
3645 862 3753 900 non

2169 931 2447 1001 frangitur
2477 949 2492 986 :
2530 933 2750 1004 injuriis
2781 935 3158 1003 (potissimum
3193 935 3264 988 ab
3295 935 3752 1004 Apocancbo.cui

2169 1033 2464 1093 tantopere
2525 1025 2900 1090 benefecerat,
2928 1025 3117 1092 illatis)
3155 1019 3263 1081 non
3317 1027 3628 1080 succumbit
3656 1044 3670 1081 :
3701 1036 3758 1080 et

2169 1115 2433 1168 invidiam
2490 1131 2648 1184 aequa
2710 1128 2897 1171 mente
2947 1117 3200 1172 sustinet.
3259 1117 3317 1170 In
3377 1117 3516 1170 bene
3571 1116 3640 1170 de
3697 1132 3756 1168 se

2167 1215 2446 1260 merentes
2471 1222 2614 1262 unus
2651 1207 2904 1260 omnium
2945 1206 3293 1278 gratissimus
3324 1223 3336 1258 :
3367 1222 3532 1276 quam
3579 1208 3756 1260 virtu-

2169 1309 2278 1353 tem
2311 1300 2366 1353 in
2403 1299 2524 1353 aliis
2551 1300 2717 1353 etiam
2749 1310 2915 1365 amat,
2940 1309 2996 1354 et
3026 1300 3153 1354 idco
3177 1300 3327 1354 nulla
3363 1301 3756 1368 prepemodum

2169 1394 2364 1460 pagina
2395 1389 2704 1459 gratiarum
2735 1390 3052 1446 actionibus
3085 1402 3259 1446 vacat.
3291 1392 3383 1444 ‘Ad
3419 1390 3761 1444 moderatio-

2171 1495 2294 1534 nem
2381 1482 2888 1551 continentiamque
2987 1482 3265 1550 pertinet,
3333 1481 3481 1549 quod
3543 1479 3758 1549 iruperii

2170 1570 2619 1626 communionem
2667 1570 2774 1626 sibi
2815 1572 2884 1626 ab
2921 1571 3242 1649 Andronico
3296 1572 3462 1625 etiam
3503 1581 3760 1640 quartum

2171 1661 2432 1726 delatam,
2458 1672 2702 1718 recusat.
2742 1663 2804 1717 In
2831 1663 3073 1717 amicitia
3110 1662 3342 1718 colenda
3374 1663 3763 1717 constantissir

2174 1767 2315 1812 mus,
2350 1751 2730 1805 Andronicum
2765 1735 3038 1806 minorem
3066 1753 3361 1822 praecipue,
3387 1760 3443 1806 et
3470 1751 3762 1806 Amurium

489 1849 742 1903 illustris.
799 1849 1028 1916 Qualem
1080 1859 1345 1919 pneterea
1396 1850 1464 1904 de
1520 1851 1718 1904 bellico
1777 1861 2063 1919 apparatu,
2099 1845 2141 1900 Β
2171 1845 2392 1900 Persam
2442 1843 2608 1898 Ionia:
2659 1843 2970 1913 Satrapant,
3021 1846 3138 1899 sive
3182 1843 3490 1914 principem
3547 1844 3761 1906 dilexit,

489 1953 613 2008 cap.
638 1937 693 2002 2,
727 1937 837 1992 Leo
871 1940 1191 2008 imperator.
1228 1939 1493 2008 Linguam
1536 1939 1784 1992 Latinam
1812 1940 2067 2002 calluisse

488 2030 620 2085 inde
681 2030 1055 2100 conjecturam
1109 2032 1285 2100 capio.
1312 2031 1528 2084 Etenim
1572 2044 1659 2083 res
1693 2029 2067 2084 Romanorum

489 2123 885 2189 imperatorum
927 2123 1009 2186 (ut
1045 2137 1146 2176 nos
1171 2122 1449 2175 Romanos
1487 2121 1852 2190 imperatores
1884 2121 2069 2190 appel-

491 2212 691 2275 lamus,
739 2211 842 2266 hoc
867 2222 950 2266 cst
981 2228 1172 2266 eorum
1207 2214 1301 2282 qui
1337 2213 1390 2266 in
1416 2213 1569 2266 Italia
1609 2222 1664 2265 et
1700 2213 1887 2265 Romm
1917 2212 2069 2266 vixe-

421 2304 426 2316 ‘
489 2305 638 2370 runt)
669 2304 960 2370 aliquoties
995 2305 1046 2356 in
1080 2303 1321 2356 medium
1365 2303 1610 2363 adducit,
1643 2318 1779 2370 quas
1821 2303 2052 2356 forsitan

488 2393 632 2463 apud
671 2395 920 2448 historiie
967 2394 1222 2461 Augustze
1258 2395 1556 2464 scriptores
1589 2395 1738 2462 legit.
1783 2396 1842 2447 Et
1897 2395 2071 2463 Arego

488 2486 758 2541 monacho
785 2484 1040 2540 Sabaudo
1081 2486 1326 2556 qumdam
1367 2485 1555 2541 Graece
1607 2488 1813 2556 scripta
1845 2503 1954 2540 non
1985 2487 2071 2540 in-

489 2579 779 2648 lelligenti,
833 2579 1228 2648 interpretatur
1266 2579 1364 2633 lib.
1428 2595 1506 2646 Ill,
1541 2595 1662 2647 cap.
1711 2582 1798 2641 84.
1850 2581 1906 2634 Si
1948 2583 2074 2650 quis

480 2670 779 2724 auditione
828 2680 1039 2726 tantum
1086 2673 1462 2726 Romanorum
1520 2673 1658 2726 facta
1688 2674 1989 2740 accepisse,
2019 2681 2075 2726 et

479 2762 676 2817 Era-ca
750 2763 844 2818 illa
893 2763 1075 2818 ltalice
1137 2765 1410 2818 monacho
1465 2765 1892 2834 interpretatum
1954 2781 2075 2820 esse

482 2855 717 2910 credere
749 2855 924 2918 malit,
960 2872 1084 2910 cum
1125 2872 1194 2911 eo
1227 2873 1335 2910 non
1382 2859 1712 2912 contendam
1742 2869 1835 2913 :et
1873 2859 1944 2912 ita
1977 2873 2077 2910 no-

485 2951 638 3004 mine
691 2950 899 3005 Latina:
952 2951 1175 3021 linguae,
1204 2953 1362 3020 cujus
1409 2966 1467 3004 se
1513 2953 1781 3004 scientem
1836 2949 2073 3020 quodam

486 3043 612 3097 loco
645 3041 904 3104 alIirmat,
926 3059 1144 3112 quaque
1169 3042 1545 3112 praesidiarios
1579 3043 1741 3096 Italos
1774 3042 2078 3111 alloquitur

481 3117 963 3203 Constantinopoli
995 3135 1092 3188 lib.
1129 3150 1205 3198 iv,
1245 3151 1370 3203 cap.
1410 3135 1501 3198 54,
1537 3134 1724 3188 Italica
1762 3134 2072 3204 intelligen-

489 3226 556 3277 da
605 3225 754 3278 erit:
787 3225 931 3278 sicut
965 3241 1064 3294 per
1090 3223 1316 3278 Latinos
1343 3226 1486 3290 Itali,
1513 3235 1566 3279 et
1593 3225 1712 3289 alii,
1742 3241 1852 3278 non
1878 3225 2076 3278 Graeci.

484 3315 710 3369 'I’crsice
740 3331 978 3386 quoque,
1003 3316 1118 3370 sive
1169 3316 1400 3370 Turcice
1431 3332 1590 3371 nosse
1619 3332 1677 3370 se
1725 3316 1825 3370 lib.
1862 3333 1935 3379 iv,
1961 3331 2081 3384 cap.

492 3411 582 3473 10,
613 3407 864 3462 aﬂirmat.
897 3409 1084 3463 Artem
1127 3407 1387 3461 didicisse
1419 3408 1740 3470 oratoriam,
1771 3407 2084 3475 eloquentia

493 3496 670 3566 ipsius
691 3498 840 3550 omni
878 3497 1271 3566 pradicatione
1303 3497 1464 3565 digna
1494 3506 1550 3552 et
1580 3498 1632 3550 in
1671 3508 1776 3552 tam
1803 3498 2085 3566 praeclaris

491 3587 856 3652 orationibus,
885 3596 1105 3657 totaque
1132 3589 1433 3655 scriptione
1459 3604 1516 3642 se
1541 3603 1826 3652 exserens,
1857 3589 2086 3642 demon-

489 3687 650 3733 strat.
681 3679 822 3733 Sane
847 3679 993 3749 quod
1040 3679 1110 3733 Μ.
1141 3679 1355 3733 Tullius
1385 3679 1454 3732 de
1482 3679 1763 3750 Pompeio,
1812 3681 1954 3734 idem
1982 3697 2082 3750 ego

491 3772 775 3826 verissime
795 3771 860 3824 de
881 3772 983 3826 hoc
1003 3772 1144 3831 viro,
1170 3773 1356 3839 paucis
1375 3771 1682 3826 immutatis
1703 3787 2076 3842 usui-pavere:

486 3862 762 3928 Quantum
788 3863 1024 3926 consilio,
1047 3877 1304 3932 quantum
1335 3865 1540 3918 dicendi
1566 3867 1826 3934 gravitate
1865 3876 1912 3918 et
1932 3868 2079 3934 copia

487 3955 690 4018 valeat,
721 3958 772 4009 in
807 3973 908 4025 quo
943 3957 1054 4022 ipso
1082 3957 1212 4008 inest
1253 3955 1505 4026 qutrdam
1533 3957 1769 4026 dignitas
1794 3959 2080 4027 imperatos

487 4051 598 4110 ria,
621 4065 710 4102 vos
737 4064 800 4101 ea:
831 4049 968 4100 hisce
991 4047 1136 4101 libris
1157 4065 1294 4116 serpe
1320 4051 1659 4117 cognoscetis.
1690 4049 1900 4118 Oppida
1923 4065 2077 4104 com-

488 4141 676 4210 plura,
721 4156 845 4210 qua:
903 4142 1072 4194 armis
1127 4140 1479 4204 resistebant,
1525 4141 1639 4196 oris
1675 4143 1760 4196 sui
1824 4143 2077 4196 facundia

487 4233 751 4302 subegit:
793 4242 850 4286 nt
895 4233 1039 4302 quod
1068 4233 1283 4304 Cyneas
1339 4235 1552 4304 legatus
1587 4235 1798 4303 Pyrrho
1824 4235 2079 4304 Epirota-

491 4337 617 4376 rum
676 4323 813 4392 regi,
866 4321 972 4376 hoc
1027 4322 1170 4376 idem
1225 4339 1362 4390 pene
1405 4325 1719 4377 Andronico
1757 4323 2077 4392 imperatori

487 4413 912 4468 Cantacuzenus
958 4412 1148 4467 fuerit.
1203 4413 1269 4466 Et
1307 4428 1432 4467 cum
1486 4415 1724 4467 oratoris
1771 4415 1843 4466 sit
1904 4414 2078 4468 histo—

491 4506 631 4559 riam
671 4505 931 4566 scribere,
965 4503 1010 4556 si
1058 4519 1162 4570 qua
1210 4503 1338 4564 alia,
1391 4504 1506 4556 haec
1545 4505 1663 4558 sine
1698 4506 2072 4560 controversia
2108 4539 2148 4593 ι)

492 4599 761 4658 oratorie,
785 4598 889 4651 hoc
914 4605 998 4650 ‘est
1041 4596 1363 4664 prudenter,
1399 4595 1686 4665 dispOsite,
1726 4596 1949 4660 diserte,
1975 4616 2075 4654 nec

498 4690 789 4741 invenuste
841 4685 1050 4753 scripta
1099 4693 1202 4737 cst.
1263 4685 1456 4737 Poetas
1504 4687 1800 4754 diligenter
1852 4687 2074 4759 legisse,

500 4779 796 4831 Ilumerum
824 4775 1119 4845 pmcipne,
1161 4782 1216 4828 et
1257 4776 1596 4844 Euripidem,
1629 4778 1882 4832 crebrius
1909 4797 1974 4833 ex
2010 4780 2078 4834 iis

501 4867 698 4936 prolati
732 4881 928 4919 versus
966 4866 1183 4921 docent.
1220 4868 1509 4921 Saerarum
1556 4868 1856 4921 litterarum
1894 4870 2077 4922 scien-

504 4966 575 5016 tia
615 4977 724 5015 non
760 4943 952 5030 parum
986 4965 1280 5027 nnbutnm,
1307 4972 1388 5016 tot
1428 4965 1533 5018 luci
1581 4967 1828 5034 apposite
1866 4968 2074 5021 inducti

496 5064 824 5124 argumento
856 5065 1006 5110 sunt.
1045 5055 1151 5109 Sed
1191 5056 1242 5109 id
1294 5072 1358 5108 ex
1390 5056 1546 5109 libris
1575 5058 1696 5111 aliis
1727 5059 1843 5112 sole
1875 5061 2078 5116 clarius

494 5155 602 5207 est,
631 5161 770 5213 quos
820 5162 1014 5216 nempe
1058 5155 1248 5200 contra
1289 5147 1703 5203 Mahomctanos
1769 5161 1823 5203 et
1857 5151 2078 5206 Iudaeos

494 5239 691 5293 edidit.
723 5237 918 5314 Fe’rtnr
963 5242 1191 5308 insuper
1247 5241 1298 5294 in
1336 5246 1578 5311 quinque
1623 5243 1834 5311 priores
1866 5245 2081 5298 [Ct/tiro-

498 5346 618 5384 rum
644 5329 956 5384 Aristotelis
1004 5331 1366 5399 Paraphrasin
1414 5334 1827 5402 conscripsisse.
1861 5336 1982 5392 llaec
2012 5337 2081 5392 de
2143 5345 2156 5362 ⁶

497 5422 699 5476 studiis
753 5431 808 5475 et
831 5423 1030 5476 litteris
1056 5425 1194 5494 ejus.

569 5513 725 5576 Quod
774 5513 841 5566 ad
917 5530 1098 5571 mores
1143 5529 1198 5572 et
1259 5519 1494 5574 virtutes
1543 5520 1754 5585 attinet,
1793 5521 2080 5575 veritatem

497 5606 726 5666 amavit,
770 5613 830 5658 ut
876 5607 968 5674 qui
997 5608 1251 5672 maxime,
1287 5604 1474 5678 'idque
1529 5613 1692 5665 toties
1734 5623 1973 5666 testatur
2019 5630 2083 5668 ac

508 5695 819 5762 profitetur.
853 5697 984 5766 Ejus
1041 5699 1333 5767 prudentia
1381 5717 1413 5755 e
1457 5703 1641 5766 dictis,
1677 5703 2022 5774 maximeque
2052 5721 2083 5759 e

503 5784 754 5840 consiliis
781 5786 1000 5850 egregia
1040 5804 1256 5853 semper
1333 5801 1387 5845 et
1436 5796 1787 5849 memoranda
1820 5795 2085 5851 Dorsuici-

2172 1935 2388 2004 fuitque
2442 1934 2688 1989 vicissim
2749 1935 3022 1989 ambobus
3053 1951 3221 2004 supra
3247 1951 3412 2004 quam
3444 1933 3553 1988 dici
3583 1943 3761 2003 potest

2170 2029 2372 2082 charus
2395 2037 2450 2082 et
2475 2028 2782 2098 jucundus.
2816 2027 3020 2082 Dilcxit
3045 2041 3171 2081 eum
3197 2027 3365 2081 etiam
3399 2028 3761 2082 vehementer

2170 2137 2202 2176 e
2265 2121 2593 2190 proceribus
2633 2120 3005 2174 Triballorum
3050 2120 3503 2188 opulentissimus
3539 2121 3766 2189 quidam

2171 2213 2427 2278 Liberos,
2460 2223 2520 2268 tit
2563 2225 2649 2268 est
2695 2213 2792 2267 lib.
2831 2229 2910 2274 Ill,
2943 2227 3069 2280 cap.
3101 2211 3190 2266 42.
3233 2211 3662 2265 Beneﬁcentiatn
3705 2228 3769 2266 ac

2172 2299 2766 2359 liberalitatem‘coluit‘
2787 2304 3140 2366 mirabiliter,
3183 2313 3237 2356 et
3268 2305 3320 2355 in
3355 2303 3669 2356 exercitum
3699 2303 3770 2356 de

2172 2413 2271 2449 suo
2299 2405 2601 2464 sumptum,
2629 2395 2960 2466 imperatore
2995 2395 3119 2449 vivo
3169 2405 3526 2462 mortuoque,
3563 2395 3772 2464 saipius

2171 2488 2300 2542 fecit
2329 2507 2341 2542 τ
2371 2487 2593 2542 castella
2625 2497 2680 2542 et
2707 2487 2906 2557 oppida
2935 2503 3032 2541 sua
3072 2488 3304 2557 pecunia
3339 2488 3539 2544 refecit
3592 2499 3649 2543 et
3683 2491 3771 2543 in-

2174 2580 2481 2646 stauravit,
2540 2579 2835 2649 eidemque
2890 2578 3217 2648 imperatori
3275 2577 3444 2633 funus
3493 2580 3772 2648 amplissi-

2175 2689 2323 2727 nmm
2371 2687 2468 2727 sua
2519 2673 2767 2743 impensa
2825 2675 3063 2728 curavit.
3110 2673 3321 2727 Aurum
3371 2672 3521 2742 quod
3563 2672 3774 2726 habere

2175 2768 2345 2835 gratis
2376 2775 2593 2836 poterat
2625 2766 2983 2836 contempsit.
3011 2767 3169 2823 Pacis
3215 2776 3270 2822 et
3300 2765 3613 2822 concordia:
3643 2768 3775 2834 quis

2175 2855 2269 2910 illo
2299 2855 2590 2921 cupidior?
2628 2856 2754 2924 quis
2812 2857 3076 2911 Barbaris
3128 2865 3184 2912 et
3240 2855 3553 2911 idololatris
3587 2856 3774 2910 inimi-

2177 2947 2331 3000 cior?
2365 2945 2485 3000 Non
2519 2955 2702 3016 potest
2754 2962 2856 3016 pro
2912 2947 3186 3018 dignitate
3249 2947 3557 3002 collaudari
3604 2947 3776 3017 hujus

2181 3039 2627 3108 pra’stantissimi
2689 3039 2960 3108 principis
3009 3039 3335 3094 admiranda
3366 3039 3589 3102 lenitas,
3619 3048 3676 3092 et
3705 3041 3773 3094 ad

2180 3129 2565 3196 deponendam
2597 3128 2983 3192 olfensioncm,
3050 3129 3371 3198 veniamque
3414 3128 3775 3183 tribuendam

2198 3219 2552 3294 suspicienda
2583 3219 2842 3284 facilitas,
2867 3220 3262 3273 beneﬁciorum
3289 3220 3553 3276 altissima
3580 3236 3776 3275 recor-

2189 3314 2365 3373 datio,
2405 3322 2460 3367 et
2512 3313 2565 3365 in
2617 3312 2809 3382 gratiis
2833 3313 3061 3382 agendis
3084 3313 3567 3367 commemoranda
3607 3313 3779 3368 sedu-

2186 3406 2334 3460 litas.
2358 3405 2556 3460 Omnia
2593 3405 2679 3458 his
2702 3405 2862 3459 libris
2887 3406 3191 3475 gratiarum
3227 3405 3542 3460 actionibus
3566 3405 3776 3460 referta

2185 3508 2335 3551 sunt.
2403 3497 2628 3550 Summa
2680 3504 2946 3564 praeterea
3002 3496 3057 3549 in
3117 3497 3354 3566 negotiis
3406 3499 3780 3566 procurandis

2185 3589 2496 3659 diligentia,
2528 3599 2582 3642 et
2644 3588 2950 3657 vigilantia,
3004 3589 3282 3657 animique
3343 3589 3781 3660 religio.-l\lona-

2183 3684 2455 3740 chismum
2484 3682 2705 3751 quantis
2732 3682 3042 3750 przrconiis,
3078 3682 3222 3765 De'us
3257 3683 3420 3746 bone,
3457 3691 3512 3737 et
3538 3684 3777 3753 quidem

2186 3776 2373 3837 toties.
2402 3774 2769 3829 cohonestat?
2793 3790 2858 3828 ac
2889 3774 3107 3828 tandem
3149 3776 3266 3843 ipse
3317 3776 3370 3828 in
3403 3775 3779 3845 Mangancnse

2182 3868 2580 3922 monasterium
2611 3881 2784 3936 prope
2833 3867 3369 3936 Constantinopolim
3419 3883 3478 3922 se
3513 3869 3655 3922 ultro
3711 3886 3780 3924 ac

2182 3959 2364 4012 libens
2390 3959 2644 4024 includit,
2681 3974 2806 4020 cum
2860 3957 3154 4027 imperium
3205 3959 3449 4011 retinere
3476 3959 3777 4026 potuisset,

2183 4062 2244 4104 ut
2294 4051 2505 4104 videbis
2553 4050 2652 4104 lib.
2703 4065 2779 4103 tv.
2827 4051 3060 4102 Tantum
3124 4048 3300 4108 abest.
3349 4057 3411 4102 ut
3463 4064 3531 4102 eo
3588 4049 3778 4112 ipsum

2178 4143 2422 4198 Joannes
2474 4143 2817 4212 Palaeologus
2855 4143 3034 4196 victor
3073 4140 3425 4209 compulerit,
3459 4139 3606 4210 quod
3640 4143 3778 4209 qui-

2179 4235 2306 4290 dam
2333 4237 2498 4308 hujus
2534 4245 2736 4290 nostra:
2784 4233 3030 4288 historiae
3065 4233 3316 4288 funditus
3346 4233 3523 4301 ignari
3556 4247 3780 4301 nugari-

2181 4335 2291 4380 tur.
2322 4327 2534 4398 Conjux
2597 4342 2764 4394 porro
2814 4327 2972 4381 Irene
3033 4326 3088 4379 in
3121 4327 3458 4380 monasterio
3492 4341 3521 4379 a
3556 4325 3780 4380 Martha

2178 4415 2458 4472 Michaelis
2518 4416 2684 4486 primi
2771 4413 3060 4480 Palacologi
3146 4428 3335 4466 sorore
3423 4421 3776 4478 constructo,

2179 4508 2502 4561 monacham
2551 4505 2749 4560 induit.
2811 4505 3101 4574 Ῥωμαίων
3135 4513 3188 4556 ιιι
3227 4503 3485 4572 quidem,
3539 4503 3654 4557 ἀλλ’
3711 4507 3780 4559 οὐ

2191 4598 2498 4668 Ῥωμαῖκὸν
2528 4597 2774 4664 βασιλέα.
2837 4596 3052 4660 laudas,
3109 4596 3310 4664 inquis.
3364 4597 3478 4666 Ego
3522 4611 3657 4650 vero
3710 4615 3803 4672 θοι

2180 4691 2309 4744 tiam
2364 4690 2666 4758 Agesilaos,
2703 4689 3066 4752 Alexandros,
3111 4689 3306 4752 Julios,
3338 4697 3395 4742 et
3449 4689 3810 4770 Pompeios,j

2178 4781 2450 4844 ethnicos,
2479 4791 2536 4834 et
2570 4780 2887 4833 idololatras
2912 4794 3054 4848 sepe
3099 4779 3316 4832 laudavi
3363 4795 3378 4832 :
3422 4791 3479 4834 et
3509 4779 3778 4834 virtutem

2178 4873 2262 4926 vel
2302 4873 2353 4925 in
2415 4874 2572 4926 hoste
2627 4873 2939 4932 amabilem,
2967 4873 3194 4939 ejnSqne
3253 4872 3506 4940 exempla
3570 4888 3597 4924 a
3631 4888 3784 4939 quo-
3863 4931 3870 4936 ,

2181 4976 2426 5028 cunque,
2456 4969 2512 5013 et
2551 4960 2930 5028 qualicunque
2965 4961 3231 5013 sumenda
3281 4962 3443 5016 nobis
3467 4977 3588 5016 esse
3627 4977 3778 5015 con-

2185 5053 2364 5105 (irino.
2404 5053 2499 5105 Est
2525 5053 2672 5107 enim
2707 5052 2901 5105 eadem
2935 5069 3177 5122 semper,
3218 5069 3318 5106 nec
3363 5054 3482 5124 ejus
3509 5053 3782 5122 splendor

2186 5147 2512 5200 immortalis
2540 5146 2863 5218 cujusquam
2892 5148 3147 5202 sordibus
3174 5156 3352 5217 potest
3398 5148 3775 5202 obsolescere.

2851 5237 3082 5292 Divitiae.

2253 5325 2584 5382 Incredibile
2631 5337 2939 5382 memoratu
2994 5335 3100 5390 est,
3129 5333 3350 5396 quanta:
3401 5327 3522 5396 ejus
3571 5327 3774 5396 c0pize,

2185 5416 2494 5478 facultates,
2552 5419 2746 5486 quanti
2801 5418 3052 5486 pecuniae
3113 5416 3358 5470 thesauri
3413 5407 3639 5478 fuerint,
3695 5417 3776 5472 de

2185 5506 2389 5574 quibus
2415 5505 2584 5560 variis
2611 5507 2749 5560 locis
2798 5507 2914 5575 ipse
2958 5504 3276 5565 confitetur,
3326 5515 3382 5558 et
3438 5519 3540 5574 ego
3586 5504 3772 5558 virum

2187 5610 2428 5664 gravem,
2463 5595 2808 5664 vanitatique
2839 5594 3300 5658 infensissimum,
3344 5593 3411 5648 ad
3447 5595 3563 5648 haec
3593 5595 3771 5649 etiam

2189 5686 2531 5756 religiosum,
2581 5686 2806 5741 mentiri
2863 5702 2974 5740 non
3027 5698 3181 5756 puto.
3237 5687 3483 5750 Insulas,
3541 5687 3772 5756 oppida,

2189 5778 2410 5833 castella
2447 5779 2502 5833 in
2524 5778 2728 5848 opibus
2775 5778 2891 5834 suis
2935 5788 3208 5836 recenset.
3260 5778 3554 5835 Pecuniam
3603 5795 3768 5841 sane,
