3962 6440
217 391 279 457 :ti
1004 368 1012 375 “
1159 419 1168 431 -
1548 380 1797 451 anew

1914 394 2158 453 ΜΕΝΑ.
3420 390 3497 459 ενι
3577 396 3581 401 ’

221 526 375 583 quam
430 509 710 582 Byzantii,
756 521 815 567 et
849 511 904 567 in
935 500 1059 566 aliis
1091 507 1327 565 urbibus
1372 523 1472 579 per
1507 507 1800 564 Thraciam
1842 559 1870 583 ι
1905 519 2030 564 sunt
2051 511 2223 564 abusi.
2262 507 2365 563 Ille
2409 515 2625 572 contra,
2670 505 2914 562 naturali
2953 507 3260 578 prudentia,
3290 517 3340 563 et
3379 525 3502 565 ma-

222 605 359 670 rpud
406 602 623 655 amicos
667 599 973 670 depositam
1032 598 1317 664 habebat,
1352 612 1455 653 nec
1484 597 1587 667 ipsi
1617 637 1634 659 ,
1700 596 1796 666 qui

225 692 466 754 eamdem
515 691 893 762 diripuerunt,
926 692 1156 756 inimici,
1199 705 1366 760 quam
1396 705 1590 759 magna
1631 699 1796 752 esset,

228 801 321 855 pro
347 764 503 840 σει-ιο
551 786 777 841 novisse
807 793 1130 855 potuerunt.
1171 782 1391 847 Tritici,
1430 782 1647 849 hordei,
1679 782 1799 836 fru-

228 892 350 946 gum
378 876 770 954 fructuumque
830 876 1044 933 inﬁnita
1083 875 1163 932 illi
1203 877 1384 946 capia,
1414 875 1799 931 innumerabi-

230 969 303 1024 les
349 958 587 1025 acervi?
617 969 791 1024 Boum
851 970 1190 1041 pascualium
1242 980 1500 1026 numerat
1551 970 1800 1041 quinque

232 1060 425 1126 millia,
447 1072 729 1117 aratorum
745 1064 874 1133 juga
917 1062 1090 1126 mille,
1110 1077 1297 1133 equas
1326 1062 1618 1133 pascuales
1646 1062 1799 1118 mille

231 1155 573 1225 quingentas,
623 1155 864 1210 camelos
906 1156 1201 1218 ducentos,
1257 1155 1440 1210 mulos
1493 1163 1796 1221 trecentos,

229 1247 413 1303 asinos
443 1248 792 1318 quingentos.
823 1262 1120 1318 porcorum
1152 1247 1581 1320 quinquaginta,
1609 1247 1798 1303 ovium

232 1340 578 1410 septuaginta
618 1340 811 1395 millia.
841 1339 914 1397 Ut
940 1340 1052 1412 jam
1086 1354 1197 1395 non
1229 1339 1323 1406 sit,
1349 1354 1452 1394 cur
1493 1354 1687 1411 greges
1742 1348 1802 1396 et

229 1440 473 1487 armenta
498 1431 645 1488 illius
682 1429 786 1486 Job
812 1431 1097 1486 miremur.
1130 1430 1330 1486 Verum
1366 1428 1472 1485 iste
1505 1428 1654 1501 apud
1698 1444 1798 1484 ur-

230 1523 323 1578 bes
361 1523 608 1580 Thraciae
630 1539 745 1587 non
770 1538 958 1589 unam,
990 1523 1089 1579 sed
1137 1523 1328 1592 plures
1356 1523 1624 1594 possedit.
1659 1521 1800 1579 Vide

226 1615 321 1670 lib.
359 1632 446 1682 ιιι,
467 1631 590 1687 cap.
622 1617 716 1683 ει,
762 1616 857 1672 ubi
880 1617 978 1681 ait,
1001 1615 1107 1672 sibi
1131 1616 1507 1688 totoimperio
1545 1615 1798 1672 Romano

227 1724 461 1779 sparsas,
495 1724 699 1780 easque
742 1710 1037 1765 immensas
1081 1708 1274 1779 copias
1313 1718 1482 1779 atque
1526 1723 1684 1778 opes.
1727 1706 1797 1763 Et

227 1802 285 1854 3i
314 1810 371 1857 et
398 1803 485 1856 36.
511 1800 552 1854 Ε
569 1800 893 1872 supellectili
917 1817 1081 1856 aurea
1105 1810 1162 1856 et
1188 1810 1449 1872 argentea
1479 1816 1659 1873 supra,
1693 1800 1795 1856 du-

1830 559 1877 608 Α

1910 618 2012 672 gno
2043 602 2260 672 ingenio
2298 611 2545 664 ornatus,
2578 615 2634 654 se
2667 599 2739 653 ad
2776 607 3011 654 ueterum
3060 605 3501 671 prwstantiorum

1902 696 2138 749 virorum
2165 711 2336 748 mores
2356 693 2752 764 conformabat,
2771 701 2820 746 et
2838 692 3237 765 magniﬁcentia
3264 711 3497 754 morum,

1903 796 1954 841 et
2010 788 2180 842 animi
2218 787 2568 842 liberalitate.
2611 786 2833 841 Etcum
2876 793 3001 838 tunc
3053 792 3138 839 res
3185 789 3231 841 ei
3277 787 3503 857 feliciter

1900 871 2301 941 successissent,
2327 881 2605 950 fortunam
2649 896 2757 932 non
2790 879 3076 941 lacessivit,
3105 891 3270 950 neque
3313 880 3506 933 immo—
3598 924 3599 927 η

1902 972 2015 1025 dice
2042 971 2387 1042 supercilium
2435 971 2686 1034 arrexit;
2723 970 2818 1023 sed
2859 977 3070 1023 retenta
3108 971 3274 1024 animi
3322 970 3504 1039 gravi-
3585 976 3588 980 ’

1903 1072 2033 1129 tate,
2064 1065 2215 1119 intra
2260 1064 2530 1118 modestia:
2572 1062 2769 1116 limites
2813 1062 3066 1116 immotus
3120 1061 3341 1127 mansit,
3385 1073 3496 1116 etc.

1989 1157 2258 1219 Rursum,
2292 1156 2393 1210 lib.
2425 1171 2460 1210 ι
2497 1154 2648 1209 :Hac
2682 1153 2927 1208 oratione
2955 1153 3290 1222 conﬁrmati,
3321 1170 3499 1209 omnes

1866 1256 2116 1307 strenue
2164 1266 2227 1303 ac
2279 1250 2495 1320 fortiter
2556 1249 2729 1303 hostes
2799 1249 3136 1316 inuaserunt,
3205 1248 3270 1303 in
3311 1251 3507 1318 primis

1901 1358 2026 1396 vero
2053 1358 2281 1412 magnus
2329 1342 2649 1395 domesticus
2681 1337 3117 1402 Cantacuzenus,
3170 1341 3265 1409 qui
3314 1340 3503 1394 multis

1901 1433 2136 1497 ensibus,
2175 1433 2357 1486 multis
2389 1434 2508 1487 telis
2544 1434 2774 1486 hostium
2802 1412 2997 1502 petitus
3022 1438 3183 1502 atque
3196 1431 3502 1501 .impulsus,

1901 1528 2010 1592 ipse
2066 1527 2279 1598 quidem
2317 1526 2578 1597 plurimos
2613 1528 2786 1581 hostes
2823 1527 3111 1596 prostravit
3143 1526 3283 1580 :sed
3329 1542 3502 1595 neque

1902 1618 2109 1689 clypeo,
2169 1634 2338 1689 neque
2403 1617 2587 1689 gladio
2641 1618 2867 1681 amisso,
2923 1614 3207 1669 incolumis
3243 1632 3270 1669 e
3313 1617 3502 1685 prwlio

1900 1711 2091 1775 evasit,
2135 1709 2279 1766 velut
2306 1706 2677 1782 agglutinatus
2712 1720 2871 1781 atque
2900 1709 3098 1777 inﬁxus
3123 1725 3278 1779 equo,
3315 1721 3427 1764 etc.

1973 1803 2039 1858 Et
2083 1803 2227 1859 libro
2255 1804 2557 1868 undecimo
2598 1821 2613 1860 :
2645 1803 2787 1858 Adeo
2808 1807 3128 1872 magnorum
3160 1817 3381 1872 operum
3418 1804 3504 1856 in-

226 1904 380 1948 ceuta
394 1909 520 1949 vasa
541 1902 731 1948 mutuo
746 1893 1079 1965 datpalatio,
1099 1893 1279 1964 capite
1299 1892 1561 1950 vicesimo
1582 1901 1800 1964 quarto.
1835 1905 1878 1961 Β
1909 1898 2130 1967 geniosa
2163 1898 2396 1966 effectrix
2426 1898 2607 1966 magni
2647 1897 2918 1951 domestici
2961 1896 3307 1951 taciturnitas
3337 1896 3504 1949 επεὶ-

916 1985 960 2037 Ε
966 1985 1131 2058 logia.

182 2102 187 2107 ι
287 2077 413 2133 Lib.
443 2093 484 2142 ι,
513 2091 638 2147 cap.
675 2076 773 2141 58,
803 2074 1155 2131 Andronicus
1182 2074 1371 2131 senior
1405 2075 1524 2146 ejus
1555 2072 1800 2146 pruden-

223 2172 353 2226 tiam
386 2171 443 2226 in
468 2172 652 2226 dando
667 2169 905 2227 consilio
941 2168 1273 2235 admiratur,
1303 2184 1476 2240 seque
1502 2169 1561 2225 in
1592 2169 1689 2223 illo
1709 2167 1799 2223 avi

224 2261 458 2317 materni
498 2261 792 2333 imaginem
825 2260 1029 2318 intueri
1059 2270 1364 2326 asseverat,
1390 2260 1487 2332 qui
1514 2268 1622 2317 tam
1652 2261 1801 2317 cele-

224 2360 354 2410 riter
385 2354 736 2424 arripuisset,
757 2362 865 2409 tam
889 2361 1015 2424 apte
1036 2355 1389 2422 explicasset,
1415 2363 1473 2411 et
1497 2354 1801 2426 promptis-

224 2449 358 2502 sime
388 2448 766 2518 transegisset,
810 2463 935 2518 quae
959 2462 1048 2503 res
1087 2448 1445 2518 postulasset,
1472 2456 1534 2502 ut
1584 2456 1800 2503 statue-

226 2538 313 2599 rit,
346 2538 393 2592 si
454 2538 667 2606 absque
722 2552 1049 2594 successore
1082 2554 1150 2594 es
1186 2552 1246 2594 se
1295 2546 1425 2595 nato
1456 2548 1797 2605 moreretur,

226 2630 462 2685 suadere
493 2629 838 2699 proceribus,
868 2630 1024 2685 illum
1065 2641 1197 2687 ante
1226 2630 1364 2686 alios
1403 2632 1799 2702 imperatorem

225 2719 561 2792 eligendum.
626 2721 1034 2779 Animadvertis
1102 2722 1273 2795 igitur
1349 2722 1800 2781 Cantacuzenum

225 2812 461 2883 imperio
482 2813 708 2884 dignum
728 2814 1055 2885 judicatum,
1085 2815 1132 2871 si
1164 2830 1329 2870 avum
1360 2816 1482 2886 ejus
1504 2816 1799 2887 judicavit,

223 2906 382 2975 cujus
416 2905 473 2959 in
530 2905 651 2975 ipso
698 2919 1020 2975 expressum
1066 2921 1128 2963 se
1178 2906 1384 2963 intueri
1438 2908 1800 2965 simulaCrum

221 2994 515 3052 confessus
541 3006 649 3052 est.
1712 3068 1731 3075 _

274 3080 590 3158 ἐι-θεων,
621 3087 767 3144 libro
820 3104 967 3144 nono
992 3127 1009 3154 ,
1073 3089 1143 3147 de
1197 3089 1394 3146 eodem
1422 3107 1439 3145 :
1474 3089 1667 3148 Ceteri
1698 3092 1801 3149 illa

221 3180 520 3235 nutatione
538 3178 682 3234 velut
712 3179 881 3234 multo
906 3195 1051 3236 utero
1081 3180 1219 3236 ebrii
1242 3181 1538 3237 insolenter
1575 3184 1799 3256 fortuna

1909 1992 1997 2043 tit.
2028 1990 2173 2045 Nam
2206 1990 2441 2044 aliorum
2473 1989 2683 2061 quidem
2714 1989 2870 2044 verba
2904 1991 3108 2044 umbra:
3141 1999 3352 2044 tantum
3378 2000 3503 2045 sunt

1905 2068 2144 2152 operum,
2169 2081 2332 2136 simul
2355 2091 2517 2152 atque
2553 2097 2581 2134 e
2611 2080 2798 2152 lingua
2826 2081 3148 2152 prodierint,
3176 2083 3460 2136 morientes
3479 2097 3499 2136 :

1904 2172 2007 2226 t'iri
2041 2183 2218 2226 autent
2251 2172 2411 2241 hujus
2442 2180 2608 2226 etiam
2636 2157 2914 2226 silentium
2964 2189 3192 2243 magnas
3229 2188 3312 2228 res
3340 2176 3499 2244 gerit.

1908 2264 2047 2318 Nam
2066 2266 2268 2336 ingenii
2290 2267 2665 2337 magnitudine
2694 2277 2745 2321 et
2773 2266 2996 2321 solertia
3027 2269 3110 2322 vir
3139 2267 3232 2321 ille
3265 2268 3498 2332 excellit,

1906 2375 2087 2412 revera
2122 2359 2388 2429 profundo
2416 2355 2784 2414 merﬂis‘sulco
2812 2359 3021 2430 fruens.
3077 2360 3204 2417 Haec
3227 2360 3509 2431 Gregoras

1904 2451 1971 2505 de
2005 2449 2396 2507 Cantncuzeno
2444 2453 2561 2508 sive
2592 2455 2806 2509 amicus
2857 2453 3064 2518 adhuc,
3095 2453 3213 2509 sive
3241 2455 3311 2509 ab
3340 2454 3495 2524 ipsa-

1906 2550 2024 2596 met
2068 2544 2304 2598 veritate
2330 2555 2560 2601 coactus
2586 2563 2602 2600 :
2632 2561 2756 2600 nam
2782 2554 2975 2615 postea
3005 2548 3184 2601 evasit
3216 2546 3508 2610 inimicus,

1906 2644 1968 2689 ut
1996 2648 2061 2689 ex
2091 2634 2237 2691 libro
2260 2647 2462 2706 quarto
2491 2639 2791 2702 constabit,
2825 2648 2879 2694 et
2923 2655 3024 2694 nos
3067 2655 3234 2708 supra
3268 2640 3321 2694 in
3354 2655 3503 2709 prae-

1904 2725 2114 2782 fatione
2148 2727 2285 2798 ipsis
2315 2728 2689 2785 Cantacuzeni
2724 2732 2911 2787 verbis
2944 2733 2998 2786 id
3029 2732 3350 2788 docuimus.

1976 2816 2103 2873 Lib.
2135 2833 2225 2884 Ill,
2248 2833 2376 2890 cap.
2409 2821 2501 2886 52,
2528 2837 2557 2874 a
2586 2821 2828 2877 Cabatze
2864 2821 3135 2887 Triballo,
3180 2824 3305 2877 viro
3341 2823 3500 2894 prin-
3578 2894 3587 2901 κ

1904 2909 2055 2979 cipe,
2092 2911 2290 2967 oculus
2340 2912 2720 2967 Romanorum
2773 2923 3023 2968 vocatur.
3073 2915 3338 2969 Eumdem
3388 2931 3511 2970 ma-

1903 3003 2106 3074 gniﬂco
2137 3006 2417 3075 praeconio
2444 3004 2663 3060 extollit
2693 3005 2748 3060 in
2771 3006 3024 3075 epistolis
3048 3007 3116 3061 ad
3147 3021 3346 3077 papam
3389 3007 3509 3062 Ro-

1904 3110 2130 3151 manum
2178 3104 2237 3152 et
2292 3096 2563 3153 Dellinum
2615 3099 2983 3155 Viennensem
3050 3099 3496 3156 Bsrtholomatus

1902 3186 2140 3260 legatus,
2179 3189 2331 3245 libro
2362 3199 2588 3261 quarto,
2639 3192 2826 3262 capite
2858 3186 3131 3247 secundo.

300 3472 508 3526 Praeter
534 3452 851 3528 testimonia
895 3476 967 3528 de
999 3472 1211 3530 Joanne
1246 3473 1638 3532 Cantacuzeno
1669 3494 1795 3550 quae
1826 3479 1914 3535 vir
1952 3481 2309 3551 pereruditus
2336 3481 2579 3538 Jacobus
2620 3481 2903 3539 Pontanus
2937 3480 3233 3538 Societatis
3258 3480 3388 3537 .lesu
3429 3488 3506 3532 ex

234 3566 555 3638 Nicephoro
584 3567 827 3640 Gregora
861 3564 1114 3640 protulit,
1143 3571 1211 3627 ad
1241 3557 1785 3659 commendationem
1810 3577 2184 3634 Cantaeuzcni
2219 3579 2460 3635 maxime
2491 3572 2773 3648 pertinere
2801 3579 2982 3634 visum
3008 3587 3095 3635 est
3129 3578 3497 3646 fragmentum

225 3661 479 3732 ejusdem
525 3660 822 3732 Nicephori
868 3676 936 3717 ex
978 3662 1124 3719 libro
1170 3678 1245 3726 si,
1278 3664 1425 3734 quod
1477 3667 1653 3722 edidit
1685 3668 1746 3724 Υ.
1803 3668 1889 3726 Cl.
1931 3670 2112 3741 deque
2157 3669 2311 3726 omni
2353 3686 2555 3743 genere
2596 3671 2909 3727 litterarum
2962 3671 3225 3742 praclare
3267 3667 3514 3725 meritus-

222 3755 293 3810 Β.
330 3754 392 3809 P.
426 3753 720 3826 Dionysius
750 3753 1009 3810 Petavius
1039 3755 1289 3826 ejusdem
1322 3756 1638 3815 Societatis.

301 3885 366 3937 ’0
391 3884 493 3954 μέν
528 3900 609 3936 τοι
645 3880 898 3952 βασιλεὺς
926 3884 1265 3957 Ἀνδρόνικος
1297 3867 1428 3961 περί
1450 3892 1549 3960 τὴν
1581 3892 1797 3966 πολιορα

1975 3889 2046 3947 At
2078 3890 2431 3947 Andronicus
2458 3891 2760 3964 imperator
2784 3893 2914 3950 dum
2947 3893 3298 3950 Acarnanum
3331 3909 3503 3969 caput

223 3976 350 4028 κίεν
380 3972 781 4045 ἀσχολούμενος
829 3973 932 4044 τῆς
960 3977 1069 4030 τῶν
1117 3978 1465 4051 Ἀκαρνάνων
1519 3985 1797 4054 μητροπόο

220 4066 359 4129 λεως
381 4067 562 4119 πάντα
588 4065 841 4135 ὲξουρίας
882 4063 995 4136 εἶχε
1049 4069 1118 4123 τὰ
1149 4071 1232 4136 εἰς
1257 4072 1515 4143 βούλησιν
1542 4075 1692 4148 αὑτῷ
1730 4094 1794 4146 γε

224 4159 373 4212 ἰόντα
419 4158 562 4212 κατὰ
592 4159 649 4211 τὸ
682 4159 924 4229 ἐφικτόν.
954 4155 1063 4214 Τοῦ
1086 4162 1196 4231 γὰρ
1242 4166 1483 4233 μεγάλου
1543 4167 1799 4238 δομεστί-

221 4267 319 4303 κου
353 4248 448 4302 τοῦ
490 4248 941 4321 Καντακουζηνοῦ
989 4255 1430 4322 παρασπίζοντος
1470 4260 1565 4312 καὶ
1593 4261 1798 4315 συνδιῐ-

223 4342 475 4403 bimo;
504 4339 700 4410 ἄριστα
728 4341 828 4413 τὴν
888 4343 1082 4415 ἀρχὴν,
1108 4345 1260 4401 οὐδὲν
1300 4346 1474 4401 δεινὸν
1505 4350 1656 4424 αὐτῷ
1689 4352 1798 4408 τῶν

222 4429 593 4499 παρεστώτων
614 4431 788 4485 ἐδόκει
831 4431 1041 4488 δεινῶν.
1073 4436 1186 4508 Τήν
1231 4454 1290 4491 τε
1335 4441 1445 4511 γὰρ
1475 4442 1697 4511 χρονίαν
1739 4445 1800 4511 ὲν

224 4523 511 4593 ὑπερορίῳ
548 4522 873 4595 ἐπιστρατείᾳ
903 4523 1189 4596 διατριὸὴν
1220 4529 1312 4581 καὶ
1339 4508 1548 4600 esset}:
1570 4533 1669 4604 τῆς
1703 4508 1797 4586 ἴττ-

224 4635 332 4670 non
364 4617 569 4671 καὶτοῦ
599 4617 831 4686 στρατοῦ
863 4619 1053 4685 ῖεξιῶς
1085 4621 1328 4688 διετίθει,
1357 4623 1450 4678 καὶ
1487 4626 1658 4698 αὐτὴν
1689 4626 1802 4680 ἀπὸ

1892 3976 2144 4044 ὀιιείἁθι.
2170 3985 2356 4050 omnia
2385 3983 2489 4039 sibi
2524 4001 2592 4039 es
2637 3984 2807 4041 animi
2835 3988 3130 4051 sententia,
3166 3989 3347 4058 quoad
3381 3990 3507 4046 ﬁeri

1906 4086 2164 4148 poterat,
2221 4076 2524 4131 succedere
2573 4077 2868 4131 sentiebat.
2930 4075 3151 4135 Etenim
3202 4079 3510 4149 adjuvantc

1905 4158 2123 4238 magno
2152 4167 2458 4222 doniestiCO
2497 4166 2906 4234 Cantacuzeno,
2943 4168 3262 4238 optimeque
3316 4171 3502 4241 impe-

1906 4259 2053 4312 rium
2080 4274 2205 4312 cum
2233 4272 2300 4311 eo
2331 4256 2680 4324 moderante,
2711 4258 2924 4311 nullum
2951 4275 3017 4324 ex
3049 4259 3118 4314 iis
3149 4259 3349 4329 quibus
3375 4279 3511 4330 pre.

1903 4351 2162 4424 mebatur
2215 4348 2583 4404 incommodis
2635 4350 3051 4405 incommodum
3102 4367 3225 4408 esse
3268 4354 3507 4411 videba-

1908 4453 2020 4499 tur.
2055 4440 2191 4498 Nam
2224 4452 2281 4498 et
2309 4441 2629 4496 diuturnam
2675 4442 2826 4496 illam
2862 4445 3150 4513 peregrina
3183 4446 3240 4501 in
3271 4449 3507 4517 expedir—

1908 4536 2059 4591 tione
2110 4552 2345 4602 moram,
2391 4550 2556 4605 atque
2602 4536 2852 4606 equitum
2884 4538 3249 4616 peditumque
3289 4542 3512 4603 cladem

1903 4631 2214 4709 prudenter
2256 4629 2556 4684 admodum
2589 4630 2868 4686 relevabat
2900 4650 2914 4687 :
2946 4643 3003 4688 et
3043 4635 3197 4691 illum
3241 4652 3308 4692 ex
3358 4638 3514 4694 liene

222 4711 336 4762 τῶν
367 4709 600 4777 σπληνὸς
618 4709 918 4774 πιέζουσαν
947 4711 1099 4765 νόσον
1132 4712 1368 4779 σύνετῶς
1400 4716 1548 4788 αὐτῷ
1574 4719 1797 4773 ἐπεκού-

1909 4721 2180 4798 morbum
2217 4719 2413 4776 eadem
2441 4720 2949 4790 ‘solcrtia’lenibat,
2997 4741 3336 4798 omnemque
3374 4728 3509 4785 inde

226 4804 348 4871 φιζι
376 4820 391 4834 ·
427 4804 525 4857 καὶ
572 4803 811 4868 ἅπαντος
860 4805 953 4858 τοῦ
983 4806 1235 4862 ἐντεῦθεν
1273 4810 1588 4882 ἀπήλλαττε
1624 4814 1801 4879 δέους.

1911 4821 2119 4867 metum
2176 4797 2571 4883 abstergebat:
2605 4830 2669 4868 ac
2717 4814 2766 4871 si
2819 4815 2953 4886 quid
3007 4797 3507 4889 externainegotia

226 4896 339 4950 Kal
366 4897 420 4948 ετ
446 4912 530 4958 τις
582 4895 685 4967 πλή
700 4913 891 4950 ττουσα
935 4897 1035 4967 τὴν
1082 4900 1312 4970 καρδίαν
1343 4904 1557 4977 ὑπῆρχε
1581 4910 1797 4978 φροντὶς

1909 4901 2301 4957 sollicitudinis
2326 4911 2705 4973 aspergerent,
2748 4890 2869 4958 eam
2898 4905 2992 4960 ille
3014 4907 3506 4967 administratione

227 4987 467 5060 κοσμεκὴ
497 4988 674 5051 πάσας
700 4988 1036 5059 ὲξομαλίξων
1080 4993 1253 5047 ἐτέλει
1287 4994 1488 5067 ῥᾳδίως
1509 5017 1525 5029 ο
1579 5001 1675 5051 καὶ
1707 5000 1801 5053 ἐπὶ

229 5079 433 5142 τούτοις
457 5078 555 5140 τὰς
576 5079 638 5132 ὲκ
661 5078 772 5133 τῶν
793 5082 1070 5150 συγγενῶν
1094 5085 1397 5154 τηνικαῦτα
1417 5092 1803 5159 παραφυείσας

1913 5011 2009 5049 sua
2042 4994 2205 5051 facile
2258 4995 2647 5065 componebat.
2699 4996 2780 5051 Ad
2819 4997 2934 5052 lucc
2963 5010 3326 5069 cognatorum
3372 5002 3508 5058 iusi-

1912 5087 2052 5151 dias,
2087 5103 2211 5158 qua:
2256 5095 2373 5141 tum
2420 5097 2613 5142 contra
2661 5087 3014 5159 impetatoris
3043 5102 3209 5161 caput
3239 5107 3504 5161 grassatte

229 5174 521 5238 ἔπιὸουλάς
543 5174 684 5245 μάλα
714 5176 897 5245 σοφῶς
921 5176 1086 5240 αὐτος
1115 5179 1358 5250 ἀνεῖργε,
1378 5183 1684 5238 συστέλλων
1708 5185 1797 5238 καὶ

1910 5188 2062 5245 sunt,
2091 5181 2373 5249 sapienter
2408 5182 2693 5251 repressit,
2731 5184 2992 5239 omnibus
3028 5185 3082 5240 in
3120 5196 3239 5241 tuto
3261 5189 3503 5244 colloca-

228 5267 583 5321 ἀπαλλάττων
608 5269 685 5327 εἰς
714 5268 1010 5338 τάσφαλὲς,
1042 5273 1174 5342 πρὶν
1214 5272 1296 5337 εἰς
1339 5275 1513 5338 ἀκοὰς
1562 5276 1700 5353 ἱέναι
1726 5274 1797 5346 τῷ

1911 5273 2002 5348 tis,
2026 5284 2327 5341 antequam
2357 5274 2424 5328 ad
2455 5289 2620 5329 aures
2648 5273 3003 5343 in‘tpcratoris
3044 5278 3382 5334 acciderent.
3419 5282 3507 5335 Si-

233 5357 458 5426 βασιλεῖ.
496 5357 709 5421 Πολλοῖς
740 5358 849 5428 γὰρ
868 5362 1248 5431 κοσμούμενος
1282 5365 1309 5417 ὁ
1335 5365 1476 5436 ἀνὴρ
1503 5369 1617 5428 τοῖς
1645 5367 1797 5421 πλεο-

1909 5367 2127 5439 quidem
2167 5367 2356 5422 multis
2382 5367 2555 5422 animi
2596 5370 2945 5425 ornamentis
2972 5371 3059 5425 vir
3090 5371 3184 5426 ille
3212 5371 3502 5442 prmt‘ittts,

232 5451 584 5522 νεκτήμεισιν,
615 5451 714 5505 ὃσα
741 5468 804 5504 τε
833 5450 992 5518 φύσις
1014 5453 1321 5523 χαρίζεται,
1354 5458 1449 5512 καὶ
1476 5459 1577 5514 ὅσα
1609 5458 1801 5530 βαθπα

234 5542 447 5606 σύνεσις
476 5544 689 5612 εὐφυῶς
721 5543 1160 5616 πηδαλιουχοῦσα
1187 5551 1404 5618 κοσμεῖ,
1434 5551 1572 5622 πρὸς
1598 5553 1802 5616 παντὸς

232 5634 477 5702 ἠγαπᾶτο
524 5634 616 5690 τοῦ
675 5636 1042 5708 στρατοπέδου
1069 5654 1085 5670 ο
1131 5640 1223 5692 καὶ
1285 5635 1354 5710 ἦν
1397 5643 1574 5706 οὐδεὶς
1623 5643 1680 5706 ὃς
1739 5646 1799 5698 οὗ

232 5726 502 5796 προύτίθει
528 5731 625 5802 τῆς
649 5729 745 5785 ἐπ’
788 5727 956 5783 αὐτοῦ
992 5730 1139 5801 ζωῆς
1181 5734 1283 5804 τὴν
1314 5736 1527 5789 ἐκείνου
1575 5754 1590 5770 ο
1641 5738 1705 5791 τό
1744 5756 1802 5791 τε

234 5815 340 5889 γὰρ
384 5821 657 5894 φιλότιμον
706 5820 813 5893 τῆς
854 5818 1032 5888 δεξιᾶς
1065 5824 1158 5878 καὶ
1194 5824 1255 5879 τὸ
1279 5825 1372 5880 τοῦ
1398 5827 1565 5899 ἤθους
1608 5847 1808 5900 καρτεο

1910 5475 2036 5530 qua:
2087 5473 2183 5515 aut
2243 5475 2274 5513 a
2338 5470 2538 5514 natura
2594 5458 2761 5516 insita
2818 5471 2971 5537 sunt,
3020 5473 3117 5517 aut
3163 5472 3508 5534 exaggerata:

1909 5554 2135 5612 mentis.
2179 5569 2303 5624 qua:
2337 5551 2465 5607 vim:
2496 5544 2727 5608 nostra!
2756 5553 3093 5610 moderatrix
3137 5556 3369 5625 optima}
3394 5568 3507 5632 est,

1905 5645 2205 5717 prudentia
2246 5645 2503 5715 quaesita,
2542 5642 2685 5713 apud
2735 5646 2969 5700 militem
3002 5647 3277 5717 gratiosus
3311 5648 3505 5719 impri-

1908 5739 2015 5794 mis
2064 5747 2206 5817 erat,
2264 5746 2323 5791 ut
2372 5752 2539 5791 nemo
2584 5746 2733 5793 esset
2776 5738 2869 5808 qui
2906 5753 3015 5791 non
3054 5739 3175 5809 ejus
3220 5740 3391 5795 vitam
3439 5756 3503 5795 ac

1914 5830 2150 5886 salutem
2181 5838 2549 5899 anteponeret
2587 5845 2727 5885 suae.
2770 5828 2907 5885 Nam
2942 5844 3070 5885 cum
3102 5845 3170 5887 ne
3199 5831 3259 5901 in,
3280 5832 3510 5903 expedi-
