3962 6442
463 400 534 462 35
1032 422 1036 427 '
1589 403 1924 468 JOANNES
1963 398 2584 464 CANTACUZENUS.
3648 401 3723 464 ὶιὸ

467 513 620 569 tione
681 512 948 583 quidem,
996 514 1277 585 tantisque
1337 516 1574 586 negotiis
1616 517 1917 586 quidquam
1975 513 2081 586 de,

2168 511 2302 563 ηκδν
2357 511 2467 563 οὐδ’
2522 512 2583 562 ὲν
2638 511 2758 574 ταῖς
2809 508 3123 579 ὑπερορίοις
3177 507 3485 575 διατριϐαῖς
3519 526 3577 563 τε
3635 516 3724 565 καὶ

468 606 702 675 pristina
730 606 1060 665 liberalitate
1116 608 1423 679 animique,
1443 611 1750 664 constantia
1780 616 2040 671 mutaret,

467 698 719 752 mutabat
749 699 840 755 ille
868 708 1049 753 tamen
1088 700 1142 753 in
1180 701 1376 755 melius
1406 715 1593 754 eorum
1623 703 1919 764 fortunam,
1948 699 2043 767 qui

469 793 584 839 tum
621 784 765 841 fame
810 801 874 842 ac
905 796 1057 856 peste
1097 789 1442 844 laborabant.
1476 790 1654 855 Quare
1700 804 1894 845 omnes
1938 804 2044 844 una

467 892 603 931 voce
633 878 727 945 qui
753 889 1086 947 supererant
1115 880 1319 935 milites
1342 897 1405 937 ac
1428 881 1617 957 duces,
1645 882 1870 938 ordines
1889 897 2045 952 reque

468 974 634 1035 atque
674 968 933 1021 ordinum
969 970 1211 1038 praefecti
1238 982 1581 1026 servatorem
1616 973 1795 1037 illum,
1827 983 1883 1027 et
1912 974 2050 1027 alto—

468 1071 609 1123 rem,
655 1074 717 1113 ac
755 1060 1070 1130 largitorem
1106 1063 1406 1131 appellare,
1458 1073 1574 1118 tum
1622 1080 1687 1119 ea
1720 1065 2044 1135 praedicare,

467 1151 676 1219 quibus
720 1151 1029 1207 Romanum
1079 1154 1375 1225 imperium
1408 1156 1680 1211 illustrius
1711 1157 1939 1220 fecerat,
1969 1165 2046 1220 et,

472 1250 535 1297 ut
565 1244 882 1298 summatim
920 1246 1274 1314 complectar,
1306 1247 1576 1316 quidquid
1608 1248 1711 1302 sub
1742 1249 1885 1302 idem
1915 1257 2053 1302 tem-

470 1347 576 1403 pus
617 1334 738 1404 ejus
779 1336 884 1391 viri
916 1337 1210 1406 prudentia
1254 1338 1565 1394 confectum
1620 1351 1725 1403 est,
1766 1355 1890 1408 quae
1938 1348 2048 1394 tam

471 1425 780 1495 propinqua
835 1442 1002 1496 quam
1059 1429 1251 1484 dissita
1308 1430 1648 1484 moderando
1706 1432 2047 1487 continebat.

398 1532 401 1535 ί
472 1516 692 1573 Etenim
730 1519 861 1574 dum
895 1536 1003 1575 una
1042 1537 1168 1576 cum
1208 1523 1543 1592 imperatore
1580 1524 1929 1579 Acarnanum
1963 1542 2053 1581 ur-

476 1608 604 1665 hem
655 1610 897 1677 obsidet,
938 1615 1324 1683 comprehensi
1372 1624 1503 1670 sunt
1557 1618 1652 1686 qui
1703 1618 2050 1688 tyrannidem

472 1703 793 1773 cogitabant
824 1722 889 1762 ac
912 1707 1172 1778 Byzantio
1210 1709 1601 1776 imminebant,
1631 1728 1734 1766 nec
1764 1713 1925 1782 pauci
1953 1729 2054 1770 nec

473 1795 720 1863 obscuri,
745 1798 816 1855 de
841 1799 1047 1870 quibus
1068 1802 1227 1871 plura
1259 1814 1449 1874 postea
1480 1802 1715 1859 dicenda
1745 1815 1895 1861 sunt.

1554 1987 1582 2005 ε

2145 607 2429 678 ἀσχολίαις
2457 606 2724 676 ἀμείϐων,
2748 604 2976 676 ἤμειϐεν
3002 607 3155 675 ὅμως
3208 605 3307 668 τὰς
3334 605 3503 677 τύχας
3532 607 3638 659 τῶν
3670 609 3726 660 ὲν

2145 701 2258 761 τοῖς
2284 698 2467 761 ὅπλοις
2496 700 2574 769 τῷ
2597 716 2657 752 τε
2681 698 2826 768 λιμῷ
2847 698 2941 751 καὶ
2965 697 3140 768 λοιμῷ
3171 697 3727 768 προσταλαιπωροὼ-

2147 805 2257 841 των
2293 789 2350 853 ἐς
2377 806 2441 857 γε
2464 790 2525 842 τὸ
2560 788 2808 860 βέλτιονο
2862 788 2956 841 καὶ
3008 783 3151 858 ἦσαν
3202 785 3392 856 ὥσπερ
3429 789 3492 840 ὲκ
3526 790 3653 857 μιᾶς
3681 789 3730 841 οἱ

2149 883 2597 953 περιλειπόμενοι
2649 881 2884 952 βοῶντες
2919 880 3159 942 ἄπαντες
3186 879 3433 950 γλώττης
3463 879 3728 950 στρατιῶ-

2151 996 2243 1033 ται
2270 978 2368 1032 καὶ
2409 975 2729 1048 στρατηγοὶ,
2751 974 2900 1045 λόχοι
2932 973 3027 1027 καὶ
3059 972 3305 1043 λοχαγοὶ,
3343 971 3566 1042 σωτῆρα
3605 971 3729 1024 τοῦ-

2149 1086 2264 1134 τον,
2297 1067 2394 1122 καὶ
2426 1065 2655 1133 τροφέα,
2685 1065 2783 1117 καὶ
2812 1062 3193 1132 πλουτοδότην,
3226 1062 3321 1115 καὶ
3354 1062 3455 1116 ὅσα
3482 1063 3580 1131 τὴν
3604 1062 3737 1113 Ῥω-

2156 1160 2335 1231 μαίων
2358 1157 2661 1228 ἠγεμονίαν
2689 1156 3042 1225 ἐνδοξοτέραν
3072 1154 3369 1223 καθίστησι
3387 1170 3401 1184 ο
3432 1154 3529 1207 καὶ
3568 1151 3639 1206 ἵν’
3659 1152 3735 1215 ὡς

2152 1253 2209 1305 ἰν
2239 1249 2523 1320 κεφαλαίῳ
2545 1248 2923 1319 διεξέλθωμεν,
2966 1248 3066 1301 ὅσα
3096 1249 3152 1300 ὲν
3197 1245 3370 1315 τούτῳ
3390 1245 3471 1314 τῷ
3499 1244 3675 1315 χρόνῳ
3701 1245 3736 1315 ἡ

2153 1342 2248 1397 τοῦ
2279 1342 2471 1414 ἀνδρὸς
2506 1341 2722 1410 εὐφυῶς
2752 1339 3067 1411 κατέπραξε
3102 1339 3340 1401 σύνεσις,
3385 1335 3616 1405 ἐγγύθεν
3645 1337 3740 1389 καὶ

2153 1414 2444 1505 πόρρωθεν
2469 1433 2673 1504 ὁμοίως
2720 1431 3097 1503 διενεργοῦσα.
3148 1428 3323 1485 Αὐτοῦ
3353 1428 3466 1499 γὰρ
3490 1428 3625 1498 οᾶμα
3660 1426 3739 1495 τῷ

2156 1527 2367 1596 βασιλεῖ
2392 1526 2491 1596 τὴν
2533 1524 2642 1578 τῶν
2687 1507 3038 1594 Ἀκαρνάνων
3074 1520 3490 1591 πολιορκοῦντος
3540 1520 3742 1589 μητρό·

2153 1618 2332 1682 πολιν,
2368 1616 2617 1671 ἑάλωσαν
2674 1618 2723 1670 οἱ
2752 1616 3047 1686 τυραννίδα
3089 1613 3486 1685 μελετήσαντες
3536 1630 3595 1664 τε
3644 1613 3739 1665 καὶ

2155 1709 2469 1780 ἐπιθέμενοι
2527 1710 2608 1772 είς
2661 1708 2996 1775 Βυζάντιον,
3042 1707 3227 1760 πολλοί
3256 1723 3317 1759 τε
3345 1706 3502 1769 ὄντες
3553 1705 3648 1758 καὶ
3678 1707 3738 1758 οὐ

2156 1805 2263 1859 τῶν
2286 1802 2535 1874 ἀφανῶν,
2566 1804 2695 1874 περὶ
2732 1797 2808 1860 ὧν
2846 1803 3073 1876 ὕστερον
3102 1802 3440 1874 πλατύτερον
3488 1802 3734 1872 λέξομεν.

476 2010 2517 2051 ..._.________.__________________

899 2180 1679 2275 DlGNlTATUM
1753 2186 1893 2277 AC
1965 2187 2782 2282 FUNCTIONUM
2856 2191 3338 2284 PALATII

1299 2379 1404 2440 ET
1446 2379 1853 2444 ECCLESUE
1890 2382 2917 2462 CONSTANTINOPOLITANJE,

556 2546 847 2622 Quarum
886 2543 1258 2610 Histo‘ricus
1313 2555 1532 2611 noster
1591 2548 1910 2627 meminit,
1963 2568 2041 2613 ex
2097 2553 2477 2647 Curop‘alata
2527 2562 2587 2618 et
2638 2555 2778 2635 ejus
2825 2555 3176 2623 Scholiasta
3216 2560 3646 2640 potissimum

1663 2648 1687 2675 '
1758 2654 2042 2720 dilucida
2072 2656 2458 2738 explanatio.
2992 2672 3009 2701 ⁸·

552 2944 853 3037 Δεσπότης,
893 2965 1184 3023 Dominus.
1219 2966 1346 3024 llaec
1379 2968 1671 3038 appellatio
1718 2969 2061 3040 imperatori,
2095 2974 2138 3033 Β
2168 2970 2533 3041 imperatores
2583 2971 2955 3028 dormiebant.
3002 2972 3133 3028 Tale
3185 2988 3335 3028 nunc
3378 2975 3620 3032 officium
3660 2985 3749 3039 est

480 3061 607 3116 filiis
631 3060 770 3129 ejus,
796 3060 1061 3116 fratribus
1100 3077 1164 3116 ac
1197 3063 1416 3132 generis
1451 3065 1797 3119 tribuebatur
1833 3079 2062 3134 genera-

486 3153 607 3209 tim.
653 3152 881 3222 Propri’e
925 3152 996 3207 ab
1043 3153 1396 3222 imperatoria
1446 3157 1729 3226 majestate
1783 3154 2062 3211 secundus

483 3248 566 3303 sic
590 3248 900 3314 dicebatur,
928 3264 1090 3318 quem
1118 3250 1457 3317 recentiores
1484 3252 1649 3305 etiam
1675 3252 1940 3304 σεϐαστὸν
1967 3267 2063 3305 vo-

479 3349 697 3399 carunt.
740 3340 856 3395 [loc
890 3342 1036 3395 enim
1071 3342 1241 3396 semel
1273 3342 1539 3397 denotare
1582 3330 1860 3408 convenit,
1892 3346 2065 3414 impe-

480 3440 696 3486 ratores
728 3430 855 3489 illos
881 3429 1123 3487 Orientis
1168 3433 1369 3489 multOs
1415 3435 1604 3490 titulos
1633 3435 1962 3491 honorarios
1993 3436 2062 3490 ad

484 3536 616 3576 suos
647 3522 751 3576 sibi
780 3521 1153 3578 derincendos
1198 3525 1562 3596 excogitasse.
1598 3527 1655 3580 ln
1688 3526 1879 3583 Galliis
1928 3528 2059 3582 olim

489 3613 774 3684 proximus
795 3630 827 3669 a
850 3629 978 3685 rege
1002 3618 1177 3688 major
1197 3617 1454 3673 dominus
1474 3619 1880 3677 nominabatur.
1916 3620 2067 3675 Grae-

483 3719 680 3759 corum
732 3703 1129 3774 imperatorum
1167 3723 1248 3761 ex:
1272 3708 1420 3777 mplo
1456 3725 1514 3764 se
1545 3726 1769 3779 quoque
1809 3711 2067 3780 despotas

486 3796 655 3851 vicini
684 3797 963 3867 principes
1004 3797 1115 3853 dici
1141 3800 1458 3864 voluerunt,
1498 3802 1801 3871 praesertim
1842 3800 2058 3872 Bulgari

485 3897 545 3945 et
573 3888 773 3944 Servii.
794 3888 899 3955 Qui
922 3889 1200 3945 interdum
1228 3891 1281 3945 in
1304 3891 1619 3947 Gra‘corum
1647 3892 1891 3948 historiis
1916 3896 2066 3964 regio

486 3996 711 4051 quoque
748 3981 907 4036 titulo
930 3991 1247 4047 censentur,
1279 3998 1403 4037 cum
1439 3999 1540 4055 pro
1567 3985 1813 4054 despotis
1855 3985 2063 4060 Crales,

422 4102 425 4105 -
490 4082 546 4128 et
577 4089 777 4130 uxores
806 4089 908 4145 pro
928 4073 1222 4144 'despoenis
1250 4075 1509 4133 Cralamze
1542 4081 1926 4148 appellantur;
1961 4081 2067 4135 hoc

486 4165 693 4237 quippe
717 4176 881 4222 sonat
910 4183 1110 4222 nomen
1149 4168 1468 4224 barbarum.
1501 4170 1591 4226 Sic
1621 4186 1648 4223 a
1680 4173 2061 4226 (Iautacuzcno

485 4259 807 4313 Acarnaniae
833 4267 889 4313 et
931 4256 1149 4313 Aitoliaa
1174 4260 1449 4330 principes
1496 4262 1739 4330 despotaz
1782 4261 2061 4317 dicuntur.

2167 3056 2315 3128 apud
2371 3060 2678 3115 Turcarum
2728 3061 3011 3116 sultanum
3060 3063 3179 3128 ejus
3238 3063 3592 3132 cubicularii,
3653 3066 3747 3136 qui

2166 3151 2430 3214 Tbiodar,
2451 3162 2548 3205 aut
2586 3150 2875 3206 Trobadar
2895 3152 3226 3221 appellatur.
3258 3154 3308 3207 ls
3327 3158 3477 3211 enim
3508 3167 3568 3213 et
3607 3159 3749 3213 intra

2165 3243 2481 3297 cubiculum
2518 3254 2686 3297 noctu
2711 3243 2973 3299 excubias
3010 3246 3143 3314 agit,
3177 3254 3233 3300 et
3258 3247 3507 3317 pluviam
3537 3249 3751 3306 Sullani

2164 3342 2373 3387 vestem
2403 3341 2599 3402 gestat,
2627 3342 2687 3386 ut
2709 3333 3135 3403 παρακείμενος,
3161 3351 3283 3404 quae
3307 3342 3751 3410 scaramangium

2164 3436 2416 3480 vocatur.
2460 3428 2540 3481 Ac
2592 3434 2800 3480 norunt
2839 3440 3053 3486 omnes.
3094 3428 3190 3496 qui
3228 3427 3449 3485 Portam
3491 3433 3753 3487 viderunt

2164 3514 2536 3582 Osmauicam,
2579 3533 2689 3571 non
2732 3516 3007 3571 sultanum
3041 3519 3204 3574 modo
3243 3523 3501 3578 comitari
3531 3525 3756 3580 cubicu-

2164 3608 2384 3669 larium.
2430 3609 2526 3679 qui
2576 3623 2775 3664 sereno
2830 3624 3053 3680 quoque
3103 3612 3246 3665 cmlo
3302 3617 3752 3688 searamangiutn

2166 3703 2289 3774 ejus
2320 3714 2532 3772 gestat;
2574 3705 2683 3760 sed
2723 3720 2919 3761 omnes
2950 3707 3118 3761 etiam
3158 3708 3410 3777 quotidie
3456 3712 3670 3779 bassas,
3701 3723 3758 3769 et

2168 3795 2356 3864 begos,
2383 3795 2845 3866 quotiescumque
2878 3812 2978 3867 per
3007 3798 3199 3855 urbem
3244 3799 3312 3854 ad
3348 3812 3565 3871 portam
3596 3807 3760 3877 equi-

2169 3893 2309 3951 tant,
2352 3887 2558 3942 habere
2589 3888 2952 3959 pedisequum
2978 3906 3168 3954 unum,
3201 3893 3294 3960 qui
3320 3905 3536 3951 vestem
3569 3898 3761 3969 hujus-

2171 3978 2316 4031 modi
2342 3986 2546 4047 portat,
2583 3980 2796 4034 caeteris
2828 3980 3356 4051 snperinjiciendam
3379 3989 3757 4053 vestimentis,

2168 4071 2213 4125 si
2243 4085 2370 4125 aere
2409 4082 2622 4126 mutato
2659 4064 2806 4127 forte
2823 4072 2995 4144 plttat.

2266 4163 2460 4230 Μέγας
2518 4155 3136 4235 δομέστικος,ἠια9ηιιε
3195 4166 3543 4224 domesticus.
3595 4171 3756 4228 Varia

2169 4254 2291 4325 ejus
2323 4255 2501 4310 ollicia
2526 4258 2668 4325 apud
2698 4255 3050 4326 Curoplatam
3076 4257 3227 4322 vide,
3269 4261 3443 4316 Variis
3460 4262 3622 4318 locis.
3649 4264 3760 4338 No-

488 4348 696 4406 Verum
718 4323 1220 4406 nosterhistoricus
1235 4323 1660 4406 Constantinum
1687 4352 1984 4407 Andronici
2012 4351 2068 4405 li-
2093 4323 2136 4378 θ
2173 4362 2298 4401 men
2323 4348 2611 4429 domestici
2634 4348 2701 4402 ad
2726 4348 2910 4417 plures
2942 4348 3238 4419 dignitates
3267 4352 3609 4421 pertinebat,
3637 4331 3758 4425 qua:

489 4442 626 4498 lium
653 4443 935 4511 despotam
963 4444 1220 4497 vocatum
1242 4443 1456 4507 scribit,
1488 4444 1577 4512 qui
1600 4452 1721 4511 post
1747 4443 2067 4498 Michaclem

489 4536 715 4587 fratrem
757 4533 998 4603 genitus,
1055 4549 1154 4602 per
1195 4543 1394 4588 cnticta
1451 4534 1723 4588 secundas
1771 4533 2069 4589 obtineret.

490 4623 761 4678 Infantem
795 4631 993 4675 vocant
1043 4620 1293 4692 Hispani.
1354 4621 1709 4676 Obscrvanda
1752 4622 1914 4691 igitur
1963 4622 2071 4676 alia

493 4718 665 4772 notio.
687 4715 1035 4770 Monebimus
1066 4715 1120 4768 in
1153 4712 1391 4785 Adnotat

436 4804 440 4809 ’
567 4807 1091 4879 Παρακοιμὼμενοι,
1124 4807 1361 4861 subaudi
1388 4807 1479 4860 τοῦ
1502 4808 1782 4872 κοιτῶνος,
1804 4809 2065 4873 cubiculi,

494 4901 777 4955 Accubitor
807 4899 1033 4953 cubiculi
1057 4900 1122 4954 ad
1149 4899 1406 4962 verbum,
1434 4898 1486 4952 id
1516 4911 1599 4954 est
1639 4902 1775 4955 sacri
1800 4903 2065 4965 cubiculi,

494 5009 591 5048 seu
628 4991 981 5046 excubiarum
1005 4990 1146 5045 sacri
1176 4988 1417 5043 cubiculi
1454 4992 1765 5060 praefectus,
1802 4993 2066 5061 principi,

494 5101 591 5140 seu
624 5083 939 5153 imperatori
972 5074 1013 5137 a“
1046 5082 1337 5160 cubiculis,
1370 5092 1463 5136 aut
1517 5083 1806 5150 praefectus
1849 5086 2072 5138 excubi—

495 5188 699 5237 torum,
729 5182 785 5227 et
814 5164 1105 5228 custodum
1142 5173 1281 5227 sacri
1309 5173 1570 5227 cubiculi.
1609 5175 1784 5243 Caput
1817 5184 1902 5228 est
1933 5191 2069 5244 puc-

494 5281 683 5322 rorum
714 5264 807 5334 qui
838 5265 890 5318 in
923 5275 1141 5319 caelone
1167 5275 1316 5329 sunt,
1362 5265 1928 5333 etcubicnlariorum,
1974 5250 2069 5319 ba-

492 5358 629 5414 bens
663 5357 829 5411 etiam
853 5356 956 5411 sibi
986 5355 1267 5411 subditum
1304 5356 1710 5426 procubitorcm
1741 5358 1882 5410 sacri
1915 5358 2071 5412 cubi-

494 5450 626 5505 culi.
661 5451 738 5504 lta
783 5448 1408 5520 CuropalataJlagnum
1450 5449 1851 5504 cubicularium
1897 5450 2066 5520 aliqui

490 5554 711 5598 Vocant.

2173 4437 2434 4509 adjuncto
2470 4440 2953 4503 discernebantur,
3004 4446 3064 4493 ut
3108 4455 3435 4509 cognosces,
3485 4462 3517 4500 e
3554 4435 3812 4516 quibus“

2173 4532 2350 4600 magni
2385 4531 2675 4586 domestici
2706 4532 3046 4601 praecipuum
3081 4533 3386 4600 exstitisse,
3424 4552 3637 4593 nomen
3682 4538 3763 4610 ip-

2174 4637 2296 4675 sum
2327 4639 2549 4693 magnus
2587 4621 2881 4690 signiﬁcat.

2249 4715 2723 4787 Πρωτοστράτωρ,
2749 4713 3135 4769 Protostrator.
3158 4715 3407 4774 Abscnte
3430 4737 3640 4794 magno
3662 4723 3765 4778 do-

2174 4809 2406 4862 meSIico
2447 4808 2553 4862 fert
2580 4808 2932 4877 imperatoris
2962 4809 3233 4878 spatham.
3268 4809 3409 4865 Cum
3436 4815 3627 4884 itaque
3666 4818 3767 4871 im-

2173 4912 2394 4971 perator
2424 4910 2508 4954 est
2534 4916 2945 4955 COIISCL‘DSUTUS
2973 4919 3200 4972 equum,
3236 4906 3448 4960 comite
3482 4924 3765 4979 equorum

2174 4994 2522 5062 imperatoris
2540 4993 2850 5046 adducente
2874 5005 2930 5047 et
2951 5003 3173 5049 tenente
3215 5011 3445 5064 equum,
3469 5013 3765 5070 postquam

2173 5087 2421 5140 ascendit
2455 5086 2773 5152 imperator,
2806 5094 3170 5155 protostrator
3202 5089 3567 5157 prehendens
3606 5093 3766 5148 freno

2173 5176 2394 5230 deducit
2425 5191 2629 5245 equum
2680 5175 2746 5228 ad
2798 5188 3074 5245 quartam,
3130 5189 3221 5232 aut
3271 5178 3530 5246 quintam
3591 5201 3769 5254 usque

2175 5278 2381 5337 partem
2409 5271 2545 5323 aula:
2573 5268 2781 5337 palatii.
2814 5268 3021 5325 Deinde
3059 5271 3334 5339 recipiens
3363 5289 3494 5328 cum
3535 5292 3770 5347 magnus

2171 5361 2573 5419 Chartularius.
2605 5358 2832 5416 deducit
2858 5363 3013 5417 freno
3049 5364 3115 5417 ad
3143 5376 3357 5432 portam
3394 5384 3577 5437 usque
3605 5371 3766 5424 aulm.

2174 5452 2443 5511 Similiter
2466 5458 2630 5510 Etiam
2660 5452 2811 5522 facit,
2855 5470 2979 5510 cum
3010 5456 3312 5525 imperator
3358 5460 3604 5526 pedibus
3664 5463 3773 5515 itu-

2176 5566 2268 5602 rus
2289 5566 2394 5612 es,
2422 5567 2587 5620 agens
2601 5550 2858 5604 videlicet
2881 5567 2910 5604 a
2932 5560 3083 5618 porta
3104 5565 3304 5618 equum
3334 5551 3404 5604 ad
3434 5568 3565 5607 eum
3595 5570 3771 5624 usque

541 5635 949 5705 ,Leunclavius,
989 5635 1256 5690 Paudecte
1304 5625 1562 5690 historia?
1588 5635 1821 5692 Turcicw
1856 5652 1953 5690 seu
1997 5638 2067 5690 ad
2096 5658 2146 5716 D
2174 5641 2381 5705 locum,
2433 5658 2597 5710 quem
2632 5651 2759 5696 ante
2791 5641 3032 5695 diximus
3061 5658 3074 5695 :
3103 5657 3171 5696 ex
3206 5656 3330 5709 quo
3372 5641 3578 5697 iterum
3633 5644 3773 5698 reci-

491 5729 726 5785 Annales
754 5729 1032 5785 Turcicos:
1053 5730 1539 5802 Παρακοιμώμενοι
1568 5740 1696 5784 sunt
1718 5731 1893 5785 intimi
1914 5731 2067 5784 cubi-

491 5822 688 5877 cularii
717 5823 814 5892 qui
839 5824 1220 5894 augustalibus
1240 5824 1298 5878 in
1327 5822 1598 5879 cubiculis
1624 5832 1679 5879 et
1706 5822 1807 5892 ipsi
1843 5833 2071 5893 propter

1788 6066 1819 6089 κ

2181 5733 2259 5800 pit
2282 5748 2406 5786 eum
2434 5741 2820 5802 protostrator,
2854 5747 3021 5801 agens
3046 5731 3112 5785 ad
3155 5745 3299 5785 eum'
3326 5746 3511 5803 usque
3559 5735 3769 5805 locum,

2181 5823 2272 5879 ubi
2316 5824 2614 5893 imperator
2638 5825 2806 5896 pedes
2839 5840 2962 5882 esse
2989 5825 3149 5883 solet.
3174 5824 3335 5892 Quod
3366 5828 3415 5884 si
3447 5831 3595 5888 forte
3640 5846 3771 5905 pro-
