3962 6438
192 396 248 459 ἱΠ
1540 375 1809 437 PROLEi

1923 372 2170 433 usus;
2360 394 2365 397 -
3240 390 3261 405 ο
3419 364 3491 428 38

197 523 546 571 testratorem
581 506 777 564 abesse
810 499 1125 572 contigerit,
1155 497 1262 551 hoc
1288 493 1424 549 facit
1453 505 1484 545 a
1514 486 1794 561 principio
1828 495 1868 546 Α
1898 485 1992 553 qui
2025 479 2282 537 Michacli
2311 478 2482 534 Balbo
2512 477 2733 555 adiutor
2760 476 2885 544 fuit,
2931 485 2991 533 ut
3016 475 3258 533 Leonem
3296 476 3493 535 Arme-

202 622 366 678 nsque
396 605 469 660 ad
501 602 668 658 ﬁnem
718 611 952 668 magnus
978 588 1372 649 eliartularius.
1406 583 1578 642 Paulo
1615 590 1742 652 post
1772 591 1786 631 :

205 677 573 759 Protostrator
617 695 784 751 etiam
815 699 903 749 est
936 688 1195 744 defensor
1227 694 1526 739 cursorum
1574 677 1794 749 (curso-

206 813 290 855 res
330 795 445 849 hoc
492 792 620 847 loco
665 795 819 852 sunt,
876 783 1213 854 quicumque
1258 774 1397 831 nulli
1439 770 1666 844 agmini,
1699 775 1795 823 aut

211 891 363 961 signo
396 882 624 941 militari
654 877 883 949 ascripti
923 872 1075 935 sunt,
1117 870 1212 926 sed
1264 867 1366 940 ipsi
1395 874 1572 921 castra
1611 876 1798 932 prose-

218 953 459 1055 quuntur
498 979 667 1040 ultro,
691 977 1075 1041 exspectantes
1095 965 1228 1020 dum
1252 958 1470 1017 accensi
1495 957 1675 1024 ﬁant).
1700 953 1798 1008 His

218 1077 357 1132 enim
389 1070 567 1142 neque
589 1067 841 1122 ordinem
875 1059 1268 1119 retinentibus,
1300 1066 1483 1122 neque
1509 1051 1792 1103 ﬂammeo-

215 1171 324 1225 lum
339 1139 577 1238 (signum
597 1159 833 1216 militare
854 1164 958 1221 est,
974 1153 1167 1208 Latina
1180 1146 1414 1217 origine,
1434 1160 1465 1199 a
1478 1142 1665 1236 colore
1683 1139 1801 1194 dic-

222 1221 361 1328 tumi
387 1221 572 1319 situm,
601 1252 695 1309 sed
720 1248 1033 1306 inordinate
1050 1238 1462 1319 quodammodo
1488 1221 1797 1296 dissolutis,

218 1324 585 1423 protostrator
609 1344 723 1414 ipse
745 1340 1109 1407 subsequens,
1126 1330 1371 1388 defendit
1393 1328 1566 1400 ipsos,
1587 1324 1634 1380 si
1653 1326 1801 1379 forte

219 1422 361 1499 bello
410 1439 817 1511 opprimantur.
872 1430 1169 1499 Propterea
1225 1422 1374 1478 enim
1430 1424 1801 1490 protostrator

216 1538 384 1593 etiam
440 1530 765 1601 appellatur,
806 1522 953 1595 quod
1004 1521 1104 1575 toti
1166 1517 1270 1587 ipsi
1323 1511 1563 1585 στρατῷ,
1613 1511 1678 1566 ἱιι-
1718 1517 1802 1564 est

218 1599 487 1681 exercitui
506 1599 731 1692 pascat,
760 1622 817 1670 et
846 1612 1112 1670 consistat
1134 1606 1368 1678 primus.
1399 1603 1455 1659 Ar
1476 1599 1801 1657 cursoribus

219 1730 399 1773 autem
425 1729 616 1770 omnes
662 1724 751 1765 res
789 1706 975 1761 varias
1018 1717 1142 1773 quae
1192 1698 1371 1754 iutilia
1417 1694 1799 1756 nominantun

221 1810 388 1866 moris
408 1817 490 1863 est
509 1810 956 1877 protostratorem
973 1799 1246 1865 accipere.
1270 1788 1506 1846 Nomine
1516 1783 1799 1857 φυτιλίων,

220 1905 456 1961 [utilium
521 1904 646 1970 (est
697 1896 845 1952 enim
900 1891 1154 1948 Latinum
1209 1877 1794 1951 vocabulutn)rsigni-

224 1998 459 2053 iicantur
488 2005 839 2064 quaecunque
867 2001 976 2054 res,
1011 1999 1132 2056 qua
1165 1996 1265 2053 per
1313 1994 1374 2036 se
1426 1975 1590 2032 nihili
1639 1980 1791 2037 sunt,

217 2103 311 2147 aut
339 2090 474 2159 nihil
498 2088 709 2145 adrem
740 2082 1031 2139 militarem
1061 2076 1298 2148 faciunt,
1328 2071 1572 2142 denique
1608 2068 1788 2137 impe-

218 2185 458 2241 dimenta
486 2180 614 2237 belli
641 2176 973 2239 certissima,
995 2170 1103 2227 nisi
1124 2177 1475 2225 avertantur.
1506 2163 1644 2219 Nam
1681 2160 1797 2215 haec

217 2292 468 2334 cursores
492 2269 841 2331 commodius
858 2270 1208 2338 comportant
1229 2274 1395 2332 quam
1418 2256 1643 2320 milites,
1666 2252 1797 2324 quia

219 2388 325 2427 non
354 2370 567 2424 luerent
594 2364 765 2436 signis
796 2379 811 2417 :
839 2370 898 2416 et
939 2356 1205 2413 audacius
1233 2352 1524 2421 colligunt,
1575 2346 1707 2417 quia
1737 2361 1798 2402 se

220 2462 429 2535 legibus
458 2475 571 2515 non
605 2455 780 2513 teneri
812 2459 1029 2524 putant.
1064 2447 1439 2517 Quamobrem
1488 2450 1800 2514 protostra-

223 2556 322 2612 tori
354 2562 598 2625 potestas
630 2550 755 2606 data
777 2556 861 2603 est
891 2544 1067 2601 iutilia
1098 2542 1205 2597 ista
1244 2537 1555 2615 auferendi.

290 2650 477 2716 Μέγας
508 2641 921 2705 κοντοσταῦλος,
955 2635 1051 2708 qui
1085 2634 1290 2691 Gallice
1324 2628 1657 2695 connétable,
1690 2627 1801 2683 Ita-

221 2741 323 2795 lice
350 2731 686 2798 conestabile,
729 2729 926 2786 Latine
956 2740 1141 2782 comes
1183 2722 1407 2785 stabuli.
1437 2721 1544 2776 Ubi
1601 2719 1647 2773 si
1692 2727 1807 2773 sta-

223 2830 410 2887 bulum
450 2840 554 2896 pro
583 2821 754 2894 equili
784 2818 1044 2890 accipias,
1080 2814 1192 2870 erit
1226 2804 1414 2869 comes
1455 2809 1684 2875 stabuli,
1715 2806 1802 2862 vel

222 2923 315 2995 qui
351 2927 550 2993 praeest
588 2914 850 2972 omnibus
910 2910 1086 2981 copiis
1125 2904 1528 2978 equestribus:
1565 2903 1651 2959 vel
1706 2902 1804 2972 qui

221 2994 420 3087 praeest
467 3008 735 3082 equitatui
777 3002 1131 3076 imperatoris
1171 2998 1377 3055 aulico.
1419 2994 1581 3066 Apud
1611 3008 1807 3050 recen-

222 3085 392 3166 iiores
421 3106 640 3162 Graecos
661 3112 749 3158 est
780 3099 894 3155 dux
923 3085 1213 3167 copiarum
1247 3088 1628 3154 auxiliarium,
1683 3101 1807 3157 quae

1900 595 2033 633 num
2070 594 2102 633 e
2133 576 2317 633 medio
2358 575 2600 640 tolleret,
2636 573 2984 644 imperioque
3019 570 3312 642 potiretur.

1970 673 2164 739 Μέγας
2197 668 2715 741 Στρατοπεδάρχης,
2760 682 2988 736 magnus
3028 673 3332 718 castrorum
3358 678 3500 734 pra:-

1898 766 2087 838 fectus.
2117 765 2453 820 Est'curator
2471 777 2662 817 carum
2696 775 2903 823 rerum,
2928 775 3050 829 qua:
3074 756 3348 813 exercitui
3371 765 3502 812 sunt

1900 860 2066 932 opus,
2117 859 2380 914 videlicet
2434 858 2852 919 alimentorum,
2894 852 3397 908 instrumentorum
3443 858 3502 904 et

1902 951 2340 1008 necessariorum
2375 951 2647 1005 omnium.
2705 945 3201 1000 Proviantmeister.
3253 942 3504 1014 Exponia-

1904 1052 1995 1098 tur
2046 1045 2237 1111 etiam,
2285 1041 2548 1113 princeps
2592 1040 2888 1102 exercitus,
2945 1045 3006 1093 ut
3037 1038 3108 1092 sit
3151 1038 3296 1090 idem
3351 1033 3502 1104 quod

1904 1137 2313 1209 πρατιὰρχηςς
2349 1151 2478 1191 nam
2501 1134 2865 1206 στρατόπεδον
2882 1130 3187 1202 aliquando
3205 1144 3305 1199 pro
3335 1144 3505 1198 στρα-

1905 1227 1996 1290 τὸς
2026 1228 2276 1299 ponitur.

2015 1339 2504 1411 Πρωτα).ογάτωρ,
2584 1355 2823 1393 summus
2893 1338 3130 1407 equitum
3194 1335 3502 1406 prmfertus.

1906 1437 2055 1493 Voce
2095 1436 2245 1491 enim
2302 1435 2501 1502 ἄλογον
2537 1432 2710 1488 ϐταξοί
2759 1430 3103 1486 recentiores
3137 1446 3367 1499 equum,
3409 1438 3507 1484 aut

1902 1529 2214 1600 iumentum
2241 1526 2575 1597 signiﬁcant,
2608 1525 2752 1580 facta
2781 1540 2847 1579 ex
2879 1518 3103 1586 abeu,
3129 1538 3159 1577 a
3192 1523 3364 1577 verbo
3406 1522 3508 1577 ha-

1909 1622 2022 1686 lac,
2057 1620 2207 1691 quod
2232 1619 2615 1676 Orientalibus
2646 1625 2783 1679 erat,
2818 1617 2902 1671 ire
2940 1634 2953 1670 :
2982 1618 3111 1686 quia
3137 1618 3411 1670 maximus
3448 1623 3505 1670 et

1909 1715 2227 1785 praecipuus
2254 1712 2636 1783 jumentorum
2668 1724 2803 1764 usus
2826 1710 2893 1764 ad
2929 1707 3381 1771 commoditatem
3414 1708 3508 1762 iti-

1910 1821 2132 1861 nerum.
2163 1806 2359 1859 Turcae
2385 1804 2554 1859 etiam
2581 1803 2748 1858 hodie
2784 1805 3063 1866 nuntium,
3099 1816 3196 1856 seu
3235 1801 3503 1856 viatorem

1903 1898 2368 1971 appellanthulac
2388 1897 2488 1951 .Ex
2508 1896 2703 1950 ἁλόκου
2719 1897 2887 1966 igitur
2908 1897 3128 1964 ἄλογον,
3154 1895 3207 1950 id
3232 1904 3338 1958 est,
3368 1880 3507 1949 hru-~

1905 2003 2022 2049 tttm
2042 1990 2164 2044 κατ’
2183 1990 2730 2062 sﬁox’qvjumentum,
2751 1999 3057 2058 autequus,
3074 1996 3137 2042 ut
3153 1986 3273 2041 Itali
3287 1986 3504 2050 dicunt,

1906 2082 1961 2134 la
1986 2079 2162 2134 bestia
2184 2079 2315 2143 mia,
2339 2093 2438 2147 pro
2459 2093 2642 2148 equus
2663 2076 2943 2132 meus.'Ex
2966 2077 3164 2145 ἀλόγου
3191 2077 3251 2132 lit
3284 2078 3507 2146 ἀλόγων

1903 2170 2210 2240 equitatus,
2251 2183 2350 2225 seu
2381 2184 2656 2239 equorum
2686 2176 3010 2238 equitumve
3036 2185 3244 2225 merus.
3270 2171 3511 2228 Praefec-

1909 2270 1996 2317 tus
2024 2261 2315 2332 ἀλογάτωρ
2348 2279 2363 2315 :
2390 2276 2643 2317 summus
2668 2263 2982 2331 praefectus,
3022 2263 3504 2335 πρωταλογάτωρ.

1979 2374 2479 2447 Σεϐαστοκρὰτωρ,
2516 2374 3047 2446 Augustimperator,
3087 2376 3279 2432 Tertia
3328 2377 3509 2447 digni-

1910 2478 1995 2524 tas
2047 2468 2116 2523 ab
2175 2469 2548 2538 imperatore,
2581 2466 2897 2523 Caesariana
2955 2470 3329 2538 praestantior.
3367 2455 3513 2524 Dum.

1912 2564 2214 2649 imperator
2258 2559 2536 2635 βασιλεὺς,
2584 2559 2876 2623 σεϐαστδς,
2926 2563 3144 2629 Καῖσαρ
3182 2560 3366 2615 dictus
3392 2545 3506 2626 est,

1911 2667 2022 2706 uno
2052 2654 2364 2722 eodemque
2390 2666 2586 2707 omnes
2618 2653 2722 2707 hos
2751 2653 2944 2708 titulos
2968 2654 3280 2718 obtinente,
3328 2653 3513 2723 digni-

1913 2753 2053 2799 tates
2079 2743 2292 2808 ciliciis,
2335 2759 2399 2799 ac
2435 2759 2546 2799 non
2593 2745 2788 2809 titulis,
2836 2746 3120 2801 aestimatae
3149 2755 3303 2801 sunt.
3350 2746 3511 2802 Post-

1911 2851 1978 2893 ea
2025 2851 2160 2892 vero
2188 2839 2555 2908 imperatores
2587 2839 2845 2892 luserunt
2877 2839 3074 2905 titulis,
3123 2847 3179 2893 et
3211 2839 3511 2895 honoraria

1913 2931 2245 3002 dignitatum
2284 2933 2509 2985 nomina
2546 2933 2666 2987 sine
2703 2931 2900 2987 olIiciis
2938 2931 3207 3003 impcrtiti
3258 2943 3391 2989 sunt
3417 2951 3509 2989 ar-

1915 3024 2127 3080 bitratu
2155 3040 2281 3088 suo,
2335 3032 2397 3079 ut
2451 3023 2785 3095 Curopalata
2841 3024 2932 3079 his
2964 3025 3154 3080 verbis
3211 3026 3509 3083 declarat:

1914 3118 2178 3187 Despota,
2214 3117 2661 3180 sebastocrator,
2696 3117 2883 3173 Caesar
2948 3117 3017 3170 ad
3082 3117 3295 3171 nullum
3350 3119 3515 3174 mini-

220 3218 288 3257 ⁸⁸
307 3199 503 3261 Gama'
526 3194 737 3262 Sicula'
760 3190 942 3293 “alia:
962 3188 1193 3243 manu"
1215 3181 1493 3255 Stipendia
1518 3178 1804 3236 orienmm
1836 3215 1879 3273 C
1919 3178 2468 3270 stet-iutn'tcnentur.
2506 3208 2613 3262 nisi
2645 3178 2711 3262 ad
2764 3223 3044 3262 summum
3077 3209 3318 3280 aliquem
3358 3212 3516 3281 prin-

298 3293 506 3346 tebant.

298 3310 506 3346 tenam.

224 3310 486 3451 peliéyac
526 3379 836 3448 λογοθὲτης,
879 3374 1108 3444 Magnus
1170 3368 1485 3440 Logotheta,
1532 3363 1810 3421 cancella-

238 3479 382 3533 rium
419 3474 630 3530 Latinis
655 3470 840 3526 vocari
869 3466 1185 3536 λογοοὲτην,
1217 3464 1296 3516 ait
1325 3461 1550 3517 Nicetas
1581 3457 1679 3513 lib.
1708 3470 1809 3511 vn.

229 3574 431 3628 “unus
474 3568 652 3639 magni
680 3562 973 3636 logothette
1008 3560 1093 3615 bis
1143 3556 1330 3611 verbis
1352 3553 1685 3624 Uuropalata
1716 3550 1816 3605 de-

228 3665 427 3724 scribit
456 3682 469 3716 :
500 3659 748 3730 Disponit
779 3653 1035 3710 mandata
1064 3659 1123 3705 et
1151 3649 1332 3711 bullas
1358 3661 1576 3711 aureas,
1607 3658 1731 3713 qua:
1745 3643 1815 3697 ab

227 3759 560 3828 imperatore
582 3752 877 3828 mittuntur
908 3745 974 3802 ad
1006 3758 1184 3815 reges,
1215 3741 1488 3801 sultanus,
1531 3748 1591 3793 et
1628 3732 1816 3806 tepar-

230 3827 381 3908 chas.
418 3852 600 3919 Atque
628 3846 735 3901 hoe
759 3841 983 3914 quidem
1015 3835 1303 3909 proprium
1334 3840 1421 3887 est
1449 3827 1632 3913 magni
1663 3827 1816 3897 logo-

231 3947 397 3999 thetze
447 3936 837 3997 ministerium.
877 3929 1035 3999 Quod
1082 3936 1270 3984 autem
1317 3924 1385 3978 ad
1435 3936 1554 3978 rem
1587 3919 1811 3975 domes-

234 4039 425 4099 ticam,
457 4032 634 4102 ipsius
680 4037 767 4084 est
799 4025 1037 4087 edicere,
1072 4020 1220 4092 quod
1254 4019 1557 4088 imperator
1581 4011 1813 4067 manda-

234 4126 392 4182 verit.
411 4097 639 4179 Addunt
665 4119 761 4175 alii.
779 4132 903 4172 esse
927 4116 1094 4171 etiam
1124 4109 1440 4185 libellorum
1462 4097 1814 4174 magistrum,

232 4216 448 4273 archivi
487 4212 830 4284 praefectum,
863 4217 958 4262 aut
1009 4205 1114 4259 tale
1143 4199 1451 4273 quippiam.
1504 4193 1817 4263 Λογοθέτης

232 4281 533 4379 exponitur
569 4321 601 4359 a
653 4300 1011 4373 quibusdam,
1062 4295 1321 4365 magister
1371 4287 1671 4350 rationum,
1721 4281 1818 4352 qui

232 4416 506 4474 expensas
556 4407 614 4454 et
679 4394 887 4453 reditus
930 4396 1238 4461 computat,
1295 4393 1640 4446 meonomus,
1702 4378 1819 4433 sive

236 4469 589 4565 procurator,
617 4487 765 4561 quod
814 4497 1071 4558 magnum
1120 4474 1653 4539 erat-elﬁcium,~et
1678 4469 1820 4541 poli-

241 4599 430 4643 t.cum.
1308 4624 1315 4627 .

316 4677 625 4749 Λογοοέτης
648 4673 742 4727 τοῦ
768 4665 1185 4740 στρατιωτικοῦ,
1217 4663 1486 4736 logotheta
1500 4656 1819 4721 castrensis,

241 4775 624 4839 Zaliluteister,
662 4766 1128 4841 Pfennigmeister,
1165 4759 1375 4817 Gallice
1422 4754 1697 4814 Τήιοι-ἕει-
1748 4751 1823 4805 du

244 4890 422 4942 camp.
804 4915 815 4923 .

320 4960 744 5029 Ka62).).aptoc,
800 4951 1126 5010 caballarius
1195 4945 1582 5029 liaﬁanaptov
1646 4954 1822 5009 eque-
1916 4978 1921 4981 .

252 5070 418 5114 strem
449 5052 794 5124 imperatoris
840 5046 1158 5102 comitatum
1170 5019 1438 5115 ‘nominat
1470 5032 1822 5103 Curopalata.

257 5152 332 5205 Ex
365 5149 551 5204 Italico
580 5146 744 5200 ducta
763 5156 890 5207 vox,
923 5154 1045 5209 quae
1083 5137 1199 5206 ipsa
1248 5148 1276 5187 a
1314 5130 1504 5186 Latina
1533 5142 1669 5182 voce
1703 5140 1825 5179 ma-

150 5270 157 5275 σ
255 5243 424 5298 navit.
463 5240 633 5309 llujus
660 5252 791 5306 ergo
822 5233 1119 5290 comitatus
1152 5226 1449 5299 praefectus
1477 5218 1825 5277 Caballarius

253 5336 363 5392 dici
389 5334 622 5391 videtur.

355 5429 543 5493 Μέγας
610 5421 888 5487 παππίας,
957 5417 1184 5488 Magnus
1267 5411 1531 5483 Pappias.
1599 5405 1659 5461 ld
1713 5411 1822 5465 est,

255 5533 481 5588 magnus
511 5510 851 5587 patet-culus,
909 5522 1162 5565 summus
1190 5506 1280 5561 ille
1327 5503 1524 5570 iudex,
1556 5499 1625 5554 ad
1657 5513 1822 5568 quem

258 5610 777 5667 commentarienses
804 5606 873 5660 de
930 5602 1184 5673 personis
1229 5612 1451 5652 reorum
1511 5602 1569 5649 et
1631 5605 1826 5646 nume—

257 5720 340 5769 ro,
370 5705 436 5758 de
465 5702 722 5772 qualitate
751 5699 1103 5763 delictorum,
1133 5694 1202 5749 de
1248 5692 1562 5746 clausorum
1616 5684 1830 5741 ordini-

256 5796 359 5852 bus
404 5795 606 5850 referre
652 5791 877 5848 debent.
924 5788 984 5842 In
1044 5787 1184 5840 hanc
1231 5781 1562 5839 sententiam
1613 5775 1828 5844 accipio

256 5904 454 5949 attineri
496 5886 668 5959 Papia:
714 5882 860 5956 apud
912 5880 1204 5943 Zonaram,
1255 5876 1350 5930 ubi
1399 5873 1467 5929 de
1505 5884 1572 5927 eo
1622 5867 1824 5940 agitur,

1919 3304 2166 3373 cipatum
2200 3302 2573 3357 instituantur
2595 3343 2611 3367 ,
2648 3311 2781 3372 puta
2816 3309 2914 3354 aut
2962 3302 3208 3372 regendo
3254 3303 3512 3373 imperio,

1919 3405 2017 3449 aut
2047 3395 2294 3465 gerendo
2326 3394 2510 3449 bello:
2544 3395 2704 3465 cujus
2756 3393 2835 3448 rei
2886 3393 3140 3463 exempla
3191 3404 3324 3450 sunt
3364 3395 3511 3465 apud

1917 3486 2296 3556 Nicephorum
2329 3486 2632 3556 Gregoram
2666 3501 2832 3556 quam
2866 3486 3130 3557 plurima.
3162 3487 3240 3542 Ae
3270 3488 3512 3559 primum

1920 3581 2147 3652 quidem
2200 3579 2384 3635 Cteszir
2432 3579 2539 3635 fuit
2592 3579 2876 3636 secundus
2925 3581 2996 3635 ab
3056 3582 3395 3650 imperatore
3429 3582 3514 3655 (ut

1826 3730 1831 3737 ,
1920 3674 2088 3730 hodie
2129 3689 2226 3730 rex
2260 3675 2639 3730 Romanorum
2687 3685 2773 3728 est
2815 3673 2872 3728 in
2897 3671 3189 3730 Occidenti
3222 3676 3515 3747 imperio),

1918 3775 1978 3819 et
2027 3765 2271 3820 obtinuit
2320 3764 2428 3819 hoc
2471 3763 2539 3818 ad
2588 3764 2842 3818 Alexium
2899 3764 3250 3821 Comnenum
3291 3783 3467 3839 usque
3496 3783 3517 3826 :

1920 3867 2114 3927 postea
2169 3858 2583 3913 sebastocrator
2634 3855 2918 3912 secundus
2990 3863 3078 3912 est
3131 3858 3399 3924 habitus,
3461 3869 3518 3917 et

1919 3947 2106 4004 Caesar
2135 3949 2339 4003 tertius
2373 3962 2498 4003 esse
2526 3947 2895 4017 etepit,.cum
2929 3947 3157 4004 Alexius
3192 3949 3517 4009 Comnenus

1919 4041 2188 4126 lsaaeium
2240 4043 2466 4095 t'ratrem
2512 4039 2968 4096 Sebastocratora
3023 4042 3287 4098 diceret:
3322 4056 3520 4100 auctor

1925 4132 2192 4189 Zonaras.
2254 4132 2546 4187 Postremo
2600 4131 2901 4202 despotes,
2941 4132 3060 4187 sive
3117 4132 3402 4201 dominus,
3449 4136 3520 4190 ab

1926 4225 2274 4296 imperatore
2338 4224 2622 4299 secundus
2670 4232 2757 4279 est
2793 4222 2972 4279 factus
2998 4265 3013 4289 ,
3065 4204 3265 4294 nempe
3291 4225 3520 4281 Alexins

1923 4318 2310 4390 Palaeologus,
2350 4316 2662 4373 cumidem
2715 4315 3037 4372 Comnenus
3085 4314 3217 4372 illius
3269 4317 3521 4375 maribus

1924 4425 2147 4477 carens,
2200 4410 2415 4466 lrenem
2453 4409 2619 4465 tiliam
2667 4425 2825 4465 suam
2861 4408 3287 4480 primogenitam
3322 4411 3518 4466 Alexio

1925 4504 2059 4561 huic
2113 4504 2723 4575 despondit,eumque
2777 4502 2940 4558 titulo
2998 4501 3264 4572 despotic,
3317 4502 3370 4557 id
3408 4512 3520 4570 est,

1852 4582 1898 4639 θ
1927 4597 2162 4665 domini,
2190 4598 2439 4664 ornavit,
2459 4597 2709 4652 futurum
2746 4610 2947 4665 nempe
2966 4593 3244 4650 haarcdcm
3278 4595 3519 4664 imperii,

1925 4690 2033 4745 nisi
2072 4699 2252 4744 morte
2283 4690 2539 4745 sublatus
2591 4697 2782 4754 esset,
2844 4695 2987 4743 teste
3027 4687 3272 4759 Gregora
3304 4688 3399 4744 lib.
3435 4704 3518 4745 nt.

2000 4802 2432 4879 Πρωτοῷἁλτης,
2486 4810 2730 4880 princeps
2764 4822 2859 4860 seu
2905 4806 3107 4875 primus
3155 4804 3520 4878 psallentium.

1927 4903 2382 4960 Ecclesiasticum
2416 4917 2620 4958 nomen
2653 4892 2742 4957 est
2765 4939 2780 4964 ,
2817 4901 2886 4955 de
2939 4902 3090 4956 clcro
3126 4881 3334 4969 palatii.
3387 4894 3525 4954 For-

1928 4997 2074 5051 sitan
2105 5000 2370 5067 magister
2400 4995 2583 5060 cltori,
2620 5002 2717 5049 aut
2753 4993 2934 5048 simile
2976 4991 3267 5062 quiddam.

2000 5110 2348 5178 Δομέστικοι,
2395 5107 2695 5162 domestici.
2738 5105 2804 5160 ln
2843 5105 2974 5176 jure
3021 5103 3375 5174 appellantur
3418 5104 3526 5160 do-

1929 5203 2149 5260 mestici
2180 5218 2376 5267 omnes
2417 5201 2726 5271 adjutores,
2773 5200 2889 5254 sive
2918 5196 3238 5253 administri
3272 5199 3523 5268 legitime

1929 5298 2173 5354 instituti
2231 5312 2262 5350 a
2301 5296 2469 5367 justis
2515 5295 2866 5349 functionum
2912 5292 3285 5363 principibus,
3323 5291 3378 5345 in
3426 5306 3525 5360 pa-

1929 5393 2086 5459 latio,
2119 5391 2303 5445 autin
2340 5389 2486 5452 foro,
2541 5398 2639 5442 aut
2685 5387 2743 5440 in
2791 5386 3048 5442 ecclesia.
3097 5385 3155 5439 In
3206 5384 3433 5454 palatio,
3464 5391 3528 5440 ut

1930 5500 2167 5556 magnus
2206 5484 2550 5547 domesticus
2578 5520 2592 5545 ,
2642 5480 2986 5535 domesticus
3037 5492 3243 5533 mensae
3270 5517 3282 5541 ,
3333 5475 3545 5531 dotne--
3582 5500 3587 5505 ·

1930 5580 2103 5635 sticus
2155 5577 2474 5635 scholarum
2502 5616 2516 5639 ,
2559 5573 2904 5629 domesticus
2938 5585 3230 5626 murorum
3259 5609 3274 5633 ,
3325 5567 3527 5623 dome~

1931 5677 2106 5732 sticus
2140 5672 2455 5743 regienum,
2491 5680 2600 5724 etc.
2640 5668 2697 5722 In
2731 5668 2877 5732 foro,
2923 5674 2984 5719 ut
3032 5661 3325 5718 domestici
3370 5661 3526 5732 judl~

1932 5786 2083 5833 cum,
2136 5765 2477 5833 administri.
2503 5762 2562 5817 In
2587 5763 2846 5826 ecclesia,
2871 5769 2933 5814 ut
2970 5754 3316 5812 domesticus
3342 5753 3523 5822 cnori,

1932 5862 2283 5922 domesticus
2312 5860 2632 5932 januarum,
2680 5863 2821 5922 ete.,
2851 5864 3092 5923 quorum
3117 5849 3367 5906 omnium
3397 5847 3525 5903 lun-
3554 5850 3571 5865 '
