3962 6436
435 367 509 430 39
1561 361 1910 432 JOANNES
1947 363 2446 426 CANTACUZEN
2459 359 2580 424 US.
3621 359 3691 423 40

434 479 546 536 ctio
574 477 975 550 δομεστίκειον,
1010 477 1131 536 sive
1172 477 1541 552 δομεστῑκιον,
1590 484 1642 538 id
1689 494 1796 550 est,
1837 483 2028 538 dome-

2141 482 2203 536 de
2236 481 2514 551 stipendio
2548 477 2690 550 ejus,
2745 483 2840 531 aut
2891 473 2958 530 ad
2993 473 3284 530 servitium
3334 474 3489 546 ejus,
3542 475 3693 546 cujus

435 573 668 626 sticatus
694 571 844 627 dicta
866 583 972 628 est.

519 661 1019 733 Ῥαιφερενδάριος,
1054 665 1469 737 referendarius.
1498 663 1903 720 Ecclesiasticaa
1934 645 2034 719 αξξ

437 753 663 822 gnitatis
703 770 904 810 nomen
933 796 947 820 ,
987 757 1181 813 Latine
1224 760 1429 812 relator
1453 798 1468 820 ,
1507 737 1601 828 qui
1645 757 1919 828 allegatur
1951 757 2021 812 ad

438 844 827 912 imperatorem
859 857 915 900 et
947 848 1292 902 sacerdotem
1326 849 1648 906 maximum.

468 940 1076 1009 .llavunspeé‘iaatog,
1131 943 1556 1012 Angustissimus
1612 947 1869 997 omnium.
1938 941 2021 996 Ab

437 1029 631 1084 Alexio
657 1031 952 1086 Comneno
985 1033 1178 1088 titulus
1213 1035 1472 1090 inventus
1498 1079 1511 1097 ,
1547 1044 1606 1089 ut
1635 1035 1884 1089 Michaeli
1921 1034 2025 1087 Ta-

438 1120 635 1173 ronitaa
667 1120 1075 1191 gratiﬁcaretur
1099 1162 1115 1186 ,
1147 1123 1298 1192 quod
1349 1123 1543 1178 scribit
1579 1123 1821 1177 Zonaras
1872 1134 2022 1176 tomo

438 1214 529 1278 Ill,
559 1215 662 1270 sub
693 1215 880 1270 tinem.
914 1216 1180 1293 Superior
1224 1226 1346 1272 erat
1375 1217 1652 1284 omnibus,
1681 1217 1850 1272 etiam
1901 1216 2022 1286 ipso

440 1309 899 1376 protovestiario,
935 1324 1136 1379 magno
1167 1309 1332 1374 duce,
1382 1325 1582 1380 magno
1609 1308 1937 1374 domestico,
1966 1313 2024 1360 et

437 1399 683 1454 caeteris.

515 1487 1046 1559 Πρωτοϐεστιὰριος,
1079 1491 1540 1560 protovestiarius.
1575 1490 1750 1561 llujns
1784 1486 2022 1543 oliicium

437 1582 520 1636 sic
549 1582 891 1638 describitur
923 1600 940 1640 :
971 1584 1320 1639 Ascendente
1351 1585 1521 1655 igitur
1554 1584 1888 1654 imperatore
1910 1623 1925 1646 ,
1965 1589 2024 1632 ut

437 1675 779 1730 declaratum
809 1686 916 1742 est,
949 1678 1018 1732 ad
1049 1679 1373 1740 oratorium,
1404 1676 1886 1747 protovestiarius,
1922 1673 2019 1743 qui

437 1767 711 1836 pilaticia,
748 1784 871 1838 quae
916 1769 1268 1838 imperatoris
1322 1777 1674 1839 prospectum
1718 1767 2018 1836 obtegunt,

2123 593 2289 635 causa
2341 571 2618 641 stipendia
2655 569 2806 624 facit.
2840 567 2995 637 Apud
3025 566 3272 622 Nicetam
3296 574 3350 620 et
3375 566 3694 637 φροντιστὴς

2124 675 2215 726 καὶ
2243 668 2517 737 λογιστὴς.
2559 663 2757 718 Valere
2790 671 2989 733 putant
3038 661 3207 724 idem,
3248 659 3396 728 quod
3435 668 3693 729 quaestor,

2123 771 2221 817 ant
2250 770 2503 830 receptor
2551 757 2871 829 generalis,
2924 766 3020 809 aut
3067 753 3217 822 quod
3274 752 3563 808 Germanis
3614 761 3699 806 est

2123 853 2616 908 Kammermeister.
2639 851 2768 903 inde
2787 849 2996 902 ciarum
3021 847 3148 916 quis
3170 845 3696 916 μεγαλογαριάστης.

2195 942 2640 1010 ’Δποκρισιάριος
2669 981 2685 1005 ,
2738 939 3137 1010 apocrisiarius.
3191 937 3280 991 Sic
3324 935 3698 1006 iurisconsulti

2123 1038 2294 1093 Graeci
2333 1051 2457 1090 cum
2490 1034 2802 1098 nominant,
2853 1032 2948 1101 qui
3005 1031 3380 1101 legationibus
3413 1028 3702 1083 audiendis

2126 1129 2542 1196 refercniiisque
2569 1127 2635 1182 ad
2673 1126 3088 1195 imperatorem,
3128 1134 3182 1178 et
3217 1122 3497 1192 responsis
3526 1120 3594 1174 ab
3638 1137 3704 1176 eo

2125 1222 2321 1278 dandis
2346 1225 2684 1276 constitutus
2713 1227 2818 1274 est.

2193 1311 2579 1382 Χαρτοφύλαξ,
2615 1310 2889 1381 prazfectus
2923 1307 3139 1362 chartis.
3171 1303 3274 1372 Qui
3305 1304 3518 1359 tabulas
3547 1302 3708 1358 habet

2125 1406 2464 1468 chartaceas,
2503 1405 2568 1457 ad
2603 1404 2728 1473 jura
2768 1401 3021 1455 ecclesia:
3072 1399 3443 1467 pertinentes,
3491 1395 3710 1449 charta-

2125 1512 2246 1550 rum
2312 1505 2536 1557 custos,
2589 1493 2684 1563 qui
2737 1491 3024 1562 privilegia
3079 1498 3136 1543 et
3193 1488 3397 1543 similia
3441 1496 3704 1544 asservat,

2126 1588 2417 1658 priefi‘ctus
2450 1586 2808 1651 scriniorum,
2838 1583 3009 1654 judex
3046 1581 3190 1635 idem
3220 1595 3512 1634 causarum
3535 1577 3712 1631 eccle-

2125 1680 2496 1743 siasticarum,
2530 1687 2588 1732 et
2635 1674 3004 1747 quaestionum
3060 1669 3580 1730 matrimonialium,
3612 1668 3710 1720 de-

2129 1770 2314 1825 fensor
2341 1771 2396 1824 in
2428 1769 2760 1824 clericorum
2809 1766 3030 1829 causis,
3074 1763 3246 1818 veluti
3286 1775 3485 1814 manus
3512 1757 3710 1814 summi

437 1868 535 1913 aut
565 1869 781 1929 sceptra
823 1861 1115 1931 judicialia
1153 1870 1328 1927 tenet,
1365 1871 1424 1916 ut
1456 1861 1509 1914 in
1545 1861 1719 1914 altum
1752 1859 2017 1912 subvecta

2141 1860 2435 1915 sacerdotis
2461 1859 2675 1914 dextra.
2715 1855 2856 1911 llinc
2891 1855 3068 1924 μέγας
3094 1849 3468 1923 χαρτοφύλαξ.

437 1961 591 2014 sunt,
621 1951 813 2006 dextra
867 1967 1033 2006 manu
1091 1967 1192 2006 sua
1227 1952 1476 2008 edocens
1523 1967 1610 2014 ea,
1659 1966 1690 2004 e
1751 1949 2018 2020 prother

439 2041 686 2095 ostendit
737 2042 964 2110 populo,
996 2043 1388 2098 demonstrans
1441 2044 1545 2097 hoc
1594 2042 1775 2111 signo,
1826 2056 2021 2094 ascen-

438 2136 589 2192 disse
645 2137 1032 2207 imperatorem
1089 2138 1142 2192 in
1195 2137 1524 2192 oratorium.
1581 2137 1684 2198 ilic
1725 2145 1908 2190 autem
1962 2134 2020 2189 in

437 2229 707 2292 oratorio,
759 2229 804 2282 si
861 2229 1168 2298 imperator
1200 2241 1297 2283 aut
1336 2244 1498 2284 suum
1551 2228 1727 2299 ipsius
1759 2237 2018 2293 stemma,

437 2329 536 2375 aut
569 2319 799 2388 aliquod
847 2320 1000 2374 aliud
1049 2330 1334 2390 gestamen
1367 2335 1530 2375 suum
1564 2328 1883 2390 gestaturus
1912 2328 2020 2385 est,

440 2413 920 2484 protovestiarius,
951 2411 1219 2482 inquam,
1261 2412 1434 2468 sumit
1484 2412 1618 2466 illud
1673 2427 1703 2466 a
1748 2412 2023 2468 ministris

441 2505 708 2569 rucharii,
741 2514 799 2558 et
830 2504 1155 2572 imperatori
1189 2503 1356 2558 tradit
1389 2525 1401 2558 :
1437 2518 1618 2573 neque
1650 2503 1705 2556 id
1751 2503 1930 2556 solum
1963 2501 2018 2556 in

441 2604 691 2665 tempore
722 2593 996 2665 ejusmodi
1049 2595 1313 2648 festorum
1346 2595 1584 2658 dierum,
1630 2605 1821 2649 verum
1851 2595 2022 2649 etiam

439 2701 661 2756 semper
689 2687 764 2740 ita
797 2687 953 2743 facit.
1017 2687 1074 2740 Id
1109 2702 1243 2741 vero
1277 2688 1446 2744 etiam
1483 2686 1771 2757 proprium
1826 2697 1881 2742 et
1908 2687 2024 2740 sin-

439 2780 628 2848 gulare
659 2780 847 2844 habet,
879 2779 1028 2850 quod
1071 2781 1119 2834 si
1177 2780 1305 2850 quid
1353 2781 1598 2834 alienum
1653 2781 1875 2844 viderit,
1931 2787 2027 2832 aut

441 2873 642 2935 lutum,
681 2880 777 2926 aut
815 2872 946 2941 quid
985 2872 1135 2926 aliud
1177 2873 1243 2926 ad
1289 2873 1644 2942 imperatoris
1673 2883 1906 2938 vestem,
1933 2875 2028 2930 de-

442 2979 656 3033 ponens
687 2964 779 3018 ille
818 2966 1140 3030 umbellam,
1176 2975 1272 3020 aut
1305 2975 1521 3033 tegmen
1555 2965 1754 3034 capitis
1787 2967 1896 3029 sui,
1934 2981 2029 3020 ex-

444 3064 593 3111 tenta
623 3072 786 3110 manu
822 3056 985 3122 tollit,
1017 3071 1111 3111 aut
1140 3067 1340 3128 purgat
1368 3057 1506 3111 illud
1539 3073 1649 3112 non
1681 3066 1924 3128 rogatus.
1953 3057 2029 3112 Ex

440 3149 705 3203 omnibus
736 3165 868 3205 vero
901 3150 1024 3204 aliis
1064 3149 1413 3221 principibus
1448 3165 1612 3206 nemo
1642 3151 2026 3206 auctoritatem

445 3241 610 3296 habet
663 3242 900 3297 faciendi
954 3242 1123 3305 istud,
1157 3242 1256 3297 sed
1300 3243 1392 3297 ille
1437 3243 1611 3297 solus.
1653 3241 1904 3296 Pitaticia
1944 3251 2030 3296 est

443 3352 588 3405 opus
619 3349 650 3389 e
682 3335 998 3405 margaritis
1050 3350 1175 3391 cum
1228 3333 1468 3400 limhria,
1517 3335 1573 3388 in
1623 3333 2027 3403 longitudinem

445 3428 634 3481 minus
665 3426 963 3495 spithama,
989 3426 1046 3479 in
1079 3424 1433 3480 latitudinem
1462 3432 1645 3478 autem
1675 3425 1878 3493 palmo,
1907 3437 2031 3492 quas

445 3534 538 3573 rex
576 3519 859 3572 Medorum
889 3517 1162 3586 gestabat,
1189 3517 1550 3586 similiterque
1573 3515 1808 3585 judices,
1831 3529 2029 3584 quem-

444 3611 745 3666 admodum
800 3609 932 3663 olim
1008 3607 1185 3663 duces
1230 3607 1512 3662 exercitus
1560 3607 1852 3676 gestabant
1917 3615 2030 3659 tor-

445 3718 605 3772 ques,
644 3702 914 3756 honorem
948 3700 1196 3769 ipsorum
1227 3699 1693 3754 demonstrantes.
1721 3698 1795 3750 Τὸ
1835 3696 2030 3768 ροὗχον

445 3809 706 3863 suprema
737 3793 930 3856 vestis,
977 3791 1190 3861 Species
1237 3790 1408 3845 vestis
1436 3806 1466 3845 e
1495 3789 1788 3846 Germania
1832 3804 2032 3858 appor-

449 3898 584 3952 tata,
633 3885 784 3941 unde
863 3884 1257 3940 Germanicum
1310 3900 1512 3938 nomen
1568 3884 1819 3946 retinuit,
1870 3881 2029 3936 Rork.

449 3980 588 4034 Ilinc
643 3980 964 4048 ρουχαρεῖον
1031 3977 1352 4030 vestiarium
1411 3975 1636 4045 speciali
1714 3975 1940 4028 nomine
1999 3990 2030 4028 a

446 4070 775 4139 Curopalata
829 4068 1182 4138 appellatur,
1218 4068 1347 4138 quia
1408 4067 1574 4122 latius
1627 4076 1778 4138 patet
1830 4051 2031 4122 nomen

447 4159 693 4214 vestiarii
726 4159 873 4230 apud
901 4158 1241 4213 recentiores
1268 4157 1507 4212 Graecos.

524 4250 994 4316 l’rotovestiarius,
1027 4263 1084 4306 ut
1114 4267 1339 4322 agamus
1374 4250 1700 4315 dilucidius,
1745 4250 1897 4320 regio
1943 4265 2032 4303 ve-

448 4345 603 4400 stitui
637 4355 894 4415 praeerat,
934 4346 1080 4415 quod
1112 4345 1276 4398 hodie
1309 4345 1780 4399 cubiculariorum
1814 4342 2035 4396 videtur

452 4453 677 4491 munus.
717 4437 871 4506 δεῖρε
921 4437 1087 4489 rebus
1137 4435 1358 4488 maximi
1394 4433 1658 4488 momenti
1695 4431 2036 4486 adhibeban-

2195 1954 2529 2024 Δομέστικος
2551 1953 2650 2023 τῆς
2677 1949 2978 2022 τραπέζης,
3012 1947 3242 2017 dapifer,
3278 1953 3377 1999 aut
3407 1942 3589 1999 simile
3613 1939 3712 1994 ha-

2128 2048 2264 2101 bens
2289 2045 2552 2110 oliicium,
2594 2053 2654 2098 ut
2683 2042 2959 2126 suspicor.

2196 2137 2590 2207 Δρουγγάριος,
2623 2134 2967 2204 drungarius.
2998 2128 3287 2202 Δρουγγὰς
3313 2143 3414 2181 seu
3451 2126 3716 2196 δρουγγὸς

2125 2230 2407 2286 Orientale
2440 2243 2662 2292 nomen,
2691 2234 2897 2282 coetum
2926 2223 3215 2278 hominum
3247 2237 3354 2273 una
3390 2234 3715 2273 commean-

2129 2324 2265 2377 tium
2296 2319 2636 2390 signilicans,
2679 2325 2736 2371 et
2783 2324 2964 2371 castus
3009 2313 3157 2367 illius
3188 2311 3456 2381 princeps
3487 2319 3717 2362 voratur

2127 2417 2358 2485 dargon,
2403 2411 2486 2466 vel
2520 2411 2754 2479 dorgon,
2783 2423 2849 2460 ex
2883 2422 2994 2474 quo
3019 2403 3354 2472 drungarius
3387 2403 3529 2456 laeta
3552 2415 3719 2470 cpeno

2132 2507 2275 2562 thesi
2310 2504 2402 2558 τοῦ
2435 2522 2462 2556 ν
2492 2517 2593 2572 pro
2627 2518 2661 2568 γ
2689 2499 2989 2570 geminato.
3033 2496 3269 2562 Quidam
3306 2504 3516 2548 vocant
3543 2492 3718 2546 tribu-

2129 2617 2260 2654 num
2292 2598 2553 2652 militum.
2583 2596 2840 2662 Drungus
2869 2591 3094 2663 globqu
3129 2588 3430 2660 significat,
3472 2587 3552 2641 ait
3581 2587 3722 2639 Tur-

2128 2692 2330 2746 nebius
2347 2690 2490 2743 libro
2507 2687 2772 2742 vicesimo
2793 2694 2993 2754 quarto
3007 2683 3189 2751 capite
3209 2680 3479 2737 vicesimo
3501 2679 3635 2749 quin
3647 2687 3720 2732 to.

2131 2783 2398 2852 Vopiscus
2434 2782 2488 2836 in
2525 2780 2708 2835 Probo
2743 2775 3174 2844 :Triumphavit
3224 2772 3293 2827 de
3328 2771 3630 2828 Germanis
3669 2780 3725 2826 et

2132 2877 2376 2940 Blemils,
2403 2874 2650 2930 omnium
2679 2872 2925 2942 gentium
2949 2869 3220 2936 drungos,
3259 2882 3444 2936 usque
3467 2867 3534 2921 ad
3560 2865 3723 2934 quin-

2132 2969 2388 3038 genarios
2423 2966 2682 3019 homines
2720 2973 2849 3018 ante
2879 2959 3219 3028 triumphum
3249 2957 3438 3013 duxit.
3465 2957 3727 3028 Vegetius

2133 3063 2278 3118 libro
2311 3060 2476 3114 tertio
2503 3057 2685 3127 capite
2735 3054 2956 3110 decimo
2985 3062 3140 3107 sexto
3170 3068 3186 3104 :
3212 3051 3378 3107 Scire
3406 3051 3574 3106 debet
3618 3051 3728 3103 dux

2137 3154 2402 3217 hostium,
2454 3161 2649 3206 contra
2699 3162 2840 3218 quos
2889 3146 3136 3215 drungos
3192 3144 3368 3210 (male
3422 3145 3730 3214 scriptum.

2135 3245 2384 3312 drnuos),
2407 3244 2511 3297 hoc
2527 3250 2633 3304 est,
2656 3239 2848 3310 globos
2869 3239 3136 3302 hostium,
3163 3252 3304 3307 quos
3326 3239 3558 3308 equites
3574 3252 3730 3307 opor-

2105 3344 2248 3396 Ltcat
2277 3349 2502 3404 ponere.
2555 3333 2694 3386 Ilinc
2751 3329 3098 3400 Drungarius
3139 3329 3321 3400 biglae,
3383 3328 3732 3399 Drungarius

2131 3428 2348 3492 classis,
2397 3427 2491 3497 qui
2565 3435 2811 3496 praesunt
2849 3423 3028 3494 globis
3080 3423 3310 3491 vigilum
3385 3432 3442 3478 et
3498 3422 3728 3478 classia-

2134 3521 2366 3576 riorum.

2209 3615 2282 3667 De
2317 3613 2419 3667 hac
2445 3625 2582 3666 voce
2611 3609 2980 3666 Leunclavius
3015 3609 3068 3663 in
3098 3607 3366 3662 Pandecte
3389 3609 3461 3661 ad
3485 3605 3729 3662 Annales

2136 3704 2381 3758 Turcicos
2411 3719 2428 3756 :
2463 3701 2618 3764 Dico,
2651 3701 2849 3754 Turcis
2895 3698 3182 3767 Agelarios
3212 3712 3336 3752 esse
3384 3714 3484 3753 sua
3517 3700 3728 3760 linana,
3800 3707 3803 3710 '

2135 3797 2228 3867 qni
2254 3795 2461 3851 Graecis
2486 3803 2646 3848 erant
2682 3794 2764 3847 vel
2798 3792 3118 3862 Drungarii,
3165 3791 3253 3844 vel
3291 3791 3592 3845 Druncarii
3628 3805 3729 3860 po-

2137 3891 2269 3945 tius.
2299 3891 2407 3944 Eos
2433 3887 2544 3942 Leo
2571 3889 2803 3956 Sapiens
2829 3889 3110 3956 Augustus
3131 3885 3185 3938 in
3216 3885 3364 3938 libro
3390 3901 3496 3940 suo
3529 3885 3601 3936 De
3632 3901 3734 3953 ap-

2135 3981 2406 4050 paratibus
2433 3978 2650 4040 bellicis,
2690 3977 2871 4046 capite
2893 3976 2946 4041 5,
2972 3991 3127 4028 num.
3165 3974 3258 4039 4‘2,
3307 3974 3380 4028 45
3407 4015 3424 4041 ,
3459 3975 3532 4028 45
3553 4013 3569 4039 ,
3600 3974 3729 4027 olim

2135 4071 2316 4126 dictos
2368 4069 2537 4124 fuisse
2591 4067 2757 4122 tradit
2815 4065 3194 4129 chiliarchos,
3245 4066 3396 4133 quod
3454 4066 3733 4120 militibus

2137 4163 2289 4216 mille
2325 4167 2627 4230 prmessent
2658 4176 2671 4212 :
2705 4166 2760 4212 et
2785 4157 3056 4212 druneum
3095 4155 3508 4210 chiliarchiam.
3549 4156 3734 4210 Latini

2137 4253 2476 4307 (biliarclios
2501 4250 2772 4306 vocabant
2811 4248 3087 4313 tribunos,
3133 4247 3225 4314 qui
3273 4263 3428 4302 nunc
3470 4248 3737 4303 colone-lli

2137 4356 2287 4400 sunt.
2321 4344 2603 4399 Druncum
2626 4343 2731 4410 (sic
2759 4342 2907 4396 enim
2937 4339 3330 4409 pronuntiabat
3365 4340 3615 4411 Zygoma
3643 4359 3730 4404 as,

2139 4445 2197 4488 et
2223 4435 2611 4496 drunearium,
2671 4448 2781 4485 non
2824 4432 3097 4499 drungum
3129 4467 3144 4493 ,
3188 4429 3272 4482 vel
3337 4429 3740 4500 drungarium,

455 4545 566 4594 ιυτν
602 4541 658 4584 ει
691 4545 776 4584 res
803 4544 900 4599 per
931 4542 1028 4581 eos
1057 4543 1167 4580 non
1196 4525 1452 4595 vulgares
1485 4524 1844 4610 gerebantur,
1882 4531 1943 4575 ut
1976 4523 2029 4574 in
2065 4543 2107 4596 υ
2139 4529 2286 4598 quod
2330 4529 2494 4598 vulgo
2531 4527 2646 4581 ﬁeri
2685 4526 2850 4594 solet)
2901 4523 2982 4578 sic
3031 4522 3370 4592 appellatum
3423 4525 3683 4579 arbitror
3711 4540 3743 4580 a

455 4623 744 4692 Lecapeno
803 4629 862 4676 et
913 4618 1097 4674 Leone
1140 4616 1328 4672 Basilii
1360 4617 1473 4670 lilio
1525 4615 1671 4686 apud
1719 4613 2032 4678 Cedrenum

456 4715 648 4768 videre
677 4721 782 4768 est.
825 4713 882 4767 ln
930 4711 1338 4775 Constantino,
1390 4709 1622 4764 Romani
1679 4708 1791 4762 lilio
1845 4716 2035 4776 proto-

457 4807 706 4864 vestiarii
737 4805 976 4876 dignitas
1010 4805 1261 4874 proxima
1294 4818 1324 4858 a
1356 4803 1658 4858 domestico
1699 4800 2034 4861 scholarum,

456 4912 515 4956 et
541 4900 882 4963 accubitore,
906 4898 1067 4967 higla:
1093 4896 1397 4968 drungario
1414 4895 1671 4964 superior
1698 4879 2034 4947 ostenditur.

458 4993 671 5058 Inveni,
699 4993 792 5063 qui
822 4991 1114 5054 scriberet,
1168 4987 1657 5060 protovestiarium
1707 4985 1879 5041 fuisse
1913 4985 2038 5038 the-

453 5083 788 5147 sanrarium,
844 5097 942 5136 seu
977 5082 1238 5134 thesauro
1273 5078 1621 5149 praefectum,
1651 5077 1782 5147 quia
1815 5074 2039 5146 βεστιά-

458 5195 575 5248 ριον
600 5175 854 5229 aerarium
892 5181 1144 5236 vocetur,
1187 5187 1283 5227 seu
1322 5170 1568 5226 thesauri
1623 5169 2035 5239 repositorium,

455 5271 724 5340 ταμιεῖον.
759 5267 914 5333 Quod
951 5281 1053 5337 ego
1078 5265 1303 5336 quidem
1333 5265 1387 5318 in
1439 5264 1626 5334 aliquo
1655 5263 1743 5317 vel
1787 5271 2037 5324 auctore,

457 5363 544 5416 vel
571 5360 838 5431 glossario
869 5360 1112 5412 nondum
1147 5358 1275 5428 legi.

530 5452 923 5523 Δικαιοφύὶαξ.
951 5453 1032 5505 Ad
1067 5451 1298 5505 verbum
1327 5491 1342 5515 ,
1395 5461 1567 5504 custos
1603 5449 1777 5518 legum
1802 5458 1852 5502 et
1873 5449 2039 5519 juris,

456 5545 529 5600 de
560 5561 671 5614 quo
700 5545 1023 5615 magistratu
1059 5543 1199 5595 nihil
1242 5541 1410 5596 habet
1437 5540 1786 5610 CurOpalata.

531 5639 942 5709 Λογαριὰστης,
981 5636 1317 5706 logariastes.
1350 5636 1389 5687 Α
1427 5633 1768 5702 Curopalata
1795 5631 2042 5694 additur,

387 5796 406 5811 .
460 5731 560 5801 τῆς
588 5731 782 5800 αὐλῆς,
810 5732 970 5796 aulae,
1003 5745 1101 5784 seu
1129 5728 1341 5799 palatii.
1375 5727 1644 5781 Rationes
1669 5725 1770 5780 init
1791 5726 2040 5779 omnium

463 5823 932 5892 Stipendiatorum
966 5825 1060 5894 qui
1092 5824 1150 5878 in
1181 5822 1305 5877 aula
1336 5829 1490 5885 sunt,
1526 5819 1571 5874 si
1601 5818 1733 5888 quid
1762 5817 1919 5873 deest
1945 5818 2042 5872 ulli

2142 4633 2360 4685 trunco,
2403 4623 2516 4676 sive
2551 4620 2770 4680 baculo,
2803 4619 2918 4672 sive
2953 4628 3173 4686 sceptro
3207 4633 3220 4668 :
3255 4618 3744 4685 quemadmodum

2140 4715 2418 4783 hodieque
2467 4715 2836 4783 regimentum
2878 4718 3142 4764 vocamus
3172 4718 3280 4761 tam
3314 4709 3499 4777 ipsius
3527 4711 3744 4766 tribuni

2141 4807 2396 4861 baculum
2449 4806 2640 4876 (vitem
2689 4803 2881 4857 dixere
2933 4812 3068 4870 puto
3115 4799 3368 4866 Romani)
3415 4817 3592 4870 quem
3641 4818 3746 4858 ceu

2143 4901 2495 4970 magistratus
2523 4898 2738 4964 insigne
2767 4901 2965 4965 gestat,
2994 4907 3160 4962 quam
3204 4892 3361 4948 illum
3418 4895 3746 4964 signorum,

2147 4996 2496 5062 militumque
2533 5003 2846 5048 numerum,
2877 4987 2971 5056 qui
3005 4985 3072 5040 ad
3097 4985 3565 5040 constituendum
3601 4991 3751 5056 regi-

2143 5098 2390 5140 mentum
2418 5082 2744 5154 requiritur.
2777 5079 3021 5149 ideoque
3057 5078 3305 5132 druncus
3333 5087 3423 5132 est
3455 5081 3749 5150 regimen-

2146 5186 2260 5229 tum
2292 5157 2531 5228 militum
2558 5211 2572 5238 ,
2616 5172 2776 5240 cuius
2827 5178 2994 5240 caput
3048 5176 3132 5223 est
3185 5167 3572 5236 druucarius,
3611 5172 3751 5225 olim

2147 5266 2426 5330 tribunus,
2462 5278 2612 5318 nunc
2661 5263 2989 5328 colonellus,
3037 5269 3134 5314 aut
3180 5259 3484 5329 regimenti
3542 5264 3752 5332 praete.

2145 5367 2288 5412 ctus.

2224 5451 2415 5519 Μέγας
2459 5449 2838 5518 ἑταιριάρχης,
2871 5459 3095 5515 magnus
3124 5441 3439 5496 sodalitatis
3471 5447 3751 5515 princeps.

2148 5550 2452 5614 Antequam
2479 5560 2509 5597 e
2536 5542 2674 5596 cella
2703 5557 2799 5594 sua
2831 5542 3130 5608 imperator
3151 5546 3334 5618 exeat,
3367 5541 3758 5604 protovestia-

2148 5639 2283 5692 rites
2318 5636 2476 5690 adest
2506 5635 2558 5689 in
2593 5633 2833 5686 triclinio
2864 5646 2989 5686 cum
3028 5644 3225 5699 magno
3262 5627 3650 5683 hetaeriarcha
3701 5640 3758 5683 et

2149 5728 2471 5799 primicerio
2515 5727 2675 5780 aulzc.
2724 5726 3023 5791 Postquam
3075 5737 3203 5776 vero
3236 5737 3513 5791 egressus
3555 5738 3664 5787 est,
3703 5734 3762 5778 et

2147 5818 2400 5874 constitit
2436 5819 2758 5887 imperator,
2798 5813 3094 5884 egrediens
3129 5813 3635 5882 protovestiarites
3663 5832 3762 5868 ac-
