1981 3221
135 206 168 239 tt
730 206 1003 239 HISTORIAle
1025 208 1142 237 LIBER
1166 208 1189 237 t.
1746 200 1794 241 tu?

139 267 226 294 tersit
257 266 487 295 honoratissimus
505 265 644 301 principes
667 266 700 292 ad
728 266 968 296 circumstatio-A
1018 265 1113 298 Μέγας
1123 264 1195 296 δοίιξ,
1219 273 1332 300 "mgnus
1363 265 1428 292 dux.
1454 260 1692 298 Quemadmodum
1722 275 1782 294 ma.

142 321 216 340 nem.
233 313 306 348 Lege
320 318 431 344 caetera,
449 316 477 340 ct
495 311 575 339 infra.
593 312 642 340 llic
656 319 721 339 vero
730 312 835 347 exeipit
851 313 934 339 etiam

142 359 274 395 perfugas
290 360 469 388 advenientes
489 367 523 387 ex
544 360 617 386 omni
634 364 724 394 parte,
739 367 772 387 ac
788 364 935 394 propterea

143 407 227 434 etiam
246 407 441 434 hetmriarches
456 406 625 438 nominatur,
633 406 710 434 velut
722 406 864 441 éuipou;,
875 406 934 433 sive

145 453 253 480 amicos
269 452 421 486 excipiens.

184 500 334 535 Βαράγγοι,
350 499 474 535 barangi.
500 499 528 526 lu
552 499 622 526 festo
638 498 774 526 Occursus
790 498 934 533 (Puriftea-

151 546 245 580 tionis)
262 545 378 572 discedit
398 545 545 580 itnperator
561 537 602 572 lin
631 545 845 572 Blachernarum
866 548 935 570 tem-

150 593 235 626 plum,
251 592 376 628 barangis
392 599 500 626 quoque
516 591 708 626 sequentibus.
723 593 811 625 Atque
830 590 856 617 hi
872 590 933 625 qui-

149 640 211 666 dem
235 639 335 673 ubique
357 638 547 673 imperatorem
570 638 741 673 equitantem
757 644 933 672 prosequun-

149 691 205 717 tur.
235 685 352 712 ferentes
372 684 496 712 humeris
515 691 629 712 secures
656 691 730 711 suas.
759 683 845 710 Erant
867 691 933 718 ergo

149 732 288 765 custodes,
305 732 449 763 satellites,
465 735 512 759 aut
531 731 680 766 stipatores
697 730 873 765 imperatoris
893 730 934 756 hi-

152 777 307 814 pennileri;
333 785 429 805 eorum
452 777 599 813 praefectus
623 781 687 804 ante
704 777 767 805 illos
786 776 933 811 imperato-

150 834 207 852 rem
228 825 402 860 sequebatur.
417 830 445 852 et
461 824 523 851 ideo
536 824 682 855 ἀκόλουθος
695 824 850 851 dicebatur.

186 872 348 906 Πιγκέρ-.η;,
363 871 500 906 pincerna,
522 878 537 897 a
554 869 672 905 poculis.
685 869 763 903 Quod
778 870 799 897 si
814 869 933 904 impera-

150 922 235 944 torem
256 920 364 952 oportet
383 915 490 948 bibere,
515 915 647 950 pincerna
674 915 812 943 ministrat
826 915 893 942 illud
924 924 932 942 :

150 971 181 990 ac
207 970 260 990 non
277 962 376 989 diebus
390 961 466 989 festis
481 962 580 994 solum,
605 970 702 989 verum
722 962 804 990 etiam
822 969 932 996 semper

150 1008 315 1042 imperatore
329 1006 421 1034 cibum
432 1011 558 1034 sumente
576 1007 685 1039 miscet,
702 1007 724 1034 si
742 1014 864 1042 praesens
878 1011 930 1034 est.

149 1056 188 1080 Ae
203 1058 294 1080 vetere
310 1051 422 1087 quidem
447 1060 523 1080 tnore
539 1052 585 1079 hic
600 1056 677 1080 extra
692 1052 832 1080 civitatem
847 1053 933 1088 impe-

148 1104 269 1126 ratorem
293 1106 410 1134 sequens
436 1098 543 1126 ferebat
568 1098 699 1133 poculum
720 1092 871 1133 castrense,
887 1107 933 1127 αις

149 1150 212 1173 tena
236 1145 359 1172 vinetum
382 1153 391 1173 :
418 1148 449 1172 ut
463 1144 487 1171 si
510 1152 572 1171 cum
595 1151 666 1179 opus
686 1150 761 1173 esset
776 1145 881 1179 bibere,
899 1155 931 1173 ex

150 1192 235 1225 fonte,
256 1197 303 1219 aut
316 1190 399 1218 iluvio
415 1191 502 1223 daret,
518 1198 551 1218 ac
571 1190 690 1219 biberet.
709 1191 769 1219 Hoc
794 1196 887 1220 autem
903 1193 931 1220 in

95 1231 100 1234 ’
149 1238 292 1274 praesentia
305 1245 359 1265 non
376 1237 417 1264 fit.

187 1284 218 1310 '0
232 1284 278 1310 ἐπὶ
288 1284 339 1318 τῆς
348 1284 499 1320 τραπέζης,
512 1293 608 1312 meum
621 1284 770 1321 praefectus.
788 1284 934 1313 Serviebat

150 1331 229 1357 etiam
249 1329 409 1364 imperatori
434 1330 469 1357 ad
496 1337 630 1357 mensam.
658 1330 802 1358 Praebebat
817 1331 932 1358 missutn

150 1383 263 1411 magnus
292 1376 464 1404 domesticus
497 1376 604 1411 primus
629 1377 754 1411 proxime
783 1377 934 1413 imperato-

150 1430 205 1449 rem
222 1430 230 1448 :
246 1427 308 1457 post
331 1430 393 1449 eum
410 1422 578 1450 domesticus
594 1431 714 1456 mensas;
725 1428 762 1451 'et
782 1427 844 1459 post
859 1423 933 1452 hunc

149 1468 292 1503 praefectus
316 1476 429 1502 mense,
455 1472 483 1496 et
509 1476 570 1505 quae
585 1469 658 1504 apud
678 1469 872 1505 Curopalatam
887 1477 932 1497 se-

148 1520 281 1550 quuntur.

182 1561 345 1596 Δομέστικος
360 1561 487 1597 θεμάτων
498 1561 645 1596 ἑσπερίων,
657 1561 815 1590 domesticus
830 1564 933 1591 thema-

987 319 1057 346 guus
1074 311 1243 338 domesticus
1259 311 1397 347 princeps,
1415 317 1443 340 et
1464 317 1547 347 caput
1563 312 1597 340 ad
1618 313 1778 340 universum

987 358 1117 385 fossatum
1133 358 1210 393 (quid
1225 358 1261 386 sit
1275 358 1415 393 fossatum,
1426 366 1477 386 suo
1493 359 1554 387 loco
1568 359 1777 394 explicabitur),

986 404 1027 431 sic
1041 405 1124 431 etiam
1143 404 1188 432 hic
1205 404 1238 431 ad
1261 405 1422 432 universum
1442 413 1528 432 mare.
1547 405 1587 432 Ac
1602 406 1696 432 caeteri
1716 406 1779 441 qui-

986 451 1048 477 dem
1065 451 1205 486 principes
1220 451 1282 479 aliis
1299 451 1383 478 rebus
1400 452 1532 484 instituti,
1547 455 1577 479 ut
1593 453 1693 486 capita,
1709 460 1790 487 pra».

987 499 1079 525 ferunt
1112 502 1278 525 consuetum
1315 497 1492 532 imperatoris
1524 498 1703 531 ﬂammeum,
1731 504 1779 526 aut

985 544 1124 572 exercitus
1142 544 1299 571 ﬂammeum
1315 552 1377 571 ettm
1392 544 1486 579 ignitis
1504 544 1578 572 telis.
1594 545 1708 579 Magnus
1723 545 1780 571 dux

985 595 1097 617 contttm
1113 590 1226 625 praefert
1240 590 1418 624 imperatoris
1430 591 1578 618 insidentis
1589 598 1672 626 equo.
1691 591 1780 619 Habet

985 642 1078 664 autem
1093 637 1233 671 subjectos
1249 636 1302 663 sibi
1324 644 1454 672 maguum
1472 636 1652 672 drungarium
1671 636 1778 668 classis,

985 682 1159 715 ameraliutn,
1186 687 1240 710 etc.
1272 682 1339 710 Vide
1372 682 1578 718 Curopalatatn,
1602 687 1630 710 et
1657 683 1781 711 scholia-

985 736 1058 756 sten.

1022 774 1264 810 Πρωτοσέόαστος,
1281 775 1491 810 ρνὶηιαιιθιιειιιε.
1520 774 1632 801 Nullqu
1652 774 1780 803 ministe-

985 821 1056 849 rium
1075 821 1170 853 habet,
1186 822 1249 855 quia
1264 829 1319 848 non
1334 820 1441 849 functio
1456 826 1499 849 est
1516 820 1619 856 palatio
1635 821 1778 849 militans:

984 867 1032 895 sed
1061 867 1180 903 dignitas
1200 867 1360 900 honoraria,
1380 875 1464 903 quam
1482 875 1537 895 non
1563 868 1709 896 ministerii
1732 873 1781 896 aut

985 914 1093 941 ordinis
1106 915 1258 942 necessitas
1273 914 1348 946 facit,
1365 913 1414 942 sed
1430 914 1609 949 imperatoris
1625 915 1747 941 εὐδοκία.

1030 960 1126 994 Μέγας
1162 960 1360 1001 χιξρτουλάριος
1380 980 1389 992 ,
1410 988 1417 994 ,
1434 968 1547 995 magnus
1586 960 1779 988 clturtulrtrius.

986 1005 1094 1041 Equum
1108 1006 1285 1041 imperatoris
1299 1014 1314 1033 a
1326 1011 1527 1042 protostratore
1536 1011 1711 1041 susceptum,
1724 1011 1779 1034 etc.

986 1052 1054 1080 Vide
1089 1060 1151 1088 quae
1189 1060 1271 1088 supra
1303 1053 1331 1080 in
1364 1057 1567 1088 protostratore
1597 1052 1671 1080 dicta
1703 1058 1778 1080 sunt.

987 1098 1167 1127 Stallmeister
1182 1099 1330 1127 Germanis
1352 1099 1407 1127 dici
1424 1104 1504 1134 putat
1528 1100 1702 1127 scholiastes.
1728 1099 1780 1127 Zoc

987 1153 1068 1172 naras
1081 1145 1109 1172 in
1129 1145 1222 1173 Leone
1238 1145 1345 1178 Isauro,
1368 1150 1444 1173 tomo
1460 1145 1543 1173 tertio
1558 1145 1707 1172 Annalium
1725 1153 1777 1181 po-

987 1191 1153 1219 sterioribus
1170 1192 1344 1227 temporibus
1356 1191 1403 1218 τὸν
1416 1191 1471 1218 τῶν
1488 1191 1638 1227 βασιλικῶν
1661 1192 1778 1218 ἱπποκό-

989 1247 1047 1273 μων
1062 1238 1262 1266 ἐπιστατοῦντα
1275 1239 1445 1273 appellatum
1467 1239 1562 1267 tradit.

1023 1286 1208 1321 Πριμικήριος
1230 1285 1346 1324 «αὐλῆς.
1384 1285 1455 1313 aula
1482 1286 1656 1321 primicerius.
1689 1285 1779 1313 Habet

987 1332 1099 1367 quidem
1113 1332 1140 1359 in
1156 1332 1385 1359 circumstationo
1411 1332 1695 1366 adtninistrationem,
1712 1340 1781 1368 quas

986 1379 1040 1407 lem
1058 1383 1122 1406 ante
1141 1379 1275 1410 diximus,
1289 1378 1387 1406 ordine
1401 1386 1469 1406 vero
1480 1379 1598 1407 collocat
1612 1379 1696 1406 etiam
1720 1387 1781 1406 om-

987 1433 1036 1453 nes
1061 1424 1109 1459 qui
1136 1424 1164 1452 in
1197 1425 1259 1452 aula
1282 1429 1357 1452 sunt.
1380 1423 1415 1452 Ut
1449 1425 1523 1451 enitn
1544 1424 1671 1460 princeps
1698 1433 1780 1452 suum

987 1472 1104 1507 quisque
1117 1476 1145 1499 et
1159 1460 1342 1499 constitutum
1365 1471 1457 1499 locum
1485 1472 1520 1499 ad
1544 1471 1780 1500 circumstandum

988 1518 1072 1546 habet
1087 1526 1094 1545 :
1114 1517 1154 1546 sic
1167 1517 1251 1545 etiam
1270 1518 1384 1545 ordines
1400 1518 1447 1553 qui
1466 1518 1493 1545 in
1507 1518 1569 1545 aula
1585 1522 1661 1551 sunt,
1678 1518 1780 1554 singuli

987 1564 1129 1604 proprium
1146 1571 1227 1591 suum
1241 1564 1334 1591 locum
1349 1564 1489 1592 obtinent.

148 1612 203 1633 tum
230 1607 441 1635 occidentalium.
470 1607 535 1641 Quae
550 1607 678 1636 "ﬂorente
700 1609 793 1650 adhuc
814 1610 933 1645 ituperio
948 1626 969 1655 ο
1022 1609 1249 1647 Πρωτοκυνηγός,
1261 1615 1417 1638 venatorum
1438 1611 1569 1649 princeps,
1582 1611 1779 1646 jdgermeister.

127 1688 133 1693 .
151 1652 271 1680 Romano
286 1652 423 1688 τάγματα,
436 1652 494 1680 sive
509 1652 633 1688 legiones
644 1647 737 1687 dictat,
756 1655 933 1689 postmodum

150 1698 292 1726 imminuta
316 1697 433 1726 Heraelii
457 1698 629 1733 temporibus
658 1700 781 1728 Romana
795 1702 932 1736 potentia,

148 1749 176 1771 et
192 1749 320 1772 truncato
344 1744 462 1780 imperio
481 1744 610 1780 θεμάτων
630 1753 730 1774 nomen
753 1753 932 1782 acceperunt,

149 1796 274 1818 carentes
281 1791 338 1826 jam
354 1791 439 1819 veteri
454 1791 637 1826 amplitudine
650 1800 710 1820 sua.
725 1793 932 1822 Videlibellum

147 1837 318 1865 Constantini
334 1838 600 1873 Porphyrogennetae
613 1839 647 1867 de
662 1840 852 1874 Thematibus,
874 1841 932 1869 sive

149 1884 182 1912 de
205 1884 360 1919 agminibus
385 1885 550 1912 militaribus
566 1893 615 1920 per
633 1887 779 1921 itnperium
797 1888 932 1915 orientale

148 1931 312 1960 distributis.
339 1931 390 1958 Hic
410 1932 555 1966 praefectus
575 1932 766 1966 hujuscemodi
791 1935 931 1968 agminum

150 1985 198 2012 ρει·
229 1978 383 2006 Occidentis
417 1979 501 2007 urbes
534 1979 748 2007 distributorum
776 1980 932 2015 intelligen-

148 2023 199 2050 dus
216 2028 269 2051 est.

181 2070 273 2104 Μέγας
284 2070 433 2106 διοικητὴς,
447 2080 558 2107 magnus
573 2073 786 2107 administrator,
801 2075 852 2100 sive
870 2082 932 2107 pro-

146 2120 263 2143 curator.
283 2116 356 2143 Nihil
373 2117 407 2144 de
425 2117 477 2145 hoc
490 2118 666 2153 Curopalata.

158 2215 757 2226 ‘_.——.._..—._——__

987 1656 1156 1692 lmperatore
1174 1657 1378 1685 eonscendente
1393 1665 1495 1692 equum
1522 1665 1605 1685 nemo
1624 1657 1696 1685 alius
1708 1665 1780 1692 prte-

989 1708 1031 1732 ter
1058 1704 1132 1731 hunc
1152 1703 1269 1738 stapiam
1290 1707 1365 1731 tenet
1385 1711 1448 1732 cum
1472 1711 1593 1739 praesens
1608 1709 1659 1732 est.
1677 1705 1780 1732 Przeest

989 1757 1054 1778 vero
1069 1749 1104 1778 iis
1120 1749 1311 1782 venatoribus,
1334 1750 1384 1786 qui
1404 1754 1549 1778 curatores
1562 1758 1664 1778 canum
1684 1750 1780 1786 appel-

987 1796 1091 1824 lantur.
1113 1796 1192 1830 Quod
1207 1796 1230 1825 si
1249 1796 1361 1832 quando
1383 1797 1573 1832 imperatoris,
1600 1805 1664 1825 cum
1688 1797 1716 1825 in
1732 1804 1779 1824 ve-

987 1842 1101 1870 natione
1131 1846 1182 1874 est,
1217 1847 1322 1870 vestem
1350 1842 1471 1877 aliquam
1498 1842 1633 1877 sanguine
1667 1842 1778 1877 aspergi

988 1889 1155 1923 contigerit,
1184 1896 1245 1916 eam
1280 1889 1325 1916 hic
1350 1894 1464 1916 venator
1499 1889 1599 1924 accipit
1625 1897 1657 1916 ex
1690 1889 1778 1916 bette-

988 1934 1060 1962 ﬁcio.

1023 1981 1152 2016 Πρμίτωρ
1172 1981 1271 2016 δήμου,
1303 1986 1402 2017 prwlor
1420 1982 1521 2016 populi.
1539 1981 1648 2009 Nullam
1663 1980 1780 2007 admini-

987 2028 1147 2055 strationem
1161 2028 1244 2056 habet
1267 2030 1294 2055 in
1307 2029 1378 2063 {aula
1395 2029 1527 2063 palatina,
1545 2028 1592 2056 sed
1607 2028 1634 2056 itt
1656 2027 1737 2059 urbe,
1751 2030 1779 2053 et

988 2073 1119 2100 urbanam
1133 2074 1232 2102 soluat.

842 2300 1076 2340 LECTORI.

185 2381 264 2409 Nilus
279 2387 303 2409 et
317 2381 499 2410 Christotlulus
515 2384 579 2417 ﬁcta
594 2385 701 2411 nomina
718 2389 792 2416 sunt,
818 2384 908 2418 qualia
926 2384 996 2418 apud
1021 2389 1116 2410 veteres
1134 2385 1160 2410 in
1190 2383 1303 2417 dialogis
1324 2387 1349 2408 et
1371 2382 1488 2416 epistolis
1508 2383 1634 2417 Plurima.
1653 2384 1779 2411 Christo-

148 2428 227 2454 dulu:
243 2430 306 2455 mihi
324 2428 521 2457 Caulacuzeuus
537 2435 585 2463 est,
612 2435 701 2465 utpote
729 2431 773 2465 qui
799 2431 870 2457 curis
898 2431 1046 2457 illustribus
1069 2431 1220 2465 defunrtus,
1239 2431 1406 2464 decursisque
1429 2431 1487 2456 vita:
1504 2432 1631 2463 palalluw
1646 2431 1779 2464 male/illis

149 2476 298 2509 honoribus,
317 2478 421 2504 Christo
439 2479 540 2511 sibique
555 2480 580 2505 in
599 2483 734 2513 posterum
749 2487 844 2505 vacare
859 2484 992 2509 statuens,
1009 2479 1123 2505 nobilem
1141 2478 1218 2504 illam
1237 2479 1390 2504 seruitutem
1406 2478 1545 2513 amplexus
1564 2484 1611 2511 est,
1629 2488 1687 2513 qutv
1704 2488 1778 2506 mera

151 2523 201 2550 viri
218 2524 343 2558 sapientis
365 2525 471 2552 libertas
486 2525 575 2552 haberi
595 2526 677 2552 debet.
700 2525 789 2557 Nilus,
810 2535 824 2551 a
842 2534 893 2560 quo
909 2534 935 2550 se
953 2525 987 2551 ad
1011 2525 1177 2551 scribendum
1196 2524 1297 2559 impelli
1316 2524 1405 2560 ﬁngit,
1425 2526 1546 2552 monachi
1565 2534 1670 2557 nomen,
1686 2530 1713 2552 ut
1727 2528 1783 2553 tui-

151 2569 190 2596 ὐἱε
207 2569 309 2596 obvium
328 2575 375 2596 est.

330 2696 413 2723 NEIA
419 2697 463 2722 ΟΣ
482 2697 566 2723 ΧΡῘΣ
572 2697 739 2731 ΤΟΔΟΥΛῼ.

191 2752 299 2788 Ἐπειδή
317 2761 347 2779 σε
361 2753 502 2788 βούλεσῢαι
529 2752 587 2780 οἷδκ
606 2754 689 2788 μηδὲν
706 2754 760 2780 τῶν
792 2754 935 2789 ἡμετέρων

152 2800 269 2833 ἀγνοεῖν,
288 2801 311 2826 εἰ
327 2801 374 2826 καὶ
402 2800 486 2835 μηδὲν
504 2809 529 2827 τι
554 2803 677 2834 γενναῖον
701 2801 809 2835 ἔχοιμεν
834 2801 934 2834 λέγειν,

151 2846 200 2878 ἆγε
215 2844 301 2872 ἔνεστι
317 2847 422 2882 σιωπᾷν
434 2847 464 2872 οὐ
481 2846 571 2881 θέμις’
589 2845 666 2873 nisi):
690 2848 753 2877 τοὺς
769 2847 936 2881 περιπάτους

153 2891 197 2923 οὓς
225 2891 353 2919 ἑκάστοτε
379 2893 450 2927 μετὰ
472 2894 525 2919 τῶν
550 2893 635 2927 φίλων
660 2893 829 2927 ποιούμεθα·
851 2894 880 2919 ἐν
896 2891 936 2924 οἷς

153 2937 250 2970 πολλὰ,
263 2937 300 2964 τὰ
315 2938 364 2972 μὶν
379 2938 493 2973 σπουδῇ,
507 2939 541 2965 τὰ
555 2939 582 2965 δὲ
595 2939 689 2973 παιδιᾷ
703 2939 878 2974 προσήκοντα
891 2939 935 2965 λέ-

307 2985 442 3016 Pnnon.
468 2985 524 3016 Gn.
554 2985 651 3015 CLIII.

1162 2697 1182 2730 1
1202 2695 1308 2723 NILUS
1327 2693 1572 2723 CHRISTODULO
1592 2694 1620 2720 S.

1022 2754 1158 2787 Quoniam
1176 2754 1261 2789 probe
1279 2752 1336 2780 scio
1356 2757 1380 2780 te
1403 2760 1447 2779 res
1464 2757 1572 2778 nostras
1589 2758 1696 2781 omnes,
1710 2757 1779 2784 qua-

988 2802 1028 2829 les
1045 2802 1151 2836 quales.
1168 2800 1253 2828 etiam
1269 2808 1351 2827 avere
1376 2807 1553 2834 cognoscere,
1572 2798 1710 2824 desiderio
1732 2802 1779 2824 tuo

990 2855 1095 2875 morem
1112 2855 1204 2880 geram
1220 2857 1225 2873 :
1242 2852 1332 2874 tacere
1347 2847 1420 2873 enim
1438 2853 1491 2873 non
1508 2845 1583 2872 licet.
1600 2844 1629 2870 ln
1642 2843 1781 2884 quotidie,—

988 2893 1032 2920 nis
1046 2893 1293 2924 ambulationibus,
1310 2900 1389 2926 quas,
1412 2891 1484 2927 quod
1508 2894 1533 2916 te
1548 2896 1602 2915 non
1620 2888 1699 2923 fugit,
1715 2895 1777 2915 cum

988 2938 1333 2973 latniliaribusponlicere
1359 2936 1567 2965 consuevimus,
1595 2933 1674 2961 mttlti
1699 2933 1781 2961 nobis

1560 2981 1579 3011 2
