3962 6452
253 377 322 436 59
1120 355 1127 362 ’
1422 377 1836 438 ΠΙΞΤΟΠΙΛΙέ

1942 379 1969 438 ,1
2015 379 2250 442 LIBER
2291 380 2342 444 Ι.
2966 370 2968 372 ’
3445 387 3519 452 7ο

253 477 579 560 ἀναφανδόν.
613 491 814 565 Τοιγάρ
847 509 906 548 σε
943 491 1042 564 μὲν
1066 489 1314 548 ἐκϐαλεῖν
1343 491 1450 543 τῶν
1481 492 1684 576 ὅρκων,
1707 493 1834 546 ἀντι

1942 507 2048 547 non
2081 502 2134 550 te
2162 494 2356 551 eadem
2406 495 2588 568 palam
2638 497 2916 568 privatum
2963 497 3093 555 iret.
3124 497 3343 560 Etenim
3384 503 3521 573 quid

256 585 574 652 εισαγαγεῖν
625 583 685 638 δέ
731 583 790 638 ὃν
839 584 907 638 ἂν
945 583 1108 648 αὐτὸς
1149 583 1489 652 καταστήσῃ,
1514 582 1669 636 οὐδὲν
1696 583 1828 637 ἄλλο

254 676 510 730 δύνασθαί
572 692 667 747 μοι
712 677 879 731 δοκεῖ.
931 677 1027 730 Δεῖ
1051 676 1115 747 δή
1152 691 1212 729 σε
1259 673 1663 745 βουλεύσασθαι
1698 677 1830 746 περὶ

255 767 343 820 τοῦ
381 766 712 838 πράγματος
742 767 1006 832 συνετῶς·
1039 767 1102 822 οὐ
1133 766 1241 838 γὰρ
1287 764 1418 835 περὶ
1448 761 1688 838 ⁸μικρῶν
1735 769 1832 822 καὶ

255 859 753 928 εὖκαταφρονήτων
781 858 1077 930 βουλεύσῃ·
1117 856 1290 929 «nihil
1324 860 1506 921 καλῶς
1536 857 1718 930 ζῇννῆ
1754 857 1832 931 μὴ

255 953 466 1024 ἀτίμως
521 954 831 1010 ἀποθανεῖν.
879 955 1024 1025 Ἐγὼ
1077 953 1126 1008 δ’
1178 956 1416 1025 ἐμαυτὸν
1477 952 1704 1025 παρέξω
1747 970 1830 1006 σοι

257 1047 674 1116 προθυμότατον
705 1047 839 1118 πρὸς
874 1046 1022 1102 ἅπαν
1068 1047 1126 1101 τὸ
1174 1046 1649 1118 προσταττόμενον
1690 1044 1834 1099 ἑτοί-

262 1156 375 1208 μως
401 1138 598 1210 ἔχοντα
627 1137 704 1216 in};
732 1140 1034 1211 πράγματα
1067 1139 1229 1211 μόνον
1259 1141 1351 1194 καὶ
1374 1141 1653 1211 κτήματα,
1695 1138 1833 1192 ἀλλὰ

258 1233 350 1284 καὶ
380 1231 554 1304 αὐτὴν
585 1231 729 1302 ζωὴν
757 1232 896 1306 ὑπὲρ
927 1233 1027 1304 τῆς
1060 1232 1163 1301 σῆς
1188 1232 1453 1304 προέσθαι
1479 1232 1668 1304 τιμῆς.
1696 1231 1835 1285 Τού-

257 1339 363 1375 των
386 1323 497 1375 τῶν
522 1322 697 1390 λόγων
725 1322 962 1386 ἀκούσας
985 1325 1012 1377 ὁ
1044 1322 1319 1394 βασιλεὺς,
1343 1323 1458 1394 Τῆς
1492 1322 1592 1392 μέν
1622 1307 1710 1385 εἰς’
1732 1321 1835 1393 ἐμέ

260 1433 351 1468 σου
377 1417 560 1485 φιλίας
585 1419 746 1472 ἓνεκα
773 1418 866 1471 καὶ
893 1418 1228 1490 προθυμίας,
1251 1418 1503 1490 ὁμολογῶ
1531 1435 1613 1472 σοι
1652 1418 1834 1489 χάριν,

259 1507 385 1577 ἔφη,
421 1509 628 1580 πολλήν
653 1526 668 1540 ·
705 1512 826 1564 ἐπεὶ
855 1511 956 1576 δ’,ὁ
987 1513 1168 1583 μέγας
1197 1511 1521 1583 δομέστικος
1553 1512 1581 1566 6
1615 1513 1836 1566 Καντα-

259 1600 520 1671 κουζηνὸς
559 1600 808 1673 Ἰωάννης
861 1603 956 1656 καί
1013 1621 1095 1657 σοι
1149 1604 1248 1675 μέν
1291 1604 1512 1668 οἰκείως
1561 1603 1836 1658 διάκειται

259 1691 400 1744 πάνυ
432 1693 526 1745 καὶ
557 1693 807 1762 φιλικῶς,
843 1695 969 1766 ἐμοὶ
1023 1694 1081 1748 δέ
1130 1695 1440 1749 συνδέδεται
1478 1695 1701 1765 δεσμοῖς
1747 1713 1836 1764 φι-

1932 585 2081 640 aliud
2116 586 2208 653 sit,
2249 604 2452 644 nomen
2492 599 2645 645 tuum
2675 591 2911 646 formula
2937 591 3160 663 jurandi
3195 595 3522 664 exclusisse,

1931 678 2053 748 ejus
2082 688 2313 742 contra,
2353 697 2520 752 quem
2582 683 2700 752 ipse
2749 684 3133 754 cooptat-erit,
3183 686 3518 752 inseruisse.

1931 782 2034 836 ego
2065 785 2175 824 non
2214 770 2484 843 intelligo.
2547 773 2819 841 Quoniam
2875 773 3044 845 igitur
3089 790 3197 829 non
3252 792 3434 845 parvae
3467 787 3521 834 et

1934 860 2367 916 lloccifacicnda:
2399 879 2486 918 res
2517 871 2778 934 aguntur,
2819 867 2912 919 sed
2940 881 3053 934 quo
3089 876 3251 936 pacto
3286 852 3525 924 velcum

1934 950 2222 1009 honestate
2262 955 2436 1022 vivas,
2485 958 2570 1012 vel
2638 957 2777 1013 citra
2837 956 3083 1014 dedecus
3135 958 3528 1028 ignominiam-

1934 1057 2043 1113 que
2099 1059 2316 1113 pereas,
2381 1055 2497 1100 tute
2561 1047 2660 1102 tibi
2711 1050 2997 1119 sapienter
3042 1053 3320 1116 consulas,
3357 1063 3524 1120 atque

1934 1135 2243 1206 prospicias
2278 1152 2510 1193 necesse
2550 1148 2654 1193 cst.
2695 1141 2768 1194 De
2801 1156 2889 1198 me
2920 1143 3028 1198 hoc
3067 1143 3165 1198 tibi
3198 1143 3378 1200 habeo
3408 1148 3527 1215 pot-
3585 1145 3591 1151 ’

1933 1226 2113 1294 liceri,
2153 1228 2220 1283 ad
2249 1231 2432 1286 omnia
2464 1234 2722 1287 mandata
2766 1242 2858 1288 tua
2903 1235 3270 1302 conficienda,
3304 1251 3409 1292 nec
3457 1239 3525 1292 ad

1934 1317 2233 1375 facultates
2283 1321 2449 1376 modo
2499 1338 2715 1389 omnes,
2743 1324 2839 1380 sed
2865 1325 2933 1380 ad
2971 1325 3140 1381 vitam
3171 1343 3391 1398 quoque
3425 1344 3528 1398 pro

1937 1410 2209 1482 dignitate
2257 1421 2351 1468 tua
2381 1417 2852 1472 contemnendam
2914 1419 3328 1487 paratissimum
3385 1419 3525 1475 fore.

1939 1503 2207 1570 Finierat,
2245 1520 2372 1560 cum
2413 1507 2495 1562 sic
2540 1510 2758 1579 excepit
2811 1509 3120 1580 imperator
3167 1527 3182 1566 :
3227 1511 3383 1578 Quod
3439 1528 3492 1566 m
3541 1502 3544 1504 ’

1941 1603 2231 1666 tantopere
2277 1597 2484 1670 diligis,
2520 1609 2576 1656 et
2616 1601 2671 1655 in
2713 1617 2834 1658 mea
2870 1619 3037 1659 causa
3072 1614 3283 1660 tantam
3324 1605 3523 1660 alacri-

1941 1697 2113 1746 tatem
2169 1707 2284 1762 prae
2333 1702 2386 1748 te
2436 1693 2569 1762 fers,
2608 1694 2952 1752 immortales
3006 1697 3101 1752 tibi
3158 1698 3364 1769 gratias
3404 1713 3528 1769 ago.

257 1782 379 1846 λίας
404 1783 710 1855 ἀρρήκτοις
742 1787 806 1839 ἐκ
837 1784 1106 1858 βρεφικῆς
1137 1786 1358 1857 ἡλικίας
1386 1787 1514 1859 ἄχρι
1551 1788 1648 1840 καὶ
1677 1785 1836 1858 δεῦρο

1942 1779 2215 1856 Caeterum
2246 1785 2376 1856 quia
2414 1785 2659 1842 Joannes
2695 1787 3120 1844 Cantacuzenus
3157 1804 3389 1858 magnus
3433 1790 3532 1842 do-

261 1875 678 1946 mamugqpévq;
753 1877 907 1948 ἡμῖν,
963 1879 1059 1932 καὶ
1116 1879 1197 1942 είς
1256 1878 1418 1950 βάθος
1473 1879 1836 1951 προκοψάσης

1944 1875 2208 1930 mesticus
2255 1876 2400 1932 etin
2444 1877 2638 1932 intima
2681 1878 3058 1936 familiaritate
3110 1891 3202 1936 tua
3248 1890 3528 1945 versatur,

259 1967 516 2022 τοσοῦτον
541 1969 616 2034 ὡς
647 1971 824 2025 δοκεῖν
855 1971 954 2044 τὴν
989 1973 1096 2044 ⁴μὲν
1132 1972 1272 2044 ἐμὴν
1299 1973 1478 2045 ψυχὴν
1517 1973 1580 2028 τὸ
1618 1975 1832 2028 ἐκείνου

263 2057 420 2130 σῶμα
447 2063 640 2127 κινεῖν,
673 2063 768 2133 τὴν
798 2063 842 2117 δ’
867 2065 1075 2119 ἐκείνου
1102 2064 1284 2138 ψυχὴν
1306 2068 1364 2120 ἐν
1386 2067 1512 2138 ἐμοὶ
1543 2067 1834 2132 κινεῖσθαι,

260 2151 355 2203 καὶ
407 2150 579 2206 ταῦτα
622 2153 716 2228 καὶ
764 2153 944 2225 λέγειν
995 2158 1088 2210 καὶ
1135 2157 1401 2229 πράττειν
1446 2158 1593 2231 άπερ
1625 2157 1692 2214 ἂν
1720 2159 1836 2228 ἐγὼ

265 2243 563 2316 βούλωμαι,
607 2247 700 2301 καὶ
747 2248 950 2318 τρόπον
985 2251 1109 2312 τινὰ
1150 2250 1250 2315 τὰς
1289 2251 1622 2324 ἀμφοτέρων
1655 2252 1836 2324 ψυχὰς

262 2336 623 2400 συντακείσας
652 2337 735 2400 είς
774 2336 925 2408 μίαν,
953 2339 1248 2410 ἀμφότερα
1272 2338 1344 2394 τὰ
1379 2338 1613 2411 σώματα
1639 2341 1834 2396 κινεῖν.

276 2428 426 2482 Ἐπεὶ
449 2429 631 2484 τοίνυν
662 2431 929 2502 συμφυῶς
957 2431 1130 2497 οὕτως
1157 2431 1356 2504 ἔχομεν
1382 2434 1522 2505 πρὸς
1549 2433 1836 2506 ἀλλήλους,

264 2521 363 2574 οὐκ
407 2521 632 2576 ἀνεκτὸν
674 2521 915 2594 ἠγοῦμαι
965 2523 1126 2595 μόνος
1159 2541 1212 2577 τι
1261 2524 1662 2596 βουλεύσασθαι
1705 2528 1836 2600 περὶ

267 2613 506 2686 ἐμαυτοῦ
537 2615 639 2668 κᾶν
670 2617 744 2670 ἐν’
773 2615 1027 2688 ἐσχάτοις
1059 2617 1331 2682 κινδύνοις
1363 2619 1642 2692 συμϐαίνῃ
1675 2637 1837 2693 περι-

268 2709 471 2761 πεσεῖν.
511 2706 651 2760 Ἀλλ’
710 2707 833 2761 ἐπεὶ
882 2711 954 2774 σὺ,
1005 2708 1143 2781 πρὸς
1198 2709 1424 2782 Θρᾴκην
1479 2711 1698 2786 ἀπέρχῃ
1736 2713 1838 2784 τῆς

265 2800 477 2854 ἐκείνου
525 2801 767 2873 διάδοχος
805 2800 1064 2873 ἐσόμενος
1109 2802 1310 2874 ἀρχῆς,
1345 2804 1654 2876 γράμματα
1699 2806 1837 2878 πρὸς

265 2893 425 2948 αὐτὸν
453 2893 632 2948 λαϐὼν
666 2895 766 2964 τῆς
805 2877 945 2967 ἐμῆς
975 2895 1160 2968 χειρὸς
1194 2896 1270 2960 ὡς
1299 2900 1367 2952 ἂν
1395 2898 1670 2972 πιστεύσῃ
1700 2877 1838 2971 πρὸς

262 2985 450 3054 λόγους
479 3003 563 3039 σοι
589 2985 882 3052 συνελθεῖν,
911 2986 1108 3057 (ἄλλως
1136 2988 1245 3059 γὰρ
1267 2989 1328 3042 οὐ
1359 2988 1687 3061 θαρῥήσειεν
1721 2992 1836 3063 ἂν),

261 3077 416 3130 ταῦτ’
441 3076 623 3141 ἐπίδος
654 3077 823 3149 αὐτῷ.
868 3079 979 3133 Καὶ
1025 3080 1397 3135 συνελθόντων
1447 3083 1602 3152 ὑμῶν
1639 3086 1721 3148 είς
1753 3084 1836 3153 ἓν,

261 3167 354 3222 καὶ
380 3167 823 3239 βουλευσαμένων
858 3171 990 3240 περὶ
1017 3169 1125 3223 τῶν
1158 3172 1562 3243 προκειμένων,
1596 3173 1744 3244 άπερ
1770 3171 1838 3227 ἂν

1939 1975 1996 2021 et
2031 1968 2263 2038 irruptis
2293 1985 2516 2026 mecum
2555 1972 2816 2027 amicitia:
2859 1973 3103 2028 vinculis
3146 1971 3529 2043 coniungitur,

1939 2074 2062 2130 qua:
2114 2059 2244 2115 inde
2295 2060 2367 2137 ab
2407 2062 2712 2120 infantibus
2747 2064 2859 2136 (46)
2899 2080 3073 2136 usque
3101 2068 3169 2121 ad
3204 2067 3346 2121 hanc
3379 2065 3530 2121 diem

1938 2149 2228 2205 nobiscum
2253 2154 2496 2208 accrevit
2542 2163 2599 2210 et
2630 2156 2801 2211 tantis
2831 2157 3088 2212 auctibus
3120 2168 3202 2213 est
3227 2159 3529 2221 cumulata,

1940 2250 2002 2299 ut
2032 2243 2322 2318 utriusque
2350 2246 2536 2302 anima
2594 2247 2652 2302 in
2701 2247 2934 2304 alterius
2977 2264 3211 2319 corpore
3248 2250 3525 2315 habitare,

1941 2350 2040 2390 seu
2069 2335 2270 2392 animae
2303 2335 2428 2394 duae
2464 2337 2523 2392 in
2557 2354 2724 2392 unam
2759 2337 3010 2394 conﬂata:
3040 2339 3332 2405 amborum
3376 2349 3533 2394 artus

1941 2441 2136 2497 regere
2167 2427 2486 2496 videantur,
2514 2429 2772 2502 vigetque
2802 2430 2948 2485 inter
2972 2446 3072 2485 nos
3102 2446 3422 2500 sermonum
3468 2442 3530 2487 et

1939 2525 2226 2580 actionum
2274 2517 2500 2579 summa
2545 2525 2841 2580 consensio
2884 2542 2899 2578 :
2937 2525 3089 2594 quia,
3139 2524 3390 2594 inquam,
3429 2540 3533 2579 nos

1941 2615 2053 2670 duo
2091 2615 2293 2670 animis
2324 2631 2498 2686 usque
2532 2615 2672 2670 adeo
2703 2615 3013 2671 coaluimus
3037 2655 3052 2679 ,
3088 2617 3271 2672 scelus
3312 2618 3534 2672 conscii

1940 2723 2177 2776 sccrem,
2228 2707 2298 2776 si,
2354 2724 2678 2780 quanquam
2737 2710 2792 2764 in
2851 2718 3164 2766 extremum
3217 2709 3530 2780 periculum

1939 2801 2336 2873 praecipitatus,
2369 2801 2437 2856 de
2471 2801 2641 2857 rebus
2675 2801 2816 2856 meis
2847 2801 2968 2858 sine
3009 2801 3104 2856 illo
3133 2800 3531 2855 consultarcm.

1941 2896 2050 2952 Sed
2095 2911 2222 2951 cum
2279 2903 2338 2950 tu
2396 2895 2454 2950 in
2511 2894 2808 2950 Thraciam
2856 2909 2958 2966 pro
3007 2893 3161 2948 illius
3204 2905 3532 2947 successum
3585 2904 3590 2910 '

1940 2987 2131 3056 abeas,
2164 3004 2354 3043 manu.
2387 3003 2505 3042 mea
2542 2994 2826 3042 exaratam
2875 2985 3164 3055 epistolam
3205 2982 3258 3038 ei
3312 2980 3532 3046 redies,

1941 3095 2055 3150 quo
2091 3079 2199 3136 fide
2225 3080 2371 3136 facta
2407 3091 2589 3136 tecum
2629 3077 3026 3149 congrediatur
3064 3093 3078 3130 :
3132 3074 3339 3144 alioqui
3383 3074 3534 3130 enim

1943 3173 2177 3228 fortasse
2206 3187 2320 3227 non
2359 3170 2608 3227 audebit.
2640 3170 2744 3240 15
2773 3169 3129 3238 Quaecunque
3160 3174 3345 3221 autem
3375 3165 3536 3220 vobis

262 3260 393 3329 ὑμῖν
437 3259 564 3331 δόξῃ
602 3259 853 3330 λυσιτελῆ
883 3259 978 3313 καὶ
1011 3259 1282 3332 ὠφέλιμα,
1315 3260 1471 3314 ταῦτ’
1497 3261 1653 3316 ἔσται
1705 3279 1832 3315 συν-

1942 3279 2104 3334 super
2124 3263 2380 3335 praesenti
2403 3270 2549 3318 statu
2577 3277 2701 3318 meo
2747 3259 3189 3317 deliberantibus
3218 3256 3535 3313 conducere

259 3354 519 3410 δοκοῦντα
551 3354 738 3425 κάμοί.
769 3355 1084 3427 Πὲπεισμαι
1128 3355 1238 3425 γὰρ
1265 3355 1534 3427 ἀκριϐῶς,
1577 3356 1653 3420 ὡς
1681 3357 1730 3410 εί
1760 3357 1836 3428 μὴ

261 3449 390 3510 Θεὸς
413 3443 494 3512 οἷς
527 3445 634 3502 οἶδε
662 3447 884 3518 τρόποις
905 3445 1004 3518 τὴν
1037 3447 1194 3519 ὑμῶν
1223 3448 1450 3517 σφήλειε
1476 3448 1703 3518 γνῶσιν,
1737 3450 1838 3504 οὐκ

262 3541 329 3594 ἂν
362 3540 601 3612 ἁμάρτοι
630 3539 724 3594 τοῦ
756 3539 932 3609 καλοῦ,
967 3539 1066 3595 καὶ
1099 3540 1516 3606 λυσιτελοῦντος
1554 3541 1653 3597 καὶ
1687 3542 1838 3612 ὡφε-

259 3633 443 3703 λῖμου,
481 3634 579 3688 καὶ
637 3632 956 3705 φρονήσεως
1016 3631 1200 3698 ὀξείας
1243 3631 1433 3700 ἓνεκα,
1487 3634 1586 3688 καὶ
1634 3634 1839 3706 πείρας

261 3727 610 3795 πραγμάτων.
659 3725 922 3795 πολιτῶν,
979 3725 1077 3780 καὶ
1124 3728 1226 3798 τῆς
1292 3725 1428 3798 περὶ
1491 3725 1609 3797 ips
1652 3726 1839 3797 φιλίας

261 3820 441 3889 ἄκρας
473 3819 568 3873 καὶ
603 3819 919 3890 συναφείας.
949 3819 1172 3874 Τούτων
1213 3817 1358 3875 οὕτω
1413 3820 1717 3892 ῥηθέντων,
1768 3821 1839 3875 τὰ

260 3910 566 3981 γράμματα
614 3909 796 3964 λαϐὼν
827 3912 892 3965 ἐκ
920 3910 1185 3983 βασιλέως
1219 3911 1250 3964 ὁ
1282 3911 1648 3984 Συργιάννης,
1699 3910 1840 3984 ἐχώ-

251 3993 346 4073 ’ρει
377 4003 513 4070 πρὸς
535 4001 789 4075 Θρᾴκηνοο
815 4003 944 4057 ἔνθα
967 4003 1033 4076 δὴ
1065 4003 1145 4076 τῷ
1174 4004 1402 4076 μεγάλῳ
1434 4005 1841 4078 συγγενόμενος

233 4095 588 4172 ¹δομεστίιιῳ,
645 4097 739 4150 καὶ
768 4096 840 4152 τά
885 4113 947 4150 τε
981 4095 1272 4167 συμϐάντα
1325 4097 1607 4169 γνωρίσας
1656 4099 1835 4171 αὐτῷ,

259 4186 356 4239 xl
400 4186 470 4238 τὰ
501 4186 610 4240 τοῦ
645 4186 910 4258 βασιλέως
938 4188 1248 4259 γράμματα
1289 4189 1632 4260 ἐγχειρίσας,
1679 4190 1839 4245 ἐϐου-

259 4277 481 4332 λεύοντο
537 4282 666 4350 περὶ
723 4280 832 4335 τῶν
889 4281 1201 4353 παρόντων,
1252 4283 1348 4335 καὶ
1390 4281 1488 4337 δύο
1532 4283 1628 4337 καὶ
1656 4283 1840 4355 τρισὶν

261 4372 464 4442 ἐφεξῆς
524 4375 784 4445 ἡμέραις.
853 4375 966 4428 Καὶ
1037 4373 1293 4445 ποικίλης
1364 4375 1460 4429 καὶ
1518 4375 1838 4440 πολυειδοῦς

258 4463 361 4534 τῆς
417 4465 612 4535 βουλῆς
671 4449 972 4537 γενομένης
1028 4466 1174 4537 (ἐπεὶ
1231 4468 1364 4538 περὶ
1401 4466 1510 4521 τῶν
1561 4467 1840 4539 μεγίστων

257 4552 333 4628 ἦν
379 4559 406 4610 ὁ
469 4560 662 4628 ἁγὼν),
720 4559 814 4612 καὶ
865 4557 1075 4611 πολλῶν
1133 4550 1413 4631 ῥηθέντων
1472 4560 1607 4632 παρ’
1655 4563 1840 4632 ἀμφο-

258 4651 436 4720 τέρων
498 4651 643 4720 (ἐπεὶ
700 4643 797 4705 καὶ
850 4654 1169 4724 φρονήσεως
1239 4652 1405 4707 ἕνεκα
1473 4656 1569 4707 καὶ
1641 4654 1838 4726 πείρας

261 4743 635 4814 στρατηγικῆς
679 4746 787 4808 τοῖς
825 4745 1065 4816 μάλιστα
1099 4744 1343 4818 πρώτοις
1384 4745 1496 4799 τῶν
1541 4747 1840 4819 Ῥωμαίων

266 4836 716 4908 συνημιλλῶντο),
777 4837 931 4904 τέλος
994 4840 1022 4893 ὁ
1091 4839 1268 4910 μέγας
1309 4825 1658 4910 ῐδομέστικος
1713 4837 1838 4894 εἷπε

260 4930 468 4982 κήδε’

1940 3365 1995 3410 et
2025 3355 2287 3426 expedire
2316 3354 2684 3418 videbuntur,
2719 3351 2864 3424 apud
2897 3367 2984 3406 me
3024 3364 3246 3422 quoque
3275 3350 3330 3402 in
3361 3347 3529 3403 simili

1940 3447 2307 3504 aestimatione
2358 3445 2544 3502 futura
2589 3436 2752 3503 sunt:
2775 3445 3014 3501 Prorsus
3042 3444 3194 3500 enim
3227 3443 3303 3498 ita
3327 3442 3536 3507 sentin,

1941 3541 2047 3595 nisi
2083 3541 2248 3607 Deus,
2282 3539 2448 3595 modo
2491 3554 2605 3610 quo
2653 3537 2772 3610 ipse
2817 3536 2995 3601 novit,
3027 3530 3310 3591 mentibus
3337 3534 3539 3588 vestris

1941 3631 2236 3702 caliginem
2257 3629 2544 3693 oﬂuderit,
2571 3644 2673 3684 vos
2721 3638 2782 3684 ut
2835 3627 3202 3699 intelligentia
3239 3625 3536 3696 pollentes,

1940 3743 2056 3783 non
2097 3724 2366 3782 mediocri
2421 3722 2748 3795 reipublicae
2797 3736 2902 3780 usu
2952 3719 3237 3792 paditos,
3277 3717 3539 3788 mihique

1941 3817 2208 3875 omnibus
2253 3815 2766 3890 necessitudinibus
2800 3813 3312 3884 coniunctissimos,
3346 3811 3420 3866 ab
3458 3824 3531 3865 eo

1941 3911 2092 3982 quod
2163 3911 2482 3974 honestum,
2539 3906 2866 3980 frugiferum
2917 3915 2975 3962 et
3025 3905 3378 3962 conducibile
3425 3912 3536 3964 est.

1941 4005 2206 4075 opinione
2231 4012 2286 4059 et
2309 4002 2584 4058 sententia
2606 4015 2959 4071 nequaquam
2980 3999 3249 4055 abituros.
3271 3995 3368 4054 llis
3389 3996 3538 4052 inter

1943 4113 2004 4161 se
2058 4097 2248 4162 dictis,
2296 4095 2637 4167 Syrgiannes
2687 4108 2816 4148 cum
2868 4092 3075 4148 litteris
3135 4091 3194 4146 in
3223 4090 3538 4146 -'l‘hraeian

1941 4185 2237 4247 discedens
2271 4203 2366 4243 eas
2406 4185 2796 4242 Cantacuzeno
2833 4183 3140 4259 redditret
3199 4182 3254 4237 in
3290 4181 3540 4236 collocu-

1943 4283 2095 4339 tione
2125 4296 2246 4352 quae
2265 4276 2750 4348 Constantinopoli
2781 4276 3086 4332 acciderint
3108 4275 3386 4331 enuntiat.
3417 4269 3540 4326 Tri‘-

1943 4375 2116 4430 duum
2146 4373 2411 4442 deinceps
2433 4370 2490 4424 in
2521 4368 2986 4425 consultationem
3014 4367 3370 4442 impendunt.
3397 4365 3538 4422 Cum

1943 4468 2162 4522 diversa
2190 4473 2246 4521 et
2285 4463 2586 4520 multifaria
2621 4463 2676 4518 in
2708 4461 2951 4518 medium
2986 4460 3152 4515 allata
3221 4467 3409 4514 essent
3437 4457 3530 4529 (de

1946 4558 2170 4630 negotio
2193 4557 2400 4628 quippe
2428 4556 2484 4611 in
2512 4554 2711 4627 primis
2740 4567 2940 4625 magno
2962 4561 3018 4608 et
3041 4551 3217 4607 arduo
3241 4550 3538 4608 laboraba-
3629 4595 3636 4603 .

1950 4651 2063 4721 tur)
2101 4663 2157 4703 et
2180 4659 2414 4719 uterque
2447 4663 2558 4702 non
2588 4662 2762 4719 pauca
2790 4645 3020 4701 dixisset
3045 4643 3360 4715 (prudentia
3385 4643 3536 4697 enim

1947 4741 2101 4800 civili
2147 4751 2204 4797 et
2275 4739 2620 4807 experientia
2664 4738 2894 4794 militari
2954 4751 3082 4791 cum
3138 4734 3540 4790 laudatissimis

1949 4837 2264 4908 quibusque
2297 4833 2675 4887 Romanorum
2714 4828 3057 4900 certabant),
3093 4827 3313 4884 tandem
3333 4826 3537 4883 Canta-

1949 4943 2195 4986 cuzenus
2225 4925 2305 4981 sic
2339 4924 2545 4995 cwpit:

1690 5020 1940 5110 'CAPUT
1981 5050 2071 5104 lli.

265 5146 619 5204 Cantacuzeni
669 5144 739 5197 ad
784 5139 1132 5214 Syrgiannem
1180 5145 1380 5198 oratio.
1453 5143 1605 5199 Dolet
1633 5146 1698 5199 de
1761 5161 1819 5198 re
1864 5153 1972 5196 tant
2017 5139 2238 5214 ancipiti
2278 5135 2672 5214 et‘perienlosa
2715 5138 2999 5214 dicendam
3035 5138 3398 5214 sententiam;
3443 5153 3539 5192 ne-

261 5250 264 5253 -
337 5228 504 5288 potem
535 5216 714 5288 laudat
739 5221 788 5288 et
814 5213 1134 5288 miseratur:
1159 5213 1399 5284 futuram
1432 5214 1818 5288 calamitatem

1862 5209 2149 5284 prmetttit'
2182 5224 2200 5263 :
2243 5209 2544 5284 amicitiam
2569 5209 2800 5284 justitiw
2834 5225 2900 5284 se
2928 5209 3287 5278 pra'laturum
3344 5217 3541 5278 negat:

337 5279 640 5341 'etabendum
671 5285 841 5354 potius
884 5283 1082 5355 aliqua,
1110 5279 1270 5355 qnam
1301 5286 1490 5350 armis,
1522 5287 1659 5341 citra
1693 5279 1940 5359 ultimam
1975 5284 2365 5344 necessitatem,
2397 5279 2780 5333 decertandum
2811 5279 3076 5350 afﬁrmat.

341 5379 550 5434 Πολλῶν
611 5377 677 5433 ἂν
719 5375 1036 5448 ἠλλαξάμην
1081 5378 1453 5449 πραγμάτων,
1493 5371 1540 5433 θ’.»
1594 5379 1846 5448 βέλτιστε

265 5471 522 5545 φίλων,ἢ
557 5469 760 5542 μάλλον
816 5469 912 5523 καὶ
961 5468 1130 5540 αὐτῆς
1184 5469 1286 5540 τῆς
1317 5470 1470 5540 ζωῆς
1509 5471 1611 5524 οὐκ
1651 5470 1837 5541 ὀλίγου

2029 5373 2196 5430 Multa
2225 5383 2348 5442 ego.
2377 5370 2686 5425 amicorum
2711 5372 2945 5442 optime,
2976 5371 3089 5428 imo
3115 5371 3404 5427 enimvero
3429 5383 3543 5423 non

1947 5487 2143 5545 parum
2170 5469 2239 5526 de
2273 5465 2488 5538 reliqua
2535 5469 2648 5522 vita
2695 5483 2818 5524 mea
2859 5475 3230 5539 praeoptarem
3259 5467 3538 5528 amittere,

1498 5588 1716 5652 Jacobi
1751 5589 2020 5652 Pontani
2064 5595 2258 5651 noue.

336 5699 446 5770 (i6)
496 5698 898 5770 Cantacnzenus
954 5701 1206 5770 cognatus
1258 5694 1571 5770 imperatori
1623 5693 1841 5748 Andro-

267 5764 380 5824 nico
405 5764 581 5843 juveni
609 5766 832 5843 (aqualis
861 5774 910 5843 et
944 5766 1381 5843 amicissimus.ab
1408 5764 1625 5818 ineunte
1659 5774 1840 5843 ietute,

270 5850 323 5897 et
377 5835 435 5896 ob
491 5835 680 5895 animi
743 5835 1032 5894 candorem
1093 5835 1521 5909 sermonumque
1568 5837 1843 5892 veritatem

1951 5704 2030 5822 eth
2065 5711 2269 5749 morum
2340 5688 2766 5752 commoditatem
2845 5687 3208 5746 charissith.
3268 5682 3542 5754 Gregoras

1955 5769 1990 5822 li
2041 5810 2052 5822 .
2101 5781 2222 5822 van.

1955 5769 2052 5824 lib.
2101 5781 2222 5822 van.
