3962 6480
444 405 516 474 ’11
1623 404 1952 465 JOANNIS
1991 402 2512 467 CANTACUZENI
3621 405 3689 468 7‘2

445 539 610 595 quam
638 529 697 577 ut
715 519 945 577 esset'ad
974 535 1073 575 nos
1092 519 1271 576 delata
1286 519 2028 592 hujuscemodiconsultatio,

2152 528 2352 598 μέρους
2384 526 2551 589 τινὲς,
2585 523 2661 594 μὴ
2690 525 2786 594 τὴν
2811 523 3008 594 βουλὴν
3041 527 3172 598 ἡμῖν
3205 524 3334 595 περὶ
3365 524 3690 596 πραγμάτων

445 616 542 671 ubi
565 615 838 670 utrumvis
869 612 1141 680 evenerit,
1165 614 1303 668 citra
1323 614 1529 685 grande
1555 615 1861 686 periculum
1895 632 2024 669 eve-

446 708 566 762 nire
606 722 716 760 non
749 713 949 775 potest.
981 705 1085 771 Qui
1111 705 1176 759 de
1202 705 1323 759 aliis
1364 707 1527 760 rebus
1550 705 1912 761 inconsilium
1938 723 2026 760 vc-

453 801 640 860 niunt.
682 800 751 852 iis
784 798 1161 852 ratiocinando
1187 798 1317 852 licet
1351 799 1705 865 concludere,
1737 800 1830 852 tali
1863 799 2028 854 modo

451 893 620 945 rebus
637 890 919 954 euntibus,
940 891 1098 952 bene,
1121 889 1228 942 alio
1251 889 1388 943 male
1407 890 1632 964 omqino
1651 890 2029 946 eventuraan

450 984 555 1038 hac
588 998 738 1045 vero,
763 999 866 1052 qua
895 981 961 1036 de
981 981 1034 1035 in
1062 998 1300 1051 praesens
1317 984 1632 1052 quaerimus.
1663 983 1704 1036 si
1727 999 1849 1052 pars
1874 983 2029 1037 dcte-

453 1077 566 1130 rior
593 1076 876 1130 meliorem
902 1073 1114 1137 vicerit,
1141 1074 1485 1128 moriendum
1508 1075 1613 1128 erit
1639 1091 1652 1128 :
1673 1075 1778 1138 sin,
1799 1075 2032 1144 (μιξοθρ-

457 1177 606 1237 paret
637 1165 849 1228 melior,
869 1164 1196 1218 deteriorem
1220 1164 1586 1232 superaverit,
1603 1179 1740 1233 quas
1756 1179 1863 1216 non
1882 1165 2028 1218 cala-

453 1260 702 1312 mitatmn
732 1256 928 1313 Iliadas
953 1256 1141 1310 subire
1167 1255 1486 1324 oportebit?
1514 1255 1728 1309 Etenim
1752 1255 1795 1308 si
1821 1255 2028 1309 exitum

453 1349 645 1405 sortita
673 1349 879 1403 fuerint
908 1363 1031 1418 quae
1058 1347 1357 1416 imperator
1400 1355 1588 1401 noster
1623 1347 1887 1402 adversus
1929 1363 2030 1401 ne-

450 1450 636 1510 potem
680 1442 904 1509 coquit,
949 1440 1015 1493 ad
1069 1440 1338 1493 malorum
1390 1437 1846 1507 perferendorum
1910 1454 2028 1510 rna-

449 1501 794 1603 gnitudincm
835 1532 1098 1587 accedere
1133 1531 1274 1586 nihil
1305 1533 1530 1601 poterit.
1560 1529 1849 1585 Hominem
1876 1501 2032 1585 nfm-

447 1640 554 1693 que
603 1623 856 1692 pluribus
895 1622 1347 1691 aequiparandum
1376 1622 1490 1694 (4'1)
1525 1622 1840 1693 prudentia,
1902 1638 2029 1678 cum

447 1714 894 1786 prudentissimis
925 1713 992 1768 de
1019 1713 1194 1783 palma
1225 1713 1673 1777 contendentem,
1707 1713 2031 1769 fortitudine

445 1807 615 1860 animi
648 1815 772 1876 post
797 1821 855 1860 se
879 1805 1018 1858 alios
1037 1805 1199 1874 longe
1226 1804 1647 1874 relinquentem,
1673 1805 2028 1876 ingenuitate,

2133 619 2459 690 προκεῖσθαι
2517 617 2797 678 τοιούτων,
2841 615 2972 669 ὥστ’
3026 617 3418 684 ἀμφοτέρωθεν
3466 617 3605 686 ἔχειν
3638 619 3694 670 τὸ

2131 710 2602 766 ἐπικίνδυνονρὖ
2625 708 2828 776 ὀλίγον,
2857 709 3002 770 ὅπως
3043 709 3108 762 ἂν
3144 708 3405 780 ἀποϐαίη.
3453 708 3571 762 Ἐπὶ
3602 709 3696 777 μὲν

2131 801 2241 870 γὰρ
2294 798 2403 850 τῶν
2457 795 2634 849 ἄλλων
2701 800 3043 865 πραγμάτων
3095 797 3530 868 βουλευομένοις,
3583 797 3697 850 ἐστι

2133 890 2390 958 συνάγειν
2422 890 2486 941 ἐκ
2514 887 2817 958 λογισμῶν,
2849 888 2946 955 ὡς,
2994 879 3090 942 ὡδὶ
3120 890 3220 959 μὲν
3247 890 3693 958 ἀπαντησάντων,

2134 985 2325 1055 σχήσει
2356 981 2575 1044 καλῶς·
2642 979 2716 1052 μὴ
2763 980 2907 1034 οὕτω
2957 981 3034 1044 δὲ,
3085 981 3395 1035 τούναντίον
3443 983 3587 1035 ἅπαν
3634 981 3698 1032 ἂν

2131 1075 2394 1145 ἀποϐαίη.
2440 1073 2556 1143 Ἐφ’
2596 1067 2658 1128 οὗ
2686 1072 2742 1126 δὲ
2772 1073 2866 1126 νῦν
2895 1071 3283 1144 βουλευόμεθα,
3317 1073 3364 1126 εί
3416 1076 3516 1142 μὲν
3547 1073 3699 1142 νική-

2135 1186 2217 1221 σει
2265 1167 2332 1220 τέι
2366 1165 2559 1237 χείρω,
2590 1165 2688 1236 τῆς
2732 1166 2881 1234 ζωῆς
2916 1165 3082 1237 ιὲστιν
3129 1167 3421 1218 ἐκπεσεῖνο
3453 1165 3500 1218 εί
3540 1165 3594 1217 δὲ
3633 1163 3701 1216 τὰ

2131 1260 2390 1336 δοκοῦντα
2457 1259 2650 1325 βελτίω
2705 1259 2933 1328 γένηται
2985 1257 3240 1329 κρείττω,
3297 1257 3486 1310 κακῶν
3539 1255 3700 1324 ἐσμδν

2132 1351 2440 1422 προσδοκᾷν
2472 1351 2710 1421 ἀνάγκη.
2749 1348 2856 1402 Τοῦ
2881 1349 3149 1418 βασιλέως
3183 1347 3291 1418 γὰρ
3320 1345 3479 1417 ἡμῶν
3520 1343 3702 1396 τοιαῦ-

2131 1463 2199 1498 τα
2254 1443 2645 1515 βουλευομένου
2705 1442 2835 1508 περὶ
2869 1439 2962 1494 τοῦ
2980 1442 3227 1507 ὐκγόνου
3277 1442 3372 1493 καὶ
3415 1436 3702 1508 βασιλέως,

2133 1535 2183 1586 εί
2228 1534 2328 1605 μὲν
2383 1537 2463 1598 είς
2515 1535 2688 1603 πέρας
2739 1533 2872 1606 ἔλθῃ
2917 1532 2984 1584 τὰ
3032 1531 3408 1602 μελετῶμενα,
3449 1529 3704 1598 οὐδεμίαν

2133 1625 2445 1698 ὑπερϐολὴν
2473 1625 2709 1695 ἐλλείψει
2743 1624 2954 1679 κακῶν.
2988 1626 3313 1694 ’Ἄνθρωπον
3340 1623 3453 1694 γὰρ
3496 1620 3706 1674 πολλῶν

2135 1717 2391 1782 ἀντάξιον
2441 1715 2641 1781 ἄλλων,
2699 1717 2965 1785 φρονήσει
3029 1715 3131 1782 μὲν
3166 1717 3281 1778 τοῖς
3323 1713 3568 1785 πρὼτεις
3600 1713 3708 1765 τῶν

2135 1808 2423 1880 πρωτείων
2470 1806 2947 1877 ἀμφισϐητοῦντα,
2976 1801 3170 1877 ἄνδρίᾳ
3199 1805 3255 1857 δὲ
3301 1805 3482 1874 ψυχῆς
3532 1801 3711 1869 πολλῷ

446 1907 502 1950 et
541 1871 748 1951 naturae
781 1896 1068 1950 habilitate
1101 1871 1167 1950 ad
1198 1871 1407 1949 tantam
1433 1894 1652 1965 imperii
1688 1871 1886 1949 molem
1913 1896 2028 1950 suis

2136 1871 2211 1972 τῶ
2254 1901 2403 1972 μέσῳ
2450 1871 2579 1962 τοῦς
2615 1871 2810 1962 ἄλλους
2854 1871 3258 1968 ὑπερνικῶντα,
3309 1871 3601 1966 ἐλευθερία
3657 1892 3712 1944 δὲ

447 1990 694 2043 humeris
725 1986 1104 2042 sustinendam
1142 1985 1422 2052 idoneum,
1458 1987 1713 2054 amicitia:
1757 1995 1811 2040 et
1852 1988 2033 2041 scien-

447 2088 579 2143 tem,
610 2088 665 2132 et
696 2087 1124 2132 conservantem
1154 2078 1322 2145 leges,
1360 2087 1415 2131 et
1445 2083 1505 2130 ut
1539 2076 1796 2130 universe
1827 2075 2027 2142 dicam,

445 2185 739 2224 commune
793 2168 1019 2222 humani
1058 2169 1276 2238 generis
1328 2166 1434 2238 16
1476 2173 1865 2221 ornamentum
1915 2165 2027 2235 (48)

444 2264 527 2318 sic
569 2263 772 2316 indicta
832 2276 998 2316 causa
1055 2259 1506 2332 gravissimorum
1547 2259 1839 2313 criminum
1877 2257 2032 2312 dam-

445 2355 564 2410 nari
595 2356 728 2424 (l9),
755 2363 922 2423 atque
958 2361 1053 2406 aut
1079 2353 1246 2405 vitam
1274 2351 1426 2405 omni
1464 2360 1644 2406 morte
1686 2350 2027 2406 acerbiorem

443 2450 665 2518 exigere
716 2447 830 2517 (qui
879 2447 1028 2500 enim
1072 2445 1189 2498 heri
1241 2452 1299 2498 et
1345 2441 1749 2498 nudiustertius
1803 2442 1913 2511 (50)
1970 2449 2030 2495 ut

453 2542 756 2609 imperator
785 2536 1118 2592 adorabatur
1139 2543 1194 2589 et
1214 2534 1498 2589 colebatur
1515 2534 1584 2590 ab
1607 2532 1866 2589 omnibus
1890 2533 1971 2602 (5|
1986 2533 2025 2600 ),

453 2629 622 2684 hodie
693 2628 1016 2696 despicitur,
1077 2637 1134 2680 et
1181 2625 1446 2696 injuriose
1519 2633 1811 2689 tractatur,
1865 2634 2029 2693 atque

449 2738 596 2776 unus
628 2720 696 2774 de
727 2717 1182 2774 circumforaneis
1232 2732 1330 2772 seu
1379 2731 1448 2771 ex
1491 2716 1679 2772 infima
1722 2715 1882 2786 plebe
1943 2731 2028 2769 re-

448 2814 732 2884 putatur),
771 2820 867 2864 aut
911 2820 1100 2864 contra
1127 2811 1254 2880 jura
1301 2809 1508 2873 omnia,
1548 2819 1851 2878 contraque
1888 2823 2028 2877 prae-

445 2903 717 2973 Scriptum
781 2901 1011 2956 rationis
1080 2901 1149 2955 ad
1220 2909 1452 2954 mortem
1517 2899 1658 2954 mitti
1719 2900 2026 2969 continget.

447 2995 606 3063 Quod
631 2994 674 3048 si
709 3010 817 3064 qua
853 2993 940 3046 via
983 2992 1279 3046 discrimen
1329 2991 1528 3060 capitis
1572 2990 1852 3062 eﬂugerit,
1910 3001 2026 3045 tum

445 3093 556 3160 jam
590 3095 748 3158 poeta
779 3085 1039 3155 quopiam
1062 3084 1270 3155 tragico
1309 3083 1699 3153 iudigebimus,
1724 3084 1818 3153 qui
1843 3083 2027 3139 clades

446 3190 506 3235 et
527 3192 798 3234 aerumnas
835 3193 865 3231 a
892 3176 1156 3230 Romanis
1185 3174 1425 3229 vicissim
1479 3173 1856 3243 importandas
1899 3189 2024 3228 cum

453 3271 730 3343 gravitate
783 3283 845 3322 ac
890 3267 1243 3321 miseratione
1282 3243 1559 3320 decanlct.
1593 3265 1728 3331 Quis
1757 3266 1905 3320 enim
1941 3267 2026 3320 vel

448 3364 615 3434 lignis
642 3377 706 3417 ac
727 3360 1008 3432 lapidibus
1064 3358 1336 3429 stupidior
1378 3373 1488 3412 non
1531 3358 1863 3427 cogitatione
1894 3373 2030 3428 pras-

447 3455 608 3526 cipit,
643 3455 786 3508 inter
822 3452 1188 3522 imperatores
1213 3449 1475 3520 ﬂagrante
1501 3449 1800 3516 discordia,
1841 3464 2033 3504 neces-

2133 1992 2382 2064 γνώμην,
2425 1993 2523 2046 καὶ
2553 1991 2772 2060 φύσεως
2807 1991 3208 2060 ἐπιτηδειότητι
3234 1989 3312 2059 τῷ
3344 1989 3590 2055 τοσούτῳ
3618 2003 3713 2054 με·

2131 2083 2283 2152 γέθει
2330 2082 2678 2151 προσήκοντα
2710 2081 2812 2151 τῆς
2843 2081 3040 2151 ἀρχῆς,
3073 2080 3255 2150 φιλίας
3299 2079 3356 2132 δὲ
3401 2081 3586 2132 εἰδότα
3623 2076 3715 2130 καὶ

2130 2173 2406 2246 τηροῦντα
2437 2173 2697 2245 θεσμοὺς,
2731 2173 2868 2238 ὅλως
2913 2172 2970 2225 δὲ
3017 2171 3198 2226 κοινὸν
3234 2171 3462 2241 ἄγαλμα
3482 2170 3585 2239 τῆς
3613 2168 3716 2238 φύ-

2131 2282 2271 2329 σεως
2300 2265 2452 2324 ὅντα,
2478 2264 2650 2328 οὕτως
2676 2266 2894 2335 ἐρήμην
2920 2264 3013 2317 ἐπὶ
3041 2265 3154 2327 τοῖς
3184 2263 3472 2334 μεγίστοις
3505 2262 3710 2315 ἁλῶναι

2134 2357 2463 2426 συμϐαίνει·
2521 2357 2618 2410 καὶ
2670 2356 2703 2428 ἧ
2741 2356 2841 2426 ζῇν
2878 2356 3082 2418 παντὸς
3116 2356 3353 2409 θανάτου
3404 2355 3719 2427 βαρυτέραν

2131 2448 2277 2517 ζωὴν
2327 2450 2377 2512 (ὁ
2415 2447 2539 2518 χθὲς
2573 2447 2669 2501 καὶ
2717 2446 2913 2519 πρώην
2945 2449 3022 2512 ὡς
3053 2447 3315 2518 βασιλεὺς
3351 2448 3451 2501 καὶ
3481 2461 3722 2517 προσκυ-

2131 2537 2390 2609 νούμενος
2420 2540 2515 2591 καὶ
2545 2536 2883 2607 τιμώμενος,
2918 2538 3159 2609 σήμερον
3197 2537 3722 2608 καταφρονούμενος

2131 2630 2226 2683 καὶ
2256 2629 2773 2700 περιυϐριζόμενος,
2798 2631 2892 2682 καὶ¹
2919 2628 3029 2681 τῶν
3054 2629 3332 2701 ἀγοραίων
3364 2629 3463 2682 καὶ
3503 2627 3601 2682 τοῦ
3630 2626 3723 2696 δή·-

2136 2738 2237 2790 μου
2286 2719 2646 2790 νομιζόμενος
2705 2712 2830 2789 εἷς),
2860 2718 2892 2788 ἢ
2928 2721 3183 2773 τεθνάναι
3229 2722 3437 2784 παντὸς
3466 2719 3577 2786 ἔξω
3627 2716 3720 2771 καὶ

2128 2812 2338 2865 δικαίου
2367 2811 2462 2864 καὶ
2489 2809 2674 2878 λόγου.
2708 2810 2771 2863 El
2801 2810 2857 2863 δὲ
2882 2809 3138 2882 δυνηθείη
3172 2810 3358 2881 τρόπῳ
3392 2811 3458 2882 δή
3491 2829 3602 2865 τινι
3630 2810 3724 2863 τὸν

2134 2904 2383 2958 κίνδυνον
2415 2905 2698 2972 ἐκφυγεῖν,
2726 2901 2835 2956 τότ’
2871 2902 2972 2973 ήδη
3033 2903 3301 2973 τραγικοῦ
3333 2921 3494 2966 τινας
3525 2903 3724 2974 δεησόο

2133 2993 2274 3064 μεθα
2327 2994 2553 3064 ποιητοῦ
2616 2995 2720 3057 τὰς
2778 2993 3204 3062 συμϐησομένας
3260 2995 3402 3065 παρ’
3461 2994 3720 3064 ἀλλήλων

2140 3086 2436 3156 Ῥωμαίοις
2464 3086 2979 3157 ὲκτραγῳδήσοντος
3001 3087 3310 3157 συμφοράς.
3346 3075 3451 3151 Τίς
3482 3087 3597 3160 γὰρ
3627 3088 3727 3142 οὐκ

2131 3177 2304 3230 ὲννοεί
2359 3178 2461 3231 κᾶν
2503 3177 2730 3247 ἀψύχων
2768 3175 3225 3246 άναισθητότερος
3254 3171 3312 3248 ᾖ,
3349 3178 3432 3242 ὠς
3459 3157 3726 3233 διαστάν-

2129 3284 2240 3320 των
2271 3269 2380 3322 τῶν
2415 3267 2708 3336 βασιλέων,
2741 3267 2958 3336 ἀνάγκη
3013 3268 3402 3337 συνδιαστῆναι
3470 3271 3571 3324 καὶ
3625 3270 3728 3340 τὴν

2103 3359 2331 3430 ,ἀρχήν,
2394 3361 2490 3412 καὶ
2551 3361 2732 3430 μάχας
2782 3357 3130 3430 συρραγῆναι
3181 3361 3312 3428 παρ’
3383 3362 3730 3432 ἀμφοτέρων

2136 3453 2356 3520 μερῶν·
2390 3453 2486 3506 καὶ
2517 3450 2708 3524 ῶσπερ
2741 3453 2799 3505 ὲν
2827 3451 3172 3525 νυκτομαχίᾳ
3199 3455 3601 3522 συμπεσόντας
3629 3453 3736 3510 ἆλ-

1681 3577 1900 3639 Jacobi
1930 3579 2196 3641 Pontani
2232 3585 2422 3642 nota).

521 3709 632 3774 (Π)
676 3707 754 3762 Ad
793 3708 1162 3762 Andronicum
1197 3720 1358 3761 suum
1405 3705 1786 3760 accommodat
1813 3745 1829 3770 ,
1876 3705 2025 3775 quod

448 3780 517 3835 de
557 3780 770 3833 medico
802 3780 1072 3832 Ilomerus
1098 3777 1328 3848 protulit
1354 3775 1516 3828 Iliad.
1549 3776 1642 3828 At

531 3916 736 3986 ’ἰητρὸς
768 3915 877 3983 γὰρ
901 3913 1062 3984 ἀνὴρ,
1107 3909 1318 3964 πολλῶν
1348 3907 1598 3972 ἀντάξιος
1630 3905 1827 3973 ἄλλων,

448 4062 560 4117 quo
589 4047 864 4101 versiculo
905 4055 1082 4114 pocla:
1113 4043 1508 4117 sapientissimi
1534 4043 1658 4115 jure
1711 4043 2024 4117 gloriantur

452 4114 650 4171 medici
682 4134 696 4169 :
731 4118 889 4187 cujus
936 4132 1134 4170 sensus
1159 4155 1173 4179 ,
1225 4114 1474 4187 medicus
1497 4114 1668 4187 instar
1703 4114 2026 4187 multorum,

455 4204 549 4240 seu
586 4203 680 4254 pro
714 4184 900 4239 ιιιιιίιὶε
934 4197 1040 4249 est,
1081 4201 1203 4247 seu,
1237 4184 1428 4238 multis
1456 4185 1783 4253 aequiparari
1827 4194 2028 4254 potest.

451 4257 565 4310 Hoc
606 4259 759 4321 vult,
806 4257 1185 4312 Andronicum
1243 4257 1538 4308 multorum
1590 4255 1826 4309 virtutes
1861 4270 2030 4310 unum

452 4329 804 4396 complexum
831 4367 849 4392 ,
885 4327 958 4396 ita
992 4335 1052 4380 ut
1083 4326 1137 4379 in
1168 4324 1403 4394 singulis
1433 4324 1641 4396 nemini
1676 4324 1860 4378 cedat.
1892 4325 2031 4396 Nota

449 4394 720 4464 egregiam
786 4395 1258 4451 laudatiuneulam
1292 4409 1359 4449 ex
1408 4394 1598 4465 verbis
1626 4434 1641 4458 ,
1677 4408 1809 4463 quae
1854 4395 2033 4448 conti-

452 4479 653 4520 nenter
685 4465 1080 4534 subjiciuntur.

529 4535 642 4605 (48)
682 4531 882 4588 Vocem
937 4535 1151 4605 φύσεως
1181 4535 1249 4590 de
1293 4535 1535 4588 humana
1587 4538 1806 4605 natura,
1843 4531 1894 4586 id
1921 4540 2028 4594 est,

454 4587 567 4658 de‘r
595 4587 916 4674 hominibus
949 4587 1110 4672 “ipsis
1134 4587 1436 4674 'prolatam
1491 4599 1739 4674 accipio,
1793 4587 2028 4672 quorum
2061 4587 2109 4644 υ

456 4677 826 4728 communiter
860 4670 1030 4727 decus
1053 4685 1108 4729 et
1133 4670 1540 4742 ornamentum
1580 4670 1750 4742 fuisse
1780 4670 2030 4742 (propter

455 4744 625 4797 animi
678 4743 1049 4814 praestantiam
1089 4744 1370 4814 videlicet)
1425 4740 2028 4814 Andronicum'suum

459 4809 717 4867 testatur.
771 4813 842 4883 In
875 4813 1070 4882 quovis
1127 4829 1312 4868 rerum
1353 4809 1574 4883 genere
1620 4809 1756 4864 illud
1801 4812 2030 4866 aliarum

459 4885 672 4944 decus,
711 4882 880 4953 gloria
934 4893 989 4953 et
1033 4882 1422 4938 ornamentum
1496 4888 1620 4953 est.
1672 4883 1820 4949 quod
1868 4897 2034 4951 supra

459 4955 598 5009 alias
651 4949 888 5006 excellit.
943 4952 1008 5006 Et
1060 4957 1190 5022 quia
1237 4955 1462 5022 ἄγαλμα
1514 4949 1679 5022 etiam
1733 4949 2035 5019 exponitur

458 5025 924 5076 oblectamentum
950 5063 966 5086 ,
1016 5020 1206 5092 parum
1243 5020 1430 5077 aberat
1460 5061 1473 5084 ,
1514 5020 1647 5087 quin
1698 5022 1804 5076 hoc
1836 5031 2030 5080 totum.

458 5097 637 5145 κοινὸν
685 5096 911 5159 ἄγαλμα
953 5095 1050 5159 τῆς
1093 5096 1364 5162 φύσεως,
1415 5098 1832 5162 converterem,
1866 5109 2036 5162 amor

459 5179 524 5234 ac.
554 5163 752 5217 delicia:
785 5165 1023 5234 [mutaui
1049 5167 1252 5234 generis
1273 5205 1303 5234 ,ί
1347 5161 1669 5234 recordatus
1724 5164 1794 5216 ita
1847 5161 2032 5216 Titum

459 5232 849 5301 imperatorem
902 5230 1214 5302 Vespasiani
1281 5233 1452 5286 filium
1497 5230 1841 5286 nominatum
1889 5249 2030 5299 esse,

458 5313 597 5357 teste
628 5303 916 5375 Suetonio,
947 5304 999 5356 in
1033 5306 1152 5375 ejus
1190 5305 1330 5367 Vita,
1367 5317 1488 5371 cap.
1523 5304 1576 5358 1.
1728 5372 1770 5375 Η
1978 5343 1986 5352 .

530 5375 645 5442 (49)
689 5375 744 5426 lu
768 5373 959 5428 (ἂι-ιι»ρο
983 5372 1364 5428 subaudienda
1384 5383 1469 5427 est
1491 5372 1869 5440 vocula.6ixq,
1909 5387 2031 5426 cum

459 5445 583 5519 illa,
627 5441 832 5519 ἐρήμη.
872 5444 978 5519 Est
1020 5456 1200 5497 autem
1252 5444 1390 5519 δίκηΔ
1425 5457 1612 5519 causa,
1643 5441 1938 5519 judicium,
1975 5453 2035 5495 ut

458 5502 808 5586 ἐρήμηδῖκτί
854 5516 922 5568 sit
948 5517 1230 5586 desertum
1267 5502 1546 5584 judicium
1571 5502 1612 5582 ,’
1632 5502 1726 5572 gen
1755 5502 2031 5586 deserturi.

455 5583 859 5640 vadimonium.
935 5583 1287 5652 Composita
1324 5599 1427 5636 vox
1490 5597 1572 5640 est
1642 5584 1986 5656 ὲρημοδίκιον
2016 5625 2030 5642 ,

455 5659 677 5723 quando
733 5656 858 5724 quis
913 5656 978 5707 ad
1024 5656 1170 5708 diem
1229 5671 1338 5708 non
1395 5669 1452 5706 se
1514 5652 1750 5712 sistit'in
1797 5652 2029 5722 judicio.

457 5725 527 5780 Et
559 5729 772 5795 ἐρήμην
806 5725 1299 5796 καταδικασθῆναι,
1338 5725 1445 5796 vel,
1479 5734 1538 5778 ut
1587 5728 2030 5796 apudunostrum

455 5804 561 5856 est,
591 5792 810 5864 ’ἐρήμην
836 5796 1041 5848 ἁλῶναι
1064 5837 1078 5860 ,
1109 5792 1212 5859 est,
1252 5795 1322 5850 ob
1351 5792 1637 5849 desertum
1661 5792 2032 5848 vadimonium

459 5865 728 5920 damnari.
762 5867 943 5919 l’otest
965 5867 1128 5919 etiam
1156 5867 1316 5927 verti,
1341 5864 1537 5918 indicta
1573 5881 1734 5919 causa
1759 5866 2028 5924 damnari,

2132 3706 2278 3776 quod
2329 3720 2432 3778 nos
2464 3705 2730 3774 fecimus;
2780 3715 2978 3762 neuter
3023 3705 3170 3768 enim
3199 3745 3214 3771 ,
3248 3714 3304 3762 et
3338 3710 3442 3778 qui
3476 3709 3738 3765 vadimo-

2133 3778 2286 3852 nium
2321 3777 2604 3841 deseruit,
2640 3787 2697 3830 et
2729 3779 2837 3852 _qui
2888 3791 3107 3831 causam
3142 3791 3254 3852 non
3305 3777 3495 3852 dixit,
3531 3782 3602 3834 ad
3646 3781 3737 3852 ju-

2135 3845 2337 3900 dicium
2370 3855 2691 3915 comparet;
2729 3845 2800 3900 ita
2835 3856 3066 3916 uterque
3103 3847 3322 3900 videtur
3378 3845 3746 3916 deseruisse,

2135 3917 2236 3991 etsi
2267 3917 2424 3991 alien
2451 3931 2576 3991 reus
2620 3925 2744 3991 es_t,
2779 3921 2869 3985 qui
2913 3917 3236 3991 vadimonio
3279 3931 3338 3972 se
3409 3921 3734 3991 obligavit;

2135 3986 2296 4039 alteri
2324 3987 2384 4040 fit
2413 3985 2630 4055 injuria.
2665 3981 2871 4040 Seneca
2904 3981 3088 4039 Medea
3125 4001 3144 4039 :

2243 4077 2346 4144 Qui
2378 4079 2566 4132 statuit
2599 4077 2805 4148 aliquid
2837 4087 2991 4148 parte
3023 4079 3267 4132 inaudita
3299 4083 3487 4135 altera
3521 4119 3540 4147 ,

2240 4149 2474 4218 £quum
2504 4148 2618 4203 licet
2645 4150 2922 4210 statuerit.
2951 4149 3092 4202 haud
3125 4164 3302 4219 mquus
3332 4151 3464 4218 fuit.

2210 4261 2323 4331 (50)
2362 4259 2474 4314 Hac
2503 4258 2832 4331 proverbiali
2867 4259 3168 4329 hyperbole
3205 4261 3384 4314 utitur
3421 4279 3542 4318 non
3581 4280 3740 4318 raro.

2136 4330 2291 4385 Licet
2321 4331 2488 4404 etiam
2521 4330 2756 4384 reddere
2781 4367 2797 4393 ,
2833 4345 3120 4400 pronuper,
3169 4333 3483 4399 nuperrime
3509 4372 3526 4398 ,
3569 4335 3740 4404 paulo

2131 4408 2286 4469 ante,
2313 4401 2443 4454 heri.
3570 4401 3579 4404 ⁷
3780 4408 3786 4414 ·

2210 4470 2325 4539 (5|)
2364 4469 2619 4540 Verbum,
2668 4471 3030 4540 προσκυνεῖν,
3099 4469 3357 4532 adorare,
3434 4471 3493 4525 in
3548 4486 3746 4528 sacro-

2139 4541 2345 4594 sanctis
2411 4539 2766 4608 prol’anisque
2837 4539 3038 4593 litteris
3090 4540 3441 4594 creberrime
3505 4543 3577 4595 ad
3638 4543 3740 4596 ho-

2137 4610 2350 4674 mines,
2401 4609 2496 4678 qui
2551 4608 2630 4661 dii
2695 4623 2806 4662 non
2870 4617 3026 4671 sunt,
3091 4611 3586 4677 accommodatur,
3659 4614 3748 4668 di-

2136 4687 2448 4748 cunturque
2488 4679 2958 4748 προσκυνεῖσθαι,
3014 4679 3266 4738 adorari,
3319 4679 3372 4732 id
3429 4693 3563 4746 est,
3623 4683 3746 4736 sin-

2135 4749 2308 4819 gulari
2355 4747 2615 4819 quadam
2646 4749 3040 4819 veneratione,
3097 4762 3330 4815 corpore
3383 4751 3458 4802 ad
3520 4761 3740 4806 terram

2137 4816 2449 4891 incurvato,
2479 4817 2652 4891 allici;
2685 4816 2968 4891 summissi
2994 4819 3215 4891 petimus
3265 4827 3500 4891 terram,
3556 4823 3751 4891 inquit

2133 4889 2337 4944 [Encas
2361 4889 2456 4942 lib.
2488 4902 2548 4940 ιιι
2589 4885 2806 4940 ᾹΞιιοίιΙ.
2839 4885 3010 4951 Quem
3041 4886 3303 4939 adorandi
3374 4885 3654 4944 modum"
3691 4901 3752 4946 et

2133 4973 2346 5024 gestum
2377 4956 2651 5026 expressit
2685 4956 3060 5024 pulcherrime
3091 4954 3506 5013 Themistocles
3534 5000 3550 5026 ,
3603 4961 3747 5015 dum

2135 5043 2316 5096 regem
2361 5028 2648 5096 Persarum
2681 5040 2780 5093 per
2810 5026 3216 5096 simulationem
3271 5026 3566 5082 adoravit.
3621 5033 3748 5084 An-

2134 5095 2324 5152 nulum
2355 5097 2503 5150 enim
2537 5095 2736 5148 cadere
2796 5095 3062 5162 permisit,
3133 5109 3317 5161 quem,
3365 5113 3506 5152 cum
3547 5116 3612 5154 se
3653 5102 3748 5154 in-

2133 5170 2344 5222 εξίηειιις
2381 5169 2633 5226 levasset,
2673 5165 2822 5218 visus
2855 5175 2940 5218 est
2970 5180 3071 5216 suo
3098 5180 3324 5218 munere
3358 5167 3742 5232 perfunctus.

2133 5239 2330 5292 Noster
2365 5249 2584 5304 quoque
2612 5235 2746 5288 satis
2773 5236 2921 5287 clare
2949 5233 3092 5287 libro
3134 5249 3172 5286 ιι
3221 5250 3343 5302 cup.
3375 5235 3412 5289 5
3433 5277 3448 5299 ,
3488 5242 3593 5294 ubi
3632 5243 3754 5295 Ta-

2138 5303 2459 5360 mcrclianes
2490 5303 2734 5372 Phrygiae
2776 5313 2992 5372 satrapa
3023 5304 3087 5355 ad
3122 5305 3529 5372 imperatorem
3563 5315 3752 5366 venit.

2137 5375 2269 5430 Nam
2302 5376 2368 5429 de
2394 5375 2513 5444 ejus
2545 5373 2843 5446 comitibus
2872 5373 3168 5446 Persis,gtli
3204 5375 3303 5441 μὲν
3330 5373 3497 5430 ἄλλοι
3537 5382 3760 5446 πάντες

2136 5446 2353 5500 ἄπωθεν
2414 5443 2503 5518 τον
2550 5444 2801 5518 ,βασιλέα
2857 5443 3271 5518 προσεκύνουν.-
3311 5446 3417 5505 τὰς
3485 5443 3759 5518 κεφαλάξ

2137 5517 2449 5584 ἐρείσαντες
2475 5511 2698 5580 ἐπὶτὴν
2735 5515 2837 5580 γῆν
2861 5529 2876 5543 ·
2920 5511 3110 5565 Ca'teri
3147 5513 3353 5580 quidem
3397 5511 3601 5573 omnes
3645 5511 3758 5575 im:-

2137 5583 2431 5658 pcratorem
2457 5623 2487 5658 ,_
2527 5591 2836 5658 antequanu
2871 5583 3361 5658 appropinquarent
3392 5623 3408 5646 ,
3468 5594 3757 5658 capitibus

2136 5652 2279 5710 humi
2319 5656 2592 5708 submissis
2624 5652 3034 5706 venerabantur.
3093 5654 3196 5704 Ista
3249 5656 3518 5710 adoratio
3544 5652 3757 5715 'etiain

2139 5727 2299 5778 hodie
2329 5725 2588 5778 Barbaris
2635 5723 2687 5776 in
2723 5737 2879 5776 more
2928 5732 3034 5793 est.
3089 5723 3204 5778 Non
3259 5721 3434 5793 igitur
3497 5734 3762 5787 verebor

2136 5797 2463 5873 προσκυνεῖν
2531 5807 2854 5861 exponere,
2905 5791 3177 5859 adorare,
3251 5791 3378 5847 cum
3471 5813 3571 5854 res
3639 5812 3763 5856 tam

2137 5875 2321 5920 aperta
2360 5873 2450 5917 Sll.
