3962 6440
423 322 496 384 75

1598 329 1920 392 JOANNIS
1957 327 2482 394 CANTACUZENI

3608 331 3682 391 75

1889 443 2114 500 CAPUT
2155 443 2240 500 IV.

413 559 740 632 Syrgiannas
807 561 989 631 magni
1050 562 1321 617 domestici
1363 563 1638 616 consilium
1678 563 1880 630 probat.
1927 561 2054 632 Duo:
2088 564 2237 632 urbes
2277 561 2349 632 ad
2392 561 2570 632 fugam
2631 561 2953 632 deliguntur,
2993 578 3011 615 :

3079 561 3426 628 Cltristopotis
3482 561 3677 613 Adria-

482 631 662 713 nopoti
698 630 1002 713 prtefertur.
1052 632 1458 713 Contacuzenus
1522 648 1684 713 uxore
1749 630 2029 713 Calliopoti
2070 631 2255 713 relicta
2319 630 2634 713 Bysqntium
2697 630 2880 713 venit,‘
2923 631 3218 713 Andronico
3268 631 3498 712 laniari,
3555 631 3682 711 quid

481 701 848 762 decreverint,
912 703 1181 755 renuntiat
1230 717 1247 754 :

479 767 798 838 Syrgiamtis
853 772 900 823 ei
969 776 1323 826 commendat.

479 857 634 892 suam
671 841 921 894 ostendit.

1306 703 1550 757 Alexium
1623 703 1994 768 Apocauchum
2018 740 2033 762 ,

1408 771 1739 826 Andronicus
1816 770 2058 823 consulta
2133 769 2472 839 amplectitur
2513 810 2528 836 ,
2591 769 3191 852 magnanimitatemque
3261 779 3310 824 et
3368 771 3677 840 aequitatem

2081 702 2357 754 obscurum
2440 702 2734 764 hominem,
2788 702 2880 754 sed
2949 703 3300 770 prudentem,
3340 701 3396 753 in
3444 702 3682 768 gratiam

487 955 781 1024 Postquam
813 971 1042 1025 magnus
1069 956 1404 1010 domesticus
1430 956 1537 1010 hoc
1569 955 1806 1010 maxime
1835 954 1977 1008 modi

2172 953 2329 1008 Οὕτω
2358 954 2452 1008 τοῦ
2484 955 2725 1023 μεγάλου
2750 954 3069 1026 δομεστίκου
3097 953 3500 1026 διαλεχθέντος,
3537 956 3680 1008 πάν⁴

407 1045 690 1111 disseruit,
723 1045 1058 1116 Syrgiaunes
1087 1047 1303 1108 eadem.
1340 1063 1463 1116 quae
1494 1047 1610 1116 ipse
1641 1063 1766 1101 cum
1810 1049 1996 1102 animo

408 1138 639 1208 agitaret
688 1139 956 1198 locutum.
994 1152 1164 1207 seque
1199 1139 1480 1204 omnibus,
1508 1148 1568 1192 ut
1601 1139 1770 1208 probe
1811 1141 1994 1206 dictis,

407 1231 696 1300 astipulari
728 1231 1014 1286 confessus
1042 1243 1146 1287 est.
1172 1232 1278 1287 Sed
1307 1233 1488 1287 adhuc.
1509 1233 1730 1302 paulum
1784 1233 1993 1301 requiri

407 1339 518 1392 quo
554 1323 733 1377 verbis
779 1323 1015 1377 eﬂ'ectus
1059 1324 1388 1393 respondeat
1434 1343 1448 1379 :
1495 1325 1994 1395 quomodocunque

405 1415 554 1468 enim
590 1415 772 1468 locum
822 1414 1240 1479 inveniendum,
1292 1416 1385 1469 ubi
1412 1416 1761 1471 Andronicus
1801 1416 1996 1471 Junior

407 1517 526 1559 tuto
572 1521 630 1559 se
663 1513 865 1558 teneat.
924 1507 1103 1574 Super
1147 1522 1258 1575 quo
1301 1509 1668 1561 communiter
1712 1509 1996 1578 inquiren-

408 1596 574 1652 tibus.
602 1595 781 1648 visum
830 1595 1122 1659 ambobus,
1155 1595 1384 1649 alterius
1441 1597 1640 1650 horum
1675 1597 1907 1651 solutam
1941 1600 1991 1652 ei

406 1688 686 1754 optionem
729 1703 852 1742 esse
889 1704 904 1742 :
958 1689 1073 1742 sive
1121 1697 1179 1741 ut
1212 1688 1588 1758 Adrianopoli,
1631 1692 1827 1760 amplas
1865 1691 1989 1747 urbi

406 1789 465 1833 et
501 1780 773 1848 frequenti
830 1781 943 1847 (5'5)
975 1821 988 1845 ,
1016 1788 1278 1848 praeterea
1324 1779 1560 1834 militare
1603 1795 1796 1848 agmen
1845 1781 1990 1834 haud

405 1871 687 1925 modicum
712 1872 960 1937 habenti,
997 1887 1056 1926 se
1088 1871 1343 1926 crederet
1373 1889 1387 1926 :
1423 1887 1549 1927 cum
1586 1873 1892 1942 prmsertim
1934 1883 1991 1927 et

405 1981 606 2032 parens
631 1967 751 2036 ejus
782 1965 1012 2020 Michael
1049 1965 1373 2034 imperator,
1404 1965 1518 2020 illic
1547 1965 1733 2034 potius
1777 1965 1988 2036 longin-

403 2065 517 2125 'qno
544 2064 790 2125 tempore
816 2056 1044 2126 degens,
1075 2055 1447 2125 plurimorum
1499 2057 1796 2110 amicitiam
1834 2056 1989 2144 fami-

405 2148 810 2218 liaritatemque
829 2149 1062 2219 adeptus
1082 2158 1248 2212 esset,
1271 2151 1364 2220 qui
1389 2166 1488 2218 pro
1507 2152 1626 2220 ejus
1649 2151 1760 2205 tilio
1778 2166 1987 2205 summa

404 2241 686 2295 voluntate
707 2241 1022 2296 dimicaturi
1049 2242 1405 2297 viderentur:
1427 2243 1542 2297 sive
1559 2242 1602 2297 si
1630 2242 1677 2296 is
1704 2242 1858 2298 locus
1887 2244 1989 2296 mi-

403 2346 509 2384 nus
571 2331 818 2400 placeret
849 2329 1003 2400 (quia
1055 2340 1330 2386 metueret
1373 2345 1465 2394 ne,
1521 2331 1566 2386 si
1619 2345 1751 2384 avus
1801 2337 1984 2398 Spreta

401 2423 610 2492 pietate
648 2423 1039 2486 exacerbatus,
1071 2423 1277 2477 bellum
1326 2438 1490 2492 quam
1540 2438 1729 2492 pacem
1776 2423 1982 2486 mallet,

403 2529 627 2570 manum
659 2516 896 2570 validam
931 2513 1409 2584 Constantinopoli
1441 2513 1509 2567 ad
1563 2529 1622 2568 se
1668 2529 1990 2584 oppugnan-

401 2609 535 2664 dum
588 2611 886 2672 emitteret,
953 2608 1101 2679 quod
1166 2617 1392 2678 propter
1436 2607 1773 2662 vicinitatem
1826 2607 1987 2662 facile

402 2702 632 2772 posset).
665 2701 1041 2770 Christopolin
1074 2715 1132 2754 se
1179 2698 1478 2764 conferret,
1521 2699 1784 2768 Oppidum
1823 2698 1986 2752 simul

311 2826 313 2829 -
403 2802 600 2848 natura
635 2794 739 2846 loci
785 2802 842 2847 et
871 2793 1048 2846 muris
1099 2790 1315 2844 ﬁrmum
1365 2805 1429 2844 ac
1483 2790 1988 2844 munitumzsimnl

403 2886 553 2940 velut
587 2883 864 2954 quoddam
896 2883 1200 2938 claustrum
1232 2880 1288 2935 in
1330 2881 1510 2936 medio
1553 2881 1840 2948 utriusque
1893 2881 1988 2934 eli-

403 2976 586 3035 matis.
642 2974 1028 3029 Occidentales
1069 2972 1277 3041 copias,
1331 2970 1582 3040 quamvis
1630 2969 1878 3039 ingentes
1932 2979 1989 3024 et

402 3064 608 3131 pr:c.liis
632 3063 988 3124 assuefactus,
1020 3063 1126 3132 18
1142 3062 1212 3114 ab
1238 3061 1609 3116 Orientalibus
1630 3076 1693 3115 ac
1715 3059 1988 3113 Threiciis

399 3156 692 3211 secludens
725 3155 836 3225 (54)
887 3170 902 3209 :
941 3153 1130 3206 adhaec
1161 3151 1524 3216 maritimum,
1567 3158 1624 3205 et
1668 3149 1735 3204 ad
1783 3149 1986 3204 auxilia

399 3248 772 3317 undecunque
803 3264 833 3301 e
889 3246 1028 3300 mari
1080 3245 1404 3315 accipienda
1450 3246 1557 3298 situ
1612 3245 1985 3299 commodum.

399 3340 490 3393 Sic
517 3340 739 3393 demum
801 3338 954 3393 (inita
1014 3337 1436 3403 deliberatione,
1485 3337 1712 3406 valeque
1753 3337 1987 3392 invicem

397 3429 548 3483 dicto
569 3429 706 3498 (55),
733 3429 1064 3499 Syrgiannes
1087 3429 1140 3481 in
1169 3427 1427 3493 Thracia,
1454 3428 1574 3497 ejus
1600 3429 1988 3482 administran-

397 3521 482 3574 dae
507 3535 675 3574 causa
707 3520 967 3573 remansit
995 3537 1007 3572 :
1036 3518 1454 3574 Cantacuzenus
1478 3518 1985 3591 ConstantinOpolin

2103 1063 2173 1102 τα
2205 1048 2306 1116 μὲν
2360 1047 2565 1116 ἔφησεν
2607 1048 2636 1098 δ
2686 1049 3026 1118 Συργιάννης
3060 1048 3198 1119 πρὸς
3247 1047 3476 1117 γνώμης
3521 1048 3676 1118 αύτῷ

2098 1139 2372 1208 είρῆσθαι,
2425 1143 2518 1194 καὶ
2555 1141 2721 1194 πᾶσιν
2755 1140 2831 1197 ὡς
2867 1140 3050 1202 καλῶς
3093 1140 3280 1209 ἔχουσι
3334 1144 3676 1209 συμφωνεῖν,

2099 1229 2238 1298 πλὴν
2266 1231 2447 1297 ὀλίγου
2474 1233 2621 1295 τινὸς
2653 1233 2821 1286 ἐνδεῖν
2846 1233 2928 1285 ἐτι
2950 1233 3077 1294 τοὺς
3105 1233 3298 1299 λόγους
3326 1232 3506 1286 ὲλθιῖν
3533 1234 3674 1302 πρὲις

2097 1318 2292 1387 πέρας.
2327 1321 2418 1372 Δεῖ
2461 1321 2570 1390 γὰρ
2605 1322 2852 1390 ἐξευρεῖν
2881 1323 3033 1385 ὅπως
3066 1323 3198 1376 ποτὲ
3229 1324 3324 1376 καὶ
3359 1325 3482 1392 ἥτις
3513 1324 3674 1376 ἔσται

2096 1409 2128 1478 ἡ
2167 1409 2262 1462 τοῦ
2303 1409 2570 1480 βασιλέως
2603 1413 2896 1480 ἀσφάλεια.
2945 1416 3116 1484 Κοινῇ
3169 1415 3226 1468 δὲ
3275 1414 3676 1482 συνδιασκεψα-

2098 1501 2282 1568 μένοις
2311 1501 2441 1569 περὶ
2472 1502 2688 1565 τούτου,
2723 1501 2904 1566 ἔδοξεν
2937 1504 3269 1573 ἀμφοτέροις
3297 1503 3510 1574 αἵρεσιν
3531 1521 3671 1573 προ-

2095 1591 2268 1644 θεῖναι
2300 1593 2376 1662 τῷ
2417 1595 2523 1665 νέῳ
2577 1593 2792 1664 βασιλεί
2818 1594 2928 1648 τῶν
2957 1595 3050 1648 δύο
3102 1596 3331 1649 τουτωνὶ
3363 1596 3551 1666 ἑτέρου
3575 1611 3588 1625 ·
3634 1595 3670 1664 ἢ

2095 1684 2230 1754 πρὸς
2263 1685 2360 1755 τὴν
2403 1685 2682 1756 ’Δδριανοῦ
2721 1688 3026 1756 μεταϐῆναι
3071 1687 3250 1748 πόλιν.
3284 1687 3380 1740 ἆτε
3419 1686 3676 1756 μεγάλην

2092 1772 2257 1841 οὖσαν
2284 1777 2379 1830 καὶ
2415 1775 2863 1846 πολυάνθρωπον,
2898 1778 2992 1829 καὶ
3019 1778 3280 1848 στρατιάν
3302 1777 3405 1830 οὐκ
3433 1778 3676 1830 εὐκαταο

2079 1865 2362 1938 ’φρόνητον
2407 1865 2644 1937 ἔχουσαν
2706 1866 3003 1938 ἱδρυμένην
3055 1869 3114 1921 ὲν
3159 1868 3365 1937 ἑαυτῇο
3414 1866 3590 1928 ἄλλως
3621 1865 3676 1919 θ’

2091 1959 2173 2010 ὅτι
2207 1961 2300 2011 καὶ
2333 1958 2427 2011 τοῦ
2460 1959 2729 2025 βασιλέως
2747 1959 2970 2028 Μιχαὴλ
3005 1957 3100 2011 τοῦ
3135 1958 3340 2028 πατρὸς
3370 1958 3518 2026 αύτῷ
3551 1958 3672 2027 (56)

2090 2049 2282 2117 χρόνον
2317 2051 2434 2102 ἐκεῖ
2453 2049 2836 2119 διατρίψαντος
2856 2050 3005 2120 μάλα
3035 2050 3250 2118 συχνὸν,
3279 2048 3464 2101 πολλοὶ
3490 2065 3672 2119 προσ-

2091 2143 2340 2208 εγέεαοντο
2390 2143 2540 2212 αὐτῷ
2588 2143 2780 2194 οἰκεῖοι
2811 2141 2908 2195 καὶ
2945 2141 3092 2208 φίλοι
3135 2140 3232 2194 καὶ⁹
3273 2141 3673 2210 βουλησόμενοι

2095 2236 2240 2302 μάλα
2274 2233 2575 2304 προθύμως
2605 2234 2747 2298 ὑπὲρ
2802 2234 2896 2288 τοῦ
2946 2233 3136 2296 παιδὸς
3165 2232 3334 2287 αὑτοῦ
3392 2232 3677 2285 διακινδυ-

2087 2327 2304 2381 νεύειν’
2336 2327 2369 2398 ἢ
2408 2329 2457 2379 εί
2511 2326 2588 2398 μὴ
2626 2327 2786 2380 τοῦτο
2840 2327 3086 2397 βούλοιτο
3137 2326 3345 2392 (δεδιὼς
3403 2326 3480 2390 ὡς
3509 2327 3557 2378 εί
3584 2327 3674 2397 μὴ

2088 2419 2226 2486 πρὸς
2249 2417 2554 2488 συμόάσεις
2578 2421 2606 2472 ό
2647 2419 2902 2489 βασιλεὺς
2932 2422 3027 2474 καὶ
3066 2420 3293 2484 πάππος
3327 2417 3494 2488 αὐτῷ,
3527 2419 3673 2472 ἀλλὰ

2086 2511 2224 2583 πρὸς
2262 2513 2498 2582 πόλεμον
2531 2513 2736 2584 μᾶλλον
2762 2515 2904 2584 ὑπὲρ
2952 2514 3013 2568 τὸ
3042 2514 3160 2586 δέον
3193 2515 3438 2585 χωρήσει
3492 2531 3674 2580 παρο-

2091 2604 2324 2670 ξυνθεὶς,
2368 2605 2566 2676 ῥᾳδίως
2625 2607 2844 2676 σχήσων
2885 2605 3146 2678 στρατιὰς
3203 2605 3405 2676 συχνὰς
3456 2605 3676 2675 ἐκπέμ-

2087 2713 2213 2748 πειν
2249 2699 2386 2766 πρὸς
2419 2697 2622 2768 μάχην,
2672 2694 2764 2752 οἷα
2807 2697 2871 2768 δὴ
2919 2698 3147 2768 πλησίον
3175 2697 3346 2766 οῠσης
3379 2697 3479 2767 τῆς
3508 2699 3676 2752 Κων-

2090 2794 2420 2861 σταντίνου),
2468 2791 2605 2861 πρὸς
2631 2790 2692 2844 τὸ
2743 2791 2843 2860 τῆς
2902 2791 3366 2861 Χριστουπόλεως
3402 2789 3672 2861 φρούριον

2086 2881 2381 2950 ἀφικέσθαι
2401 2895 2415 2910 '
2448 2880 2566 2950 ἅμα
2594 2881 2693 2951 μὲν
2731 2881 2808 2944 ὡς
2832 2880 2892 2934 ὃν
2937 2885 3212 2952 καρτερὸν
3245 2881 3309 2933 ἐκ
3331 2899 3390 2934 τε
3421 2883 3520 2950 τῆς
3559 2883 3674 2950 φύ-

2089 2992 2225 3036 σεως
2253 2973 2354 3042 τῆς
2402 2972 2775 3042 κατασκευῆς,
2804 2971 2966 3024 τοῦτό
2997 2989 3102 3024 που
3153 2971 3248 3026 καὶ⁵
3280 2973 3391 3024 τῶν
3438 2971 3670 3042 τειχῶν,

2088 3070 2204 3138 ᾰμα
2237 3067 2281 3119 δ’
2313 3067 2399 3119 ὅτι
2426 3067 2518 3119 καὶ
2542 3064 2736 3134 ὥσπερ
2774 3063 2879 3118 εἴτι
2907 3064 3155 3134 κλεῖθρον
3187 3066 3369 3117 κεῖται
3399 3066 3506 3118 τῶν
3539 3067 3672 3118 κλι-

2089 3160 2276 3229 μάτων
2304 3157 2584 3228 ἑκατέρων
2615 3157 2803 3228 μέσον,
2833 3157 2933 3227 τὴν
2961 3157 3188 3226 δοτικὴν
3228 3156 3485 3226 στρατιὰν
3532 3157 3676 3209 πολε
3779 3219 3782 3222 ,

2085 3255 2184 3324 λήν
2211 3269 2336 3306 τινα
2389 3251 2559 3305 οὖσαν
2612 3250 2709 3303 καὶ
2741 3249 2878 3318 πρὸς
2911 3250 3094 3321 μάχας
3128 3249 3515 3320 ἐξησκημένην
3561 3251 3668 3319 τῆς

2087 3347 2150 3398 ἐκ
2181 3345 2279 3413 τῆς
2305 3344 2380 3397 ἕω
2413 3343 2510 3397 καὶ
2540 3343 2640 3414 τῆς
2700 3342 2928 3414 Θρᾴκης
2976 3343 3213 3413 διεῖργον
3236 3359 3251 3374 ο
3302 3340 3397 3395 καὶ
3452 3340 3664 3412 τρίτον,

2085 3442 2168 3494 ὃτι
2220 3438 2487 3508 παράλιον
2513 3438 2595 3500 ὃν,
2627 3439 2721 3490 καὶ
2754 3439 2853 3506 τὴν
2887 3438 2950 3490 ὲκ
2992 3437 3262 3506 θαλάττης
3296 3435 3665 3506 δθενδήποθεν

2087 3528 2356 3598 εὐκαίρως
2391 3528 2456 3581 ἂν
2515 3526 2853 3596 παράσχοιτο
2886 3525 3234 3596 συμμαχίαν.
3280 3521 3454 3575 Τοῦτο
3481 3521 3663 3592 πέρας

397 3611 506 3666 iter
541 3610 799 3675 intendit,
829 3626 997 3665 uxore
1028 3611 1316 3682 Calliopoli
1347 3613 1561 3679 relicta,
1599 3613 1653 3666 in
1684 3629 1793 3683 qua
1838 3615 1975 3669 urbe

2083 3620 2392 3688 ἐπιθέμενοι
2416 3620 2480 3687 τῇ
2517 3615 2704 3686 βουλῇ,
2767 3615 3021 3683 ἀλλήλοις
3076 3629 3134 3664 τε
3168 3610 3592 3680 συνταξάμενοι,
3633 3613 3682 3667 ὁ,

398 3710 460 3754 ιιι
487 3701 786 3771 plurimum
817 3703 1298 3768 commorabatur;
1327 3704 1526 3773 partim
1557 3704 1705 3774 quod
1749 3720 1813 3758 ea
1852 3721 1979 3776 pro-

393 3803 522 3863 pter
553 3795 919 3849 munitionem
951 3795 1018 3848 ad
1053 3795 1419 3850 Barbarorum
1465 3797 1808 3867 irruptiones
1852 3814 1983 3868 pro-

367 3884 666 3940 hibendas
713 3887 930 3947 idonea.
984 3888 1180 3957 partim
1231 3888 1379 3956 quod
1431 3904 1555 3944 cum
1604 3900 1715 3946 tota
1792 3892 1984 3947 classis

394 3977 601 4032 ibidem
657 3987 844 4046 staret,
912 3987 1210 4047 essentque
1278 3980 1532 4036 triremes
1593 3991 1650 4037 et
1711 3983 1981 4037 classiarii

393 4069 574 4135 multi,
607 4070 874 4140 indigenae
917 4069 1159 4138 regionis
1227 4070 1674 4141 exspoliabantur
1726 4087 1787 4127 ac
1853 4088 1981 4143 pre-

393 4158 704 4226 mebantur,
733 4161 957 4216 nemine
985 4175 1082 4216 eos
1112 4170 1379 4230 terrente,
1411 4178 1716 4235 eorumque
1740 4162 1980 4228 impetus

2087 3712 2189 3780 μὲν
2213 3710 2429 3778 ἔμεινεν
2467 3709 2524 3760 ὲν
2550 3707 2742 3778 Θρᾴκῃ
2771 3705 2974 3774 ταύτης
3006 3703 3414 3773 ἐπιτροπεύων.
3448 3703 3658 3757 Καντα-

2086 3800 2350 3871 κουζηνὸς
2377 3799 2424 3851 δ’
2456 3800 2484 3852 ὁ
2513 3797 2690 3868 μέγας
2723 3797 3046 3866 δομέστικος
3081 3795 3180 3857 τῆς
3212 3795 3349 3863 πρὸς
3376 3793 3476 3863 τὴν
3508 3794 3640 3846 Κων

2084 3891 2368 3946 σταντίνου
2428 3888 2700 3960 φερούσης
2749 3887 2956 3956 εἴχετο,
3019 3885 3119 3956 τὴν
3186 3885 3440 3938 σύνευνον
3509 3882 3662 3954 αὑτῷ

2087 3979 2404 4036 καταλιπὼν
2437 3982 2494 4034 ἐν
2524 3982 2588 4050 τῇ
2619 3977 2856 4032 Καλλίου
2890 3974 3082 4028 πόλει·
3122 3977 3180 4027 ὲν
3207 3975 3380 4045 ταύτῃ
3407 3973 3516 4044 γὰρ
3551 3973 3657 4025 διέ-

2083 4071 2235 4141 τριϐε
2259 4070 2320 4124 τὸ
2350 4068 2605 4122 πλεῖστον
2633 4067 2726 4121 τοῦ
2753 4065 2945 4139 χρόνον
2969 4081 2983 4096 ο
3017 4063 3176 4118 τοῦτο
3213 4063 3312 4134 μὲν
3344 4062 3417 4126 ὡς
3448 4063 3648 4114 ὲπικαίυ

2086 4179 2195 4233 ρως
2220 4161 2440 4233 ἔχοντος
2472 4159 2566 4212 τοῦ
2597 4159 2800 4230 χωρίου
2831 4157 2966 4228 πρὸς
2999 4154 3098 4219 τὰς
3135 4154 3362 4228 ἐφόδους
3396 4153 3649 4209 άνθίστα⁴

1668 4281 1888 4345 Jacobi
1920 4284 2193 4346 Pontani
2231 4288 2419 4344 notua.

465 4411 579 4482 (53)
618 4409 956 4466 Orestiadem
988 4423 1146 4470 antea
1174 4413 1374 4470 dictam
1407 4415 1552 4470 hanc
1605 4413 1800 4469 urbem
1843 4415 1968 4484 qui-
2000 4421 2042 4475 D
2143 4414 2257 4483 (5t)
2291 4415 2547 4470 Arbitror
2603 4415 2669 4469 ad
2728 4415 2878 4469 hunc
2937 4414 3118 4484 locum
3174 4409 3473 4484 pertinere.
3509 4415 3649 4484 quod

394 4480 516 4535 dam
567 4489 820 4535 auctores
848 4493 994 4539 sunt.
1047 4484 1310 4538 Solebant
1359 4485 1564 4538 sultani
1604 4480 1962 4539 Turcicifre-

393 4551 881 4621 gnumiauspicari
910 4552 965 4604 in
1023 4567 1086 4605 ea
1122 4553 1341 4606 civitate
1370 4591 1384 4612 .
1442 4569 1564 4621 qua:
1610 4554 1772 4606 sedes
1819 4563 1966 4608 essot

394 4620 641 4690 imperii.
689 4619 970 4690 Principio
1019 4621 1213 4674 Turcis
1263 4619 1962 4690 (capta—Constantinopoli

393 4689 679 4760 videlicet)
705 4689 1013 4760 iuit_Prttsa
1057 4690 1345 4759 Bithyniae,
1385 4692 1547 4760 paulo
1574 4702 1700 4745 ante
1730 4689 1961 4748 mortem

391 4757 648 4829 Ostnanis
683 4759 752 4812 ab
790 4755 1046 4829 Urchane
1078 4755 1200 4829 ﬁlio
1225 4755 1424 4828 capta',
1479 4776 1600 4829 qua!
1636 4761 1762 4815 licet
1792 4764 1964 4816 hono-

392 4842 508 4880 rem
567 4828 714 4898 hunc
755 4843 863 4880 non
908 4827 1000 4882 diu
1050 4827 1314 4892 retinuit,
1375 4844 1440 4882 ex
1490 4827 1718 4898 pristina
1783 4839 1960 4886 tamen

391 4896 754 4969 praerogativa
789 4899 1026 4962 meruit,
1070 4907 1127 4950 ut
1160 4898 1458 4969 longissimi
1491 4896 1754 4968 temporis
1784 4902 1962 4969 spatio

392 4963 593 5018 Sullani
637 4963 940 5036 Turcarum
974 4966 1215 5026 mortui,
1249 4963 1494 5036 paternis
1535 4963 1618 5021 et‘
1642 4963 1960 5025 avitis'istic

392 5035 806 5105 niontnnentis.
867 5037 1031 5089 etiam
1074 5037 1168 5087 diu
1207 5045 1330 5104 post
1383 5046 1596 5105 captam
1647 5037 1961 5094 Constanti-

391 5103 656 5174 nopOlim,
687 5102 1046 5158 inferrentur.
1100 5102 1399 5174 Postquam
1447 5102 1580 5159 vero
1633 5113 1960 5163 transvectis

391 5171 446 5223 in
483 5173 750 5241 Europam
784 5174 990 5241 copiis.
1017 5171 1264 5228 Murates'
1286 5177 1326 5238 Ι,
1360 5173 1628 5230 Urchanis
1667 5177 1741 5230 fil.
1771 5177 1962 5232 Osma-

391 5241 480 5315 nis
523 5240 590 5294 N.
653 5240 1100 5315 lladrianoliolim
1153 5246 1408 5313 cepisset.
1460 5245 1653 5299 eodem
1704 5257 1760 5300 et
1807 5249 1957 5315 regni

389 5309 547 5382 sedes
595 5327 662 5363 ex
713 5311 838 5364 Asia
887 5309 1278 5382 commigrasse
1335 5315 1574 5375 videtur,
1634 5317 1779 5382 quod
1813 5309 1958 5371 recte

388 5394 445 5431 se
480 5379 722 5433 tacturos
755 5381 956 5435 sultani
1013 5379 1278 5438 ducerent
1308 5423 1323 5446 ,
1358 5384 1403 5436 si
1449 5385 1612 5438 rebus
1653 5379 1961 5438 'Anatolicis

388 5449 495 5522 jam
560 5451 1082 5522 tranquillioribus,
1135 5454 1474 5522 praecipuum
1524 5455 1732 5506 militia:
1791 5456 1959 5508 robur

389 5517 493 5588 iant
554 5517 940 5588 llad‘rianopoli
1008 5517 1159 5576 velut
1223 5517 1583 5577 ill—excubiis
1643 5524 1953 5578 haberent:

389 5586 569 5659 unde,
626 5586 918 5644 momentis
972 5608 1155 5645 rerum
1203 5609 1269 5646 ex
1306 5608 1406 5645 usu
1460 5596 1561 5647 Suo
1593 5593 1956 5659 gerendarum

389 5656 824 5730 animadversis,
877 5661 1131 5730 progredi
1209 5661 1468 5728 paulatim
1529 5656 1728 5726 latius,
1788 5670 1843 5715 et
1903 5663 1956 5714 in

389 5723 614 5796 Europa)
647 5729 852 5783 viscera
877 5723 1121 5800 'gra'ssari
1146 5723 1388 5798 possent.
1425 5723 1809 5785 Leunclavius.

2069 4481 2334 4538 scribitur
2397 4500 2428 4539 a
2473 4484 2710 4554 Gregora
2770 4485 2912 4538 libro
2960 4483 3249 4554 septimo,‘
3279 4481 3648 4554 Andronicum

2069 4555 2341 4608 seniorem
2373 4551 2607 4624 longum'
2636 4569 2851 4607 murum
2904 4553 2972 4607 ad
3006 4551 3480 4624 Christopolim_a
3512 4553 3646 4612 mari

2069 4637 2240 4692 usque
2286 4626 2352 4678 axi
2399 4621 2566 4678 vicini
2623 4624 2827 4676 montis
2879 4637 3142 4676 cacumen
3190 4621 3550 4692 exstruxisse,
3595 4632 3647 4692 ut

2064 4689 2220 4746 locus
2254 4695 2300 4747 is
2344 4709 2401 4747 se
2451 4694 2625 4748 invito
2655 4707 2877 4761 prorsus
2919 4692 3228 4761 inaccessus
3254 4689 3531 4761 essetiist
3557 4691 3650 4758 qui

2065 4763 2149 4814 vel
2195 4780 2226 4817 e
2263 4763 2492 4816 Thracia
2530 4764 2584 4817 in
2619 4757 3010 4825 Macedoniam,
3054 4759 3139 4815 vel
3177 4775 3209 4814 e
3253 4757 3650 4814 Macedoniam

2065 4830 2353 4886 Thraciam
2383 4833 2486 4886 iter
2510 4832 2800 4887 haberent.

2135 4902 2249 4970 (55)
2291 4902 2568 4970 Ἀλλήλοις
2602 4919 2660 4952 τε
2689 4898 3226 4970 συνταξάμενοιΝωι
3247 4898 3648 4970 συντάσσεσθαι

2064 4971 2236 5024 sacris
2263 4969 2627 5038 scripturibus
2658 4971 2800 5021 idem
2831 4970 2995 5025 valet.
3025 4969 3170 5037 quod
3207 4969 3640 5038 άποτάσσεσοαι,

2062 5042 2115 5092 in
2134 5037 2617 5108 digressusalutem
2648 5039 2835 5094 dicere.
2865 5038 3046 5102 Quare
3076 5037 3470 5108 συντακτήριος
3495 5039 3651 5104 λόγος

2063 5107 2310 5177 Gregorii
2339 5109 2666 5162 Nazianzeni
2691 5118 2909 5160 centum
2939 5107 3335 5177 quinquaginta
3377 5108 3652 5174 episc0pis

2065 5175 2424 5245 pra-Sentibus
2484 5179 2723 5236 habitus.
2776 5188 2859 5228 est
2902 5192 2962 5229 ea
3019 5175 3220 5237 oratio,
3253 5190 3414 5245 quam
3469 5177 3650 5243 primo

2063 5244 2284 5314 quoque
2321 5258 2566 5316 tempore
2595 5248 2936 5299 discessurus
2987 5244 3384 5316 pronuntiavit,
3414 5247 3650 5316 etuepi-

2063 5313 2365 5382 s'copisillis
2392 5313 2670 5369 valedixit.
2702 5317 2832 5369 ltem
2867 5313 3009 5382 apud
3040 5314 3454 5376 Damascenum,
3479 5313 3646 5377 libro,

2063 5385 2212 5448 Quod
2265 5389 2458 5440 mortui
2507 5388 2788 5440 viventium
2835 5383 3097 5451 beneﬁciis
3141 5383 3414 5451 jttcentur,
3447 5401 3647 5434 συντα-

2062 5459 2285 5526 κτήριον
2339 5456 2580 5526 θρηνεῖν,
2617 5468 2728 5526 γεει
2779 5454 2833 5506 in
2881 5454 3076 5526 ultimo
3121 5455 3368 5520 digressu
3420 5452 3550 5526 [lere
3586 5467 3644 5498 ac

2061 5521 2384 5577 lamentari:
2404 5521 2563 5580 Plura
2615 5525 2825 5589 Billius,
2867 5521 3137 5575 Observat.
3197 5535 3403 5574 sacrar.
3463 5521 3557 5567 lib.
3599 5530 3640 5575 ι,

2061 5607 2181 5659 cap.
2209 5595 2296 5646 2?.

2135 5658 2249 5732 (56)
2283 5664 2358 5717 lta
2390 5665 2588 5734 sapius
2612 5679 2710 5734 pro
2751 5661 2938 5728 αὐτοῦ,
2973 5668 3032 5713 ut
3061 5658 3221 5714 infra-
