3962 6454
477 482 550 545 83
1354 495 1363 506 “
1642 491 1966 552 ,ΙΟΑΝΝΙΞ
2007 495 2048 554 C

2159 495 2503 557 TACUZEN
2514 499 2537 555 Ι

3657 511 3742 576 84

481 606 688 649 tionem
738 593 805 648 ad
845 610 1006 649 avum
1060 595 1345 662 decernit,
1387 614 1512 651 cum
1552 609 1610 651 ut
1657 600 1897 654 furorem
1933 602 2051 669 ejus

2161 601 2302 670 ἔγνω
2331 604 2444 656 δεῖν
2477 604 2750 677 πρεσδεία
2792 609 3106 677 χρήσασθαί
3152 629 3259 666 τινι
3297 613 3431 684 πρὸς
3458 616 3550 668 τὸν
3580 619 3747 670 παπ-

481 685 718 752 mitiget,
769 703 1007 756 eumque
1046 690 1111 742 ad
1144 689 1433 744 leuitatem
1474 706 1535 744 ac
1567 693 2048 746 mansuetudinem

480 775 755 835 traducat,
786 787 900 830 tum
939 787 997 832 ut
1024 793 1248 832 causam
1282 788 1603 848 cognoscat,
1645 781 1716 836 ob
1767 799 1930 852 quam
1963 784 2052 836 ille

480 865 583 919 sibi
619 876 726 920 tam
765 867 1014 922 infensus
1063 881 1230 939 atque
1262 871 1496 927 infestus
1537 874 1630 927 sit.
1688 873 1856 943 Legat
1889 875 2055 946 igitur

477 955 780 1024 .losepbum
834 959 1147 1027 quemdam,
1207 960 1409 1016 virtute
1441 972 1498 1016 et
1541 963 1790 1017 doctrina
1831 965 2054 1032 conspi-

479 1064 641 1101 cuum
687 1049 822 1117 (65),
859 1059 915 1102 et
969 1066 1065 1119 per
1118 1052 1365 1106 omnium
1405 1067 1500 1107 ora
1531 1054 1872 1110 volitantem.
1927 1055 2053 1120 Qui,

480 1156 799 1210 quanquam
861 1141 1144 1196 lucernam
1201 1144 1304 1196 sub
1340 1144 1525 1198 modio
1558 1145 1900 1201 abscondere
1955 1163 2055 1216 pro

480 1231 626 1284 virili
660 1232 958 1295 niteretur,
1016 1233 1156 1288 nihil
1206 1243 1388 1294 tamen
1415 1237 1798 1304 promovebat,
1835 1239 2055 1307 quando

479 1323 706 1376 effatum
749 1323 1000 1376 Domini’
1035 1337 1142 1376 non
1199 1336 1382 1394 potest
1450 1327 1560 1380 ullo
1622 1327 1786 1383 modo
1824 1328 2054 1384 interci-

480 1413 635 1468 dere.
669 1413 745 1484 EQ
775 1414 1043 1485 siquidem
1069 1417 1421 1473 claritudinis
1454 1427 1879 1489 pervenerat,ut
1904 1435 2057 1476 com-

482 1506 748 1561 munibus
789 1508 1162 1577 imperatoris,
1202 1524 1372 1564 sacra:
1425 1510 1644 1580 synodi,
1695 1513 1935 1566 universi
1966 1527 2055 1568 se-

482 1610 648 1653 natus
715 1600 1204 1672 sullragationibus
1259 1602 1312 1655 in
1363 1602 1648 1672 pontificia
1695 1603 1862 1676 hujus
1903 1619 2057 1658 nova:

481 1687 668 1741 Romae
697 1689 959 1743 cathedra
995 1691 1350 1752 collocandus
1378 1701 1702 1748 censeretur
1739 1711 1752 1747 :
1785 1694 1888 1748 etsi
1913 1694 2057 1764 ipse,

485 1779 556 1831 ob
612 1779 939 1833 modestiam
986 1780 1154 1834 animi
1213 1782 1762 1853 moderationemque
1818 1784 2060 1856 singula-

483 1883 596 1921 rem
647 1884 983 1940 repugnans,
1044 1871 1323 1941 fastigium
1391 1885 1447 1928 et
1499 1858 1935 1945 magnitudinem
1978 1877 2060 1929 di-

2156 712 2257 748 πςν
2287 698 2379 749 καὶ
2421 697 2665 766 βασιλέα,
2722 699 2837 770 ἀμα
2875 703 2974 770 μὲν
3026 705 3120 756 καὶ
3148 704 3250 772 τὴν
3280 706 3449 776 ὀργὴν
3478 709 3740 777 ἐκμειλι-

2159 788 2382 858 ξόμενος
2437 790 2537 859 τὴν
2595 791 2804 844 ἐκείνου
2841 795 2938 848 καὶ
2986 795 3295 868 πραότερον
3329 801 3741 870 καταστήσων,

2158 878 2275 948 ἅμα
2305 881 2364 933 δὲ
2409 882 2506 934 καὶ
2549 883 2652 952 τὴν
2683 884 2863 935 αἰτίαν
2910 883 3112 939 ἐθέλων
3143 888 3338 956 μαθεῖν
3376 889 3444 942 δι’
3483 890 3550 962 ήν
3587 892 3741 960 πρὸς

2156 972 2318 1024 αὑτὸν
2356 974 2383 1024 ὁ
2421 973 2673 1042 βασιλεὺς
2701 975 2877 1038 οὕτως
2903 977 3356 1050 έκπεπολέμωτο.
3407 983 3623 1051 Πέμπει
3663 985 3738 1054 δή

2155 1080 2276 1117 τινα
2331 1065 2439 1118 τῶν
2481 1067 2570 1120 ἐπ’
2607 1069 2776 1139 ἀρετῇ
2824 1071 2919 1122 καὶ
2947 1072 3239 1142 φιλοσοφίᾳ.
3278 1075 3598 1144 γνωρίμων,
3636 1077 3745 1128 καὶ

2158 1156 2310 1226 παρὰ
2359 1159 2472 1220 τοῖς
2500 1158 2759 1214 ἁπάντων
2789 1161 3024 1232 στόμασι
3055 1164 3310 1233 κείμενον
3365 1165 3585 1233 Ἰωσήφ.
3636 1165 3748 1227 ⁸ος

2158 1247 2539 1316 ἐφιλονείκησε
2569 1249 2687 1318 μὲν,
2724 1253 2784 1304 τό
2822 1269 2887 1320 γε
2919 1254 3000 1316 είς
3033 1255 3194 1308 αὐτὸν
3223 1249 3382 1326 ἧκον,
3413 1257 3506 1308 τὸν
3535 1256 3750 1324 λύχνον

2159 1337 2265 1389 ὑπὸ
2296 1337 2390 1391 τὸν
2421 1340 2607 1407 μόδιον
2631 1342 2860 1412 κρύψαι,
2898 1345 2999 1398 οὒκ
3026 1346 3269 1418 ἠδυνήθη
3298 1347 3374 1414 δὲ,
3406 1345 3501 1400 τοῦ
3520 1351 3747 1400 Δεσπο-

2159 1428 2318 1482 τικοῦ
2345 1429 2505 1498 λόγου
2542 1434 2761 1497 πάντως
2792 1436 2868 1506 μὴ
2899 1436 3200 1507 δυναμένου
3235 1441 3542 1493 διαπεσεῖν.
3588 1440 3748 1491 Ἀλλ’

2157 1517 2240 1579 είς
2289 1518 2546 1575 τοσοῦτον
2603 1517 2738 1592 ἦλθε
2788 1527 3170 1594 περιφανείας,
3219 1526 3296 1589 ὡς
3345 1527 3514 1596 ψήφῳ
3569 1528 3746 1596 κοινῇ

2160 1602 2427 1673 βασιλέως
2463 1625 2524 1660 τε
2582 1614 2676 1663 καὶ
2736 1612 2960 1666 συνόδου
3017 1613 3120 1682 τῆς
3180 1615 3332 1686 ἱερᾶς
3365 1652 3380 1676 ,
3419 1613 3499 1667 ἔτι
3542 1613 3601 1665 δὲ
3639 1615 3752 1666 καὶ

2161 1697 2470 1768 συγκλήτου
2522 1701 2706 1773 πάσης
2741 1744 2756 1769 ,
2816 1704 2928 1759 τῶν
2982 1707 3460 1777 έκκλησιαστικῶν
3521 1705 3752 1778 θρόνων

2160 1789 2260 1854 τῆς
2295 1791 2422 1853 νέας
2452 1796 2690 1865 ταυτησὶ
2723 1795 2948 1868 Ῥώμης
2989 1798 3140 1864 ἄξιος
3172 1797 3586 1867 ἀποδειχθῆναι,
3629 1797 3754 1850 κᾶν

2162 1880 2325 1946 αὐτὸς
2351 1883 2430 1952 τῷ
2459 1885 2580 1938 λίαν
2610 1887 2851 1958 ταπεινῷ
2879 1890 2974 1943 καὶ
3007 1889 3216 1961 μετρίῳ
3260 1887 3356 1943 τοῦ
3382 1888 3549 1960 ήθους
3577 1887 3710 1942 and;
3738 1920 3756 1933 ο

481 1957 704 2031 gnitatis
735 1961 988 2033 religiose
1045 1963 1366 2021 declinaret.
1424 1967 1567 2037 Ergo
1603 1965 1789 2039 [hujus
1817 1969 2051 2023 oratoris

2160 1987 2290 2028 σατο
2331 1975 2432 2048 τὴν
2482 1977 2739 2043 ἁξίαν,τδ
2767 1957 2869 2048 τῆς
2907 1957 3363 2052 καθέδραςνύψος,
3404 1957 3511 2036 ’καὶ
3538 1981 3598 2034 τὸ
3641 1981 3755 2051 μὲ-

481 2049 615 2120 ore]
689 2051 1074 2122 imperatorem
1149 2072 1313 2112 avum
1375 2057 1456 2114 sic
1512 2061 2053 2130 alloquitur(66):

481 2139 931 2217 Quandoquidem
994 2148 1318 2216 parentibus
1368 2148 1602 2220 singulis
1659 2151 1809 2220 (67)
1860 2154 2057 2220 praci-

483 2251 654 2304 puum
691 2239 984 2305 quemdam
1034 2256 1279 2299 amorem
1317 2257 1444 2313 erga
1502 2242 1711 2296 liberos
1749 2251 1943 2296 natura
1976 2243 2060 2296 in-

481 2330 786 2397 generavit,
825 2333 1025 2386 rationi
1057 2343 1493 2391 consentaneum
1525 2347 1612 2391 est
1646 2335 1861 2405 utique,
1925 2344 1984 2389 ut
2017 2336 2055 2390 ii

469 2429 661 2496 errata
699 2423 864 2474 etiam
895 2422 1215 2479 eorumdem
1252 2424 1512 2494 obtegere
1561 2433 1618 2478 et
1667 2425 1943 2479 occultare
1967 2439 2058 2478 ve-

480 2511 603 2573 lint.
634 2512 790 2578 Quod
828 2515 872 2568 si
901 2527 1054 2584 pater
1081 2531 1225 2573 unus
1261 2516 1458 2586 aliquis
1489 2516 1662 2571 filium
1699 2517 1919 2587 copiose
1949 2519 2051 2586 21

483 2614 648 2674 atque
674 2606 976 2662 honorifice
1010 2609 1340 2674 laudaverit,
1373 2623 1482 2664 non
1515 2610 1762 2680 effugiet,
1792 2609 1925 2680 quin
1952 2626 2054 2664 au-

484 2697 695 2751 ditores
744 2698 863 2752 illas
913 2699 1108 2752 laudes
1151 2700 1469 2765 ementitas,
1517 2711 1574 2754 et
1606 2700 1947 2754 laudatorem
1982 2699 2052 2754 ob

481 2788 813 2847 charitatem
849 2791 1388 2860 propensionemque
1428 2792 1735 2846 naturalem
1765 2791 2054 2860 deceptum

483 2895 815 2948 magnopere
867 2882 1242 2951 suspicentur.
1274 2883 1476 2937 Contra
1532 2899 1617 2946 ea,
1671 2882 1714 2936 si
1768 2883 1938 2937 filium
1968 2882 2055 2936 vel

481 2972 589 3032 levi
626 2973 1054 3040 reprehensione
1079 2973 1492 3043 perstrinxerit,
1524 2990 1716 3029 rursus
1750 2991 1815 3029 cx
1848 2974 2056 3028 diame-

489 3077 573 3120 tro
600 3065 831 3120 nimium
883 3066 1054 3120 fuisse
1084 3067 1477 3135 reprehensum
1515 3068 1968 3136 interpretantur,
1999 3077 2057 3121 et

485 3158 708 3229 adaeque
737 3169 996 3230 arguunt.
1055 3159 1224 3230 igitur
1257 3176 1382 3214 eum
1416 3171 1494 3224 tu,
1533 3170 1687 3230 pater
1720 3176 1898 3224 meus,
1947 3169 2053 3214 tam

482 3253 639 3306 valde
673 3253 806 3306 mihi
837 3252 1110 3316 irascaris,
1142 3253 1423 3321 multaque
1455 3263 1511 3308 et
1543 3246 1690 3305 varia
1726 3253 1778 3305 in
1811 3270 1896 3307 me
1917 3269 2050 3306 con-

479 3344 622 3396 vicia
642 3353 696 3396 et
726 3343 1012 3397 maledicta
1038 3343 1259 3398 assiduo
1285 3345 1480 3414 jactcs,
1516 3344 1774 3413 quodque
1805 3345 2048 3396 omnium

482 3436 863 3499 durissimum,
896 3443 949 3488 et
974 3450 1002 3488 a
1037 3451 1147 3504 quo
1191 3452 1300 3490 non
1349 3438 1525 3491 solum
1563 3436 1801 3491 dicendo
1841 3438 2048 3506 lingua,

483 3529 578 3587 sed
615 3529 779 3587 etiam
813 3527 1086 3587 audiendo
1109 3545 1271 3588 aures
1296 3546 1428 3589 mea!
1465 3530 1786 3597 abhorrent,
1817 3545 1940 3586 cum
1966 3546 2054 3584 ca-

483 3624 581 3693 piti
618 3633 712 3678 tuo
738 3623 1054 3694 frequenter
1086 3625 1283 3678 malam
1308 3609 1541 3695 \pestem
1588 3624 1922 3692 imprecatus
1956 3624 2053 3687 sis,

484 3720 525 3769 si
563 3734 664 3783 ego
700 3734 940 3786 unquam
977 3719 1043 3773 ad
1102 3720 1274 3773 ullum
1320 3733 1501 3787 opera:
1537 3717 1778 3786 pretium
1837 3715 2046 3770 facien-

481 3810 612 3863 dum
676 3809 878 3864 habilis
929 3819 984 3863 et
1017 3811 1304 3880 appositus
1354 3808 1618 3876 viderer:
1653 3808 1911 3878 quodque
1962 3807 2048 3862 vel

480 3904 598 3971 ipsa
647 3911 824 3957 inerte.
863 3902 1104 3956 amarius
1135 3910 1239 3964 est,
1273 3915 1397 3955 cum
1449 3901 1660 3954 minuta
1695 3894 1944 3970 quaedam
1995 3909 2053 3955 et

477 3994 702 4048 fortuita
737 4001 933 4047 eventa
976 3993 1228 4046 ccelestes
1258 3989 1711 4061 significationes,
1765 3991 2051 4060 divinique

478 4083 691 4139 consilii
718 4083 1217 4138 demonstrationes
1245 4082 1766 4153 existimes,quibus
1783 4084 1849 4140 ad
1873 4100 2050 4155 popu-

477 4177 562 4232 los
615 4176 847 4242 imperio
902 4174 1173 4244 regendos
1233 4175 1454 4244 ineptus
1518 4176 1815 4241 ostendar,
1879 4178 2048 4247 quis,

474 4284 682 4337 quaso,
705 4269 1072 4322 Romanorum
1106 4267 1222 4322 hare
1237 4268 1488 4337 audiens,
1510 4285 1620 4322 non
1653 4279 1704 4323 te
1731 4271 1902 4324 maria
1937 4279 2048 4325 tota

477 4360 857 4424 improborum
913 4359 1225 4426 facinorum
1257 4335 1370 4430 Z68)
1401 4375 1616 4414 mecum
1675 4359 1742 4415 de
1781 4375 1866 4414 me
1915 4376 2048 4415 con-

475 4451 616 4505 scire
657 4447 1204 4504 arbitrabitur?ldco
1239 4459 1422 4506 autem
1449 4449 1663 4504 modica
1697 4453 1946 4526 quaedam
1983 4451 2047 4513 ad

548 4571 568 4598 ²
607 4565 798 4620 Matth.
834 4580 886 4630 ν,
926 4565 1012 4626 15,

2167 2068 2328 2136 γεθος
2361 2069 2688 2140 εὐλαϐηθεὶς
2711 2075 2811 2142 τῆς
2835 2074 3033 2144 ἀρχῆς.
3061 2072 3248 2144 Τούτῳ
3285 2075 3350 2145 δή
3383 2074 3755 2145 χρησάμενος

2169 2159 2482 2231 πρεσδευτῇ
2515 2201 2530 2226 ,
2581 2164 2852 2233 ἀναφέρει
2909 2162 2979 2217 δι’
3021 2165 3190 2218 αὐτοῦ
3239 2165 3318 2236 τῷ
3367 2165 3580 2235 βασιλεῖ
3641 2166 3756 2219 καὶ

2165 2251 2377 2322 πάππῳ
2427 2251 2644 2306 τοιάδε·
2693 2255 2815 2307 Τῶν
2871 2256 3286 2327 γεγεννηκότων
3320 2256 3542 2310 πάντων
3594 2255 3755 2326 πρδς

2163 2343 2292 2406 τοὺς
2338 2343 2398 2407 ἐξ
2441 2345 2621 2398 αὐτῶν
2654 2349 2858 2417 φυσικῇ
2891 2365 3002 2400 τινι
3027 2348 3460 2418 κεκρατημένων
3491 2350 3698 2420 στοργῇ
3729 2388 3753 2414 ,

2164 2438 2313 2499 εἰκός
2361 2437 2478 2489 ἐστι
2521 2437 2693 2506 δήπου
2747 2439 2843 2493 καὶ
2886 2438 2955 2492 τά
2984 2438 3094 2492 τῶν
3134 2438 3343 2494 παίδων
3375 2438 3756 2508 ἐλαττώματα

2167 2528 2486 2592 συσκιάζειν
2520 2528 2750 2584 ἐθέλειν.
2787 2531 2906 2584 Κάν
2937 2548 3020 2594 τις
3055 2531 3200 2601 ὑπὲρ
3230 2529 3325 2582 τοῦ
3370 2530 3562 2591 παιδὸς
3595 2529 3756 2581 πολ-

2164 2617 2290 2680 λούς
2329 2634 2481 2680 τινας
2511 2617 2754 2689 διεξέλθῃ
2789 2620 2883 2672 καὶ
2920 2619 3264 2689 θαυμασίους
3293 2618 3574 2683 ὲπαίνους,
3607 2619 3751 2671 ὑπο-

2162 2709 2292 2779 ψίαν
2322 2711 2384 2764 οὐ
2429 2710 2632 2780 μικράν
2672 2713 2786 2773 τοῖς
2821 2710 3083 2764 ἀκούουσι
3115 2710 3369 2781 παρέχει,
3422 2711 3498 2774 ὡς
3545 2713 3604 2764 ού
3634 2711 3748 2766 τοῦ

2164 2803 2356 2864 παιδὸς
2381 2803 2536 2864 ὄντος
2567 2803 2839 2867 τοιούτου,
2889 2803 3024 2857 ἀλλὰ
3064 2803 3248 2871 πολλῷ
3289 2802 3367 2872 τῷ
3409 2803 3592 2872 μέτρῳ
3618 2803 3749 2855 λει-

2163 2896 2402 2964 πομένου
2455 2895 2564 2948 τῶν
2607 2895 2872 2956 ἐπαίνων,
2922 2892 3090 2946 αὑτοῦ
3135 2893 3193 2947 δὲ
3243 2894 3610 2963 ἀπατωμένου
3643 2893 3744 2947 διὰ

2162 2987 2260 3058 τὴν
2290 2987 2478 3056 σχέσιν
2529 2987 2627 3056 τὴν
2672 2987 2810 3057 πρὸς
2866 2987 3056 3040 αὐτόν.
3094 2988 3190 3039 Ἂν
3247 2986 3294 3038 δ’
3347 2987 3375 3038 ό
3421 2987 3604 3056 πατὴρ
3653 2985 3744 3054 τῷ

2163 3077 2314 3131 παιδί
2346 3094 2469 3130 τινα
2519 3079 2618 3131 καὶ
2669 3076 2862 3146 μικρὸν
2910 3076 3320 3148 προστρίψηται
3348 3077 3536 3146 ψόγον,
3565 3078 3742 3131 πάλιν

2163 3169 2225 3220 ὲκ
2258 3167 2552 3236 διαμέτρου
2599 3167 3043 3222 πολλαπλασίονα
3089 3165 3184 3221 τὸν
3215 3167 3383 3236 ψόγον
3416 3167 3738 3234 ὑπονοοῦσι,

2165 3261 2262 3332 τὴν
2311 3261 2430 3330 ι’σην
2471 3259 2856 3330 προστιθέντες
2891 3260 3094 3315 αἰτίαν.
3128 3258 3229 3312 Σοῦ
3275 3260 3457 3314 τοίνυν
3484 3259 3578 3313 τοῦ
3619 3278 3738 3314 παν

2157 3353 2285 3424 τρὸς
2329 3351 2453 3406 κατ’
2479 3352 2610 3422 ἐμοῦ
2673 3351 2770 3405 τοῦ
2817 3351 3008 3414 παιδὸς
3063 3351 3238 3414 οῦτως
3291 3353 3734 3421 έξωργισμένου,

2161 3446 2254 3498 καὶ
2325 3442 2532 3505 πολλάς
2594 3441 2688 3495 καὶ
2732 3441 2988 3505 ποικίλας
3043 3441 3318 3512 ὁσημέραι
3363 3442 3737 3511 καταχέοντος

2161 3537 2258 3604 τὰς
2295 3535 2562 3604 λοιδορίας
2610 3535 2704 3587 καὶ
2738 3534 2807 3586 τά
2838 3533 3053 3602 ὀνείδη,
3103 3535 3198 3586 καὶ
3252 3534 3314 3586 τὸ
3358 3533 3577 3585 πάντων
3603 3533 3737 3600 ἐμοὶ

2165 3628 2498 3700 βαρύτατον,
2533 3626 2628 3680 καὶ
2666 3626 2694 3679 ὃ
2751 3625 2881 3697 μήτ’
2920 3624 3163 3690 ἀκούειν,
3209 3627 3345 3695 μήτε
3389 3625 3572 3694 λέγειν
3599 3625 3737 3681 ἀνε-

2159 3723 2289 3776 κτὸν
2337 3721 2480 3789 ἐμοὶ,
2516 3719 2662 3773 κατά
2721 3717 2954 3772 σεαυτοῦ
3013 3717 3276 3779 πολλάκις
3329 3717 3398 3770 τά
3447 3715 3736 3769 δεινότατα

2159 3809 2540 3878 ὲπαρωμένου,
2603 3807 2776 3859 εἷποτ*
2811 3805 2922 3873 ἐγὼ
2978 3805 3114 3872 πρός
3173 3821 3230 3857 τι
3289 3804 3399 3857 τῶν
3436 3803 3738 3874 χρησίμων

2159 3897 2375 3966 εὐφυῶς
2411 3895 2548 3965 ἔχων
2582 3895 2834 3962 φανείην
2869 3893 2931 3944 τὸ
2981 3891 3026 3944 δ’
3057 3891 3138 3944 ἔτι
3171 3891 3231 3944 ὃν
3261 3891 3498 3948 θανάτου
3533 3892 3736 3960 πικρό-

2160 4009 2341 4061 τερον,
2375 3992 2436 4042 τὸ
2475 3991 2571 4044 καὶ
2601 3990 2774 4062 μικρά
2805 4007 2926 4043 τινα
2963 3989 3306 4059 συμϐάματα
3335 3989 3409 4052 ὡς
3444 3988 3633 4058 ἔτυχεν
3662 3991 3736 4043 ὲκ

2149 4083 2244 4135 τοῦ
2284 4081 2657 4152 συμπεσόντος
2683 4081 3056 4152 γεγενημένα,
3083 4081 3416 4152 θεοσημείας
3463 4081 3559 4136 καὶ
3587 4080 3737 4134 Θεοῦ

2154 4178 2353 4248 βουλῆς
2391 4176 2766 4246 ἀποκαλύψεις
2812 4175 3086 4246 ἡγεῖσθαι,
3134 4176 3237 4246 ἐμὲ
3289 4177 3388 4246 τῆς
3439 4175 3728 4246 βασιλείας

2151 4271 2251 4324 οὐκ
2305 4269 2459 4334 ἀξιον
2491 4267 2934 4334 ἀποδεικνύντος,
2988 4266 3075 4332 τίς
3129 4267 3286 4322 ἔσται
3330 4267 3620 4339 Ῥωμαίων
3669 4269 3734 4332 ὃς

2146 4360 2324 4414 ταῦτα
2352 4358 2590 4422 ἀκούων,
2620 4360 2681 4412 οὐ
2731 4359 3008 4421 θαλάσσας
3055 4360 3184 4422 ὅλας
3233 4359 3424 4412 κακῶν
3455 4361 3576 4428 ἐμοὶ
3607 4375 3735 4411 συν-

2151 4452 2347 4511 ειδέναι
2398 4454 2666 4521 λογιεῖται
2723 4452 2819 4506 τὸν
2866 4452 3113 4521 πατέρα;
3156 4454 3265 4510 Καὶ
3298 4451 3386 4506 διά
3431 4453 3588 4506 τοῦτο
3630 4455 3735 4509 καὶ

1743 4639 1959 4698 Jacobi
1995 4641 2260 4701 Pontani
2301 4646 2484 4700 noue.

475 4747 544 4800 ab
577 4745 835 4825 llomero,
867 4741 1044 4825 aliove
1071 4751 1229 4825 poneta
1254 4741 1680 4825 sumps_erit,’.et_
1708 4759 1774 4824 an
1807 4744 2044 4813 priorem
2082 4752 2124 4806 ι)
2155 4746 2402 4825 tionibus
2436 4757 2663 4825 servat;
2697 4743 2991 4825 ubidegati
3035 4757 3323 4825 personam
3367 4741 3732 4825 mittentis'in

474 4831 668 4871 vocem
699 4811 1015 4874 mutaverit,
1047 4810 1094 4867 si
1133 4810 1361 4866 forsitan
1387 4810 1554 4881 μῆνιν
1581 4812 1707 4874 fuit,
1741 4810 1954 4881 ignoro.

547 4885 660 4952 (65)
704 4882 1058 4949 Philosophia
1090 4897 1198 4935 non
1230 4896 1447 4952 semper
1477 4891 1564 4936 est
1607 4883 1696 4936 illa
1736 4882 2046 4939 divinarum

451 4949 954 5019 ‘humanarumque
999 4967 1183 5005 rerum
1239 4951 1521 5018 cognitio:
1554 4967 1698 5021 Si!pr
1727 4953 1873 5006 enim
1910 4955 2047 5009 libe-

479 5024 648 5077 ralem
684 5021 1011 5081 doctrinam,
1044 5037 1140 5074 seu
1188 5021 1559 5075 eruditionem
1598 5023 1913 5090 ingenuam,
1946 5041 2042 5080 seu

479 5092 789 5160 φιλολογίαν
817 5090 990 5144 ϐπ·ωοί
1033 5091 1136 5144 hoc
1174 5091 1342 5144 verbo
1382 5090 1717 5160 exprimunt.
1779 5093 2047 5148 Isocrates

479 5163 534 5216 in
573 5161 766 5229 primis
797 5161 896 5229 (ex
942 5175 1053 5228 quo
1093 5161 1248 5228 plura
1287 5160 1604 5215 testimonia
1651 5161 1884 5216 Budmus
1915 5179 2045 5230 pro-

475 5233 620 5299 fert)
653 5231 935 5298 quietiam
983 5230 1233 5283 oratione
1267 5232 1394 5300 περὶ
1425 5231 1524 5292 τῆς
1561 5233 1786 5301 εἰρήνης
1822 5233 1874 5301 in
1921 5233 2047 5300 fine,

478 5301 837 5373 φιλοσόφους-
868 5309 1026 5373 vocat
1063 5301 1316 5373 homines
1348 5300 1676 5373 litterarum
1697 5371 1711 5373 _
1734 5300 2014 5373 Studiosos
2034 5343 2048 5364 ,

474 5371 604 5440 quia
660 5381 717 5424 et
764 5369 1095 5438 φιλοσοφεῖν,
1146 5369 1482 5440 ,σπουδάζειν
1539 5371 1832 5440 significat.
1896 5370 2050 5428 Sacri

473 5439 776 5510 scriptores
819 5440 989 5492 Graeci
1034 5439 1276 5494 studium
1301 5440 1425 5494 vita:
1449 5439 1774 5510 innocenter
1788 5449 1844 5492 et
1862 5453 2052 5497 sancte

473 5509 698 5580 agendae
724 5510 1070 5580 frequentius
1103 5512 1420 5576 φιλοσοφίαν
1467 5509 1770 5573 nominant,
1805 5511 1931 5578 quia
1971 5512 2054 5563 ni—

475 5578 675 5633 niirum
716 5582 876 5632 timor
905 5578 1116 5632 Domini
1155 5581 1434 5648 disciplina
1463 5580 1736 5646 sapientia:
1755 5587 1791 5646 ,ξ
1818 5584 2048 5636 Prover-

474 5649 691 5703 biorum
721 5652 896 5718 capite
924 5650 1137 5702 decimo
1175 5652 1391 5716 quinto.

550 5721 662 5788 (66)
701 5723 858 5772 Amat
910 5731 1100 5772 noster
1138 5719 1437 5772 historicus
1481 5718 1783 5777 orationes.
1814 5735 1935 5787 quze
1967 5720 2051 5773 di-

474 5801 635 5842 recta:
668 5797 954 5850 vocantur,
991 5791 1093 5841 hoc
1122 5797 1226 5846 est,
1259 5803 1354 5854 per
1380 5792 1610 5855 primam
1645 5803 1932 5857 personam
1993 5801 2050 5844 et

476 5858 836 5929 indicativqu
890 5859 1110 5910 modum
1147 5867 1458 5929 conceptas
1514 5860 1697 5929 (quod
1761 5859 1811 5910 in
1861 5862 2048 5926 ιιι-σείει-

477 5928 626 5989 tiotte
675 5928 934 5981 lectorem
974 5928 1349 5995 monuimus),
1381 5940 1437 5982 ct
1485 5928 1588 5983 huc
1619 5930 1784 5986 etiam
1816 5934 1868 5983 in
1902 5931 2050 5995 lega-

2154 4816 2389 4870 dicendo
2435 4815 2689 4870 induunt.
2732 4812 2974 4868 Primum
3010 4813 3322 4881 exemplum
3359 4823 3445 4866 est
3496 4812 3598 4866 hoc
3635 4812 3738 4865 Jo-

2150 4885 2330 4953 sephi.
2371 4885 2490 4950 Quo
2536 4901 2622 4938 res
2667 4883 2822 4938 fieret
2863 4883 3107 4953 planior,
3161 4883 3290 4953 illas
3335 4896 3518 4947 voces,
3567 4883 3764 4951 hujust

2151 4951 2376 5013 oratoris
2393 4971 2502 5010 ore.
2544 4955 2612 5007 de
2640 4963 2829 5007 nostro
2857 4951 3134 5006 addendas
3167 4951 3443 5005 duximus.

2222 5027 2333 5093 (67)
2379 5025 2589 5092 Sa'pius
2619 5037 2780 5093 avum
2815 5031 3022 5088 patrem
3063 5023 3357 5093 _nominat_;
3409 5034 3538 5093 vere
3575 5021 3735 5076 enim

2151 5089 2436 5164 pater'cst,
2466 5089 2731 5164 “quamvis
2777 5091 3222 5164 non_proxim_us,
3247 5089 3340 5164 sed
3394 5090 3589 5157 major,
3625 5093 3736 5147 hoc

2151 5157 2277 5224 est,
2329 5157 2630 5230 antiquior.
2681 5160 2834 5216 Unde
2891 5159 3199 5223 Germanis,
3259 5157 3569 5230 Grossvaler
3610 5175 3629 5214 :
3671 5171 3736 5214 et

2147 5235 2408 5288 defuncto
2427 5228 2691 5290 Michaele
2714 5240 2868 5298 patre
2897 5230 3157 5292 naturali,
3177 5244 3312 5282 avus
3335 5237 3453 5281 erat
3477 5228 3527 5284 ei
3557 5230 3736 5296 patris

2146 5305 2286 5357 loco.
2321 5303 2662 5369 Diligcbatur
2703 5300 2836 5354 item
2879 5308 2938 5352 ut
2976 5315 3004 5352 a
3031 5309 3184 5367 patre
3221 5299 3385 5369 filius,
3415 5307 3471 5351 et
3501 5311 3735 5369 revere-

2147 5373 2307 5426 batur
2341 5365 2467 5425 eum
2512 5371 2751 5425 vicissim
2785 5379 2846 5424 ut
2889 5365 3044 5424 filius
3060 5377 3308 5438 patrem;
3344 5365 3452 5421 hoc
3477 5367 3626 5421 enim
3659 5367 3736 5423 de

2148 5458 2206 5498 se
2241 5441 2390 5497 credi
2419 5443 2555 5498 vult.

2220 5513 2334 5576 (6%)
2376 5511 2512 5568 Cum
2567 5509 2862 5585 proverbio
2901 5509 3187 5585 dicamus,
3232 5505 3730 5585 marebonorurn,

2147 5574 2325 5641 sicut,
2354 5598 2504 5635 mare
2553 5574 2844 5639 malorum.
2876 5595 2975 5648 pro
3015 5577 3510 5648 innumerabilibus
3567 5574 3734 5630 bonis

2149 5668 2211 5704 ac
2244 5652 2425 5712 malis,
2457 5650 2729 5706 sententia
2762 5645 3021 5718 postulat,
3046 5657 3113 5721 _ut
3140 5645 3332 5721 κακῶν.
3354 5646 3442 5698 hic
3471 5658 3580 5721 non
3615 5659 3734 5695 ma-

2151 5721 2342 5784 lorum,
2371 5721 2463 5775 Sed
2526 5714 2793 5779 vitim-uni,
2824 5729 2918 5771 aut
2948 5719 3205 5770 malorum
3230 5714 3524 5782 facinorum
3556 5714 3731 5765 inter-

2150 5803 2450 5860 pretemur.
2478 5789 2642 5843 Auxit
2672 5805 2784 5842 rem
2816 5789 3148 5860 valde,_cutn
3184 5785 3383 5855 adjecit
3404 5785 3552 5850 ὅλας,
3589 5791 3727 5848 tota,

2151 5857 2397 5930 dixitque
2434 5860 2712 5922 Θαλάσσας
2737 5860 2842 5910 τὼν
2879 5857 3089 5916 κακῶν.
