3962 6446
508 343 574 404 9!

1669 359 1997 421 JOANNIS
2037 360 2562 427 CANTACUZENI

3669 383 3736 447 U2

507 459 739 516 Thracia
793 479 1046 524 reversus
1092 435 1301 525 auditis
1365 488 1430 527 ex
1466 476 1688 544 juniure
1752 477 2047 547 imperator

2153 530 2154 533 η
2185 479 2356 534 πολλὰ
2387 473 2675 551 θαυμάσας
2705 483 2811 536 τῶν
2859 487 2958 555 τῆς
2989 462 3335 558 ἀνθρωπίνης
3368 492 3734 560 φύσεωςκατ.

508 571 632 622 quae
663 558 1028 628 contigerant.
1059 563 1343 632 impendio
1376 568 1612 622 miratus
1632 570 1936 625 -bumanam
1978 589 2078 626 na-

511 655 688 700 turam
722 659 804 702 tot
859 653 1136 720 laxatisque
1179 655 1480 726 subjectam
1517 659 1774 723 miseriis,
1807 673 1862 716 et
1886 663 1954 718 de
1989 666 2078 718 in-

509 739 654 793 vidia
687 754 1046 809 conquestus,
1081 761 1201 814 quae.
1235 748 1404 800 semel
1460 765 1488 802 a
1535 767 1594 804 se
1641 762 1936 821 occupatos
1969 755 2076 824 ipsi

506 840 716 886 naturae
755 833 964 887 bellum
1029 836 1231 891 inferre
1279 842 1442 908 cogit,
1483 841 1703 909 Optime
1755 844 2072 914 imperator,

507 923 708 990 inquit,
731 925 935 979 malum
964 942 1084 982 esse
1116 931 1526 986 atrocissimum
1556 934 1688 988 hinc
1717 937 1848 991 satis
1878 937 2070 1007 liquet.

507 1015 692 1068 Fidem
749 1033 915 1085 porro
952 1036 1081 1088 erga
1125 1031 1175 1074 te
1215 1038 1390 1078 meam
1431 1035 1486 1078 et
1535 1041 1777 1081 amorem
1809 1030 2073 1086 sinceris-

500 1108 729 1170 simum,
766 1125 1115 1180 comamque
1153 1115 1296 1168 inter
1347 1131 1443 1170 nos
1484 1119 1804 1182 amicitiam.
1845 1131 1900 1176 et
1945 1138 2070 1177 cum

502 1201 749 1267 utrisque
781 1203 1104 1268 corporibus
1153 1205 1391 1272 quodam
1436 1209 1598 1262 modo
1655 1223 2074 1276 auCtam,ante-

499 1304 687 1357 gressa
755 1299 999 1360 tempora
1032 1293 1256 1350 abunde
1311 1298 1638 1352 docuerunt.
1671 1301 1858 1370 Itaque
1884 1303 2069 1359 verbis

504 1382 650 1434 inter
677 1398 775 1436 nos
818 1400 956 1452 opus
988 1401 1108 1440 esse
1141 1402 1250 1441 non
1283 1389 1549 1454 arbitror,
1579 1391 1785 1460 quibus
1820 1405 2068 1449 nostrum

503 1483 733 1542 uterque
775 1475 1008 1530 alterum
1075 1479 1180 1534 sibi
1232 1481 1490 1535 conciliet
1521 1491 1576 1536 et
1608 1483 1889 1553 adiungat.
1928 1487 2070 1542 Ven-

501 1575 623 1619 tura
675 1576 861 1622 autem
923 1577 1189 1638 tempora,
1233 1572 1698 1630 ﬁdelissimorum
1763 1578 2066 1633 amicorum

495 1674 657 1728 Opem
689 1661 1069 1730 imploratura,
1101 1672 1162 1717 ut
1195 1681 1456 1734 auguror,
1489 1683 1600 1722 non
1628 1670 1813 1726 minus
1839 1673 1932 1740 qui
1961 1673 2063 1727 sim

2187 573 2538 642 ορχουμένων
2577 575 2786 640 κακῶν,
2833 578 2928 629 καὶ
2987 577 3334 648 τὴναάδικίαν
3379 589 3736 658 καταμεμψά-

2183 679 2339 729 μενος
2373 664 2448 726 ὡς
2499 667 2595 718 καὶ
2643 668 2763 718 κατ’
2795 668 2967 734 αὐτῆς
3023 671 3123 739 τῆς
3166 671 3385 738 φύσεως
3418 676 3734 740 ὁπλίζουσιν

2177 756 2306 818 τοὺς
2357 756 2586 820 ἁλόντας
2629 758 2765 828 αὑτῇ
2827 759 3107 826 καθάπαξ,
3164 762 3440 841 Κράτιστε
3499 767 3734 838 βασιλεῦ,

2176 843 2304 914 ἔφη,
2335 845 2396 897 τὸ
2424 847 2525 916 μὲν
2565 848 2734 901 κακὸν
2760 849 3067 917 κατάδηλον
3091 853 3320 906 αὐτόθεν
3371 856 3447 918 ὡς
3493 857 3606 912 ἐστι
3633 861 3735 914 τῶν

2175 933 2516 1004 ἀνηκέστων.
2559 937 2670 1009 Τὴν
2719 939 2778 992 δὲ
2831 941 2968 1009 πρὸς
2999 943 3060 994 σέ
3091 960 3194 1013 μου
3227 945 3411 999 πίστιν
3457 953 3549 1003 καὶ
3595 951 3734 1006 δόλου

2178 1027 2384 1090 παντὸς
2413 1029 2590 1098 ἀμιγῆ
2631 1031 2836 1098 φιλίαν,
2887 1033 3038 1088 καὶὸ
3087 1036 3376 1106 παρελθὼν
3431 1041 3529 1108 μὲν
3557 1045 3736 1112 χρόνος

2176 1117 2579 1186 βεϐαιώσασθαι
2639 1122 2848 1188 ἱκανὸς,
2877 1125 3161 1194 ἡλικιῶτιν
3212 1131 3308 1181 καὶ
3353 1131 3466 1192 τοῖς
3501 1131 3736 1201 σώμασιν

2173 1208 2306 1277 ἡμῖν
2331 1209 2807 1281 συναυξανομένην
2835 1214 3127 1280 ἀποδείξας
3150 1217 3354 1284 τρόπον
3376 1219 3518 1274 τινά.
3541 1222 3734 1292 Διόπερ

2171 1297 2289 1348 οὐδὲ
2323 1297 2496 1366 λόγων
2525 1300 2632 1354 δεῖν
2661 1301 2799 1372 πρὸς
2815 1304 3079 1374 ἀλλήλους
3108 1307 3254 1376 ἡμᾶς
3283 1308 3544 1378 ἡγοῦμαι,
3567 1311 3735 1381 ἑαυτῷ

2168 1389 2259 1441 τὸν
2284 1389 2472 1460 ἕτερον
2506 1394 2800 1472 ἑκατέρους
2828 1398 3262 1467 οἰκειουμένους.
3295 1402 3405 1454 Καὶ
3447 1403 3474 1455 ό
3531 1403 3733 1471 μέλλων

2167 1480 2224 1532 δὲ
2253 1482 2354 1533 οὐκ
2378 1483 2598 1538 ἔλαττον
2633 1485 2818 1550 δείξει,
2852 1489 3023 1556 φίλων
3049 1493 3386 1546 πιστοτάτων
3414 1495 3731 1564 δεησόμενος

2166 1572 2243 1634 ὡς
2269 1574 2402 1644 ὁρῶ.
2449 1576 2512 1630 El
2550 1579 2649 1646 μὲν
2680 1579 2772 1632 οὖν
2803 1580 2992 1650 ἐώρων
3031 1599 3091 1636 σε
3118 1585 3425 1656 κακοηθείᾳ
3457 1585 3731 1656 χρώμενον

2167 1665 2262 1716 καὶ
2297 1665 2560 1738 αὐθαδείᾳ.
2587 1669 2724 1737 πρὸς
2758 1670 2990 1741 βασιλέα
3034 1673 3126 1726 τὸν
3157 1676 3404 1740 πάππον,
3439 1678 3538 1746 τῆς
3562 1677 3732 1746 ἀρχῆς

494 1765 624 1820 erga
657 1761 708 1806 te
738 1753 1116 1809 declarabunt.
1149 1755 1203 1810 Si
1240 1757 1460 1825 quidem
1507 1759 1673 1828 igitur
1702 1761 1942 1817 viderem
1986 1772 2047 1830 te,

2166 1755 2372 1808 ἐκεῖνον
2413 1757 2514 1826 μὲν
2540 1761 2886 1832 ἀποστερεῖν,
2919 1765 3136 1834 σεαυτῷ
3172 1767 3227 1819 δέ
3259 1768 3410 1838 μόνῳ
3440 1770 3732 1838 περιποιεῖ-

495 1843 833 1910 malignitate
888 1854 945 1900 et
991 1848 1305 1916 arrogantia
1358 1858 1704 1918 corruptum,
1748 1868 1850 1906 avo
1883 1854 2056 1924 impe-

493 1935 639 1990 rium
667 1937 904 2006 eripere,
940 1944 996 1992 et
1025 1938 1092 1992 ad
1135 1949 1189 1992 te
1219 1939 1396 1993 solum
1436 1941 1736 1997 transferre
1765 1953 2058 2012 attentare,

491 2030 821 2096 persuadeas
852 2031 952 2084 tibi
1003 2033 1214 2098 velim”
1236 2049 1551 2103 quanquam
1607 2035 1686 2089 tui
1740 2053 1859 2091 sum
1898 2039 2060 2107 cupi-

484 2120 774 2187 dissimus,
825 2123 1028 2178 nollem
1078 2133 1257 2179 tamen
1298 2126 1354 2179 in
1392 2135 1502 2180 tam
1565 2127 1792 2184 infando
1835 2133 2058 2200 negotio

484 2215 554 2266 ad
604 2225 725 2269 tuas
750 2216 990 2270 rationes
1025 2233 1110 2272 me
1155 2218 1476 2288 adiungere.
1519 2219 1590 2274 At
1619 2221 1748 2289 quia
1780 2230 1832 2276 te
1865 2224 2059 2279 immeo

487 2314 644 2359 rente
679 2323 903 2375 prorsus
937 2308 1258 2378 bujusmodi
1292 2309 1588 2365 adversum
1624 2321 1676 2366 te
1701 2313 1839 2367 mala
1874 2329 2053 2370 emer—

479 2412 615 2463 gere
642 2414 832 2464 cerno,
870 2410 950 2464 ut,
984 2401 1090 2456 nisi
1118 2402 1261 2456 Deus
1300 2403 1391 2457 illa
1437 2404 1678 2474 desuper
1709 2407 2053 2476 discusserit,

483 2491 843 2544 metuendum
880 2493 954 2547 sit
1007 2508 1076 2547 ne
1105 2495 1160 2548 in
1219 2495 1564 2551 altitudinem
1601 2498 1924 2554 immensam
1964 2518 2057 2556 ex-

480 2591 754 2645 crescaut,
786 2598 854 2638 en
887 2599 986 2654 ego
1021 2586 1166 2640 ultro
1193 2601 1256 2640 ac
1291 2588 1465 2642 libens
1489 2605 1587 2658 pro
1603 2591 1777 2644 salute
1815 2603 1910 2648 tua
1939 2610 2049 2648 non

481 2673 747 2740 pecunias
799 2683 1031 2739 tantum,
1077 2677 1348 2745 fortunas,
1402 2695 1615 2744 servos,
1667 2684 1897 2752 amicos,
1952 2688 2049 2742 sed

479 2762 749 2831 meipsum
802 2776 1065 2836 praztcrea
1100 2767 1293 2830 oll‘ero,
1328 2781 1385 2823 ut
1411 2787 1741 2843 quacunque
1792 2777 1846 2830 in
1879 2793 1940 2832 re
1998 2789 2052 2834 et

476 2856 976 2927 quomodocunque
1001 2875 1084 2914 me
1135 2861 1210 2914 uti
1240 2863 1439 2929 possis.
1470 2863 1686 2920 Gratias
1713 2869 1918 2925 diserte
1943 2873 2054 2939 agit

481 2947 802 3012 imperator.
829 2960 992 3017 atque
1021 2952 1126 3005 hoc
1158 2952 1386 3022 insuper
1411 2957 1564 3010 addit
1596 2971 1611 3010 :
1641 2959 1777 3012 Cum
1811 2960 1925 3029 ipsa
1963 2963 2052 3017 die

482 3045 826 3092 veterascant
868 3042 1239 3111 paulatimque
1299 3045 1618 3102 dilabantur
1652 3052 1859 3116 omnia,
1897 3054 2052 3109 inSti-

2167 1845 2290 1899 σθαι
2329 1847 2632 1916 βούλεσθαι,
2663 1852 2725 1905 εὖ
2757 1853 2887 1918 ῐσθι,
2931 1856 3110 1910 καίτοι
3143 1857 3265 1910 λίαν
3297 1858 3489 1927 φιλῶν,
3546 1861 3643 1912 οὐκ
3667 1861 3729 1913 ἂν

2161 1937 2335 2002 οὕτως
2374 1941 2576 1994 ἀτόπου
2608 1944 2861 2010 πράξεως
2892 1948 3120 2019 εἱλόμην
3148 1966 3230 2003 σοι
3259 1954 3563 2006 κοινωνεῖν.
3582 1951 3728 2002 Ἐπεὶ

2159 2027 2205 2080 δ’
2255 2029 2314 2093 ἐξ
2358 2031 2622 2100 οὐδεμιᾶς
2681 2037 2864 2098 αἰτίας
2894 2039 3109 2092 τοιαῦθ’
3137 2041 3250 2111 όρῶ
3284 2044 3531 2112 φυόμενα
3592 2043 3728 2094 κακά

2161 2121 2302 2172 κατά
2329 2121 2449 2186 σοῦ,
2485 2123 2618 2178 ὥστ’
2651 2127 2704 2178 εί
2738 2127 2812 2197 μὴ
2869 2127 3001 2192 Θεὸς
3031 2131 3240 2186 ἀνωθεν
3272 2135 3412 2187 αύτά
3467 2132 3724 2195 διαλύσει,

2157 2212 2280 2266 οὐδὲ
2305 2213 2447 2267 πάνυ
2478 2217 2668 2288 πόῤῥω
2685 2220 3012 2288 προσδοκίας
3032 2223 3114 2285 εἰς
3142 2222 3279 2292 ὕψος
3313 2226 3544 2295 ἀρθῆναι
3572 2224 3721 2295 βαθὺ,

2158 2303 2300 2358 ἐκὼν
2333 2307 2495 2370 αὐτὸς
2519 2309 2811 2380 ἐπιδίδωμι
2838 2314 2952 2374 τοῖς
2979 2315 3250 2382 κινδύνοις
3281 2319 3396 2378 τοῖς
3427 2318 3564 2386 ὑπὲρ
3612 2315 3722 2379 σοῦ,

2157 2397 2217 2449 οὐ
2249 2399 2512 2469 χρήματα
2549 2403 2711 2468 μόνον
2747 2405 2841 2455 καὶ
2877 2407 3071 2476 κτῆσιν
3117 2409 3212 2460 καὶ
3243 2409 3465 2471 οἰκέτας
3495 2408 3586 2461 καὶ
3639 2406 3724 2475 φί-

2157 2489 2303 2554 λους,
2365 2491 2483 2544 ἀλλ’
2528 2492 2629 2563 ἢδη
2694 2497 2789 2550 καὶ
2839 2497 3005 2551 αὐτὸν
3049 2499 3172 2568 ἐμὲ,
3219 2501 3361 2554 ὥστε
3419 2501 3584 2570 ἔχειν,
3617 2500 3643 2552 ὅ
3675 2514 3722 2550 τι

2159 2580 2399 2652 βουλήσῃ
2438 2584 2697 2653 χρῆσθαι.
2741 2586 2866 2639 Ἐπὶ
2896 2589 3108 2652 τούτοις
3142 2590 3236 2642 τοῦ
3274 2591 3546 2660 βασιλέως
3576 2591 3725 2658 δομε·

2158 2673 2334 2742 στίχῳ,
2358 2673 2438 2742 τῷ
2472 2674 2696 2744 μεγάλῳ
2729 2676 2928 2748 πολλὴν
2954 2678 3116 2748 χάριν
3147 2681 3606 2753 ὁμολογήσαντος,
3631 2681 3722 2734 καὶ

2155 2763 2504 2830 προσθέντος,
2526 2765 2601 2827 ὡς
2635 2767 2691 2821 Ὀ
2719 2770 2876 2822 πάντ’
2906 2772 3198 2839 ἀμϐλύνων
3229 2775 3446 2845 χρόνος,
3478 2774 3724 2828 καὶκατὰ

2157 2857 2353 2924 μικρὸν
2377 2857 2884 2927 ὑποῤῥέεινποιῶν,
2916 2864 3015 2933 τῆς
3039 2865 3319 2937 ἡμετέρας
3342 2868 3574 2939 ἥττηται
3599 2865 3724 2935 πρὸς

2156 2944 2418 3014 ἀλλήλους
2474 2947 2682 3016 φιλίας,
2747 2953 3233 3025 ἐρρωμενεστέρας
3303 2957 3395 3010 ἀεὶ⁵
3465 2957 3558 3011 καὶ
3624 2957 3722 3007 ἀκ-

2158 3039 2452 3109 μαιοτέρας
2484 3042 2766 3109 προίόντος
2795 3048 3149 3116 φαινομένης,
3190 3049 3283 3101 καὶ
3306 3049 3513 3119 δένδρῳ
3557 3064 3721 3118 προσ-

477 3136 596 3180 tuta
621 3129 753 3181 mihi
782 3139 961 3185 tecum
986 3135 1229 3188 amicitia
1251 3146 1582 3194 vetustatem
1607 3143 1778 3197 vincit
1807 3163 1819 3198 :
1845 3147 2047 3215 quippe

2161 3127 2482 3192 εικάσαντος
2507 3132 2592 3182 ἀεὶ
2617 3131 2858 3201 βρίθοντι
2889 3137 3002 3198 τοῖς
3048 3141 3308 3207 καρποῖς,
3340 3141 3440 3193 καὶ
3468 3140 3557 3192 τὸν
3593 3152 3720 3206 παρ·

476 3233 599 3286 quae
653 3228 898 3290 tempore
954 3225 1288 3291 procedente
1332 3229 1566 3284 validior
1617 3248 1834 3302 semper
1882 3246 2048 3305 atque

476 3311 746 3366 virentior
773 3326 1019 3382 apparet,
1049 3317 1238 3372 arbori
1269 3329 1535 3388 perpetua
1567 3321 1858 3378 baccarum
1885 3327 2051 3380 uber~

474 3411 588 3456 tate
619 3401 1065 3472 incurvescenti,'
1081 3425 1143 3464 ac
1181 3415 1437 3479 presenti
1468 3419 1872 3472 auctumnitate
1907 3435 2048 3488 pra:-

475 3493 695 3546 teritam
729 3500 1011 3566 superanti
1034 3500 1249 3555 similis.
1276 3503 1486 3564 Dehinc
1513 3505 1579 3558 ad
1618 3509 2045 3564 consultandum

471 3585 776 3651 conversis,
806 3587 1048 3655 primum
1075 3592 1322 3646 omnium
1351 3595 1734 3663 complacitum
1771 3609 1876 3660 est,
1909 3599 2050 3652 deli-

474 3673 711 3737 gendum
750 3689 910 3740 esse,
963 3680 1057 3746 qui
1084 3679 1151 3734 ad
1198 3696 1258 3736 se
1313 3684 1695 3754 confugientes
1749 3686 2040 3756 reciperet,

471 3763 658 3817 locum
685 3767 1227 3841 munitum,situque
1259 3782 1372 3827 tum
1401 3775 1468 3827 ad
1501 3777 1734 3832 tuendos
1769 3788 2042 3848 receptos,

475 3862 590 3906 tum
615 3853 683 3908 ad
713 3858 982 3913 arcendos
1011 3872 1397 3930 oppugnantes
1426 3864 1572 3918 haud
1603 3865 2038 3922 incommodum.

474 3943 869 4003 Nominabatur
900 3950 1006 4020 25
1062 3953 1117 4005 in
1143 3952 1370 4021 Odrysis
1407 3954 1476 4010 ab
1506 3956 1750 4013 Adriano
1780 3959 2030 4032 Augusto

470 4036 800 4097 vocabulum
856 4043 1050 4097 sortita
1080 4043 1489 4115 Adrianopolis,
1521 4049 1702 4120 "idque
1754 4053 1942 4108 multis
1984 4063 2041 4110 et

469 4134 894 4195 pernecessariis
927 4137 995 4190 de
1029 4139 1232 4194 causis.
1272 4139 1380 4194 Sed
1422 4156 1549 4197 cum
1583 4145 1721 4200 illud
1750 4148 1834 4203 eis
1869 4149 2040 4204 timo-

467 4236 582 4274 rem
617 4223 843 4289 l‘aceret,
875 4243 947 4282 ne
986 4228 1187 4285 infesto
1221 4232 1438 4302 agmine
1467 4249 1567 4302 per
1613 4237 1846 4307 vestigia
1893 4239 2043 4294 inse-

464 4322 627 4368 cutus
675 4316 864 4372 senior
909 4320 1048 4390 (qui
1099 4322 1331 4380 militem
1382 4325 1438 4380 in
1492 4337 1748 4399 promptu
1786 4329 2034 4394 haberet,

2152 3216 2451 3286 εληλυθότα
2503 3221 2578 3289 τῷ
2621 3223 2886 3277 ἐνεστῶτι
2939 3227 3164 3282 νικῶντι
3191 3231 3395 3300 χρόνῳ,
3431 3233 3719 3303 ἐτράποντο

2151 3310 2288 3377 πρὸς
2311 3311 2371 3361 τὸ
2406 3312 2761 3380 βουλεύεσθαι
2794 3318 2924 3386 περὶ
2955 3320 3062 3373 τῶν
3095 3323 3406 3390 παρόντων.
3433 3325 3542 3377 Καὶ
3571 3320 3721 3391 πρῶ·
3812 3385 3817 3389 ,

2150 3417 2240 3452 τον
2279 3401 2452 3456 ἐδόκει
2484 3405 2725 3472 πάντων,
2780 3409 3014 3481 ἐκλογὴν
3071 3413 3412 3483 ποιήσασθαι
3444 3415 3540 3468 τοῦ
3598 3412 3721 3482 μέλι

2148 3493 2333 3560 λοντος
2360 3498 2561 3561 αὐτοὺς
2585 3498 2940 3567 ὑποδέξεσθαι
2963 3504 3270 3572 φεύγοντας
3302 3507 3568 3578 φρουρίου
3602 3509 3718 3558 ἐπιο

2149 3587 2357 3656 καίρως
2379 3592 2727 3660 κεισομένου,
2757 3595 2850 3648 καὶ
2873 3595 3010 3664 πρὸς
3033 3596 3092 3649 τὸ
3115 3598 3352 3666 φυλάξαι
3377 3599 3716 3670 διαδράντας.

2149 3679 2243 3731 καὶ
2266 3681 2402 3748 πρὸς
2426 3681 2488 3733 τὸ
2510 3684 2624 3745 τοῖς
2650 3684 2982 3752 μαχομένοις
3003 3687 3412 3759 ἀντεπιχειρεῖν
3439 3690 3716 3761 ῥᾳστώνην

2149 3774 2436 3842 παρέχειν.
2477 3775 2684 3829 Ἐδόκει
2721 3784 2822 3846 μὲν
2867 3779 2961 3833 οὖν
2988 3780 3208 3835 ἑλέσθαι
3235 3783 3336 3854 τὴν
3360 3785 3422 3838 ἐν
3449 3782 3715 3854 ὐδρυσοῖς

2150 3861 2442 3933 ἐπώνυμον
2477 3865 2741 3938 Ἀδριανῷ
2768 3868 2942 3936 πόλιν,
2975 3873 3189 3926 πολλῶν
3221 3874 3392 3929 ἕνεκα
3421 3876 3513 3929 καὶ
3555 3875 3716 3939 ἀναγ·

2148 3955 2457 4008 καιοτάτων
2495 3957 2709 4014 αἰτιῶν.
2753 3959 2999 4022 Δεδιότες
3030 3962 3088 4016 δέ
3144 3965 3216 4034 μὴ
3254 3967 3570 4030 καταπόὸας
3620 3965 3714 4031 τῆς

2146 4048 2326 4117 φυγῆς
2357 4050 2894 4119 ἐπιστρατεύσαντος
2922 4055 3109 4116 αὐτοῖς
3137 4056 3232 4109 τοῦ
3283 4056 3576 4126 βασιλέως,
3615 4055 3708 4107 ἅτε

2145 4142 2240 4192 καὶ
2270 4142 2535 4210 στρατιὰν
2563 4143 2778 4214 ἔχοντος
2819 4145 2877 4210 ἐξ
2905 4147 3148 4217 ἑτοίμου,
3176 4151 3268 4203 καὶ
3297 4153 3399 4222 τῆς
3429 4151 3548 4206 ὁδοῦ
3574 4149 3715 4203 δυοῖν

2141 4235 2175 4305 ἢ
2220 4235 2389 4304 τριῶν
2420 4237 2645 4307 ἡμερῶν
2677 4237 2900 4292 ἔλαττον
2931 4239 3098 4312 οὔσης
3144 4242 3372 4308 ἁλῶσιν,
3407 4239 3713 4313 ἀμύνασθαι

2147 4326 2227 4394 μὴ
2258 4326 2554 4396 δυνάμενοι
2580 4328 2708 4392 τοὺς
2731 4331 3010 4394 ἐπιόντας,
3041 4331 3402 4402 ἑξεκρούοντο
3433 4334 3536 4385 τῶν
3569 4333 3713 4399 λογιο

462 4419 736 4476 quemque
758 4410 858 4465 via:
884 4412 1142 4479 brevitas,
1167 4415 1402 4470 duorum
1430 4418 1715 4483 nimirum,
1746 4428 1842 4473 aut
1866 4420 2032 4474 trium

2153 4418 2318 4486 πμῶν.
2352 4420 2703 4476 Συνετίθεντο
2760 4422 2818 4475 δέ
2872 4425 3074 4491 μᾶλλον
3127 4427 3263 4495 πρὸς
3294 4426 3393 4496 τὴν
3427 4429 3485 4479 ἐν
3526 4425 3712 4495 Θρᾴκῃ

459 4498 674 4554 dierum
729 4501 930 4558 itinere
967 4508 1149 4562 minor
1177 4509 1501 4580 adiuvaret)
1534 4511 1806 4580 fugientes
1847 4513 2033 4580 oppri-

458 4599 633 4643 meret
671 4609 683 4645 :
719 4595 1168 4665 quandoquidem
1204 4598 1306 4666 ipsi
1341 4615 1371 4654 a
1405 4608 1557 4668 tergo
1608 4598 1878 4655 instantes
1906 4618 2032 4671 pro-

457 4682 677 4748 pulsare
734 4689 1050 4754 nequirent,
1107 4691 1160 4743 in
1216 4691 1432 4746 irritum
1474 4693 1705 4748 cadente
1733 4698 2029 4759 sententia,

453 4770 830 4842 Cbristopolin
863 4777 1115 4834 Thracia:
1142 4780 1334 4834 urbem
1373 4790 1562 4850 petere
1595 4787 2026 4842 constituerunt.

454 4862 528 4918 lia
559 4865 663 4919 hoe
693 4869 854 4923 modo
884 4871 1030 4925 inter
1069 4887 1128 4926 se
1179 4874 1627 4936 consiliantibus.
1661 4893 1689 4931 a
1717 4877 1874 4933 Crale
1907 4881 2030 4935 Ste-

452 4956 654 5023 pbano,
686 4959 1054 5015 Triballorum
1084 4963 1330 5032 principe
1359 4967 1490 5034 (78),
1534 4968 1599 5020 ad
1634 4967 2022 5036 imperatorem

451 5064 612 5104 avum
661 5055 856 5121 (cujus
906 5054 1070 5107 liliam
1131 5055 1504 5112 Simoniadem
1559 5062 1796 5116 habebat
1832 5064 1884 5116 in
1918 5081 2027 5119 ma-

453 5139 762 5208 trimonio),
796 5143 1018 5197 advenit
1050 5145 1273 5214 legatio,
1309 5164 1375 5201 ex
1412 5165 1574 5205 causa
1613 5153 2020 5222 hujuscemodi.

450 5226 753 5296 Imperator
785 5230 852 5283 de
883 5231 1006 5299 ejus
1039 5238 1284 5288 exercitu
1320 5248 1603 5294 mutuatus
1646 5243 1871 5296 circiter
1913 5245 2022 5298 duo

447 5315 813 5369 Cumanorum
865 5319 1056 5385 millia,
1112 5336 1206 5376 eos
1258 5341 1366 5380 non
1424 5329 1762 5395 restituerat,
1825 5333 1919 5386 sed
1949 5335 2018 5387 ad

445 5409 846 5462 runanendum
896 5411 1183 5482 peilectos,
1228 5416 1302 5472 ita
1358 5419 1650 5476 retinebat.
1710 5421 1891 5488 Quare
1925 5439 2020 5478 ar-

2141 4508 2540 4578 Χριστούπολιν
2586 4517 2868 4571 ἀπελθεῖν.
2920 4518 3079 4571 Οὕτω
3131 4521 3402 4589 περὶτῶν
3439 4519 3560 4572 καθ’
3590 4520 3710 4568 ἑαυι

2134 4599 2261 4660 τοὺς
2287 4599 2704 4673 βουλευομένων
2730 4607 2929 4670 αὐτῶν,
2958 4607 3274 4674 ἀφικνεῖται
3299 4610 3452 4679 παρά
3476 4606 3568 4660 τοῦ
3591 4606 3710 4674 Τρι-

2133 4691 2314 4745 ϐαλῶν
2376 4693 2642 4764 ἄρχοντος
2701 4698 2893 4769 Κράλη
2952 4700 3232 4768 Στεφάνου
3295 4702 3435 4769 πρὸς
3480 4697 3706 4775 βασιλέα

2135 4782 2427 4849 πρεσϐεία,
2458 4785 2516 4848 ὃς
2543 4780 2611 4856 ἦν
2634 4789 2974 4859 γεγαμηκὼς
3003 4790 3100 4859 τὴν
3131 4790 3396 4860 βασιλέως
3429 4787 3705 4856 θυγατέρα

2134 4872 2233 4941 τὴν
2260 4874 2556 4943 Σιμωνίδα.
2610 4877 2674 4929 Ἢ
2710 4878 2767 4930 δὲ
2811 4880 2910 4948 τῆς
2965 4880 3263 4950 πρεσϐείας
3310 4883 3583 4949 πρόφασις
3612 4874 3698 4946 ἦν.

2131 4964 2210 5017 ὅτι
2249 4969 2313 5018 ἐκ
2346 4967 2442 5034 τῆς
2469 4968 2636 5020 αὑτοῦ
2670 4972 2933 5038 στρατιᾶς
2960 4973 3230 5040 Κομὰνων
3260 4973 3456 5041 ὀλίγων
3489 4971 3704 5027 δέοντας

2129 5055 2405 5126 δισχιλίων
2437 5060 2638 5123 λαϐὼν,
2699 5062 2801 5114 οὐκ
2849 5064 3100 5118 ἀπέδωκε
3161 5065 3289 5128 τοὺς
3345 5060 3698 5136 στρατιώτας,

2126 5150 2264 5202 ἀλλὰ
2300 5153 2494 5212 πείσας
2524 5153 2729 5220 μένειν,
2765 5157 3196 5224 παρακατεῖχεν.
3237 5155 3354 5223 Ἐφ’
3387 5150 3468 5218 οἷς
3499 5156 3524 5204 ὁ
3554 5150 3702 5218 Κρά-

2127 5240 2226 5310 λης
2254 5244 2714 5314 παροξυνόμενος,
2747 5246 3162 5316 διεπρεσϐεύετο
3219 5249 3354 5318 πρὸς
3403 5248 3494 5300 τὸν
3543 5243 3702 5311 κηδε-

2129 5333 2286 5402 στήν.
2335 5334 2392 5386 Ὀ
2457 5337 2806 5408 πρεσϐευτὴς
2866 5339 2925 5391 δέ
2959 5340 3188 5409 μοναχὸς
3238 5335 3332 5409 ἦν,
3381 5335 3701 5391 Καλλίνικος

2125 5426 2465 5497 κεκλημένος
2489 5469 2505 5495 ,
2543 5431 2604 5483 τὸ
2635 5430 2793 5498 γένος
2828 5430 2929 5501 μὲν
2962 5435 3056 5484 καὶ
3102 5433 3264 5494 αὐτὸς
3289 5428 3559 5500 Τρισαλός
3588 5464 3604 5490 ν
3637 5416 3694 5472 εὖ

1711 5543 1932 5604 Jacobi
1967 5546 2231 5606 Pontaui
2269 5555 2456 5610 notae.

516 5632 628 5708 (78)
662 5631 866 5717 Ιἳοηιλίξῐι
890 5640 1111 5717 Keilii;
1137 5659 1325 5717 regem
1369 5658 1525 5702 sonat
1557 5648 1847 5717 llungaris,
1887 5649 2010 5702 Bul-

445 5705 591 5782 paris
638 5704 753 5782 sive
794 5704 1031 5773 Serviis,
1064 5704 1443 5777 Sclavonibus,
1494 5704 1726 5781 liuentis,
1765 5720 2005 5782 Dolonis,

444 5787 475 5825 ει
509 5773 672 5839 Ιίιτιιι,
708 5785 760 5828 et
785 5783 1152 5839 contraction-.3
1186 5785 1327 5840 liral.
1354 5773 1482 5851 inde
1518 5773 1786 5851 positione
1821 5789 2006 5843 (lusca

2114 5652 2318 5773 ςὲθψηι
2368 5655 2592 5726 Κράλης
2640 5673 2670 5712 a
2734 5664 2924 5712 nostro
2975 5656 3263 5723 historico,
3321 5662 3378 5710 et
3429 5646 3695 5706 muliebre

2176 5740 2424 5773 οαιαινει.

2174 5740 2424 5792 (lauti/tt.
