3962 6474
299 430 373 491 93
704 485 714 495 .
1490 433 2040 496 HISTURIARUM
2083 397 2319 496 tuum
2363 438 2412 498 I.
3508 443 3579 509 94

302 543 356 594 δὲ
400 539 562 603 είδὼς
591 543 808 612 καιροῖς
860 542 954 596 καὶ
985 543 1275 614 πράγμασι
1303 545 1607 610 πολιτικοῖς
1647 549 1882 618 χρῆσθαι

1990 550 2126 607 dens
2153 552 2438 607 iracundia
2469 553 2656 607 Crales
2695 553 2762 607 ad
2798 569 3052 610 socerum
3090 555 3416 612 Callinicum
3458 573 3579 612 mo-

304 633 372 684 δι’
428 632 754 703 ἐμπειρίαν.
793 637 893 698 Ὃς
953 636 1016 706 δὴ
1056 636 1153 706 τὴν
1214 635 1421 707 μεταξὺ
1475 639 1585 692 τῶν
1620 639 1882 710 βασιλέων

1998 645 2260 709 nachum,
2304 645 2527 698 natione
2559 643 2886 708 Triballum,
2913 648 3103 704 mittit.
3145 649 3249 716 Qui
3295 665 3418 703 eum
3467 665 3576 706 nou

306 723 697 794 ἀναφυομένην
724 727 922 780 στάσιν
953 727 1029 800 μὴ
1082 730 1386 798 ἀγνοήσας,
1421 731 1516 784 καὶ
1550 731 1780 785 συνιδὼν
1814 731 1882 796 ὡς

1995 735 2136 788 male
2167 734 2457 790 didicisset
2497 734 2575 789 uti
2612 737 3020 801 occasionibus,
3052 749 3108 794 et
3138 740 3192 794 in
3238 741 3408 796 rebus
3443 740 3575 796 civi-

309 818 339 884 ἡ
369 818 603 889 τοιαύτη
633 819 952 888 διχοστασία
1014 824 1207 892 καιρὸν
1258 822 1326 876 ἂν
1356 823 1618 896 παράσχῃ
1645 823 1722 894 τῷ
1773 825 1882 894 ἰδίῳ

1993 825 2137 879 libus
2171 825 2332 882 tritus
2359 837 2527 891 esset,
2555 839 2802 883 exortam
2836 842 3103 899 praeterea
3158 833 3300 888 inter
3339 833 3576 902 impera-

309 907 548 979 δεσπότῃ
579 911 731 981 παρὰ
753 911 1018 982 βασιλέως
1046 911 1122 967 ὦν
1155 913 1384 984 ἠδίκητο
1427 915 1557 983 περὶ
1595 916 1692 984 τὴν
1724 933 1882 986 στρα-

1993 924 2142 971 tores
2193 917 2527 973 discordiam
2580 934 2690 974 non
2737 922 3043 992 ignoraret,
3093 939 3198 978 nec
3248 940 3358 978 non
3407 925 3577 980 etiam

309 999 434 1051 τιὰ-ν
459 999 620 1076 δίκας
651 1002 859 1072 λαϐεῖν,
908 1003 1160 1058 ἐϐούλετο
1187 1005 1371 1077 κρύφα
1415 1004 1493 1075 τῷ
1525 1006 1630 1076 νέῳ
1676 1005 1882 1076 βασιλεῖ

1990 1009 2357 1078 prospiceret.
2387 1010 2535 1068 hanc
2566 1013 2968 1070 dissensionem
2997 1016 3222 1072 domino
3244 1031 3346 1072 suo
3375 1033 3579 1087 perop-

314 1096 629 1162 συντυχεῖν.

1990 1110 2288 1172 portunam
2340 1104 2481 1170 fore,
2550 1107 2617 1161 ad
2669 1109 3218 1166 animadvertendam
3285 1127 3314 1166 a
3382 1126 3580 1167 socero

315 1197 544 1254 propter
577 1189 807 1245 militem
853 1207 967 1248 non
1037 1191 1314 1248 redditum
1357 1194 1642 1262 iniuriam,
1715 1210 1842 1251 cum
1885 1194 2109 1267 iuniore
2151 1199 2486 1269 imperatore
2553 1203 2962 1260 clandestinum
3011 1207 3188 1263 voluit
3223 1206 3366 1262 inire
3411 1207 3580 1262 collo-

316 1292 533 1346 quium.

1738 1406 1965 1464 CAPUT
2003 1409 2141 1464 Vlll.

320 1493 616 1577 Cattinic'us
644 1497 714 1550 ad
749 1496 960 1577 Cratem
995 1501 1058 1552 de
1084 1502 1332 1577 societate
1363 1503 1582 1569 legatus,
1614 1501 1979 1577 ria-infeliciter
2008 1502 2239 1577 conﬁcit.
2281 1505 2570 1577 Andronici
2610 1507 2845 1576 junioris
2899 1508 3245 1577 propositum.
3280 1506 3577 1562 Theodorus

389 1565 1102 1645 Synadenusprotostrntor
1146 1565 1488 1645 consiliorum
1546 1565 2024 1645 periculorumque
2053 1565 2221 1627 socius
2269 1576 2563 1629 asciscitur.
2610 1565 2687 1630 be
2738 1565 2909 1630 trium.
2965 1565 3322 1631 Cenuensium
3365 1577 3467 1645 ﬁde
3515 1593 3580 1632 ac

385 1639 674 1720 promissis.
706 1639 1074 1720 Adrianopolis
1100 1641 1171 1720 ad
1197 1643 1378 1720 fugam
1412 1639 1843 1720 denuo-eligitur.
1880 1640 1976 1720 Avi
1996 1643 2063 1720 in
2093 1652 2333 1720 nepotem
2341 1646 2733 1720 _inhum_auitus
2759 1655 2835 1720 _et
2865 1648 3265 1720 importunitas.
3296 1647 3340 1702 Α
3365 1639 3575 1720 ἠιαθηο

384 1707 666 1761 domestico
693 1709 961 1763 solatium.
999 1707 1316 1779 Syrgianriis
1349 1727 1376 1764 e
1415 1710 1638 1771 Thracia
1667 1707 1949 1765 revocatio.
1984 1710 2062 1766 De
2092 1707 2299 1768 raiione
2333 1714 2594 1786 Byzantio
2622 1733 2676 1769 se
2704 1707 2959 1772 educendi
2991 1717 3360 1772 consultatio.’

387 1798 459 1850 Τὸ
484 1797 530 1850 δ’
559 1799 690 1850 αὐτὸ
721 1803 813 1852 καὶ
853 1799 1110 1869 βασιλεὺς
1140 1803 1168 1854 ὁ
1191 1802 1311 1865 νέος
1342 1803 1442 1855 σὺν
1471 1803 1781 1872 δομεσείκῳ
1810 1800 1882 1872 τῷ

2064 1803 2114 1857 ls
2133 1814 2188 1858 et
2223 1820 2454 1876 magnus
2482 1807 2822 1862 domesticus
2848 1823 2877 1861 e
2909 1823 2968 1862 re
3021 1823 3118 1862 sua
3165 1807 3415 1864 futurum
3460 1815 3575 1863 sta-

317 1891 543 1962 μεγάλῳ
597 1891 897 1948 λυσιτελεῖν
945 1896 1130 1958 αὐτοῖς
1181 1896 1550 1965 ἡγησάμενοι,
1596 1895 1735 1966 πρὸς
1793 1893 1888 1948 τὸν

313 1983 541 2054 Κρὰλην
582 1983 1123 2056 διαπρεσϐεύσασθαι
1177 1988 1307 2056 περὶ
1373 1988 1736 2058 συμμαχίας,
1794 1985 1888 2039 τὸν

311 2077 641 2130 Καλλίνικον
699 2080 1233 2150 μετακαλεσάμενοι,
1291 2081 1385 2134 καὶ
1445 2081 1576 2151 περὶ
1631 2080 1733 2148 τῆς
1790 2077 1887 2132 τοῦ

311 2170 509 2240 Κράελη
540 2172 856 2242 συμμαχίας
896 2174 994 2228 καὶ
1019 2175 1203 2243 φιλίας
1229 2175 1630 2246 διαλεχθέντες,
1659 2177 1754 2229 καλ⁵
1779 2176 1891 2229 πεί·

311 2279 511 2326 σαντες
559 2267 625 2318 ὲκ
654 2264 746 2318 τοῦ
778 2267 981 2336 ῥᾴστου
1038 2267 1128 2320 διὰ
1164 2267 1226 2322 τὸ
1261 2269 1357 2322 καὶ
1408 2267 1574 2322 αὑτὸν
1617 2268 1719 2338 τὴν
1747 2284 1887 2335 πρε-

311 2358 504 2413 σϐείαν
531 2358 736 2430 ταύτην
759 2361 835 2430 τῷ
862 2362 1052 2433 Κράλῃ
1082 2361 1329 2430 νομίζειν
1352 2362 1675 2428 λυσιτελεῖν,
1711 2360 1889 2422 ἄλλως

311 2449 359 2502 δ’
388 2452 472 2504 ὅτι
507 2452 602 2504 καὶ
630 2453 763 2520 πρὸς
789 2453 1129 2524 Συργιάννην
1154 2454 1303 2520 αὑτῷ
1333 2453 1517 2521 φιλίας
1543 2453 1777 2523 ἐνέχυρα
1796 2453 1887 2507 καλΙ

311 2542 582 2612 πρότερον
634 2538 805 2612 ἦσαν,
865 2543 1372 2608 ἐξαποστέλλουσιν.
1418 2545 1478 2598 Ὀ
1537 2545 1617 2608 δὲ,
1677 2545 1885 2617 σπουδῇ

316 2637 410 2687 καὶ
434 2637 714 2704 προθυμία
741 2634 906 2705 πολλῇ
942 2634 1038 2706 τὴν
1075 2637 1195 2690 ὁδὸν
1228 2636 1458 2707 τάχιστα
1490 2635 1774 2701 διανύσας,
1811 2635 1888 2703 τῷ

310 2728 505 2798 Κράλῃ
534 2746 591 2780 τε
621 2729 1039 2797 συγγενόμενος,
1080 2729 1173 2781 καὶ⁵
1203 2728 1304 2799 τὴν
1333 2727 1428 2781 τοῦ
1472 2729 1592 2782 νέου
1620 2728 1887 2799 βασιλέως

307 2819 647 2886 ἀπαγγείλας
676 2817 997 2888 πρεσϐείαν,
1031 2811 1156 2889 εὗρε
1213 2819 1311 2872 καὶ
1362 2821 1526 2873 αὑτὸν
1562 2818 1756 2889 ὥσπερ
1794 2819 1889 2888 ἔρ·

313 2927 476 2980 μαιον
530 2911 885 2979 ἡγησάμενον
941 2909 1035 2962 τὸν
1079 2908 1295 2980 καιρὸν,
1333 2911 1428 2963 καὶ
1491 2909 1657 2962 παντὶ
1705 2909 1888 2962 σθένει

311 3003 703 3072 συμμαχήσειν
727 3002 1158 3072 ὑπισχνούμενον
1213 3002 1294 3070 τῷ
1335 3003 1441 3071 νέῳ
1487 3002 1720 3072 βασιλεῖ,
1751 3001 1889 3070 πρὸς

306 3092 386 3164 τῷ
416 3096 505 3146 καὶ
537 3095 700 3163 χάριν
734 3093 958 3155 είδὲναι,
993 3095 1042 3146 εἰ
1083 3093 1246 3162 μόνον
1280 3093 1375 3146 τοῦ
1405 3092 1634 3147 πάππου
1667 3095 1762 3146 καὶ
1793 3093 1885 3162 βα-

1995 1905 2252 1962 tuentes,
2297 1898 2343 1952 si
2401 1899 2730 1968 legationem
2779 1902 2845 1955 de
2892 1899 3143 1957 coeunda
3201 1916 3387 1956 secum
3445 1899 3576 1956 belli

1990 1989 2256 2044 societate
2295 1989 2362 2044 ad
2399 1989 2614 2045 Cralem
2665 1993 2970 2058 mitterent,
3007 1994 3341 2049 Callinicum
3395 2007 3577 2048 arces-

1991 2087 2196 2144 sentes,
2228 2087 2434 2134 etcum
2465 2082 2660 2136 eodem
2714 2083 2782 2136 de
2823 2084 3068 2139 amicitia
3120 2092 3177 2137 et
3231 2082 3404 2137 armis
3443 2095 3570 2137 cum

1989 2170 2148 2227 Crale
2215 2173 2617 2243 conjungendis
2659 2189 2970 2230 sermonem
3021 2176 3354 2231 miscentes:
3387 2174 3575 2228 facile-

1991 2279 2099 2334 que
2129 2263 2338 2318 homini
2390 2266 2836 2332 consuadentes,
2895 2267 3042 2337 quod
3096 2269 3214 2336 ipse
3257 2266 3363 2320 hoc
3405 2265 3572 2319 etiam

1989 2371 2147 2425 mque
2179 2355 2326 2411 Crali
2357 2358 2765 2413 conductorum
2794 2359 3050 2433 sentiret,
3087 2368 3202 2414 tum
3232 2359 3399 2414 etiam
3421 2355 3572 2426 quod

1992 2457 2154 2503 vetus
2179 2448 2228 2504 ei
2260 2465 2385 2504 cum
2416 2449 2722 2521 Syrgianne
2747 2451 3107 2506 necessitudo
3133 2460 3301 2516 esset,
3331 2451 3572 2520 legatum

1991 2557 2118 2597 eum
2171 2544 2416 2598 mittunt.
2485 2543 2685 2599 Missus
2729 2545 3032 2600 Callinicus
3106 2544 3461 2599 festinatione
3520 2553 3578 2598 et

1992 2634 2278 2689 alacritate
2332 2635 2470 2690 mira
2528 2637 2817 2692 celerrime
2866 2638 3120 2692 confecto
3171 2639 3393 2701 itinere,
3445 2654 3572 2693 cum

1993 2727 2149 2783 Crale
2184 2741 2539 2796 congressus,
2581 2727 2915 2798 legationem
2947 2727 3192 2796 junioris
3221 2727 3573 2797 imperatoris

1991 2819 2240 2890 exponit.
2313 2819 2410 2874 Ille
2463 2819 2723 2875 similiter
2777 2819 2846 2874 de
2898 2819 3080 2874 oblata
3136 2818 3572 2885 commoditate,

1994 2921 2249 2980 tanquam
2269 2910 2337 2965 de
2361 2911 2736 2980 inexspectato
2787 2912 2942 2967 lucro
2967 2910 3080 2980 (79)
3109 2911 3331 2968 sibimet
3351 2911 3571 2980 gaudet,

1991 3004 2195 3075 gratias
2226 3002 2454 3074 insuper
2493 3004 2628 3072 agit,
2681 3011 2850 3072 atque
2883 3003 2952 3061 ad
3003 3010 3261 3072 nepotem
3311 3001 3574 3072 adjuvan-

1993 3094 2123 3148 dum
2155 3091 2302 3147 vires
2332 3091 2443 3163 26
2471 3105 2600 3146 suas
2638 3106 2832 3146 omnes
2861 3090 3098 3161 spondet
3125 3109 3139 3146 :
3174 3089 3474 3144 dummodo
3503 3089 3572 3143 ab

308 3157 504 3248 σξλέως
534 3157 797 3248 αποστὰς,
833 3185 968 3255 πρὶς
993 3157 1111 3249 τοῖς
1158 3186 1351 3255 μέρεσι
1382 3186 1601 3253 γένοιτο
1635 3157 1882 3241 Μακεδο-

1990 3200 2093 3242 avo
2144 3193 2428 3250 remotus,
2478 3184 2638 3254 juxta
2687 3182 3063 3238 Macedoniam
3117 3181 3436 3246 consideat;
3495 3183 3574 3238 sic

306 3279 461 3341 νίας’
496 3275 633 3347 ᾤετο
661 3278 768 3346 γὰρ
801 3276 900 3346 τὴν
937 3277 1075 3346 πρὸς
1117 3277 1284 3330 αὐτὸν
1316 3279 1640 3349 συμμαχίαν
1703 3280 1888 3333 κάκω-

309 3384 396 3422 σιν
435 3365 573 3422 εἶναι
625 3369 733 3422 τῶν
764 3368 858 3423 τοῦ
889 3369 1154 3441 κηδεστοῦ
1186 3371 1280 3424 καὶ
1311 3370 1582 3441 βασιλέως
1624 3371 1886 3442 πραγμά-

305 3479 438 3516 των.
471 3463 667 3517 Λαϐὼν
704 3466 890 3518 τοίνυν
940 3467 968 3518 ὁ
1020 3465 1342 3528 Καλλίνικος
1384 3465 1482 3528 τὰς
1524 3465 1883 3533 ἐπαγγελίας,

305 3556 557 3610 ἐπάνεισι
589 3562 723 3627 πρὸς
761 3559 823 3611 τδ
847 3557 1139 3623 Βυζάντιον
1170 3559 1312 3612 κατὰ
1341 3557 1525 3628 τάχος,
1556 3560 1651 3610 καὶ
1676 3557 1887 3627 χαίρων

303 3647 492 3716 ὀφθεὶς
531 3646 606 3716 τῷ
643 3646 858 3716 βασιλεῖ
893 3647 1144 3719 χαίροντι
1205 3647 1523 3718 ἀπήγγελλὲ
1578 3663 1640 3701 τε
1680 3647 1750 3700 τὰ
1785 3647 1886 3717 τῆς

305 3739 627 3808 πρεσϐείας,
659 3739 750 3791 καὶ
779 3739 878 3806 τὴν
916 3739 1246 3810 συμμαχίαν
1286 3737 1437 3809 αὐτῷ
1477 3739 1575 3792 τοῦ
1607 3740 1796 3811 Κράλη
1827 3742 1886 3792 ὲν

308 3829 516 3901 βεϐαίῳ
571 3831 786 3884 κεῖσθαι
833 3830 1224 3903 διῖσχυρίςετο,
1262 3831 1329 3902 ἢν
1371 3833 1531 3904 μόνον
1580 3828 1720 3902 πρὸς
1770 3833 1885 3896 τοῖς

307 3923 505 3995 μέρεσι
557 3922 784 3993 γένηται
821 3923 1182 3986 Μακεδονίας.
1249 3923 1407 3978 Οὕτω
1457 3925 1559 3996 μὲν
1600 3925 1694 3978 καὶ
1749 3926 1884 3996 περὶ

309 4020 404 4086 τῆς
431 4016 526 4071 τοῦ
565 4017 754 4087 Κράλη
792 4019 1116 4088 συμμαχίας
1155 4019 1183 4071 ὁ
1222 4017 1341 4081 νέος
1385 4017 1728 4089 Ἀνδρόνικος
1752 4034 1886 4072 κατα

198 4134 218 4146 -
307 4109 608 4179 επράξατο.
681 4111 784 4163 Τὸν
821 4111 1002 4179 μέντοι
1057 4110 1289 4180 βασιλέα
1335 4113 1430 4163 καὶ
1461 4111 1688 4165 πάππον
1738 4111 1882 4181 ὁρῶν

305 4204 418 4265 τοῖς
444 4201 600 4273 ἤθεσι
632 4203 727 4256 καὶ
759 4203 871 4265 τοῖς
908 4203 1087 4269 λόγοις
1117 4202 1219 4273 τῆ;
1243 4203 1521 4272 προτέρας
1549 4203 1883 4272 δυσμενείας

305 4294 402 4362 οὐχ
436 4293 749 4363 ὑφιέμενον,
814 4293 882 4346 τὰ
913 4294 1050 4363 πρὸς
1105 4294 1206 4363 τὴν
1236 4293 1378 4346 ίδίαν
1418 4293 1669 4364 φυλακὴν
1721 4294 1884 4364 ἐξηρ-

310 4385 460 4437 τύετο
502 4385 597 4436 καὶ
653 4385 852 4450 αὑτός,
896 4385 1056 4449 τοῦτο
1107 4386 1515 4456 διανοούμενος,
1565 4388 1663 4455 ὡς,
1696 4390 1743 4441 εί
1780 4389 1881 4458 μὲν

1986 3277 2135 3334 enim
2162 3275 2573 3345 expeditionem
2602 3289 2755 3330 suam
2782 3274 3130 3329 auxiliariam
3164 3273 3344 3329 soceri
3406 3271 3575 3326 rebus

1985 3369 2307 3424 damnosam
2347 3365 2466 3422 fore
2494 3355 2830 3421 confidebat.
2868 3364 3006 3421 Cum
3045 3365 3140 3418 tali
3171 3363 3573 3434 pollicitatione

1985 3460 2288 3517 Callinicus
2320 3457 2534 3528 magnis
2566 3457 2864 3513 itineribus
2893 3455 3222 3528 Byzantium
3257 3470 3316 3510 se
3344 3455 3571 3526 recipit,

1986 3568 2416 3623 successumque
2443 3551 2738 3623 legationis
2763 3566 2876 3607 suae
2907 3550 3034 3606 laeto
3060 3545 3383 3618 imperatori
3416 3547 3575 3620 lactus

1985 3640 2244 3707 edisserit
2270 3663 2284 3700 :
2315 3652 2525 3699 certam
2553 3653 2611 3699 et
2639 3642 3004 3698 indubitatam
3031 3656 3154 3698 esse
3181 3641 3358 3698 Cralis
3391 3641 3572 3697 socie-

1989 3748 2156 3795 tatem
2209 3747 2513 3803 asseverat,
2558 3744 2769 3793 tantum
2815 3745 3046 3806 propter
3088 3734 3466 3790 Macedoniam
3513 3746 3573 3788 se

1985 3831 2240 3888 collocet.
2291 3830 2367 3886 De
2393 3830 2554 3886 Crale
2601 3829 2826 3900 quidem
2860 3828 2928 3883 ad
2965 3842 3094 3883 suas
3143 3833 3329 3897 partes
3377 3823 3574 3894 adjun-

1985 3925 2167 3995 gendo
2201 3923 2556 3979 Andronicus
2580 3923 2762 3976 minor
2791 3921 2898 3976 hoc
2932 3921 3080 3976 fecit.
3115 3917 3574 3976 Animadvertens

1986 4027 2172 4074 autern
2206 4031 2368 4070 avum
2395 4018 2464 4070 de
2491 4014 2726 4085 pristina
2762 4011 3149 4068 malevolentia
3181 4026 3287 4066 nec
3303 4010 3570 4073 moribus,

1985 4124 2091 4166 nec
2120 4107 2309 4163 verbis
2337 4107 2640 4172 remittere,
2694 4105 2986 4162 securitati
3033 4119 3148 4159 suae
3177 4101 3569 4174 prospiciebat,

1985 4217 2301 4274 proponens
2331 4200 2476 4270 apud
2511 4199 2761 4253 animum
2788 4238 2804 4264 ,
2855 4198 2903 4254 si
2940 4213 3054 4269 quo
3095 4195 3260 4251 modo
3296 4204 3408 4250 tam
3456 4204 3567 4250 tur-

1984 4294 2114 4350 bida
2144 4301 2441 4360 tempestas
2467 4288 2759 4344 sedaretur
2781 4327 2796 4353 ,
2835 4289 2893 4343 in
2928 4287 3015 4342 avi
3043 4286 3278 4343 arbitrio
3321 4299 3570 4350 manere,

1985 4385 2233 4459 quandiu
2285 4384 2361 4438 illi
2417 4382 2530 4436 vita
2573 4381 2998 4452 suppeditaret:
3032 4380 3118 4434 sin
3163 4378 3398 4433 ulterius
3445 4391 3570 4447 pro-

305 4478 491 4548 τρόπῳ
525 4477 586 4547 δή
617 4495 726 4531 τινι
755 4477 1028 4559 διαλυθείη
1068 4480 1135 4533 τὰ
1169 4479 1438 4556 δυσχερῆ,
1462 4480 1566 4533 ὑπὸ
1601 4479 1680 4552 τῷ
1728 4479 1881 4551 βασι-

1990 4477 2340 4550 grederetur,
2376 4473 2786 4543 meditatusque
2818 4473 2974 4527 l‘uror
3019 4471 3088 4526 ad
3122 4469 3379 4525 effectum
3413 4467 3573 4523 ineli-

303 4571 388 4624 λεῖ
425 4571 521 4623 καὶ
560 4571 766 4642 πάππῳ
798 4551 1030 4624 τελέσων
1071 4573 1229 4642 ἄχρις
1261 4551 1571 4643 ἂννάποστῇ
1607 4551 1700 4626 τοῦ
1735 4573 1833 4644 ζῇν
1860 4591 1874 4605 ο

306 4663 354 4715 ei
380 4661 427 4714 δ’
451 4661 548 4714 ἐπὶ
567 4662 631 4714 τὰ
651 4663 840 4731 πρόσω
867 4663 1046 4732 προτοι
1077 4663 1172 4716 καὶ
1196 4664 1297 4734 ἠδη
1324 4663 1461 4732 πρὸς
1487 4663 1642 4726 τέλος
1664 4663 1878 4731 ὲγγίζοι

302 4756 498 4821 κακὸν,
532 4757 644 4810 τότ’
667 4758 767 4829 ἤδη
786 4758 884 4827 τῆς
915 4758 1188 4828 βασιλίδος
1226 4759 1338 4813 τῶν
1366 4758 1574 4813 πόλεων
1603 4758 1876 4822 ἀποστὰς,

303 4851 495 4903 ἑαυτόν
552 4867 610 4902 τε
658 4849 912 4914 διασώζοι
964 4851 1057 4902 καὶ
1111 4851 1236 4914 τοὺς
1300 4852 1584 4914 συνόντας.
1642 4851 1732 4905 Ἑν
1767 4852 1881 4912 τοῖς

301 4942 563 5004 τοιούτοις
584 4942 649 5013 δὴ
677 4943 1007 5014 τριϐομένου
1035 4943 1130 4996 τοῦ
1169 4944 1392 5013 χρόνου,
1441 4944 1536 4997 καὶ
1578 4929 1883 5012 δ’Συναδηο

302 5033 392 5096 νδς
429 5035 702 5106 Θεόδωρος
729 5036 756 5088 ὀ
790 5035 883 5088 καὶ
906 5035 1347 5106 πρωτοστράτωρ
1381 5031 1517 5107 ἧκεν
1566 5037 1644 5098 είς
1677 5034 1887 5099 Βυζάν-

1987 4578 2170 4634 naret,
2205 4567 2612 4639 imperatricem
2644 4565 2866 4620 urbium
2909 4564 3188 4628 deserere,
3221 4570 3278 4617 et
3332 4574 3392 4615 se
3447 4572 3573 4614 cum

1985 4677 2086 4717 suo
2111 4676 2273 4730 grege
2303 4665 2688 4716 conservatum
2723 4657 2826 4712 ire.
2865 4655 3000 4710 Dum
3026 4655 3084 4710 in
3108 4653 3196 4709 his
3227 4663 3445 4723 tempus
3477 4667 3572 4721 po-

1985 4755 2160 4819 nitur,
2187 4753 2516 4808 Theodorus
2537 4749 2863 4822 Syuadenus
2893 4756 3263 4818 protostrator
3285 4744 3573 4800 vacatione

1987 4854 2212 4915 accepta
2246 4846 2314 4899 ab
2347 4841 2650 4899 Occidente
2683 4841 3004 4912 Byzantium
3044 4838 3236 4894 venit:
3269 4837 3572 4906 Prillapum

1988 4938 2284 5008 siquidem,
2320 4934 2664 5004 linitimaque
2694 4933 2836 4998 loca,
2867 4940 2924 4986 et
2949 4929 3213 4986 inferiora
3239 4927 3574 4984 Macedoniae

1989 5028 2253 5102 oppidula
2281 5033 2700 5098 procuraverant,
2727 5026 2808 5080 vir
2839 5024 3005 5079 domo
3031 5022 3253 5086 nobilis,
3273 5029 3331 5076 et
3347 5019 3581 5089 amplis-‘

1571 5151 1788 5212 Ja‘cobi
1824 5147 2093 5212 Pontani
2129 5155 2314 5207 notas.

372 5257 482 5326 ('19)
510 5256 997 5328 Ἕρμαιονάἰοίιιιι·
1026 5273 1125 5328 pro
1149 5259 1302 5312 lucro
1337 5256 1636 5327 insperanti
1661 5257 1878 5328 obiecto

301 5343 397 5382 seu
455 5327 755 5396 inopinato,
791 5337 846 5382 et
881 5327 1218 5393 adventitéo;
1270 5339 1328 5382 ut
1358 5344 1480 5382 eum
1520 5330 1643 5396 quis
1680 5328 1732 5396 in
1792 5327 1880 5380 iti-

300 5413 432 5452 nere
471 5395 672 5466 aliquid
705 5398 929 5452 fortuito
974 5399 1183 5453 invenit
1225 5399 1393 5468 (quod
1446 5395 1616 5453 etiam
1655 5395 1879 5468 εὕρημα

303 5477 605 5538 prapterea
645 5469 985 5538 appellatur,
1046 5469 1200 5538 quasi
1237 5466 1407 5522 dicas
1445 5510 1461 5528 .
1519 5466 1875 5537 inventum).

302 5535 435 5608 Hine
477 5536 744 5605 quidquid
811 5539 933 5592 boni
976 5535 1136 5592 nobis
1180 5539 1451 5608 contingit
1501 5535 1874 5608 (praesertim,

299 5607 343 5659 si
414 5618 620 5679 prastel:
665 5608 977 5676 opinionem
1038 5618 1204 5678 atque
1274 5607 1489 5678 spem),
1545 5609 1598 5672 id
1651 5607 1875 5679 εὕρημα

300 5687 542 5747 vocatur.
590 5677 819 5731 Budaeus
860 5693 889 5731 a
943 5677 1164 5734 Platone
1225 5680 1278 5734 in
1304 5677 1598 5734 ’Plzazdoue
1628 5677 1877 5747 poni'ait

300 5759 397 5812 pro
430 5746 571 5819 bono
626 5749 998 5819 inexspectato
1024 5789 1039 5809 ,
1089 5765 1153 5803 ac
1196 5765 1294 5819 pro
1355 5760 1503 5803 sorte
1541 5746 1870 5818 exoptanda,

301 5831 419 5881 quae
442 5816 577 5870 forte
613 5817 829 5870 fortuna
858 5820 1014 5874 nobis
1043 5816 1222 5873 oblata
1281 5820 1370 5874 sit.
1419 5819 1579 5873 Ratio
1633 5816 1872 5873 nominis

301 5897 381 5941 est
420 5902 448 5941 a
477 5887 766 5954 Mercurio,
795 5888 888 5958 qui
920 5889 1122 5949 Graecis
1159 5890 1368 5958 Ἑρμῆς
1397 5899 1453 5947 οι
1477 5889 1602 5953 viis,
1635 5890 1865 5952 nuntiis,

1983 5254 2142 5309 lucro
2177 5261 2394 5324 pracest,
2445 5257 2500 5306 et
2532 5251 2588 5304 in
2641 5250 3027 5319 Amphitryone
3053 5246 3230 5303 Plauti
3255 5254 3338 5302 est
3369 5243 3442 5300 ita
3495 5245 3572 5298 lo-

2026 5341 2162 5378 uens
2185 5341 2199 5377 2

1984 5340 2163 5449 (13m:
2186 5364 2282 5447 .vos
2314 5393 2522 5464 quidem
2556 5391 2610 5464 id
2624 5390 2744 5459 jam
2766 5390 2909 5464 scitis
2939 5405 3238 5464 concessum
3269 5395 3318 5439 et
3346 5386 3534 5464 datum

2024 5465 2157 5536 Mihi
2191 5480 2300 5518 esse
2325 5454 2399 5517 ἀὑ
2427 5464 2524 5516 diis
2540 5454 2700 5536 aliis,
2729 5463 2926 5515 nuntiis
2957 5470 3014 5512 ut
3057 5461 3269 5536 privsirn
3301 5465 3378 5536 et.
3401 5454 3570 5536 tuere.

2058 5535 2112 5590 Si
2158 5536 2345 5603 plures
2380 5535 2482 5586 iter
2530 5532 2879 5606 faccrcut,et
2928 5527 3073 5606 unus
3125 5527 3570 5606 boni_qu_i«_l.piam

1985 5605 2040 5660 in
2065 5595 2365 5675 via'jacens
2387 5613 2690 5672 repercrat,
2711 5601 3017 5675 alii,qui_id
3045 5595 3572 5675 sccum_divi_di,§eu

1983 5667 2276 5748 commune
2331 5667 2536 5729 vellent
2581 5688 2709 5748 esse
2736 5714 2750 5736 ,
2817 5667 3076 5748 dicebant
3122 5669 3318 5748 atomis”
3351 5667 3568 5748 spy/71;,

1984 5745 2202 5808 Latine,
2241 5749 2294 5800 in
2324 5760 2619 5800 commune.
2647 5743 2920 5799 Observat
2967 5737 3215 5794 Turneb.
3262 5736 3360 5794 lib.
3417 5746 3570 5808 xxvi,

1985 5832 2105 5888 cap.
2140 5818 2224 5871 l4.
