3962 6438
236 330 325 417 π
1409 356 1977 422 HISTORIARUM
2012 362 2255 425 LIBER
2292 363 2337 427 Ι.
3435 373 3508 438 93

233 467 641 538 Χριστούπολιν
675 468 741 522 ὲκ
774 466 1079 532 Βυζαντίου
1110 469 1689 539 συγκαταπράξασθαι
1720 489 1792 541 φυ

1934 474 2160 532 duobus
2182 475 2203 548 Ῐ
2211 487 2342 547 puta
2367 492 2493 532 cum
2522 490 2724 549 magno
2742 479 3054 538 domestico
3089 493 3148 541 et
3177 483 3506 559 Syrgianne]

233 562 333 631 γὴν
384 561 596 622 αὐτοῖς.
636 559 1078 631 Ἑπηγγείλαντο
1140 559 1251 631 γὰρ
1309 560 1485 628 αὐτοὶ,
1525 566 1679 633 τρεῖς
1716 564 1804 633 μὲν

1924 571 2274 624 consultante
2323 571 2662 641 imperatore
2690 611 2706 638 ,
2749 582 2928 628 utram
2979 576 3200 633 urbium
3247 580 3509 649 coniugio

235 654 490 724 τριήρεις
538 653 763 717 οἰκείοις
814 650 1141 722 ἀναλώμασι
1203 653 1557 724 πληρώσειν,
1599 656 1743 709 ἐπτὰ
1771 655 1800 708 δ

1924 669 2276 717 constituere
2295 671 2576 731 oporteret
2601 703 2617 729 ,
2650 679 2764 734 quo
2816 672 2873 719 et
2905 676 3292 735 protostrator,
3334 684 3506 740 quam

236 746 434 813 ἑτέρας
455 747 521 797 ὲκ
558 744 824 813 βασιλέως
847 743 1105 807 λαϐόντες
1127 743 1424 814 χρήματα*
1456 744 1532 809 ὼς
1563 745 1695 798 δέκα
1717 746 1804 808 τὰς

1926 765 2027 819 pro
2064 750 2290 806 meliore
2321 752 2573 817 duceret,
2607 755 2940 809 sententiam
2973 757 3270 825 proferret,
3298 769 3356 814 et
3378 776 3509 815 eum

238 837 541 909 συμπάσας
580 836 910 908 γενομένας,
946 834 1045 890 καὶ
1102 836 1237 907 πρὸς
1265 836 1368 908 τὴν
1407 838 1735 909 ἀπόδρασιν,
1768 856 1804 892 ει

1925 843 2261 913 Christopoli
2311 845 2533 913 quidem
2566 846 2769 901 auxilia
2814 862 2844 902 a
2884 849 3045 904 Crale
3090 854 3459 922 exspectanda
3488 893 3506 918 ,

239 931 444 1001 δεήσει,
487 929 832 999 συνάρασθαι
866 928 947 998 τῷ
997 927 1234 999 βασιλεῖ,
1271 929 1365 982 καὶ
1413 929 1553 1001 πρὸς
1581 932 1649 1003 τῇ
1680 931 1817 1000 Χρι-

242 1024 531 1077 στουπόλει
584 1021 988 1093 συμμαχούσας
1044 1021 1411 1092 καρτερῆσαι,
1467 1022 1628 1092 ἄχρις
1689 1022 1815 1075 ave

242 1116 497 1185 βασιλεὺς
556 1109 615 1168 εὗ
652 1114 893 1168 διάθοιτο
944 1113 1015 1167 τὰ
1047 1113 1169 1166 κατ’
1201 1114 1393 1168 αὐτόν.
1434 1112 1712 1182 Ὀνόματα
1768 1112 1813 1164 δ’

240 1209 446 1271 αὐτοῖς,
483 1206 593 1260 άπὺ
646 1205 747 1276 μὲν
799 1204 893 1258 τοῦ
943 1204 1052 1257 τῶν
1090 1203 1286 1273 Ὀρίων
1344 1202 1559 1271 γένους,
1597 1203 1814 1271 Ῥάφων

237 1318 295 1355 τε
336 1302 545 1371 Ὀρια·
603 1299 712 1353 ἀπὸ
769 1298 825 1352 δὲ
881 1297 974 1350 τοῦ
1015 1297 1354 1360 Σπινουλῶν,
1397 1295 1652 1367 Φρερίγω
1681 1296 1816 1349 Σπί-

237 1392 434 1446 νουλα·
470 1394 534 1445 ὲκ
565 1390 622 1444 δὲ
661 1389 769 1443 τῶν
811 1390 1062 1461 Ντεμάρ,
1109 1389 1328 1458 Ῥάφων
1362 1388 1613 1459 Ντεμάρ.
1646 1387 1815 1453 Αὖθις

235 1487 281 1540 δ’
306 1486 427 1557 ἅμα
467 1485 583 1548 τοῖς
614 1484 736 1538 δυσὶ
778 1481 1158 1553 βουλευομένῳ
1191 1479 1270 1552 τῷ
1302 1480 1519 1551 βασιλεῖ
1558 1483 1689 1552 περὶ
1716 1480 1813 1536 τοῦ

235 1579 482 1649 ποτέραν
510 1577 618 1649 χρὴ
648 1577 756 1631 τῶν
782 1576 991 1629 πόλεων
1026 1574 1528 1645 ἀποδιδράσκοντας
1566 1574 1811 1642 ἑλέσθαι,

236 1673 308 1736 ὡς
340 1673 405 1727 ἂν
442 1673 537 1725 καὶ
581 1673 609 1724 ὁ
642 1668 1091 1741 πρωτοστράτωρ
1135 1668 1238 1737 τὴν
1266 1667 1536 1721 δοκοῦσαν
1578 1667 1726 1738 αὐτῷ
1752 1668 1815 1721 τὸ

236 1766 394 1836 νικᾷν
421 1765 570 1835 ἔχειν
601 1762 893 1832 είσενέγκῃ
929 1760 1131 1831 ψῆφον,
1158 1760 1252 1815 καὶ
1280 1759 1381 1831 τὴν
1416 1760 1517 1831 μὲν
1544 1760 1816 1831 Χριστού-

1922 950 2046 989 cum
2076 934 2439 1005 Adrianopoli
2469 951 2600 991 vero
2631 940 2826 1009 populi
2854 940 3243 1010 frequentiam,
3275 945 3513 1001 ibidem-

1922 1042 2029 1096 que
2053 1026 2286 1082 locatam
2328 1029 2625 1085 militarem
2650 1032 2898 1101 copiam,
2939 1048 3003 1089 ae
3026 1035 3236 1089 civium
3262 1038 3507 1108 denique

1921 1115 2333 1171 multitudinem
2365 1118 2473 1173 sibi
2511 1119 2816 1175 faventium
2853 1123 3247 1194 conjungente,
3288 1137 3345 1182 et
3375 1145 3512 1198 pro~

1921 1214 2218 1261 tostratore
2243 1206 2645 1277 Adrianopolin
2672 1218 3035 1280 praeoptante,
3059 1222 3357 1283 antequam
3388 1232 3513 1269 rer-

1919 1303 2038 1350 tum
2064 1298 2198 1367 quid
2250 1299 2649 1367 decernerent,
2695 1312 3084 1359 surrexerunt.
3128 1305 3258 1361 Post
3302 1307 3508 1363 iterum

1916 1389 2222 1446 domestico
2272 1401 2330 1447 et
2359 1392 2692 1463 imperatore
2748 1394 2879 1450 solis
2932 1410 3098 1466 super
3136 1398 3325 1453 eadem
3356 1415 3511 1469 quac-

1918 1484 2107 1539 stione
2138 1485 2285 1541 inter
2309 1500 2371 1540 se
2401 1487 2708 1555 agentibus,
2752 1503 2857 1543 nec
2899 1489 3286 1560 ignorantibus
3315 1529 3330 1557 ,
3378 1492 3512 1563 Syr—

1915 1575 2104 1646 gianni
2154 1584 2211 1631 et
2239 1576 2548 1633 domestico
2597 1577 2762 1635 facile
2811 1579 2964 1635 iactu
3019 1597 3162 1646 esse,
3217 1596 3420 1640 uxores
3449 1586 3505 1639 in

1915 1667 2152 1722 Thracia
2190 1677 2496 1735 manentes.
2526 1685 2636 1740 quo
2668 1672 2929 1742 placeret,
2967 1674 3243 1732 abducere
3266 1720 3281 1743 ,
3320 1687 3513 1747 proto-

1918 1762 2143 1816 stratori
2173 1771 2387 1828 contra,
2410 1764 2770 1836 Adrianopoli
2800 1768 3092 1839 coniugem
3127 1785 3255 1824 cum
3287 1770 3509 1825 duabus

237 1826 392 1910 πολιν
535 1855 690 1926 παρά
719 1826 813 1908 τού
1084 1826 1381 1924 συμμαχίᾳ
1417 1826 1804 1925 παραζευγνύε

1917 1854 2106 1910 ﬁliolis
2155 1826 2428 1923 babenti,
2476 1826 2699 1932 sedem.»
2716 1826 2935 1915 mutare
2970 1826 3290 1932 padiﬂicile
3344 1864 3502 1922 fore:

231 1966 408 2012 οντος,
441 1951 509 2020 τῇ
554 1945 837 2019 Ἀδριανοῦ
867 1947 926 2000 δὲ
954 1947 1055 2020 τὴν
1078 1946 1550 2016 πολυανθρωπίαν
1590 1949 1686 2001 καὶ
1713 1947 1814 2019 τὴν

231 2038 707 2109 ἑγκαθιδρυμένην
762 2039 886 2091 ἐκεῖ
937 2037 1227 2109 στρατιάν,
1277 2037 1375 2091 καὶ
1418 2036 1480 2090 τὸ
1520 2037 1814 2102 πλείστους

233 2126 372 2185 εἶναι
392 2131 505 2185 τῶν
535 2132 828 2186 οἰκούντων
861 2133 980 2184 ἐκεῖ
1009 2132 1076 2185 τὰ
1104 2129 1202 2183 τοῦ
1237 2129 1360 2184 νέου
1387 2129 1653 2201 βασιλέως
1674 2132 1813 2203 ᾑρη-

233 2225 428 2295 μένους
457 2242 472 2255 ·
503 2227 530 2277 ὁ
593 2220 1044 2295 πρωτοστράτωρ
1098 2223 1201 2295 μὲν
1242 2223 1341 2293 τὴν
1374 2224 1458 2286 εἰς
1493 2223 1810 2293 ’Δδριανού-

233 2316 389 2371 πολιν
416 2317 628 2389 ᾑρεῖτο.
654 2313 823 2370 Οὔπω
847 2316 905 2369 δὲ
942 2316 1116 2388 πέρας
1150 2315 1252 2384 τῆς
1278 2314 1479 2386 βουλῆς
1507 2315 1808 2388 λαϐούσης,

230 2412 560 2482 ἀνέστησαν.
596 2406 711 2465 Εἶτ’
745 2406 901 2473 αὖθις
956 2409 1073 2478 ἅμα
1105 2407 1418 2480 δομεστίκῳ
1446 2409 1525 2481 τῷ
1580 2411 1812 2483 μεγάλῳ

235 2501 383 2571 μόνῳ
410 2501 505 2554 καὶ
536 2498 751 2571 βασιλεῖ
775 2500 905 2571 περὶ
930 2497 1040 2555 τῶν
1074 2498 1256 2554 αὐτῶν
1301 2500 1511 2556 τούτων
1554 2501 1812 2571 βουλευοο

234 2589 437 2661 μένων,
488 2591 587 2644 καὶ
640 2587 962 2644 συνιδόντων
997 2589 1073 2652 ὣς
1132 2590 1447 2664 Συργιάννῃ
1479 2592 1579 2662 μὲν
1611 2595 1704 2648 καὶ
1729 2592 1810 2665 τῷ

233 2683 455 2753 μεγάλῳ
480 2681 790 2753 δομεστίκῳ
817 2685 882 2753 τῇ
904 2680 1096 2754 Θρᾴκῃ
1115 2683 1227 2736 τῶν
1248 2684 1510 2755 γαμετῶν
1538 2685 1812 2757 ἐνδιατρι-

230 2773 464 2840 ϐουσῶν,
497 2773 679 2845 ῥᾴδιόν
714 2776 864 2828 ἐστιν
878 2776 1002 2829 ὅποι
1036 2775 1325 2846 βούλονται
1346 2775 1555 2841 ταύτας
1586 2777 1809 2847 ἀπαγαο

228 2867 370 2936 γεῖν,
430 2866 881 2939 πρωτοςτράτορι
933 2867 992 2921 δὲ
1049 2868 1150 2938 τῆς
1210 2870 1464 2938 γαμετῆς
1510 2868 1628 2941 ἅμα
1682 2870 1810 2923 δυσὶ

231 2959 607 3032 θυγατριδίοις
641 2962 709 3032 τῇ
740 2959 1026 3030 Ἀδριανοῦ
1085 2958 1242 3015 πόλει
1302 2961 1807 3033 ὲγκαθιδρυμένης,

1916 1946 2115 2002 deinde
2140 1956 2199 2003 et
2224 1947 2329 2003 hoc
2354 1961 2543 2003 secum
2593 1930 2985 2018 volventibus,
3029 1969 3134 2010 nec
3163 1964 3370 2011 tantam
3402 1973 3508 2011 ne-

1915 2039 2256 2105 cessitatem,
2284 2041 2396 2095 nisi
2418 2040 2716 2096 admodum
2743 2043 2947 2114 injuste
2972 2044 3050 2099 illi
3072 2046 3281 2115 imponi
3308 2062 3470 2116 posse
3487 2065 3505 2101 :

1916 2138 1972 2183 et
2002 2130 2367 2186 reluctantem
2402 2148 2431 2187 a
2464 2136 2858 2190 communione
2912 2137 3215 2205 repellere.
3267 2153 3377 2193 non
3414 2141 3504 2194 in—

1908 2218 2123 2289 justum
2156 2220 2344 2285 modo,
2380 2238 2572 2277 verum
2601 2223 2771 2279 etiam
2808 2225 3072 2280 stolidum
3105 2228 3283 2282 videri
3316 2247 3332 2282 :
3365 2230 3501 2285 illud

1915 2309 2163 2377 quidem,
2219 2314 2352 2381 quia
2411 2313 2592 2368 virum
2644 2315 2985 2370 omnimodis
3029 2317 3305 2386 optimum
3361 2319 3508 2375 adeo

1914 2399 2024 2456 levi
2055 2403 2123 2459 de
2166 2419 2336 2461 causa
2385 2405 2748 2462 excluderent
2779 2446 2794 2471 ,
2837 2407 2946 2462 hoc
2983 2422 3137 2473 vero,
3189 2409 3320 2478 quia
3372 2425 3501 2465 eum

1913 2512 2065 2553 nunc
2092 2506 2467 2562 removerent,
2504 2512 2670 2567 quem
2720 2498 2878 2568 prius
2924 2500 3258 2555 invitassem
3284 2540 3300 2566 ,
3333 2512 3392 2557 et
3434 2503 3504 2556 ad

1913 2603 2208 2645 numerum
2244 2602 2408 2645 suum
2437 2590 2780 2660 allegissent,
2824 2584 3033 2660 quique
3073 2591 3140 2645 ad
3178 2591 3507 2647 discrimina

1913 2682 2287 2737 communiter
2320 2681 2593 2751 adeunda,
2626 2682 2738 2752 28
2788 2693 3106 2753 promptam
3161 2695 3220 2740 et
3257 2685 3501 2740 alacrem

1911 2775 2084 2829 animi
2117 2773 2466 2829 voluntatem
2512 2775 2791 2830 attulisset
2825 2792 2838 2831 :
2870 2775 3011 2839 haec,
3055 2777 3305 2846 inquam,
3335 2792 3506 2847 repu-

1916 2863 2163 2918 tantibus
2188 2863 2544 2933 complacuit,
2569 2863 2757 2918 divina
2789 2863 3038 2922 bonitate
3065 2868 3324 2933 conﬁsos,
3374 2884 3504 2924 eum

1898 2947 2179 3010 'nonnulla
2230 2956 2550 3025 suspicione
2602 2957 2858 3026 periculi,
2930 2958 3006 3013 ob
3054 2962 3237 3029 majus
3290 2960 3501 3015 bonum

229 3054 366 3108 πολὺ
408 3055 469 3107 τὸ
498 3053 760 3108 δύσκολον
821 3053 1277 3124 μετακινεῖσθαιο
1318 3050 1441 3108 εἶτα
1492 3056 1592 3108 καὶ
1649 3055 1804 3109 τοῦτο

1912 3048 2308 3118 AdrianOpolin
2328 3049 2515 3118 potius
2538 3049 2866 3105 decernere.
2893 3049 3073 3105 Finita
3092 3051 3505 3108 deliberatione

228 3147 798 3219 εροσεπινοουμένων,
823 3146 905 3211 ὡς
936 3149 1030 3199 καὶ
1056 3146 1116 3199 τὸ
1145 3145 1421 3217 τοσαύτην
1454 3148 1707 3218 ἀνάγκην
1727 3148 1804 3219 τῷ

1912 3155 2136 3196 sensum
2173 3156 2335 3196 suum
2368 3142 2764 3210 protostratori
2811 3141 3096 3207 indicant,
3128 3143 3225 3216 qui
3266 3144 3333 3199 ad
3384 3159 3503 3200 rem

228 3240 680 3313 πρωτοστράτςρι
728 3240 1076 3310 ἐπαγαγεῖν,
1133 3238 1534 3310 ἀγνωμοσύνης
1588 3239 1655 3294 ἂν
1712 3240 1799 3310 είη

1912 3233 2341 3305 aggrediemlam
2373 3233 2707 3289 mirabiliter
2733 3236 3005 3291 excitatus
3047 3235 3348 3307 semetipso
3372 3253 3508 3294 eva-

228 3333 431 3403 πολλῆς
453 3347 469 3363 °
514 3332 608 3387 καὶ
648 3331 709 3385 τὺ
734 3329 1009 3393 δυσκόλως
1041 3328 1235 3400 ἔχοντα
1287 3329 1427 3400 πρὸς
1483 3329 1664 3383 ταῦτα
1699 3329 1801 3400 τῆς

1912 3328 1992 3383 dit
2028 3326 2289 3381 erectior.

226 3426 515 3489 κοινωνίας
561 3424 946 3490 ἀπωθεῖσθαι,
980 3424 1075 3478 καὶ
1108 3420 1369 3486 ἀϐουλίας
1417 3422 1533 3494 ἅμα
1568 3423 1662 3477 καὶ
1726 3423 1979 3478 ἀδικίας·
2033 3420 2195 3474 τοῦτο
2261 3422 2387 3490 μὲν,
2430 3421 2482 3473 εί
2531 3420 2675 3493 πρὸς
2745 3422 2929 3477 πάντα
2980 3422 3262 3494 βέλτιστον
3332 3424 3506 3499 ἄνδρα

226 3524 432 3595 μικρᾶς
489 3522 806 3578 ἀπώσαιντο
856 3522 1038 3586 αἰτίας
1098 3521 1308 3575 ἕνεκα*
1356 3520 1575 3584 ἀδικίας
1616 3518 1685 3582 δ’,
1748 3520 1832 3574 δτι
1870 3519 2032 3574 αὐτοὶ
2070 3518 2593 3589 προσκαλεσάμενοι
2628 3522 2725 3573 καὶ
2796 3524 3508 3595 προσεταιρισάμενοι,καὶ

226 3615 462 3685 σπουδὴν
496 3614 700 3684 πολλὴν
749 3614 845 3668 καὶ
875 3612 1192 3686 προθυμίαν
1223 3614 1359 3686 πρὸς
1424 3614 1486 3666 τὸ
1517 3615 1618 3669 σὺν
1684 3614 1872 3677 αὐτοῖς
1911 3612 2257 3667 κινδυνεύειν
2326 3613 2726 3682 εἰσενεγκόντα
2771 3613 2868 3668 νῦν
2928 3618 3305 3685 ἀπωθοῦνται,
3351 3619 3504 3688 εδοξε

221 3708 339 3782 Θεῷ
377 3710 790 3783 θαρρήσαντας,
850 3713 945 3764 καὶ
997 3709 1239 3780 ὑποψίαν
1291 3709 1545 3764 κινδύνου
1590 3709 1798 3780 μικρὰν
1837 3708 1937 3765 τοῦ
2007 3708 2228 3781 ἑταίρου
2275 3709 2441 3780 χάριν
2515 3709 2982 3782 ἀναδεξαμένους,
3018 3714 3120 3786 τὴν
3170 3716 3250 3780 είς
3290 3715 3507 3788 ’Δδρια-

222 3806 477 3859 νούπολιν
506 3804 710 3876 μᾶλλον
741 3804 1208 3875 ἐπιψηφίσασθαι.
1253 3804 1412 3861 Οὕτω
1449 3804 1625 3878 πέρας
1674 3807 1967 3871 ἐπιθέντες
2018 3809 2085 3878 τῇ
2138 3808 2268 3876 περὶ
2307 3805 2504 3859 τούτου
2561 3805 2754 3878 βουλῇ,
2825 3807 2921 3861 καὶ
2997 3807 3075 3879 τῷ
3148 3815 3506 3884 πρωτοστρά-

232 3916 347 3968 soci
368 3898 506 3967 δῆλα
547 3900 987 3970 καταστήσαντες
1020 3900 1090 3954 τὰ
1119 3900 1220 3971 τῆς
1256 3898 1508 3971 γνώμης,
1573 3901 1970 3974 ἀνεπτέρωσάν
2023 3917 2084 3954 τε
2148 3900 2289 3971 πρὸς
2342 3898 2409 3953 τὸ
2471 3898 2761 3971 πράττειν,
2796 3901 2890 3954 καὶ
2912 3900 3337 3973 προθυμότερον
3361 3903 3503 3958 ἀπι-

221 3993 399 4057 δειξαν
424 3990 645 4046 ἑαυτοῦ.

303 4089 468 4143 ’Δλλά
493 4091 562 4142 τὰ
596 4089 695 4159 μὲν
741 4088 860 4144 κατ’
892 4088 1089 4154 αὐτοὺς
1147 4087 1403 4146 τοιαῦτα.
1453 4084 1721 4151 Βασιλεὺς
1752 4087 1799 4144 δ’

220 4187 249 4238 ὁ
274 4186 654 4258 πρεσϐύτερος
684 4186 752 4255 τῇ
793 4184 933 4257 πρὺς
964 4184 1055 4238 τὸν
1101 4184 1330 4253 ἔγγονον
1358 4184 1498 4256 ὀργῇ
1528 4183 1656 4238 λίαν
1690 4199 1802 4237 παι

223 4276 599 4347 ρωξυμμένος,
618 4275 741 4328 οὔτε
761 4275 1055 4344 προσιόντα
1077 4274 1401 4347 καθημέραν
1421 4276 1801 4347 προσηγόρευε

220 4367 307 4417 τὸν
336 4364 582 4433 ἔγγονον,
621 4362 748 4417 οὔτε
787 4363 895 4435 μὴν
928 4364 1061 4434 πρὸς
1088 4364 1187 4434 τὴν
1229 4364 1408 4418 οἰκίαν
1431 4363 1666 4418 ἀπιόντα
1686 4363 1805 4432 1πά-

221 4458 304 4511 λιν
347 4458 709 4529 προσρήσεως
750 4456 904 4528 ἠξίου
932 4458 1115 4529 τινόςη
1140 4456 1285 4511 Ἀλλ’
1312 4457 1429 4510 οὐδὲ
1461 4457 1735 4528 βελτίονος
1766 4456 1799 4527 ἢ

221 4551 427 4620 φαύλου
458 4551 621 4618 λόγου
665 4551 759 4603 ἐπὶ
786 4548 1093 4620 τέσσαρσιν
1124 4548 1267 4613 ὅλοις
1308 4552 1445 4621 μησὶ
1496 4549 1797 4621 μετέδωκε,

221 4645 358 4716 πλὴν
384 4646 471 4697 ὅτι
504 4642 597 4696 τοῦ
653 4641 775 4695 νέου
818 4640 1083 4712 βασιλέως
1140 4640 1462 4712 ἐξεπίτηδες
1517 4643 1799 4713 ὁσημέραι

220 4740 328 4802 τοῖς
355 4736 654 4809 βασιλείοις
673 4737 769 4790 καὶ
791 4735 933 4806 ὑπὲρ
955 4735 1015 4788 τὺ
1067 4734 1187 4789 δέον
1213 4736 1792 4806 προσκαρτεροῦντας,

222 4832 356 4903 δρῶν
386 4832 417 4883 ὁ
458 4828 717 4898 βασιλεὺς
765 4828 868 4897 τῆς
915 4827 1274 4899 προσεδρείας
1338 4828 1439 4897 τὴν
1503 4827 1791 4897 ἀκαιρίαν,

222 4924 407 4996 ὥσπερ
437 4924 527 4977 ὑπ’
561 4922 806 4994 ἀνάγκης
857 4920 1291 4992 συνωθούμενος,
1320 4918 1565 4973 Ἀπελθε
1596 4919 1788 4973 λοιπὸν

222 5020 350 5089 πρὸς
374 5018 475 5089 τὴν
527 5015 624 5088 σὴν
655 5015 856 5081 οἰκίαν,
925 5013 1083 5085 ἔλεγε
1114 5013 1203 5089 τῷ.
1251 5014 1485 5084 ἑγγόνῳ,
1535 5013 1707 5086 μηδὲν
1737 5030 1790 5066 τι

221 5112 408 5165 τούτου
438 5109 753 5181 προστιθεὶς
779 5107 966 5162 πλέον.
992 5108 1066 5161 Οὐ
1096 5106 1203 5179 μὴν
1228 5106 1369 5161 ἀλλά
1390 5107 1492 5160 καὶ
1524 5106 1666 5177 μετά
1687 5105 1807 5169 τῶν,

221 5202 316 5273 τῆς
345 5203 656 5272 συγκλήτου
688 5202 784 5256 καὶ
815 5199 928 5254 τῶν
956 5200 1016 5254 ἒν
1049 5199 1333 5269 ἀξιώμασι
1358 5199 1453 5252 τοῦ
1486 5199 1611 5253 νόου
1644 5199 1801 5271 βασι-

222 5296 351 5361 λέως
377 5295 458 5366 τῷ
488 5295 702 5365 πάππῳ
736 5293 1180 5364 παρισταμένου,
1213 5292 1473 5346 ούδέπυτή
1514 5293 1797 5364 ἐπέτρεψε

1974 4090 2043 4146 Ει
2078 4089 2278 4145 horum
2311 4089 2540 4161 quidem
2595 4088 2870 4162 ejusmodi
2912 4098 3094 4147 status
3148 4101 3205 4147 et
3256 4090 3504 4147 conditio

1903 4184 2030 4238 l’uit.
2066 4183 2267 4239 Senior
2294 4192 2480 4237 autem
2510 4183 2814 4251 imperator
2836 4183 3132 4238 iracundia
3170 4185 3412 4254 percitus
3441 4186 3499 4239 in

1907 4284 2193 4345 nepotem,
2225 4290 2407 4346 neque
2435 4275 2491 4328 in
2519 4276 2638 4331 dies
2665 4274 2914 4346 singulos
2930 4275 2997 4329 ad
3022 4290 3081 4330 se
3110 4276 3498 4344 ventitantem,

1910 4360 2333 4424 recedentemve
2392 4367 2768 4429 salutatione.
2822 4380 3006 4436 neque
3065 4367 3199 4421 totis
3258 4377 3503 4436 quatuor

1909 4461 2198 4518 mensibus
2256 4460 2367 4516 ullo
2418 4461 2507 4515 vel
2560 4460 2778 4525 dextro,
2815 4459 2901 4514 vel
2954 4459 3185 4515 sinistro
3239 4474 3500 4515 sermone

1906 4553 2124 4625 dignari
2155 4571 2167 4612 ς
2203 4553 2311 4608 nisi
2339 4553 2488 4624 quod
2525 4569 2594 4609 eo
2628 4553 2699 4609 de
2751 4552 3029 4609 industria
3060 4553 3199 4607 citra
3229 4554 3498 4607 decorum

1906 4646 2160 4717 quotidie
2200 4646 2469 4717 palatium
2511 4645 2796 4711 obeunte,
2834 4644 3209 4715 importunam
3255 4644 3502 4698 assiduit-
3588 4655 3616 4679 ο

1907 4747 2073 4794 tatem
2115 4739 2340 4793 intuens
2367 4777 2383 4804 ,
2417 4737 2586 4792 veluti
2625 4736 2680 4793 vi
2732 4736 2965 4791 adactus
3010 4737 3070 4792 in
3120 4736 3266 4791 hanc
3307 4750 3510 4791 vocem.

1903 4830 2205 4901 aliquando
2241 4808 2427 4898 erupit
2455 4871 2471 4898 ,
2528 4829 2682 4884 nullo
2737 4839 3009 4900 praeterea
3048 4830 3219 4883 verbo
3258 4828 3452 4884 addito
3477 4842 3509 4883 ε

1903 4922 2061 4977 Mane
2108 4922 2177 4976 de
2226 4931 2428 4976 caetero
2473 4921 2627 4976 domi
2674 4929 2803 4977 tute.
2856 4921 3156 4976 Enimvero
3209 4935 3319 4976 nec
3368 4936 3496 4977 cum

1903 5014 2259 5069 senatoribus
2294 5014 2411 5069 suis
2454 5025 2511 5070 et
2559 5014 2980 5085 magistratibus
3010 5014 3116 5069 sibi
3140 5015 3509 5071 assistentem

1905 5121 2146 5175 unquam
2179 5106 2377 5161 sedere
2418 5106 2607 5177 jussit,
2643 5102 2741 5162 sed
2768 5106 2896 5161 aliis
2933 5108 3057 5179 ejus
3099 5108 3259 5179 jussu
3308 5109 3500 5163 consi-

1901 5188 2193 5264 dentibus,
2222 5200 2346 5269 ipse
2387 5215 2616 5270 quoque
2647 5201 2967 5256 necessario
2996 5200 3342 5267 considebat,
3371 5215 3503 5256 ome-

1903 5291 2072 5347 nibus
2099 5292 2166 5347 ad
2198 5292 2357 5348 illum
2390 5293 2850 5365 respicientibus,
2906 5303 3282 5366 quassatoque
3310 5296 3504 5366 capite

1478 5424 1705 5489 Jacobi
1738 5426 2013 5489 Pontani
2048 5436 2236 5493 notes.

224 5533 406 5602 elogiis
459 5532 791 5588 dissimulat.
848 5530 1053 5585 Verum
1077 5528 1307 5602 _Temar
1361 5527 1583 5602 lamilite
1641 5531 1791 5602 quod

228 5600 508 5674 vestigium
553 5602 939 5674 reperiemus?
972 5600 1439 5674 lnGeuucnsium
1478 5600 1793 5674 Annalibus

228 5669 412 5741 saepius
440 5674 584 5728 obvii
611 5669 722 5728 Uso
739 5673 797 5726 di
822 5686 995 5735 mare,
1013 5673 1371 5741 siveantique
1394 5669 1503 5725 Uso
1517 5671 1584 5724 de
1614 5687 1786 5738 mare,

229 5754 281 5797 et
298 5740 412 5799 Usu
438 5746 502 5800 de
524 5760 680 5812 .mar,
708 5757 848 5812 quos
879 5741 1087 5796 Foliela
1125 5740 1269 5796 Usus
1293 5742 1499 5794 marios
1521 5743 1781 5810 appellat.

232 5813 331 5867 Hos
364 5818 520 5873 ipsos.
553 5816 766 5878 abiecta
801 5814 979 5869 prima
1000 5814 1213 5871 vocula.
1244 5820 1304 5865 ut
1330 5827 1357 5866 a
1386 5812 1552 5879 vulgo
1600 5814 1785 5867 brevi-

1906 5533 2036 5588 tatis
2064 5546 2285 5592 amante
2316 5536 2435 5592 ﬁeri
2458 5536 2629 5604 solet,
2666 5536 2890 5599 Demar.
2922 5544 3089 5606 atque
3116 5532 3262 5606 inde
3293 5528 3509 5606 Τοιιιπ

1902 5607 2082 5678 dictos
2132 5608 2335 5671 fuisse,
2374 5602 2671 5663 admodum
2728 5616 2959 5678 apparet
2998 5602 3317 5678 probabile.
3370 5602 3505 5678 llam?

1900 5674 2187 5798 νξειεςιιουει.
2228 5679 2466 5750 Rapbun
2503 5679 2706 5735 Temar
2734 5671 2853 5735 sine
2901 5671 3073 5730 dubio
3115 5685 3201 5729 est
3248 5671 3503 5741 llaplntet

1945 5764 2119 5802 L‘lﬂill'.
