3962 6438
171 392 250 459 10!
1328 374 1891 449 HISTORIARUM
1931 379 2172 441 LIBER
2217 380 2261 440 ί.

3178 280 3209 307 δ

3353 368 3483 449 102

170 508 339 579 μένου,
364 503 548 576 ῥᾷστα
574 498 928 570 κρατήσομεν
961 494 1241 552 ἁπάντων.
1295 494 1640 566 Συργιάννης
1689 491 1745 546 δὲ

1855 507 2043 547 rerum
2086 507 2302 548 summa
2356 491 2655 561 potiemur.
2709 491 2849 549 Tum
2922 494 3261 569 Syrgianncs
3319 506 3468 560 exei—

167 595 271 667 μετ*
300 595 518 648 ἐκεῖνον
562 590 751 658 εὐθύς,
804 589 914 644 Καὶ
956 586 1103 642 τοῦθ’
1140 587 1278 657 ὅπερ
1333 588 1584 659 εἴρηκας,
1616 585 1745 656 ἔφη,

163 690 378 755 πολλοὺς
434 689 563 762 ἔχον
592 685 904 752 ἐξετάζοντι
950 685 1208 752 φανεῖται
1255 681 1387 745 τοὺς
1439 681 1743 744 κινδύνους.

166 784 373 855 Πρῶτον
407 782 511 852 μὲν
535 780 645 850 γὰρ
665 778 730 832 οὐ
769 777 966 847 μικρὸν
986 776 1152 848 ἔργον
1180 775 1240 854 τὸ
1266 778 1582 846 κατασχεῖν,
1618 777 1750 829 πολ-

166 879 256 930 λῶν
284 876 422 946 περὶ
451 874 619 927 αὖτδν
648 871 912 934 εὐνοϊκῶς
969 871 1335 941 διακειμένων
1381 872 1479 925 καὶ
1510 871 1618 925 τῶν
1646 871 1750 939 τῆς

168 967 491 1036 συγκλήτου,
548 964 644 1018 καὶ
668 963 779 1017 τῶν
816 965 876 1016 ἐν
920 963 1084 1021 τέλει.
1147 962 1244 1015 καὶ
1276 962 1626 1033 μισθοφόρων
1659 962 1749 1015 ἀεὶ

166 1059 359 1115 πολλῶν
390 1057 787 1130 διατριϐόντων
834 1057 893 1108 ἐν
924 1053 1248 1126 βασιλείοις·
1311 1054 1485 1109 ἔπειθ’
1525 1055 1608 1108 ὅτι
1654 1056 1750 1109 καλ⁹

166 1149 292 1203 τοῦτ’
338 1148 391 1201 εί
425 1147 571 1218 μετὰ
602 1145 815 1199 πολλῶν
871 1145 982 1199 τῶν
1013 1145 1280 1199 κινδύνων
1340 1146 1746 1217 κατορθωθείη,

167 1241 267 1295 τότ’
321 1236 441 1309 ἠδη
488 1236 894 1309 χαλεπωτέροις
950 1237 1404 1309 περιπεσούμεθα
1454 1239 1747 1306 κινδύνοις,

166 1333 350 1395 πολλὰς
415 1328 822 1392 ὑποπτεύοντες
885 1329 948 1381 ἐκ
1001 1329 1108 1382 τῶν
1157 1329 1418 1399 φυλάκων
1488 1333 1586 1384 καὶ
1636 1334 1749 1384 τῶν

166 1423 500 1495 πραγμάτων
527 1423 629 1487 τὰς
684 1420 1011 1490 μεταϐολάς.
1039 1420 1169 1475 Ὅτε
1213 1423 1393 1476 τοίνυν
1415 1422 1510 1476 καὶ
1554 1426 1745 1494 ἀμφο-

167 1517 388 1589 τέρωθεν
411 1515 624 1586 ὑποψία
655 1516 827 1587 δεινή,
861 1514 1068 1586 βέλτιον
1101 1515 1335 1588 βραχείᾳ
1373 1516 1568 1587 καιροῦ
1601 1520 1744 1588 ῥοπῇ

166 1610 250 1672 τῆς
278 1609 431 1678 ζωῆς
471 1608 977 1679 ἀποστερήσαντας,
1003 1607 1238 1679 βεϐαίως
1271 1609 1466 1680 ἄρχειν
1495 1609 1661 1664 αὖτοῢ
1687 1627 1747 1663 τε

165 1705 255 1757 οὐκ
282 1701 695 1774 ἀμυνουμένου,
754 1702 846 1756 κα)⁵
878 1701 986 1754 τῶν
1018 1702 1196 1756 ἄλλων
1225 1702 1438 1765 οὐδενὸς
1468 1702 1748 1756 διακινδυ-

164 1796 334 1851 νεΰειν
366 1796 514 1868 ὑπὲρ
544 1796 713 1849 αὐτοῦ
756 1795 1013 1865 κειμένου
1070 1794 1492 1867 βουλησομένου.
1553 1797 1665 1866 Τὴν
1692 1797 1747 1850 ἱέ

162 1893 411 1963 τοιαύτην
443 1892 642 1962 βουλὴν
675 1890 937 1962 ἐξήνεγκε
969 1891 1068 1960 μὲν
1096 1893 1238 1946 κατά
1267 1890 1535 1961 βασιλέως
1558 1893 1585 1944 δ
1611 1892 1751 1962 Συρ-

162 1985 376 2055 γιάννης
429 1985 493 2048 ἐξ
526 1981 720 2037 ἑαυτοῦ
759 1981 882 2051 μὲν,
929 1983 1093 2053 ἐνῆγε
1123 1981 1273 2046 δἐίς
1311 1980 1483 2054 αὐτὴν
1509 1980 1748 2051 μάλιστα

162 2079 246 2132 καὶ
286 2077 652 2147 ’Ᾱπὸκαυχος,
676 2075 988 2139 ἐκσπόνδως
1015 2074 1152 2143 πρὸς
1188 2074 1416 2144 βασιλέα
1453 2075 1513 2141 ἐξ
1553 2072 1746 2127 αἰτιῶν

158 2172 496 2241 διακείμενος
528 2169 859 2242 παραλόγων
882 2186 899 2203 ο
933 2167 1009 2243 μὴ
1057 2168 1125 2223 δι’
1156 2168 1323 2223 αὐτοῦ
1356 2168 1412 2222 δέ
1443 2168 1746 2242 δυνάμενος

158 2264 393 2332 εἰσάγειν
437 2263 538 2333 τὴν
567 2260 796 2333 γνώμην
859 2260 1035 2332 (οὔπω
1078 2261 1190 2331 γὰρ
1237 2260 1484 2333 ᾠκείωτο
1536 2259 1750 2331 βασιλεῖ

158 2355 412 2409 τοσοῦτον
444 2352 524 2417 ὡς
579 2353 677 2407 καὶ
727 2352 975 2424 μετέχειν
1032 2351 1279 2424 βουλῆς),
1330 2352 1472 2424 φίλῳ
1520 2352 1635 2407 δντι
1669 2351 1748 2423 τῷ

157 2448 460 2520 Σνργιεὶννῃ
490 2448 588 2512 τὰς
626 2448 821 2518 βουλὰς
854 2448 1097 2504 ὑπετίθει
1145 2448 1221 2511 ὡς
1254 2448 1404 2518 αὖτῷ
1457 2441 1774 2523 παρρησία

156 2538 592 2609 βουλευσομένῳ.
613 2538 755 2609 Πρὸς
781 2538 979 2593 ταῦθί)
1005 2539 1179 2610 μέγας
1195 2539 1539 2610 δομέστικος.
1587 2542 1744 2612 Ἐμοὶ

156 2630 216 2681 τὸ
235 2628 477 2701 πρῶτον,
511 2630 638 2702 ἐφη,
660 2629 766 2683 τῶν
798 2629 1184 2702 βουλευμάτων
1220 2631 1329 2685 τῶν
1359 2631 1743 2706 ἀπανθρώπως)

156 2723 413 2793 κρίνοντι,
433 2723 496 2775 τὸ
523 2721 799 2795 δεύτερον,
849 2724 961 2777 οὐδ’
979 2724 1268 2793 ὠμότητος
1313 2726 1410 2781 καὶ
1453 2726 1749 2798 ἀπανθρω-

159 2818 283 2881 πίας
321 2815 632 2886 ὑπερϐολὴν
663 2815 937 2869 ἐλλείπειν
985 2816 1251 2886 οὐδεμίαν
1311 2819 1595 2888 φαίνεται.
1656 2821 1749 2876 Διὸ

158 2909 455 2979 συμςέρειν
510 2906 752 2978 ἠγοῦμαι
806 2907 1016 2962 τούτων
1068 2909 1415 2974 ἀποστάντας
1464 2891 1744 2980 ἁπάντων,

158 2999 257 3053 τῶν
277 2999 566 3069 προτέρων
597 2998 817 3070 ἔχεσθαι
843 2998 1250 3069 βουλευμάτων,
1281 3002 1378 3055 καὶ
1412 3005 1636 3057 σκοπεῖν
1649 3005 1747 3075 οὐχ

156 3091 295 3156 ὅπως
350 3088 570 3160 βασιλεῖ
623 3088 811 3143 κακῶν
864 3089 1186 3159 ἀνηκέστων
1239 3092 1406 3146 αἴτιοι
1454 3093 1740 3163 φανῶμεν.

1854 582 2044 654 piens,
2099 583 2167 638 Et.
2204 583 2310 638 hoc
2342 583 2489 653 quod
2516 584 2743 652 dixisti,
2774 586 2979 658 inquit,
3007 591 3051 644 si
3091 592 3217 661 quis
3245 598 3458 665 cogita-

1855 674 2011 728 tione
2042 675 2397 743 pcrlustrarit
2425 717 2438 739 ,
2493 676 2684 730 multis
2727 676 3032 733 obnoxium
3067 682 3336 748 periculis
3371 686 3458 737 in-

1854 767 2066 820 veniet.
2107 766 2360 822 Primum
2384 768 2535 822 enlm
2565 768 2805 822 arduum
2837 785 2980 838 opus
3008 781 3091 826 est
3129 772 3284 828 illum
3311 790 3465 828 com-

1851 860 2222 932 prehendere,
2245 862 2468 932 quando
2486 876 2544 918 et
2563 879 2629 917 ex
2648 866 2996 933 proceribus,
3024 878 3076 921 et
3091 882 3156 921 ex
3175 870 3432 937 magistra
3447 897 3460 911 -

1854 953 2025 1015 tibus,
2042 964 2181 1009 etex
2199 956 2503 1010 meritoriis
2523 956 2813 1019 militibus,
2840 958 2934 1026 qui
2962 958 3284 1028 frequentes
3300 960 3353 1013 in
3376 978 3465 1030 pa-

1853 1049 1988 1103 latio
2011 1066 2233 1121 semper
2257 1053 2536 1114 visuntur,
2561 1054 2719 1107 multi
2768 1069 2922 1108 suam
2951 1055 3008 1108 in
3035 1070 3160 1110 eum
3206 1057 3461 1110 bencvo~

1852 1141 2083 1197 lentiam
2130 1154 2355 1200 navant.
2400 1147 2611 1202 Deinde
2650 1156 2711 1202 ut
2738 1149 2844 1204 hoc
2875 1149 3051 1202 fauste
3085 1149 3460 1218 transigamus

1859 1238 2137 1306 (quamvis
2169 1253 2280 1292 non
2320 1239 2449 1293 sine
2499 1239 2752 1308 pluribus
2801 1241 3088 1310 periculis)
3132 1241 3186 1294 in
3247 1242 3455 1296 discri-

1853 1345 1978 1384 men
2011 1332 2213 1386 saevius
2254 1332 2591 1398 incidemus,
2661 1348 2785 1387 cum
2827 1347 2858 1386 c
2893 1333 3224 1387 custodibus
3264 1335 3457 1403 plures

1853 1432 2147 1493 suspectos
2181 1425 2388 1480 habere
2420 1436 2475 1480 et
2506 1442 2692 1480 rerum
2736 1426 3179 1481 vicissitudinem
3205 1442 3461 1481 metuere

1851 1531 2138 1587 cogemur.
2165 1516 2439 1583 Quoniam
2468 1517 2638 1589 igitur
2685 1519 2947 1586 utrinque
3002 1519 3144 1573 male
3199 1527 3461 1573 metuen-

1852 1607 1984 1662 dum
2019 1616 2125 1671 est,
2159 1618 2383 1678 przestat
2408 1649 2423 1667 .
2461 1620 2521 1664 ut
2573 1626 2694 1664 mea
2731 1611 2839 1664 fert
2884 1608 3100 1680 opinio,
3137 1610 3257 1665 seni
3304 1612 3459 1681 quod

1852 1712 2028 1756 restat
2061 1704 2188 1757 vita:
2241 1714 2586 1758 momentum
2630 1704 2937 1774 praecidere
2963 1745 2978 1769 ,
3014 1714 3183 1774 atque
3219 1705 3295 1758 ita
3328 1720 3455 1758 cer—

1856 1801 1972 1848 tum
2042 1803 2099 1849 et
2158 1780 2424 1851 constans
2479 1794 2815 1866 impcrium~
2864 1796 3167 1868 indipisci,
3208 1799 3461 1867 quando-

1855 1887 2084 1958 quidem
2125 1903 2231 1944 nec
2266 1888 2447 1959 ipsum
2500 1905 2560 1944 se
2602 1889 2927 1955 ulciscctur,
2959 1900 3015 1946 et
3044 1891 3139 1962 qui
3167 1905 3270 1962 pro
3303 1907 3455 1945 mor-

1856 1989 1954 2035 tuo
2011 1980 2224 2050 aliquid
2287 1983 2607 2052 periculose
2663 1982 2925 2053 inceptet.
2958 1984 3147 2039 nullus
3201 1989 3458 2041 exsiStet.

1854 2068 1986 2125 Tale
2010 2071 2306 2125 consilium
2328 2071 2669 2143 Syrgiannes
2704 2082 2898 2129 contra
2929 2089 3093 2128 avum
3135 2073 3203 2128 ex
3244 2090 3302 2130 se
3328 2078 3462 2144 qui.-

1853 2160 1979 2215 dem
2010 2162 2220 2230 dabat;
2257 2163 2354 2218 sed
2384 2164 2437 2217 in
2472 2163 2672 2234 primis
2707 2164 3042 2235 Apocaucho
3076 2165 3411 2219 sollicitante
3436 2206 3453 2229 ,

1853 2255 1951 2325 qui
1983 2256 2056 2311 ob
2090 2272 2289 2312 causas
2309 2258 2578 2327 quasdam
2632 2273 2743 2312 non
2773 2257 3077 2328 legitimas,
3114 2257 3184 2312 ab
3209 2259 3455 2328 impera-

1854 2361 1974 2404 tore
2002 2349 2222 2407 seniore
2257 2349 2515 2412 alienior,
2553 2347 2685 2418 quia
2710 2365 2807 2404 ore
2843 2363 2946 2402 suo
2991 2349 3324 2404 sententiam
3369 2348 3456 2402 di-

1853 2456 1980 2497 cere
2012 2458 2121 2497 non
2146 2448 2390 2513 poterat,
2428 2441 2577 2512 quod
2609 2442 2665 2496 in
2717 2439 2964 2513 junioris
3009 2439 3456 2495 familiaritatem

1854 2536 2091 2591 necdum
2140 2537 2280 2592 adeo
2330 2545 2747 2608 penetraverat,
2785 2537 2895 2607 30
2940 2544 3003 2590 ut
3032 2534 3198 2591 etiam
3239 2536 3426 2590 incon

1853 2629 2040 2684 silium
2070 2628 2456 2694 adhiberetur,
2482 2637 2536 2684 et
2573 2626 2939 2699 Syrgiannem
2960 2627 3246 2698 diligebat,
3274 2628 3473 2682 eidem‘

1855 2720 2022 2787 istuc,
2061 2728 2120 2775 ut
2143 2720 2436 2776 liberrime
2468 2720 2795 2776 consulturo
2834 2730 3207 2792 suggesserat.
3247 2719 3456 2774 Contra

1851 2813 1971 2868 haec
2029 2813 2111 2868 sic
2168 2813 2451 2884 ingressus
2500 2822 2586 2868 est
2641 2827 2874 2882 magnus
2935 2812 3328 2867 domesticus:
3391 2812 3458 2865 lit

1853 2906 2030 2975 prima
2058 2909 2337 2961 sententia
2370 2904 2507 2959 mihi
2541 2905 2868 2970 inhumana,
2913 2914 2971 2959 et
3010 2903 3183 2959 altera
3232 2904 3459 2959 saevitiae
3501 2952 3504 2956 Α

1851 3006 2020 3068 atque
2052 2996 2419 3052 immanitatis
2458 2996 2691 3051 modum
2732 3011 2954 3051 onmem
2990 3010 3330 3065 exsuperare
3376 2996 3456 3048 vi-

1854 3088 2043 3144 detur.
2110 3088 2483 3155 Quamobrem
2547 3096 2793 3156 spectata
2858 3086 3136 3150 utilitate,
3178 3086 3247 3140 ab
3299 3087 3455 3140 hisce

155 3180 267 3232 ἀλλ’
297 3182 452 3242 ὅπως
477 3181 628 3250 ἡμᾶς
674 3180 874 3244 αὐτοὺς
897 3181 1129 3246 ἀπαθεῖς
1171 3183 1603 3255 διατηρὴσωμεν
1643 3202 1745 3238 καο

1853 3183 2102 3240 consiliis
2125 3184 2524 3247 recedendum,
2557 3198 2621 3236 ac
2645 3181 2934 3252 prioribus
2963 3180 3454 3236 adhzeresceudum

158 3269 266 3341 κῶν
311 3270 416 3343 (είς
458 3268 618 3322 τοῦτο
654 3269 763 3340 γὰρ
801 3271 897 3323 καὶ
947 3269 1430 3341 συνεληλύθειμεν,
1486 3272 1638 3335 ὅπως
1666 3270 1746 3342 τῷ

161 3358 257 3427 μὲν
287 3358 403 3411 τῶν
433 3357 701 3429 βασιλέων
725 3358 1091 3431 ἀδικουμένῳ,
1142 3359 1282 3414 Θεοῦ
1312 3363 1771 3433 συναιρομένου,’

160 3448 250 3501 καὶ
269 3449 373 3520 τὴν
405 3448 556 3520 ζωὴν
581 3448 999 3521 διατηρήσωμεν
1032 3452 1127 3505 καὶ
1154 3453 1257 3519 τὴν
1281 3454 1473 3528 τιμήν)
1507 3471 1520 3486 ο
1553 3457 1633 3528 τῷ
1665 3456 1745 3523 δέ,

160 3545 431 3616 μηδεμιᾶς
456 3544 854 3615 ἀκολουθούσης
878 3545 1145 3616 ἀνάγκης,
1189 3545 1315 3619 μηδ’
1344 3550 1424 3611 είς
1451 3551 1550 3622 τὴν
1578 3551 1747 3622 τιμὴν

159 3638 582 3709 παρενοχλῆσσι,
637 3638 803 3707 μήτοι
842 3654 907 3707 γε
962 3638 1061 3709 τὴν
1092 3624 1261 3710 ζωήν.
1313 3640 1531 3694 τούτων
1573 3641 1746 3706 οὕτως

157 3730 403 3801 ἀλλήλοις
430 3730 647 3784 ἐναντία
678 3729 1141 3802 βουλευομένων,ὁ
1177 3731 1278 3800 μὲν
1315 3732 1576 3804 βασιλεὺς
1608 3735 1745 3788 καθ-

160 3822 292 3891 ῆστο
351 3823 511 3893 σιγῇ,
557 3821 666 3877 τῶν
692 3821 1006 3891 λεγομένων
1035 3822 1462 3896 ἐπακροὼμενος
1483 3840 1501 3856 ⁸
1548 3828 1577 3879 δ
1612 3827 1749 3898 Συρ-

159 3916 381 3986 γιάννης
409 3914 467 3968 δὲ
500 3915 591 3968 τὸν
636 3913 797 3984 λόγον
823 3912 1135 3982 ἀναλαϐὼν,
1192 3917 1258 3971 ἐκ
1316 3917 1430 3972 τῶν
1483 3919 1747 3974 ἐναντίων

160 4007 456 4076 ἀντιλέγων
510 4007 646 4079 πρὸς
708 4008 801 4061 τὸν
848 4007 1023 4078 μέγαν
1067 4009 1395 4082 δομέστικον
1427 4011 1532 4085 ἐφη
1558 4029 1575 4044 ο
1631 4014 1747 4086 Τῆς

159 4099 510 4168 ἀνθρωπίνης
554 4099 770 4169 φύσεως
798 4100 859 4155 τὸ
890 4100 1068 4165 ἐνδεὲς
1108 4101 1366 4175 ἐχούσης,
1399 4105 1497 4159 καὶ
1525 4107 1623 4174 τῆς
1656 4124 1747 4160 τε-

161 4189 307 4253 λείας
354 4191 465 4244 τῶν
516 4190 689 4246 ὅντων
736 4180 993 4262 γνώσεως
1040 4196 1509 4269 ἀπολειπομένης,
1551 4199 1746 4254 οὐδένα

160 4282 272 4334 δεῖν
302 4281 458 4353 οἶμαι
488 4284 600 4347 τοῖς
622 4283 717 4338 ἀπ’
749 4285 929 4356 ἀρχῆς
978 4288 1322 4361 δεδογμένοις
1356 4292 1644 4362 ἐμμένειν,
1678 4295 1744 4348 ἂν

166 4375 301 4441 μετὰ
324 4373 502 4428 ταῦτα
537 4375 732 4446 βελτίω
787 4379 1044 4434 τάναντία
1077 4366 1364 4453 φαίνηται,
1418 4384 1452 4454 ἢ
1484 4386 1532 4437 εἰ
1585 4386 1746 4440 τοῦτο

163 4469 436 4538 κρατήσῃ,
460 4466 562 4520 οὐκ
589 4465 656 4521 ἂν
709 4468 902 4536 φθάνοι
931 4471 1092 4526 πάντ’
1117 4473 1232 4527 ἄνω
1261 4477 1354 4528 καὶ
1409 4476 1563 4530 κάτω
1588 4478 1745 4547 γενό-
1774 4494 1779 4497 ‘

1774 4553 1822 4610 υ
1849 4584 2003 4646 puto,
2027 4577 2070 4629 si
2097 4573 2450 4643 postmodum
2480 4571 2758 4628 contraria
2784 4571 3012 4626 meliora
3043 4568 3441 4640 apparuerint;

164 4574 319 4626 μενα.
352 4561 452 4612 Ἂν
480 4560 587 4633 γὰρ
625 4562 750 4633 μήτ’
774 4563 1037 4636 ἔμπορος,
1091 4567 1219 4638 μήθ’
1252 4570 1281 4622 δ
1302 4562 1573 4642 γεωργὸς,
1608 4572 1741 4644 μήθ’

161 4649 190 4701 δ
216 4649 562 4722 κυϐερνήτης
614 4654 761 4725 πρὸς
775 4656 843 4709 τὰ
868 4658 1128 4713 δοκοῦντα
1159 4661 1420 4733 λυσιτελῆ
1453 4664 1738 4737 μεθαρμό-

165 4740 343 4810 ζηται,
377 4744 499 4797 ἀλλ’
524 4746 833 4814 ἀναγκαίως
890 4752 1108 4828 ἐμμένῃ
1152 4755 1262 4819 τοῖς
1299 4756 1400 4809 ἀπ’
1443 4759 1621 4830 ἀρχῆς
1648 4762 1739 4812 δε.

165 4834 465 4902 ὃνγμένοις,
490 4837 700 4908 ταχέως
722 4843 750 4894 ὁ
803 4843 901 4911 μὲν
929 4845 1271 4918 κυϐερνήτης
1310 4850 1493 4921 ἑαυτῷ
1525 4868 1734 4921 συγκα-

166 4926 364 5001 τεδίσῃ
397 4930 496 4999 τὴν
525 4929 658 4983 ναῦν
676 4932 935 4988 ἐναντίων
965 4939 1298 5008 κινηθέντων
1329 4943 1681 5013 πνευμάτων·
1707 4947 1735 4999 ό

165 5011 210 5065 δ’
237 5015 475 5087 ἔμπορος
499 5019 758 5090 ἐπανήξει
800 5025 954 5089 κενὸς
974 5029 1300 5099 χρημάτων
1321 5033 1348 5084 ὁ
1389 5011 1634 5104 γεωργὸς
1677 5035 1735 5089 δὲ

169 5106 301 5197 πρδς
325 5111 390 5179 τῇ
424 5110 536 5162 τῶν
569 5114 742 5166 πόνων
763 5119 1148 5190 ἀποστερήσει,
1175 5123 1267 5173 καὶ
1306 5123 1476 5192 βαθὺν
1507 5125 1737 5197 ὀφλήσει

168 5192 395 5260 γελωτα.
428 5200 820 5272 Προσθήσομεν
849 5205 905 5258 δέ
940 5223 994 5258 τι
1022 5212 1132 5261 ’καὶ
1161 5210 1271 5263 τῶν
1309 5214 1528 5269 οἰκείων
1550 5192 1739 5288 παραε-

169 5290 489 5356 ξιγμάτων.
515 5294 629 5347 Οὐκ
655 5295 720 5348 ἂν
745 5298 885 5377 οὐδὲν
927 5300 1229 5374 στρατηγὸς
1284 5308 1395 5370 τοῖς
1437 5308 1534 5362 ἀπ’
1559 5309 1737 5382 ἀρχῆς

1850 3279 2156 3342 constituo,
2213 3277 2757 3348 providendumque,
2812 3288 2924 3329 non
2970 3289 3213 3344 quonam
3287 3286 3454 3345 pacto

1850 3371 2245 3443 imperatorem
2270 3371 2617 3425 atrocissime
2639 3368 3077 3438 multemushsed
3105 3383 3212 3438 qua
3236 3367 3452 3422 ratione

1850 3479 1879 3518 a
1910 3464 2395 3533 nostrisipsorum
2449 3461 2765 3517 cervicibus
2792 3461 3023 3517 exitium
3050 3460 3455 3531 prohibeamus

1850 3554 2042 3626 (hujus
2072 3555 2221 3610 enim
2252 3570 2383 3624 ergo
2437 3548 2829 3622 convenimus,
2871 3560 2932 3608 ut
2966 3552 3198 3607 alterius
3225 3551 3452 3622 quidem
3512 3593 3526 3605 .

1850 3646 2051 3717 injuria
2110 3645 2221 3701 Iasi
2282 3646 2450 3700 vitam
2504 3645 2914 3715 honoremque,
2958 3645 3090 3699 Deo
3146 3658 3251 3699 nos
3307 3643 3453 3719 bene

1849 3739 2175 3810 adiuvante,
2213 3737 2517 3810 tueamur);
2562 3737 2792 3792 alterius
2822 3747 3033 3802 autem,
3068 3737 3219 3791 nulla
3251 3728 3461 3806 impelJ

1850 3832 1998 3888 lente
2030 3824 2474 3896 necessitudine,
2517 3848 2588 3888 ne
2620 3831 2821 3887 honori
2857 3832 3082 3902 quidem
3111 3869 3126 3893 .
3183 3830 3317 3901 quid
3365 3829 3456 3885 di-

1845 3941 1971 3981 cam
2011 3926 2175 3981 vitae?
2209 3925 2712 3982 incommodemus.
2749 3925 2862 3980 Illis
2886 3926 2994 3980 isto
3028 3923 3192 3979 modo
3223 3924 3452 3995 judiciis

1850 4021 2245 4090 sententiaque
2300 4019 2771 4089 discrepantibus,
2805 4017 2997 4089 junior
3028 4017 3331 4089 imperator
3361 4032 3449 4072 se-

1849 4116 2009 4178 dens,
2051 4117 2252 4171 tacitus
2292 4130 2416 4185 quae
2475 4114 2813 4169 dicebautur
2864 4112 3236 4167 auscultabat.
3299 4109 3442 4164 Tum

1798 4274 1803 4277 _
1850 4206 2188 4278 Syrgiannes
2232 4221 2433 4275 magno
2488 4204 2796 4259 domestico
2838 4205 2918 4259 sic
2969 4202 3220 4259 occurrit
3261 4202 3444 4258 :Cum

1849 4298 2061 4369 ingenii
2089 4297 2321 4352 humani
2358 4297 2721 4351 imbecillitas
2767 4294 3072 4366 perfectam
3127 4308 3314 4349 rerum
3352 4310 3452 4347 co—

1849 4391 2155 4464 gnitionem
2181 4389 2354 4446 simul
2387 4388 2500 4461 (87)
2532 4388 2754 4458 assequi
2801 4397 3077 4457 nequeat,
3128 4386 3339 4442 nemini
3388 4387 3447 4440 iu

1850 4481 1939 4536 his
1991 4496 2114 4552 quae
2156 4480 2225 4535 ab
2266 4480 2429 4535 initio
2475 4480 2529 4535 ci
2565 4477 2682 4533 visa
2722 4487 2890 4542 sunt,
2928 4474 3445 4546 conquiescendum

1848 4664 2059 4735 alioqui
2091 4664 2240 4720 aliud
2281 4665 2391 4720 aiio
2422 4664 2597 4730 ferri,
2642 4664 2976 4731 miscerique
3009 4676 3073 4716 ac
3121 4661 3443 4731 perturbari

1846 4760 2031 4816 omnia
2057 4775 2283 4816 necesse
2314 4770 2424 4839 est.
2457 4758 2512 4816 Si
2538 4760 2686 4815 enim
2712 4776 2816 4814 nec
2838 4768 3133 4820 mercator.
3160 4772 3261 4812 nec
3291 4756 3442 4827 agri-

1844 4858 1986 4917 cola.
2030 4871 2133 4910 nec
2190 4858 2534 4927 gubernator
2594 4864 2899 4926 perspecta:
2959 4854 3336 4911 commoditati
3378 4869 3444 4910 se

1842 4949 2373 5011 accommodaverit.
2413 4965 2604 5006 verum
2639 4949 2696 5003 in
2725 4957 2988 5018 suscepto
3025 4950 3197 5004 semel
3228 4964 3437 5019 propo-

1841 5042 1952 5096 sito
2002 5057 2372 5112 perseverare
2427 5042 2713 5097 obstinate
2749 5040 3067 5103 imbiberit,
3128 5040 3219 5096 hic
3255 5026 3475 5094 ventis.

1842 5132 2090 5187 adversis
2127 5134 2483 5203 surgentibus
2514 5132 2624 5187 cito
2672 5149 2871 5188 navem
2920 5148 3106 5188 secum
3157 5147 3437 5188 summer-

1843 5231 1954 5290 get,
1981 5224 2295 5294 negotiator
2327 5239 2596 5279 crumena
2620 5240 2791 5279 vacua
2823 5224 3046 5290 redibit;
3079 5236 3265 5279 arator
3294 5239 3441 5292 prae-

1844 5327 1929 5371 ter
1961 5315 2173 5372 laboris
2221 5315 2644 5372 frustrationem
2694 5318 2913 5387 publica
2972 5317 3441 5374 etiam.irr‘isione

1415 5445 1636 5507 Jacobi
1677 5450 1947 5513 Pontani
1981 5466 2171 5515 note.

240 5552 347 5641 (87)
385 5556 878 5641 ‘Verissimumest,
911 5561 1057 5641 quod
1087 5566 1166 5641 ait
1194 5568 1344 5641 ιοιῖ.
1384 5571 1455 5629 Μ.
1495 5571 1730 5640 Tullius,

167 5637 355 5711 omnes
386 5627 641 5711 homines
673 5632 815 5684 trahi
865 5627 946 5688 et'
990 5637 1234 5711 duciuad
1284 5627 1735 5711 Eoguirtiouis'et

171 5696 405 5776 scientia:
430 5701 816 5776 cupiditatem.
837 5713 904 5776 et
937 5709 1051 5761 veri
1087 5707 1309 5764 videndi
1337 5696 1383 5765 θ’
1403 5696 1614 5768 natura
1635 5696 1735 5769 ι.ὀὲ

175 5765 674 5855 ιὲξληςεηειῖοιυρι
705 5772 1091 5855 desiderium.
1143 5780 1249 5855 Sed
1302 5765 1733 5855 quiaﬂcoénitio

179 5845 353 5892 nstra
380 5856 603 5897 necesse
620 5849 718 5897 est
751 5860 851 5912 per
888 5860 1085 5902 sensus
1123 5851 1190 5905 ad
1232 5845 1477 5907 animum
1524 5845 1730 5917 v'éniat.

1845 5582 2133 5647 quomodo
2164 5597 2263 5636 nec
2296 5582 2462 5637 simul
2504 5581 2689 5637 omnia
2722 5581 2982 5637 sensibus
3012 5583 3325 5651 percipere,
3351 5584 3430 5635 sic

1846 5665 1950 5704 nec
1984 5656 2169 5705 omnia
2206 5654 2403 5707 eodem
2445 5664 2694 5723 tempore
2741 5655 2908 5707 simul
2944 5669 3283 5722 cognoscere
3307 5670 3439 5721 pus-

1843 5735 2059 5800 sumus.
2095 5723 2284 5791 Itaque
2316 5724 2620 5792 perfectam
2652 5724 3025 5794 cognitionem
3048 5724 3205 5792 quasi
3231 5725 3437 5794 gradu.-

1845 5799 1943 5844 ttm
1976 5800 2345 5861 acquirimus.
