3962 6444
465 365 568 430 1οῚ

1616 363 1940 429 ΙΟΑΝΝΙΞ
1982 365 2516 429 (ΣΛΝΤΑΟΗΖΕΝῙ

3609 363 3703 433 104

461 484 702 543 ludetur.
752 482 893 550 Quin
920 482 1089 539 etiam
1130 483 1382 551 exempla
1437 498 1467 537 c
1501 499 1558 536 re
1591 494 1774 538 nostra
1809 483 2032 553 adjicia-

2161 481 2400 549 εμμένων
2454 477 2918 548 βεϐουλευμένοις,
2966 475 3236 545 τρόπαιον
3282 476 3524 533 ἀπὺ-τῶν
3546 481 3702 536 πολε-

465 591 612 630 mus.
650 576 846 630 Nullus
882 576 1079 631 ductor
1123 574 1453 643 placitorum
1488 576 1732 643 priorum
1761 584 1941 639 tenax,
1974 574 2044 629 de

468 666 723 727 hostibus
755 675 1021 734 tropaeum
1081 666 1258 735 eriget
1285 683 1300 730 ;
1333 667 1441 720 imo
1472 667 1705 735 turpiter
1735 675 1791 719 et
1828 665 2046 720 eﬂemi-

468 767 597 810 nate
638 757 817 811 victus
848 772 1017 824 seque
1047 757 1391 827 militemque
1447 756 1723 827 perditum
1754 757 1876 811 ibit.
1908 756 2043 811 Nam

468 848 513 901 si
547 847 733 916 copias
771 862 898 901 suas
935 847 1270 901 adversariis
1298 847 1461 917 longe
1503 848 1761 917 majores,
1797 856 1854 903 et
1901 846 2047 900 bello

469 939 890 993 exercitatiores
916 953 1171 1000 eensens,
1208 937 1422 992 idcirco
1453 939 1642 1008 prazlio
1669 939 2045 994 dimicandum

473 1031 807 1092 decreverit,
831 1029 1031 1084 deinde
1064 1031 1116 1083 in
1143 1039 1500 1099 conspectum
1526 1031 1770 1085 hostium
1797 1033 2046 1094 veniens,

471 1137 571 1178 eos
603 1131 653 1174 et
689 1136 945 1184 numero,
981 1130 1035 1173 et
1063 1137 1189 1185 usu,
1221 1129 1276 1175 ct
1302 1137 1582 1177 armorum
1608 1131 1872 1192 apparatu
1911 1124 2051 1179 mul—

476 1214 547 1267 tis
586 1210 835 1280 partibus
871 1210 1185 1278 superiores
1214 1211 1514 1274 viderit,ct
1548 1213 1676 1280 quia
1699 1212 2049 1282 anticipatam

475 1306 790 1373 opinionem
820 1305 1077 1359 deserere
1101 1318 1208 1357 non
1247 1304 1385 1368 vult,
1421 1304 1827 1358 inconsiderate
1862 1320 1926 1359 ac
1962 1313 2044 1359 te-

476 1412 628 1451 mere
658 1396 831 1465 signis
859 1396 1030 1449 illatis
1060 1394 1392 1455 conﬂixerit,
1421 1395 1618 1464 ecquid
1650 1396 1811 1449 talem
1853 1396 2049 1450 ducem

478 1485 675 1539 insano
739 1499 932 1553 parum
965 1484 1232 1538 interesse
1270 1484 1627 1554 negabimus?
1658 1484 1820 1539 Certe
1870 1488 2053 1540 nenti-

477 1589 665 1643 quam.
697 1575 885 1644 ltaque
914 1587 972 1629 et
1011 1583 1066 1627 tu
1105 1574 1239 1628 mihi
1282 1575 1336 1628 in
1368 1590 1609 1644 praesens
1633 1576 2052 1631 admirationem

478 1678 817 1725 commoves,
846 1664 1014 1718 homo
1048 1679 1078 1718 a
1105 1663 1343 1734 pueritia
1368 1678 1542 1733 usque
1573 1663 1641 1717 ad
1669 1664 1775 1719 hoc
1797 1666 1972 1721 artatis
2000 1666 2052 1720 in

477 1753 676 1808 militia
709 1763 766 1809 et
801 1753 1133 1809 militaribus
1173 1763 1423 1810 versatus
1462 1755 1767 1820 laboribus,
1814 1755 1947 1811 dum
1975 1758 2055 1811 af-

2149 570 2288 636 μίων
2319 569 2648 639 ἀναστήσειο
2696 566 2814 619 ἀλλ’
2863 567 3107 636 αἰσχρῶς
3156 566 3251 619 καὶ
3283 567 3526 635 ἀγεννῶς
3552 571 3711 640 ήττη.

2146 658 2281 723 θεὶς,
2347 656 2791 725 συγκινδυνεύσει
2853 659 2968 720 τοῖς
3019 657 3407 727 στρατιώταις.
3467 658 3563 711 Ἂν
3609 660 3712 731 γὰρ

2149 750 2330 821 συμϐῇ
2353 749 2514 819 τυχὸν
2548 749 2646 819 τὴν
2707 748 2807 818 μὲν
2847 747 3042 803 ἑαυτοῦ
3096 749 3361 819 στρατιὰν
3415 749 3713 804 πολλαπλα·

2150 839 2301 892 σίονα
2349 839 2457 893 τῶν
2492 830 2770 908 πολεμίων
2802 839 2898 893 καὶ
2931 840 3071 906 πρὸς
3114 837 3187 893 τὰ
3218 837 3493 910 πολεμικά
3523 839 3714 911 μᾶλλον

2149 927 2471 997 ἠσκημένην
2496 928 2774 999 ἡγεῖσθαι,
2800 926 2897 980 καὶ
2917 927 3007 982 διὰ
3028 928 3189 984 τοῦτο
3228 928 3341 982 δεῖν
3367 927 3716 1000 βουλεύσηται

2155 1020 2334 1089 μάχην
2355 1018 2674 1093 συνάπτειν,
2694 1015 2792 1072 εἶτ’
2809 1021 2901 1073 ἐπὶ
2922 1018 3031 1071 τῶν
3055 1020 3401 1090 πραγμάτων
3418 1019 3604 1085 ἐλθὼν,
3623 1021 3717 1091 τὴν

2150 1108 2258 1162 τῶν
2283 1109 2539 1163 ἔναντίων
2572 1109 2655 1179 ίδῃ
2683 1109 2781 1162 καὶ⁵
2810 1107 2888 1178 τῷ
2924 1108 3123 1178 πλήθει
3146 1110 3238 1163 καὶ
3269 1112 3338 1181 τῇ
3370 1110 3598 1178 ἀσκήσει
3629 1109 3719 1163 καὶ

2151 1203 2264 1261 τοῖς
2293 1200 2478 1261 ὅπλοις
2510 1199 2888 1269 ὑπερέχουσαν
2941 1197 3124 1269 πολλῷ
3173 1197 3250 1267 τῷ
3288 1199 3474 1269 μέτρῳ
3498 1214 3514 1231 ⁸
3560 1197 3645 1252 διὰ
3667 1198 3719 1251 δὲ

2151 1288 2214 1342 τὸ
2248 1288 2324 1359 μὴ
2347 1288 2505 1341 λῦσαι
2547 1288 2612 1342 τὰ
2645 1288 2967 1358 δεδογμένα,
2995 1289 3296 1356 ἀλογίστως
3346 1289 3721 1361 συμπλέκηται

2154 1381 2250 1433 καὶ
2276 1380 2625 1449 παραὸόλως,
2653 1381 2752 1432 οὐκ
2784 1379 2851 1434 ἂν
2872 1379 3041 1447 ἐγγὺς
3059 1380 3153 1434 τοῦ
3180 1381 3471 1450 μαίνεσθαι
3494 1382 3723 1451 φαίημεν

2154 1471 2248 1524 τὸν
2304 1469 2609 1540 στρατηγὸν
2656 1470 2897 1537 ὲκεῖνον;
2926 1470 3097 1524 Παντί
3138 1488 3241 1527 που
3280 1471 3467 1545 δῆλον.
3508 1472 3599 1526 Διό
3636 1489 3725 1539 μοι

2156 1563 2253 1617 καὶ
2297 1561 2358 1616 σὲ
2388 1562 2482 1616 νῦν
2528 1562 2713 1615 ἔπεισι
2749 1562 3076 1633 θαυμάζειν,
3112 1561 3286 1626 οὕτως
3312 1564 3727 1635 ἀποφηνάμενον

2156 1652 2233 1715 ῶς
2277 1652 2386 1722 χρὴ
2442 1653 2553 1716 τοῖς
2613 1652 2672 1716 ἐξ
2717 1652 2891 1723 ἀρχῆς
2932 1650 3277 1722 δεδογμένοις
3341 1654 3618 1725 ἐμμένειν,
3668 1655 3762 1706 ὲκτ

2158 1742 2382 1814 πρώτης
2400 1744 2614 1815 ἡλικίας
2639 1744 2696 1807 ἐς
2727 1744 2841 1798 τόδε
2863 1744 3076 1814 χρόνον,
3117 1744 3433 1815 στρατείαις
3483 1746 3578 1800 καὶ
3622 1748 3728 1808 τοῖς

480 1846 665 1900 ﬁrmas
695 1885 714 1910 ,
768 1861 889 1916 qua:
940 1863 970 1901 a
1024 1847 1302 1917 principio
1343 1849 1599 1903 statuerit
1651 1849 1948 1919 quispiam,
1984 1850 2054 1904 iis

2161 1834 2221 1885 ὲκ
2253 1834 2539 1903 στρατείας
2600 1833 3023 1905 ἐνδιατρίψαντα
3064 1834 3269 1903 πόνοις,
3316 1835 3549 1888 τοῦτοδὲ
3577 1836 3731 1906 ἠγνο-

479 1937 698 1992 al'ﬁxum
721 1952 843 1993 esse
876 1948 1173 2007 oportere,
1207 1952 1311 1995 nec
1341 1938 1453 1992 scis
1495 1938 1582 1992 vel
1630 1955 1741 1993 uno
1793 1938 2056 2009 temporis

479 2039 685 2097 puncto
710 2031 817 2100 31
846 2046 1031 2085 rerum
1074 2029 1438 2100 plurimarum
1463 2030 1923 2086 commutationes
1963 2044 2057 2085 so-

478 2121 594 2176 lere
626 2122 766 2176 ﬁeri.
788 2121 991 2176 Adhmc
1012 2136 1244 2192 magnus
1266 2119 1606 2177 domesticus
1631 2122 1712 2177 sic
1746 2121 2055 2191 respondit:

478 2213 594 2284 Ego
611 2229 742 2269 vero
779 2214 1092 2269 mortalium
1124 2213 1307 2269 adhuc
1344 2214 1555 2269 nullum
1582 2254 1598 2278 ,
1642 2213 1832 2269 saltem
1867 2214 2060 2284 paulu-

478 2306 592 2360 lum
626 2316 809 2361 mente
849 2306 1147 2367 valentem,
1179 2305 1253 2360 ita
1289 2316 1611 2376 perpetuam
1646 2305 1699 2359 in
1752 2306 1928 2375 prima
1963 2305 2061 2360 ali-

478 2412 589 2468 qua
655 2398 942 2452 voluntate
995 2393 1447 2467 permansiouem
1516 2397 1747 2451 sibimet
1794 2397 2060 2453 indixisse

479 2489 673 2551 credo.
701 2499 761 2543 ut
787 2502 909 2542 eam
938 2496 1150 2558 postea,
1180 2488 1396 2547 tametsi
1417 2487 1644 2541 meliora
1683 2502 1743 2543 se
1769 2488 2058 2555 offerrent,
2082 2509 2091 2513 “

480 2582 777 2637 immutare
811 2581 1221 2636 detrectaverit.
1247 2579 1327 2634 Te
1354 2594 1576 2651 quoque
1609 2579 1786 2649 ipsum
1818 2581 2062 2637 arbitror

480 2687 598 2727 non
622 2672 869 2742 potuisse
915 2680 1026 2727 tam
1090 2671 1384 2725 immodice
1422 2670 1559 2725 mihi
1610 2672 1930 2736 conviciari,
1967 2683 2064 2728 aut

481 2765 552 2818 de
585 2763 752 2818 rebus
783 2764 921 2818 adeo
950 2762 1242 2818 commode
1272 2778 1336 2818 ac
1362 2777 1489 2818 vere
1511 2763 1689 2833 loqui,
1718 2764 1823 2817 nisi
1854 2765 2065 2837 pariter

483 2868 700 2909 mecum
734 2854 993 2908 sentires.
1024 2851 1261 2907 Tantum
1288 2861 1469 2913 autem
1494 2854 1567 2909 ab
1588 2854 1681 2908 illo
1704 2853 1871 2921 disto,
1898 2870 2060 2923 quem

487 2955 546 2999 tu
583 2960 669 3000 me
694 2943 986 3008 describis,
1016 2951 1077 3002 ut
1107 2954 1214 2999 tam
1257 2944 1312 2998 iu
1348 2944 1587 3014 publicis
1639 2959 1803 3021 quam
1837 2945 2066 3014 privatis

483 3036 1026 3102 deliberationibus,
1066 3051 1191 3091 cum
1225 3037 1556 3093 sententiam
1609 3036 1955 3107 probabilem
2009 3045 2067 3091 et

485 3128 566 3183 rei
603 3131 900 3199 propositae
932 3128 1227 3182 utilitatem
1261 3127 1527 3197 opinione
1570 3142 1691 3181 mea
1714 3127 1950 3183 maxime
1982 3135 2065 3179 at-

2155 1923 2353 1997 ηκότα,
2373 1923 2450 1985 ὡς
2475 1924 2573 1993 μία
2603 1923 2798 1995 καιροῦ
2822 1924 2964 1995 ῥοπὴ
2994 1925 3206 1979 πολλῶν
3236 1928 3452 1997 ποιήσει
3482 1928 3732 1997 πραγμά-

2155 2029 2265 2065 των
2308 2014 2631 2081 μεταῦολάς.
2696 2014 2823 2069 Ἐπὶ
2876 2018 3090 2083 τούτοις
3140 2019 3169 2072 ὁ
3198 2019 3371 2089 μέγας
3417 2019 3731 2090 δομέστικος

2157 2098 2280 2156 εἷπε
2304 2104 2483 2158 τοιάδε
2502 2119 2518 2135 ο
2545 2105 2750 2159 Οὐδένα
2778 2107 2986 2177 νομίζω
3015 2107 3127 2162 τῶν
3176 2108 3270 2163 καὶ
3299 2109 3552 2162 ὁπωσοῦν
3602 2124 3731 2178 μετ-

2159 2195 2454 2266 ειληχότων
2488 2197 2701 2268 φρενῶν
2726 2196 2898 2262 οὕτως
2933 2200 3123 2255 ἑαυτὸν
3148 2195 3230 2266 οἷς
3261 2199 3319 2267 ἐξ
3369 2202 3545 2274 ἀρχῆς
3587 2199 3736 2253 ἐϐου-

2158 2286 2390 2341 λεύσατο
2415 2289 2742 2343 πεπεικέναι
2776 2290 3013 2360 βεϐαίως
3044 2292 3325 2362 ἐμμένειν,
3361 2292 3506 2346 ὥστε
3535 2294 3611 2364 μὴ
3643 2308 3735 2362 με·

2159 2379 2469 2443 ταὸάλλειν,
2491 2380 2694 2450 ἑτέρων
2722 2382 2779 2434 ὲν
2803 2381 3015 2453 ὑστέρῳ
3046 2385 3386 2455 φαινομένων
3422 2384 3731 2455 βελτιόνων.

2162 2472 2273 2525 Καὶ
2303 2473 2362 2524 σὲ
2391 2473 2448 2525 δὲ
2504 2474 2668 2528 αὐτὸν
2706 2475 2806 2528 οὐκ
2847 2475 2914 2529 ἂν
2943 2476 3273 2548 εὐπορήσειν
3317 2477 3409 2537 ἐπ’
3464 2479 3739 2549 ep.on-

2161 2562 2350 2634 δορίας
2383 2565 2712 2636 ὑπερϐολῆς,
2753 2566 2786 2637 ἢ
2816 2565 2960 2620 οὕτω
2993 2569 3122 2637 περὶ
3145 2569 3253 2622 τῶν
3281 2575 3629 2641 πραγμάτων
3651 2571 3738 2629 λέ·

2163 2672 2281 2723 γειν
2309 2654 2475 2725 ἔχειν,
2511 2658 2568 2708 ὲν
2599 2657 2833 2731 διαφορᾷ
2874 2661 3239 2725 καταστάντα.
3294 2660 3437 2730 Ἐγὼ
3466 2662 3523 2716 δὲ
3555 2661 3739 2716 τοσού-

2164 2763 2258 2798 του
2287 2748 2391 2800 δέω
2415 2750 2596 2801 ὁποῖον
2629 2745 2770 2802 εἶναι
2797 2767 2958 2817 φατε,
2994 2748 3133 2804 ὥστε
3159 2752 3261 2806 κάν
3293 2756 3405 2816 τοῖς
3437 2754 3736 2824 δημοσίοις,

2163 2842 2270 2892 κᾶν
2299 2840 2408 2903 τοῖς
2447 2841 2617 2905 ἰδίοις,
2650 2842 2830 2913 ψῆφον
2860 2843 2937 2906 ὼς
2989 2844 3168 2908 καλῶς
3212 2846 3466 2916 ἔχουσαν,
3510 2853 3605 2905 καὶ
3649 2848 3739 2903 τοῦ

2165 2932 2572 2997 λυσιτελοῦντος
2596 2935 2655 2988 τὸ
2677 2935 2853 2989 δοκεῖν
2878 2936 2935 3002 ἐς
2968 2937 3034 2990 τὰ
3079 2939 3314 3009 μάλιστα
3341 2941 3741 3013 ἐφικνουμένην

2169 3025 2301 3096 περί
2344 3043 2488 3089 τινος
2519 3026 2778 3092 πολλάκις
2808 3027 3134 3112 ξξενεγκὼν,
3170 3032 3270 3103 ἤδη
3296 3032 3353 3085 δὲ
3382 3036 3484 3090 καὶ
3519 3037 3654 3107 πρὸς
3684 3038 3741 3089 τὸ

2166 3117 2430 3186 πράττειν
2456 3118 2670 3189 χωρῶν,
2726 3118 2901 3171 ἔπειτ’
2923 3118 2957 3190 ἥ
2979 3121 3151 3192 ἑτέρῳ
3189 3124 3246 3179 τὸ
3272 3120 3445 3195 ἧσσον
3480 3129 3624 3199 ἔχειν
3649 3128 3741 3181 ἐπὶ
3778 3182 3783 3187 ,

487 3222 790 3291 tingentem
851 3233 1231 3289 saepenumero
1283 3219 1677 3288 protulisscm,
1728 3218 1927 3272 deinde
1966 3216 2059 3272 ubi

2162 3208 2242 3279 τῷ
2275 3211 2492 3278 φρονεῖν
2524 3208 2790 3271 δοκοῦντι.
2843 3211 2876 3281 ἢ
2912 3211 3069 3274 αὐτὸς
3106 3215 3328 3285 ἐμαυτῷ
3360 3217 3464 3289 τὴν
3490 3220 3742 3276 ,ἐναντίαν

488 3314 556 3367 ad
584 3313 727 3368 iacta
778 3321 1003 3367 ventum
1056 3311 1246 3378 fuerit,
1275 3319 1371 3366 aut
1412 3311 1482 3367 ab
1516 3312 1643 3376 alio,
1676 3327 1839 3382 quem
1878 3311 2060 3367 minus

2167 3298 2410 3361 πεισθεὶς
2440 3297 2685 3369 εἱλόμην.
2723 3299 2842 3366 Ἐφ’
2876 3295 2954 3363 οἷς
2986 3300 3041 3354 δὲ
3067 3305 3185 3357 νυνὶ
3208 3305 3559 3377 σκοποῦμεν,
3585 3309 3744 3378 μάλι-

486 3405 820 3475 prudentem
851 3403 1183 3473 iudicarem,
1222 3411 1318 3457 aut
1342 3418 1372 3457 a
1409 3413 1613 3458 memet
1658 3417 1974 3481 persuasus,
2007 3402 2060 3457 in

2167 3405 2268 3442 στα
2293 3390 2392 3457 μὲν
2421 3382 2497 3443 ὧν
2550 3391 2709 3461 ὑμεῖς
2765 3391 3109 3464 βουλεύεσθε,
3158 3395 3532 3471 ἀποσχέσθαι,
3591 3395 3666 3481 ᾧν
3700 3400 3729 3456 δ

438 3570 451 3582 θ
485 3498 592 3551 alia
617 3497 807 3553 omnia
838 3494 1211 3551 discesserim.
1242 3492 1300 3549 In
1348 3495 1455 3550 hoc
1492 3504 1676 3550 autem
1705 3480 1949 3565 negotio,
1988 3495 2060 3550 dc

2164 3480 2287 3549 ἐμοὶ
2308 3482 2472 3549 δοκεῖ,
2485 3481 2592 3535 δεῖν
2608 3481 2827 3551 ἔχεσθαι
2846 3484 3055 3554 νομίζω
3081 3486 3294 3543 πολλῶν
3318 3489 3511 3549 ἕνεκεν
3533 3480 3743 3550 αίτιῶν.

489 3604 602 3657 quo
646 3605 800 3644 nunc
835 3588 1229 3658 disceptamus,
1281 3588 1393 3642 non
1444 3602 1569 3656 quze
1608 3587 1784 3652 vobis,
1818 3587 1915 3643 sed
1943 3603 2065 3658 qua:

485 3680 621 3734 mihi
664 3679 962 3744 videntur,
1014 3679 1299 3747 probanda
1332 3678 1635 3755 .existimo,
1686 3678 1854 3748 idque
1896 3677 2068 3747 pluri-

486 3774 593 3841 ltus
627 3773 695 3827 de
742 3772 943 3827 causis.
981 3771 1224 3825 Primum
1255 3770 1404 3825 enim
1440 3785 1637 3825 manus
1688 3769 1741 3823 in
1774 3770 2068 3839 imperato-

485 3880 627 3927 rem,
677 3871 731 3917 et
763 3874 990 3918 unctum
1042 3863 1258 3919 Domini
1304 3862 1418 3932 (88)
1454 3862 1704 3933 injicere,
1740 3862 1902 3932 eique
1949 3865 2066 3917 ani-

493 3971 639 4010 mam
708 3956 1103 4024 exstinguere,
1167 3969 1277 4009 non
1349 3953 1495 4024 apud
1568 3953 1826 4008 homines
1887 3954 2064 4009 solum

494 4048 784 4104 universos
826 4048 986 4102 venia
1035 4056 1208 4110 caret,
1238 4047 1356 4110 sed,
1397 4045 1477 4100 uti
1503 4046 1806 4109 credimus,
1840 4049 2006 4103 etiam
2036 4063 2065 4101 a

487 4142 603 4197 Deo
634 4139 953 4210 bujusmodi
988 4139 1237 4193 facinora
1273 4137 1628 4192 acerbissima
1652 4137 1907 4193 mercede
1929 4154 2066 4209 pen-

489 4245 703 4287 santur.
746 4230 951 4286 Deinde
980 4246 1087 4285 non
1131 4233 1273 4285 istuc
1306 4230 1467 4285 nobis
1510 4245 1541 4284 a
1569 4229 1842 4300 principio
1868 4245 2069 4300 propo-

489 4328 736 4389 suimus,
784 4335 844 4379 ut
891 4325 1125 4379 alterum
1176 4324 1563 4393 imperatorem
1614 4324 1738 4379 neci
1784 4323 2063 4388 daremus,

491 4419 722 4472 alterum
783 4417 838 4471 in
885 4417 1024 4471 solio
1068 4415 1466 4470 collocaremus
1509 4432 1524 4469 :
1577 4400 1671 4468 sed
1709 4402 1948 4468 sollicito
1995 4413 2061 4467 ad

2166 3574 2391 3644 Πρῶτον
2427 3573 2528 3644 μὲν
2557 3574 2666 3644 γὰρ
2711 3574 2770 3628 τδ
2809 3578 2967 3646 χεῖρα
3013 3581 3233 3649 κινῆσαι
3288 3582 3432 3638 κατά
3482 3586 3744 3656 βασιλέων

2167 3670 2261 3719 καὶ
2293 3665 2368 3732 τῷ
2390 3664 2508 3735 Θεῷ
2539 3668 2930 3737 κεχρισμένου,
2980 3670 3076 3727 καὶ
3110 3674 3387 3744 σωτηρίαν
3430 3678 3745 3751 ἀποστερῇ.

2168 3775 2259 3810 σαι
2283 3758 2481 3829 ψυχῆς,
2516 3759 2575 3810 οὐ
2608 3761 2770 3830 μόνον
2800 3761 2978 3833 πάσης
3007 3764 3064 3818 ὲν
3096 3763 3407 3839 ἀνθρώποις
3432 3769 3745 3843 «ἁιιιιεστέρη⁴

2168 3866 2257 3903 ται
2292 3850 2642 3922 συγγνώμης,
2694 3851 2832 3913 ἀλλά
2888 3856 2984 3909 καὶ
3028 3856 3177 3927 παρά
3202 3856 3322 3929 Θεῷ
3354 3858 3457 3931 τάς
3504 3865 3746 3934 ἐσχάτας

2167 3943 2275 3996 τῶν
2302 3942 2559 3997 τοιούτων
2587 3942 2766 4014 ἔργων
2812 3944 3155 4015 πεπείσμεθα
3209 3951 3422 4007 κεῖσθαι
3471 3953 3572 4021 τὰς
3601 3958 3724 4010 ἀντι

2166 4034 2360 4096 δόσεις.
2387 4004 2629 4086 Ἔπειτα.
2646 4004 2726 4099 δὲ,
2762 4034 2882 4087 οὐδὲ
2915 4004 3074 4096 τούτο
3111 4037 3171 4104 ἐξ
3199 4004 3747 4116 animusadeo},
3840 4004 3845 4011 ο
3905 4080 3908 4089 .

2166 4127 2307 4180 ὥστε
2340 4127 2432 4179 τὸν
2470 4126 2570 4194 μὲν
2598 4126 2826 4192 ἀνελεῖν,
2861 4127 2952 4181 τὸν
2982 4128 3028 4182 δ’
3061 4130 3456 4201 ἐγκαθιδρῦσαι
3488 4139 3603 4201 τοῖς
3627 4137 3750 4210 θρόο

2152 4237 2278 4282 ’νοις
2323 4218 2430 4270 τῶν
2458 4217 2765 4286 βασιλέων·
2806 4219 2943 4273 ἀλλά
2997 4220 3164 4277 πολύν
3212 4239 3332 4278 τινα
3380 4226 3474 4280 τὸν
3537 4229 3750 4285 δικαίου

2168 4309 2482 4380 ποιούμενοι
2510 4311 2694 4377 λόγον,
2758 4310 2987 4381 ἀμύνειν
3020 4312 3099 4383 τῷ
3124 4313 3230 4385 νέῳ
3268 4317 3749 4391 προύθυμῄθημεν
3792 4388 3795 4391 η

2172 4399 2384 4469 βασιλεῖ
2406 4439 2421 4466 ,
2450 4400 2792 4470 ἀδικουμένῳ
2831 4418 2892 4454 τε
2924 4404 3053 4472 περὶ
3093 4404 3189 4477 τὴν
3224 4407 3419 4476 ἀρχὴν,
3451 4409 3552 4462 καὶ
3581 4410 3750 4464 δεδοι-

487 4510 758 4574 justitiam
803 4516 1077 4578 respectu,
1128 4506 1431 4562 studiosius
1479 4505 1547 4559 ad
1598 4505 1647 4558 ei
1680 4503 2060 4573 opitulandum

2168 4493 2289 4545 κότι
2309 4492 2437 4562 περί⁵
2465 4492 2527 4544 τὸ
2556 4492 2921 4563 ζῇν.”Ατοπον
2945 4490 3062 4561 οὖν,
3088 4497 3167 4567 τῷ
3196 4498 3295 4567 μὲν
3327 4499 3425 4553 σὺν
3446 4490 3528 4573 τῷ
3551 4503 3748 4574 δικαίῳ
3792 4533 3808 4578 ς

494 4603 868 4664 incubuimus,
908 4600 1001 4669 qui
1033 4606 1091 4653 et
1123 4597 1191 4653 de
1228 4596 1478 4666 imperio,
1513 4606 1567 4649 et
1595 4595 1662 4650 de
1704 4595 1811 4648 vita
1842 4608 2070 4648 conser-

382 4760 385 4761 ν
493 4693 673 4747 vanda
724 4677 1022 4746 laboraret.
1073 4687 1388 4742 Absurdum
1437 4685 1735 4754 estigitur,
1767 4684 2069 4756 buicjuste

494 4783 788 4854 imperium
825 4781 1131 4844 vindicare,
1166 4778 1247 4832 illi
1280 4778 1482 4848 injuste
1504 4780 1671 4831 etiam
1702 4776 1979 4844 Spiritum,
2012 4784 2070 4830 et

496 4877 816 4946 sanguinem
859 4875 1077 4943 eripere
1110 4889 1123 4924 :
1171 4882 1227 4925 et
1255 4886 1398 4940 quae,
1439 4871 1483 4926 si
1523 4870 1577 4924 in
1613 4870 1780 4924 alium
1813 4870 2067 4941 designa-

494 4976 688 5022 rentur
722 4966 789 5019 ab
816 4965 958 5030 aliis,
992 4960 1374 5017 crudelissima
1406 4959 1756 5021 duceremus",
1792 4957 1859 5012 iis
1890 4958 2062 5010 multo

490 5058 807 5112 crudeliora
860 5070 960 5108 nos
1018 5054 1164 5122 ipsos
1205 5053 1259 5104 in
1289 5052 1673 5120 imperatorem
1721 5048 2064 5102 macltinatos

2170 4585 2268 4653 τὴν
2299 4583 2470 4655 ἀρχὴν
2499 4562 2902 4652 κατακτᾶσθαι,
2939 4586 3032 4640 τὸν
3062 4589 3109 4642 δ’
3137 4562 3353 4654 ⁷ἀδίκως·
3393 4562 3752 4666 ἀφαιρεῖσθαι
3786 4562 3826 4666 ἴ

2171 4675 2266 4727 καὶ
2289 4674 2385 4744 τὴν
2426 4675 2574 4745 ζωήν
2600 4693 2614 4707 ·
2649 4676 2745 4730 καὶ
2772 4675 2808 4730 ἃ
2844 4679 2973 4748 περὶ
3003 4675 3093 4731 τὸν
3131 4678 3227 4734 ἕνα
3261 4685 3618 4751 πραττόντων
3637 4686 3751 4738 ἐτέ-

2171 4783 2303 4837 ρων,
2335 4763 2442 4819 τῶν
2475 4765 2839 4820 ἀτοπωτάτων
2891 4766 3086 4832 ἐδόκει,
3138 4768 3345 4821 τούτων
3387 4771 3753 4846 χαλεπώτερα

2171 4875 2237 4910 πε
2248 4863 2300 4929 pi.
2321 4858 2409 4912 τὸν
2431 4859 2617 4931 ἕτερον
2644 4857 3105 4928 ἐξειργασμένους
3122 4859 3321 4924 αὐτοὺς
3352 4860 3594 4932 ὀφθῆναι
3616 4879 3633 4895 ⁸
3654 4867 3754 4919 καὶ

2170 4948 2358 5021 ὥσπερ
2412 4952 2471 5002 ἐν
2526 4947 2711 5017 ζυγοῖς
2743 4948 2853 5001 τῶν
2885 4948 3234 5017 πραγμάτων
3260 4950 3348 5019 ἐφ’
3379 4952 3556 5024 ἑτέρῳ
3591 4956 3754 5025 μέρει

2171 5043 2574 5114 βαρυνομένων,
2600 5041 2695 5094 ἐπὶ
2735 5041 2834 5110 τὴν
2864 5039 2986 5111 ἴσην
3019 5040 3292 5112 ἀμετρίαν
3348 5042 3484 5114 πρὸς
3531 5045 3757 5101 τούναν-

493 5151 671 5204 videri
708 5166 721 5201 :
755 5158 808 5202 et
834 5148 981 5202 velut
1012 5148 1065 5199 in
1099 5145 1327 5209 trutina,
1365 5144 1530 5197 rebus
1561 5143 1615 5195 in
1644 5155 1751 5195 una
1781 5142 1937 5194 lance
1964 5141 2060 5194 de-

2168 5137 2283 5187 τίον
2326 5135 2524 5197 αὐτοὺς
2580 5133 2937 5198 καταπιέσαι,
2986 5132 3107 5185 δέον
3159 5134 3254 5187 ἐπὶ
3291 5133 3354 5186 τὸ
3379 5136 3495 5189 ἴσον
3537 5138 3755 5205 ἀναγα-

492 5242 867 5309 vcrgemibus,
920 5237 987 5291 ad
1026 5236 1264 5291 similent
1299 5234 1724 5304 inaequalitatem
1751 5248 1815 5285 ex
1844 5240 2063 5285 contra-

2168 5230 2308 5296 γείν.
2346 5229 2420 5280 Οὐ
2445 5227 2553 5298 μὴν
2580 5224 2702 5278 οὐδὲ
2731 5225 2792 5276 τὸ
2816 5224 3087 5294 δήσαντας
3140 5228 3419 5296 φρουρεῖν,
3469 5225 3572 5283 τοῦ
3601 5225 3755 5293 ἀπαξ

1766 5365 1979 5426 Jacobi
2018 5362 2293 5425 Pontani
2322 5331 2517 5423 notae.

574 5494 686 5568 (88)
717 5492 1023 5568 λιιοαιιιῑιῂιιτ,
1078 5501 1137 5545 ut
1194 5489 1363 5568 David
1393 5488 1488 5568 Lde
1537 5487 1700 5568 Sauli:
1753 5486 2066 5568 consuevit,

495 5557 680 5623 lib‘llt
716 5557 843 5630 Itc-g'
872 5563 1260 5630 I.l=nterpretes
1291 5560 1589 5612 Bibliorum
1627 5557 2071 5630 frequentissime

496 5652 690 5689 vocent
720 5627 960 5687 Gneo-am
991 5627 1205 5702 χριστὸς
1243 5634 1627 5702 retinuerunt,
1668 5638 1725 5702 ut
1758 5627 2012 5702 Illegum
2050 5640 2064 5678 :

498 5706 795 5769 Loquimini
840 5697 1039 5756 erant"
1068 5702 1173 5754 Deo
1205 5710 1252 5753 et
1288 5700 1478 5753 cluisto
1517 5698 1650 5764 ejus.
1702 5697 1756 5769 ln
1793 5697 2021 5769 Psalmis
2053 5712 2067 5747 :

2174 5486 2425 5538 riu-istum
2455 5501 2632 5539 suum.
2689 5482 2844 5550 Apud
2896 5480 3097 5534 Lucam
3149 5482 3216 5535 de
3268 5482 3583 5538 Simeoyne:
3635 5483 3751 5539 Non

2173 5571 2405 5607 visurum
2438 5572 2491 5609 se
2527 5563 2769 5611 mortem,
2803 5554 2903 5606 nisi
2935 5554 3078 5620 prius
3113 5555 3308 5604 videret
3354 5553 3613 5608 christum
3651 5554 3755 5607 Do-

2172 5626 2336 5689 mini;
2360 5634 2416 5678 et
2443 5626 2753 5678 sexcenties
2783 5623 2936 5676 alibi.
2972 5623 3185 5674 [bentur
3220 5634 3428 5685 autem,
3462 5625 3525 5674 τὸ
3563 5633 3756 5677 unctus

2176 5695 2407 5756 Domini,
2445 5703 2577 5753 aut,
2623 5694 2851 5746 chrisma
2902 5693 3135 5755 Domini,
3174 5706 3300 5744 cum
3347 5691 3758 5761 signiﬁcatione

500 5763 675 5831 Nolite
741 5786 955 5845 Iungere
1018 5773 1239 5825 christos
1308 5787 1471 5823 meos.
1528 5763 1764 5821 Saluati!
1816 5765 2068 5818 Dominus
2171 5766 2535 5830 niaxima,esl
2557 5774 2611 5817 et
2643 5764 2867 5817 verbum
2901 5763 3333 5835 gravissitnmnb
