3962 6512
420 393 519 463 101
923 466 935 477 ν
1570 396 1896 459 JOANNtS
1935 397 2459 464 CANTACUZENI
3503 444 3517 459 ς
3590 411 3686 476 108

1873 507 2103 566 CAPUT
2145 509 2211 566 X.

417 595 1357 687 Neposjpsiqnemnobfe‘rvttntianr
1384 597 1645 687 ignarum
1704 603 1957 670 ostendit,
2014 606 2344 687 etmcrudellia
2397 608 2571 676 potius
2616 608 2680 687 ab
2728 609 2842 680 ipso
2882 611 3015 680 pati,
3046 628 3207 682 quam
3246 615 3303 668 in
3346 631 3464 670 eum
3514 618 3679 687 facere

487 664 712 754 punctu:
750 664 856 754 est.
881 664 1555 754 ‘for‘tunai‘darftitur,
1586 686 1648 723 ea
1686 688 1743 724 se
1776 664 2017 754 usurum.
2049 675 2106 732 Si
2124 692 2212 754 nae
2243 664 2494 754 deserunt
2529 678 2705 754 socii,_
2728 664 2915 733 ἆσαι-οὶ
2946 664 3204 737 (niuium.
3249 664 3677 754 Ejusmébtiizib'z;

485 734 822 828 ξέιέιξῖιαέεξ,
845 734 1355 828 ’ργῖοίρεινΔα-εοεῃριρ
1365 735 1723 828 ξρζρξαιιηεε,
1743 743 1907 828 neunt.
1923 747 2063 810 licet,
2110 744 2375 828 liga-entia
2420 734 2799 802 discedendum
2847 734 3676 828 statuunt.“Quiriﬁturﬂechid

484 806 802 876 imper-atria:
836 809 1177 871 assumenda,
1213 823 1283 860 an
1316 805 1773 882 Constantinopoli
1808 805 2276 885 relinquendavsit.

484 921 591 989 Qui
626 921 696 977 de
728 922 892 979 rebus
917 923 1267 994 gravioribus
1296 926 1516 982 consilii
1542 928 1799 998 capiendi
1828 945 1995 987 causa

2172 937 2300 1002 Τοῖς
2362 939 2494 1007 περὶ
2548 939 2807 1009 μεγάλων
2868 943 3216 1011 πράγματων
3273 941 3679 1015 βουλευομένοις

346 1037 355 1044 ’
415 1013 764 1074 deliberant.
820 1031 916 1070 eos
975 1016 1141 1070 etiam
1186 1031 1479 1071 numerum
1510 1018 1783 1076 conficere
1831 1037 1998 1092 opor-

416 1114 535 1162 tere
565 1115 816 1160 autumo.
854 1106 1008 1162 Unde
1038 1107 1170 1161 olim
1203 1108 1434 1162 Roxnani
1472 1120 1528 1164 et
1554 1109 1751 1176 Graeci,
1792 1115 2001 1183 quique

414 1195 520 1250 sub
565 1196 853 1266 populari,
886 1197 1093 1268 quique
1127 1199 1229 1252 sub
1259 1201 1587 1269 optimatum
1647 1213 1919 1273 potestate
1945 1215 2001 1260 et

416 1290 654 1359 imperio
694 1289 1011 1359 degebant,
1058 1290 1289 1345 consilia
1327 1306 1358 1345 e
1402 1292 1659 1360 pluribus
1703 1308 2000 1365 congrega-

414 1381 572 1445 bant,
626 1389 777 1435 recte
829 1382 1155 1445 sentientes,
1200 1384 1303 1436 hoc
1356 1382 1524 1437 modo
1560 1384 1629 1436 ab
1676 1383 1911 1439 honesto
1942 1394 2000 1440 et

414 1473 750 1529 conducibili
805 1473 953 1527 haud
1004 1474 1165 1528 facile
1219 1473 1493 1529 deﬂexum
1546 1475 1635 1528 iri.
1671 1475 1813 1542 Quin
1843 1485 1899 1531 et
1931 1477 2001 1532 de

416 1570 695 1622 veteribus
747 1567 995 1636 quidam,
1051 1575 1107 1620 et
1155 1582 1186 1621 e
1238 1576 1431 1621 nostro
1457 1567 1586 1621 ovili
1612 1568 1834 1637 sapiens
1862 1568 2000 1638 (92),

328 1688 333 1693 ι
416 1660 648 1714 salutem
688 1674 810 1713 esse
837 1659 994 1723 dicit,
1028 1660 1119 1714 ubi
1156 1660 1323 1713 multa
1344 1659 1576 1714 consilia
1612 1657 2001 1730 :sibimet33

415 1762 601 1805 autent
634 1750 920 1805 inimicum
955 1750 1276 1820 pronuntiat
1300 1749 1577 1803 hominem
1601 1749 1997 1804 inconsultutn.

414 1841 552 1896 Cum
605 1842 792 1911 itaque
830 1856 929 1896 vos
955 1850 1008 1895 et
1048 1842 1236 1912 plures
1269 1841 1413 1908 sitis,
1440 1852 1495 1896 et
1520 1842 1574 1895 in
1607 1841 1791 1896 dando
1815 1842 2002 1897 consi-

415 1933 492 1988 lio
546 1932 852 1996 excetlatis,
914 1933 1093 1998 deque
1140 1932 1399 2002 praesenti
1436 1935 1655 2001 negotio
1687 1932 1859 1987 multa
1895 1933 2005 1987 dis-

417 2026 741 2092 seruerilis,
786 2024 999 2079 licitum
1042 2028 1150 2080 erit
1205 2035 1262 2080 et
1312 2025 1483 2088 mihi,
1537 2025 2001 2093 quemadmodum

415 2119 804 2191 piscatoribus,
831 2125 891 2172 ut
918 2118 1157 2184 dixistis,
1179 2132 1209 2173 e
1232 2119 1393 2187 plena
1416 2131 1615 2187 sagena
1633 2117 1861 2173 delectis
1881 2132 2001 2172 me-

414 2213 669 2276 lioribus,
704 2222 913 2267 “eietera
950 2211 1099 2266 foras
1130 2211 1370 2266 mittere.
1416 2210 1697 2266 Proferam
1721 2226 1854 2282 ergo
1888 2211 2003 2281 ipse

2102 1031 2401 1097 ἀναγκαῖον
2440 1025 2581 1085 εἶναι
2618 1024 2847 1103 νομίζω,
2886 1035 2984 1087 καὶ
3015 1033 3234 1098 πολλοῖς
3262 1033 3402 1090 εἶναι
3447 1037 3542 1089 τὸν
3569 1039 3684 1109 ἀρι-

2105 1121 2262 1190 θμόν.
2319 1122 2410 1177 Διὸ
2440 1125 2534 1177 καὶ
2574 1124 2840 1195 Ῥωμαῖοι
2879 1127 2975 1179 καὶ
3015 1127 3280 1197 Ἕλληνες
3321 1128 3384 1181 τὸ
3435 1122 3681 1194 παλαιὸν,

2108 1215 2207 1267 καὶ
2228 1214 2760 1287 δημοκρατούμενοι,
2782 1217 2879 1272 καὶ
2901 1216 3012 1271 τῶν
3036 1219 3277 1288 ἀρίστων
3297 1220 3597 1290 ἀρχόντων,
3625 1224 3689 1275 ἑκ

2105 1304 2371 1358 πλειόνων
2434 1307 2534 1370 τὰς
2567 1305 2768 1374 βουλὰς
2812 1309 3175 1378 συνεκρότουν
3231 1308 3328 1361 τοῦ
3372 1309 3538 1363 καλοῦ
3599 1312 3715 1364 καὶ-

2104 1398 2500 1467 συμφέροντος,
2527 1396 2699 1461 οὕτως
2721 1397 2823 1452 οὐκ
2845 1399 2913 1451 ἂν
2941 1399 3182 1468 οἰόμενοι
3204 1400 3404 1470 ῥᾳδίως
3423 1401 3691 1471 ἁμαρτεῖν

2102 1485 2278 1557 ὀρθῶς
2302 1487 2649 1558 φρονοῦντες.
2677 1489 2783 1543 Καὶ
2814 1489 2923 1542 τῶν
2953 1490 3203 1544 παλαιῶν
3223 1492 3281 1545 δέ
3308 1508 3390 1555 τις
3411 1492 3575 1561 σοφὸς
3592 1493 3692 1562 τῆς

2105 1580 2383 1650 ἡμετέρας
2407 1581 2578 1650 αύλῆς
2604 1584 2662 1634 ὲν
2682 1583 2854 1653 πολλῇ
2903 1582 3069 1654 βουλῇ
3105 1583 3204 1654 τὴν
3234 1585 3513 1653 σωτηρίαν
3544 1586 3695 1656 εἴρηο

2103 1689 2201 1726 κεν
2225 1669 2364 1727 εἶναι
2384 1712 2400 1737 ,
2433 1674 2529 1728 καὶ
2555 1673 2816 1744 πολέμιον
2839 1674 3017 1744 ἑαυτῷ
3047 1676 3139 1728 τδν
3177 1675 3529 1745 ἀσύμϐουλον
3554 1681 3693 1732 ἀπε-ν

2106 1767 2332 1835 φήνατο.
2367 1765 2477 1821 Καὶ
2498 1766 2653 1836 ὑμῶν
2669 1766 2852 1819 τοίνυν
2876 1767 2976 1820 καὶ
3005 1766 3217 1821 πολλῶν
3248 1769 3493 1838 καὶπερὶ
3522 1768 3696 1823 ταῦτα

2104 1857 2346 1928 ἀρίστων
2401 1857 2595 1923 ὄντων,
2651 1861 2747 1914 καὶ
2777 1860 2957 1928 λόγοις
2996 1861 3097 1914 οὐκ
3144 1860 3349 1929 ὀλίγοις
3408 1862 3539 1931 περὶ
3598 1861 3694 1916 τοῦ

2105 1947 2433 2017 πράγματος
2465 1953 2855 2021 χρησαμένων,
2881 1950 3094 2014 ἐξέσται
3113 1952 3306 2023 κάμοὶ,
3335 1953 3397 2007 δν
3429 1955 3693 2025 εἰρήκατε

2105 2041 2217 2094 τῶν
2242 2042 2439 2095 ἀλιέων
2467 2045 2690 2111 τρόπον,
2725 2044 2895 2098 πολλά
2924 2044 3023 2113 τῆς
3052 2048 3293 2117 σαγήνης
3347 2049 3697 2116 καταγαγούο

2108 2146 2227 2201 σης,
2287 2132 2355 2186 τὰ
2411 2136 2660 2204 χρήσιμα
2713 2134 3062 2207 ἐκλεξαμένῳ
3121 2138 3431 2210 ἀπορρίψειε
3490 2139 3561 2192 τὰ
3623 2140 3697 2207 μὴ

2107 2222 2352 2276 τοιαῦτα.
2390 2212 2532 2295 Ἐρτῦ
2567 2226 2749 2279 τοίνυν
2775 2228 2869 2280 καὶ
2903 2227 3071 2291 αὐτὸς
3116 2227 3152 2282 ἀ
3189 2246 3281 2298 μοι
3327 2216 3486 2283 δοκεῖ
3526 2230 3698 2300 βέλτι-

415 2321 636 2376 qzioque
697 2320 820 2361 meo
865 2305 1079 2377 judicio
1112 2305 1318 2375 optima
1353 2321 1366 2358 :
1421 2315 1666 2359 vestrum
1700 2305 2001 2374 unicuique

2112 2334 2213 2371 στα
2246 2314 2420 2371 εἶναι’
2485 2319 2616 2390 ὑμῖν
2646 2320 2691 2375 δ’
2722 2321 2939 2386 ἐξέσται
2988 2323 3207 2392 ἑκάστῳ
3238 2321 3276 2376 ἀ
3310 2322 3466 2377 δοκεῖ
3491 2325 3707 2393 συμφέ-

416 2400 693 2468 integrum
728 2399 869 2463 erit,
904 2412 1028 2467 qua:
1060 2395 1379 2466 probaverit
1419 2396 1703 2466 amplecti.
1734 2395 1810 2450 De
1840 2396 2005 2450 rebus

413 2492 740 2563 expetendis
812 2506 878 2545 ac
937 2489 1238 2560 fugiendis,
1283 2489 1546 2559 jucundis
1595 2498 1652 2543 et
1687 2487 2006 2560 injucuudis

418 2599 764 2655 nequaquam
825 2597 970 2637 unus
1020 2593 1078 2637 et
1122 2582 1267 2636 idem
1308 2589 1395 2636 est
1433 2580 1678 2634 omnium
1716 2580 2002 2635 hominum

415 2692 633 2742 sensus,
675 2675 770 2733 sed
804 2664 866 2729 ut
896 2674 1134 2744 quisque
1178 2674 1246 2727 iis
1289 2675 1546 2736 adicitur,
1588 2675 1662 2725 ita
1690 2672 1760 2727 de
1787 2672 1895 2727 illis
1915 2673 2005 2743 ju-

414 2772 580 2824 dicat.
634 2769 740 2824 Fas
774 2770 841 2824 sit
884 2770 1052 2839 igitur
1094 2767 1227 2822 mihi
1270 2781 1491 2835 quoque
1518 2780 1666 2820 nunc
1699 2765 1754 2819 in
1785 2765 2005 2820 consul-

418 2867 626 2916 tatione
673 2864 745 2916 ita
792 2861 1083 2931 proloqui,
1137 2874 1197 2914 ut
1234 2859 1468 2914 affectus
1512 2872 1652 2913 sum.
1702 2857 1889 2927 Usque
1934 2872 2003 2911 eo

417 2938 561 3007 nihil
612 2953 835 3020 dirum,
896 2960 953 3004 et
1011 2952 1249 3006 immane
1286 2951 1370 3006 vel
1419 2951 1571 3016 vitae,
1605 2948 1688 3004 vel
1719 2948 2006 3019 dignitatis

417 3062 551 3100 mea:
607 3046 782 3117 gratia
840 3047 894 3099 in
946 3044 1232 3100 dominum
1283 3058 1466 3099 meum
1498 3053 1554 3098 et
1606 3043 1996 3112 imperatorem

414 3138 729 3208 perpetrari
777 3139 966 3200 velim,
1023 3147 1084 3192 ut
1124 3139 1168 3192 si
1205 3137 1349 3190 forte
1382 3135 1637 3190 districto
1663 3147 1797 3188 ense
1823 3133 1877 3186 in
1917 3146 2003 3186 me

415 3231 836 3305 jugulabundus
893 3231 1168 3292 irrueret,
1227 3228 1464 3300 pedibus
1523 3227 1758 3282 salutem
1815 3239 1994 3278 meam

414 3327 678 3394 expedire
729 3324 1149 3379 contenderem.
1197 3321 1294 3375 Sin
1321 3320 1603 3391 quippiam
1639 3316 1869 3388 fugienti
1898 3321 2002 3371 ob-

414 3429 609 3481 staret,
666 3419 806 3472 adeo
860 3432 946 3471 me
995 3431 1104 3469 non
1153 3414 1455 3469 delectaret
1496 3415 1564 3467 ad
1617 3412 1999 3467 defensionem

415 3510 693 3575 converti,
732 3519 789 3563 ut
820 3510 997 3564 velata
1032 3507 1193 3572 facie,
1227 3522 1352 3561 cum
1380 3506 1602 3563 silentio
1629 3504 1840 3585 plagam
1869 3506 2004 3559 mal'

415 3605 524 3659 leni
551 3604 801 3672 accipere
828 3619 843 3667 ;
875 3614 1126 3657 metuens
1160 3617 1229 3656 ne
1259 3611 1485 3672 aspectu
1520 3601 1671 3654 illius
1695 3601 1996 3654 vehemen-

416 3698 530 3744 tius
583 3658 860 3751 turbatus,
908 3703 972 3742 ac
1026 3687 1176 3741 velut
1225 3686 1293 3741 de
1323 3658 1481 3740 statu
1518 3686 1722 3740 mentis
1750 3658 2070 3738 dimotusc

417 3782 712 3845 insilirent,
762 3781 1084 3850 ferrumque
1113 3779 1163 3834 ei
1197 3788 1476 3833 extortum
1509 3777 1730 3847 longius
1763 3777 1999 3846 projice-

417 3889 534 3930 rem
585 3891 597 3927 :
647 3889 773 3928 cum
830 3874 936 3928 hoc
980 3873 1157 3942 ipsum
1191 3871 1408 3925 scelesti
1444 3869 1706 3924 facinoris
1736 3869 1861 3923 loco
1896 3872 1999 3922 du-

417 3982 536 4022 cam
559 4005 574 4031 ,
628 3980 855 4037 quoquo
891 3965 1055 4020 modo
1106 3971 1297 4018 contra
1333 3971 1618 4032 parentem
1663 3976 1860 4015 manus
1899 3961 2002 4014 tol-

418 4066 554 4115 lere.
614 4058 706 4115 Sic
754 4074 842 4113 me
890 4057 959 4113 de
984 4060 1070 4111 ari
1105 4057 1315 4110 honore
1349 4054 1581 4121 sentire,
1614 4053 1784 4109 Deum
1817 4053 2000 4122 omnia

418 4152 848 4223 perspicientem
895 4159 1086 4206 testor.
1122 4148 1327 4205 Eodem
1373 4149 1558 4203 animo
1589 4162 1688 4203 vos
1712 4162 1834 4203 esse
1859 4145 2004 4201 desi-

419 4251 583 4319 dero,
630 4254 813 4299 certos
860 4243 1057 4314 plane,
1095 4256 1165 4296 nc
1205 4241 1407 4296 metire
1443 4238 1668 4311 quidem
1705 4254 1872 4309 super
1904 4239 2005 4294 hac

418 4355 479 4394 re
504 4338 765 4408 amplius,
789 4351 968 4406 neque
996 4334 1211 4397 conari,
1234 4349 1322 4388 me
1345 4332 1399 4387 in
1426 4332 1709 4387 diversum
1735 4331 1957 4386 trahere
1985 4346 2001 4385 :

419 4445 522 4485 nec
560 4430 710 4484 enim
743 4428 918 4482 hilum
947 4426 1268 4497 proficietis.
1299 4424 1356 4479 Si
1380 4438 1514 4493 ergo
1544 4423 1726 4492 priora
1755 4419 2005 4475 consulta

418 4531 624 4587 vestra,
668 4534 848 4590 eaque
899 4517 1163 4573 salutaria
1200 4525 1521 4585 sequentes,
1563 4513 1825 4567 instantia
1862 4511 2005 4581 peri-

419 4614 546 4668 cula
597 4611 862 4684 fugiendo
908 4609 1188 4665 declinare
1235 4607 1441 4671 vultis,
1490 4604 1630 4659 bene
1670 4612 1776 4666 est,
1821 4612 1879 4657 et
1902 4617 2007 4672 ego

2107 2424 2271 2478 ροντα
2301 2408 2543 2465 ἑλέσθαι.
2575 2411 2650 2464 Oti
2688 2412 2853 2465 πᾶσιν
2886 2411 3198 2483 ἀνθρώποις
3231 2413 3298 2466 τά
3329 2414 3479 2469 αύτά
3507 2415 3705 2483 αἱρετά

2104 2507 2201 2554 καὶ
2234 2503 2465 2569 φευκτὰ,
2503 2503 2598 2555 καὶ
2629 2503 2759 2571 ἡδέα
2791 2504 2887 2557 καὶ
2924 2503 3002 2575 μὴ
3064 2503 3296 2558 τοιαῦτα
3351 2506 3531 2569 δοκεῖ,
3587 2506 3705 2559 ἀλλ’

2103 2593 2253 2655 ὅπως
2282 2592 2415 2646 ποτὲ
2448 2590 2635 2663 έχουσι
2662 2594 2792 2663 περὶ
2815 2595 2978 2658 αὐτὰ,
3017 2594 3275 2659 τοιαύτας
3308 2596 3412 2649 καὶ
3444 2595 3582 2668 περὶ
3603 2598 3707 2649 αὺ-

2102 2682 2214 2735 τῶν
2241 2682 2499 2750 ἐξάγουσι
2527 2684 2625 2744 τὰς
2663 2684 2897 2752 κρίσεις.
2946 2682 3033 2746 Ὠς
3063 2683 3171 2753 ἔχω
3197 2683 3382 2737 τοίνυν
3416 2686 3517 2737 καὶ
3538 2687 3705 2745 αὐτὸς

2105 2774 2236 2845 περὶ
2259 2775 2368 2827 τῶν
2398 2773 2782 2844 προκειμένων
2809 2772 2943 2844 ἐρῶ.
2975 2774 3249 2827 Τοσούτου
3269 2774 3375 2828 δέω
3394 2775 3495 2829 τοῦ
3520 2775 3713 2828 τιτῶν

2072 2865 2418 2936 ’ἀνηκέστων
2450 2867 2541 2919 καὶ
2574 2865 2720 2935 ζωῆς
2749 2865 2914 2919 ἑνεκα
2943 2865 3040 2920 καὶ
3074 2849 3241 2934 τίμῆς
3272 2866 3407 2936 περὶ
3446 2866 3542 2918 τὸν
3568 2866 3710 2936 ἑμὸν

2104 2961 2296 3026 κύριον
2345 2957 2441 3010 καὶ
2500 2956 2725 3025 βασιλέα
2777 2955 3035 3024 γενέσθαι
3089 2955 3382 3025 βούλεσθαι
3411 2996 3431 3022 ,
3487 2955 3625 3011 ὥστ’
3658 2958 3710 3008 εί

2106 3050 2424 3120 συμϐέϐηκε
2473 3051 2566 3103 τὸν
2623 3050 2787 3103 αὐτὸν
2844 3047 2999 3119 ξίφος
3052 3044 3127 3111 ὥς
3161 3048 3596 3103 ἀποκτενοῦντά
3642 3065 3709 3117 με

2105 3144 2461 3213 σπασάμενον
2507 3144 2747 3207 ἐπιέναι,
2789 3143 2936 3211 φυγῇ
2980 3140 3083 3209 μὲν
3131 3138 3197 3194 ἂν
3230 3141 3718 3212 ἐπραγματεύσα-

2108 3252 2216 3306 μην
2244 3237 2345 3304 τὴν
2378 3235 2656 3304 σωτηρίαν
2678 3250 2693 3266 ·
2753 3234 2804 3286 εί
2855 3234 2913 3285 δὲ
2962 3233 3197 3302 κώλυμά
3248 3249 3301 3286 τι
3322 3232 3555 3301 μεταξὺ
3584 3231 3718 3303 φεύ-

2105 3342 2257 3394 γοντι
2306 3324 2627 3395 συμϐέϐηκε
2674 3323 2774 3394 τῆς
2824 3323 3027 3392 φυγῆς,
3066 3308 3333 3375 τοσοῦτον
3373 3324 3585 3393 ἀπέχω
3616 3321 3718 3375 τοῦ

2106 3417 2445 3489 συστραφεὶς
2493 3415 2804 3484 ἀμύνεσθαι
2860 3414 3178 3485 βούλεσθαι,
3212 3412 3345 3467 ὥστ’
3372 3414 3718 3485 ἐγκαλυψά-

2108 3523 2289 3577 μενος,
2327 3505 2592 3577 ἑδεχὸμην
2610 3505 2677 3558 ἂν
2703 3507 2832 3577 σιγῇ
2855 3506 2953 3569 τὰς
2970 3505 3213 3574 πληγὰς.
3242 3503 3436 3568 δείσας
3474 3506 3556 3576 μὴ
3580 3505 3722 3576 πρὸς

2105 3603 2315 3655 ἐκεῖνον
2343 3600 2510 3670 ὁρῶν,
2554 3600 2649 3653 καὶ
2684 3593 2797 3651 οἷον
2851 3596 2931 3666 τῷ
2960 3596 3147 3662 πάθέι,
3177 3595 3286 3649 τῶν
3329 3598 3569 3666 φρενῶν
3628 3599 3725 3651 ὲκ·
3787 3635 3802 3652 .

2107 3693 2422 3763 κρουσθεὶς,
2445 3691 2581 3762 πρὸς
2611 3693 2673 3744 τδ
2699 3691 2888 3743 λαϐεῖν
2922 3688 2982 3755 ἑξ
3012 3688 3181 3742 αὐτοῦ
3206 3688 3452 3756 κινηθῶ,
3476 3692 3579 3744 καὶ
3612 3710 3727 3761 μα..

2103 3786 2244 3857 κράν
2266 3784 2574 3857 ἀπορῤίψαι
2605 3784 2666 3836 τὸ
2696 3783 2874 3852 ξίφος,
2904 3781 3096 3851 ἐπειδὴ
3129 3781 3226 3834 καὶ
3251 3781 3419 3836 τοῦτο
3446 3783 3566 3836 τῶν
3597 3783 3731 3836 ἀνό-

2103 3880 2235 3932 σίων
2264 3877 2456 3946 κρίνω,
2487 3874 2614 3929 καθ’
2654 3876 2840 3929 ὅντινα
2877 3872 3085 3940 τρόπον
3111 3873 3303 3943 χεῖρας
3334 3875 3620 3947 ἀνασχεῖν
3642 3874 3730 3945 τῷ

2108 3966 2295 4039 πατρί.
2362 3964 2635 4036 Τοιαύτην
2679 3964 2825 4034 ἐχειν
2885 3962 3118 4032 γνώμην
3164 3961 3295 4032 περὶ
3344 3964 3456 4035 τῆς
3512 3969 3599 4028 εἰς
3631 3967 3726 4020 τὸν

2104 4061 2334 4116 πάππον
2387 4057 2558 4128 τιμῆς
2609 4059 2699 4111 τὸν
2752 4058 2933 4109 πάντα
2994 4055 3281 4125 ἐφορῶντα
3345 4058 3732 4129 μαρτύρομαι

2103 4152 2388 4226 ὀφθαλμὸν
2408 4150 2505 4204 τοῦ
2537 4151 2697 4206 Θεοῦ.
2732 4151 2824 4202 Atii
2853 4148 2918 4220 δὴ
2946 4149 3044 4202 καὶ
3067 4149 3212 4219 ὑμᾶς
3238 4147 3520 4219 βούλομαι
3542 4150 3733 4214 οὕτως

2105 4249 2253 4320 ἔχειν
2282 4245 2472 4315 σαφῶς
2514 4243 2867 4309 πεισθέντας,
2903 4241 3115 4313 μηδένα
3142 4241 3276 4311 περ).
3300 4243 3519 4296 τούτου
3556 4244 3735 4314 λόγον

2107 4340 2303 4400 κινεῖν,
2359 4337 2497 4408 μηδὲ
2558 4334 2916 4406 μεταπείθειν
2947 4334 3298 4414 νὲπιχειρεῖν·
3335 4333 3549 4389 ἔσεσθε
3615 4337 3737 4407 γὰρ

2107 4431 2373 4503 ὴνυκύτες
2420 4428 2586 4482 πλέον
2643 4428 2821 4483 οὐδέν.
2860 4427 2921 4481 Et
2972 4426 3074 4496 μὲν
3118 4423 3214 4479 οῦν
3267 4426 3583 4499 ἐθελήσετε
3618 4430 3739 4485 τῶν

2110 4522 2172 4588 ἑξ
2201 4521 2378 4592 ἀρχῆς
2405 4521 2657 4591 ἐχόμενοι
2688 4517 2994 4586 λογισμῶν,
3036 4516 3138 4587 τὴν
3168 4517 3460 4588 σωτηρίαν
3500 4522 3741 4583 ἑαυτοῖς

2114 4612 2512 4685 ποριζομένους
2532 4610 2681 4682 φυγῇ
2716 4609 2811 4664 τὸν
2841 4607 3201 4678 ὑφορώμενον
3240 4607 3507 4665 κίνδυνον
3559 4611 3745 4667 διαδι-

419 4707 487 4761 ad
534 4719 828 4760 numerum
878 4711 1125 4757 vestrum
1173 4714 1260 4757 me
1308 4712 1567 4770 aggrego,
1608 4711 1710 4750 nec
1731 4695 2002 4751 discrimi-

2108 4706 2390 4777 δράσκειν,
2422 4699 2485 4757 εὖ
2509 4702 2577 4758 ἃν
2601 4701 2714 4773 ἔχοι
2733 4743 2749 4767 ,
2778 4701 2875 4754 καὶ
2893 4700 2992 4771 τὴν
3019 4700 3316 4753 κοινωνίαν
3336 4701 3523 4767 αὐτὸς
3551 4704 3747 4758 ἀσπά.

418 4813 552 4853 num
607 4794 1055 4852 communionem
1090 4808 1308 4848 recuso.
1343 4792 1443 4847 Sin
1471 4800 1657 4846 autem
1683 4790 1799 4852 illa,
1838 4798 1900 4845 ut
1937 4798 2002 4844 ex

2110 4796 2279 4868 ζομαι
2298 4798 2397 4866 τὴν
2421 4794 2717 4863 ὑμετέραν,
2753 4791 2851 4846 καὶ
2881 4790 3326 4858 συγκινδυνεύειν
3354 4790 3505 4861 ὑμῖν
3541 4795 3748 4866 αἱροῦ-

420 4889 717 4945 timiditate
761 4896 819 4943 et
848 4886 1068 4958 ignavia
1104 4884 1350 4954 profecta
1378 4874 1781 4954 improbantes,
1827 4885 1882 4936 in
1917 4896 2002 4937 se-

2115 4905 2216 4959 μαι
2241 4905 2256 4919 ·
2314 4891 2364 4941 εί
2391 4887 2448 4940 δὲ
2476 4887 2579 4956 τῆς
2626 4883 2907 4955 προτέρας
2960 4881 3232 4951 ἀτολμίαν
3276 4881 3373 4936 καὶ
3411 4884 3749 4957 ἀνανδρίαν

417 4982 616 5038 cundis
656 4982 916 5053 cogitatis
944 4981 1095 5035 nulla
1132 4979 1460 5049 interposita
1493 4976 1840 5032 dubitatione
1874 4989 2002 5030 con-

2110 4980 2476 5050 καταγνόντες
2538 4978 2757 5049 βουλῆς,
2801 4974 3070 5049 ἐμμένειν
3108 4973 3372 5045 ἀσφαλῶς
3409 4979 3749 5049 κεκρίκατε

419 5077 618 5131 sistere
650 5073 1001 5138 decrevistis,
1026 5088 1091 5128 ac
1118 5088 1204 5127 me
1232 5070 1288 5126 in
1319 5071 1428 5126 alia
1450 5069 1635 5125 omnia
1657 5068 2002 5134 discedente,

2106 5076 2221 5137 τοῖς
2270 5071 2547 5142 δευτέροις
2572 5110 2587 5135 ,
2632 5068 2708 5142 μὴ
2758 5068 3090 5139 πειθομένου
3127 5066 3172 5122 δ’
3202 5067 3363 5138 ἐμοῦ,
3400 5068 3534 5122 οὐδ’
3574 5073 3751 5125 αὐτοὶ

423 5181 542 5231 vos,
564 5181 687 5236 qua:
725 5165 859 5220 mihi
891 5165 1109 5235 placent
1156 5163 1303 5219 haud
1329 5163 1616 5232 profutura
1649 5162 1873 5227 ducitis,
1903 5175 2002 5231 ego

2108 5165 2415 5220 λυσ.τελεῖν
2449 5164 2664 5225 ἑαυτοῖς
2709 5161 2861 5230 ειπερ
2883 5158 2996 5230 ἑγὼ
3022 5159 3287 5231 βούλομαι
3313 5158 3591 5228 ἡγεῖσθε,
3630 5161 3755 5232 ἑγὼ

421 5275 557 5315 sane
620 5258 937 5329 hujusmodi
999 5257 1270 5312 factorum
1323 5255 1664 5310 consortium
1719 5267 2002 5324 nunquam

2114 5257 2213 5328 μὲν
2235 5258 2345 5310 τῶν
2370 5256 2631 5309 τοιούτων
2658 5254 2842 5325 ἔργων
2872 5255 3155 5308 κοινωνεῖν
3185 5252 3315 5322 ὑμῖν
3345 5251 3457 5305 οὐκ
3490 5253 3567 5307 ἂν
3603 5255 3759 5308 ἑλοί-

419 5355 728 5426 cupiverim
783 5368 799 5407 :
857 5368 956 5408 vos
987 5367 1109 5424 quae
1144 5350 1439 5407 securitati
1468 5358 1665 5406 vestrae
1695 5348 2002 5404 conducere

2114 5362 2226 5418 μην
2260 5347 2413 5401 ποτέ.
2434 5346 2625 5419 ,Ὑμᾶς
2655 5346 2713 5400 δὲ
2741 5346 2802 5399 τὸ
2824 5347 3030 5398 οἰκεῖον
3060 5343 3306 5413 ἀσφαλὲς
3336 5341 3542 5408 ἔξεστι
3581 5363 3762 5417 περι-

419 5449 672 5512 creditis,
700 5446 961 5515 quoniam
996 5454 1240 5514 potestas
1277 5454 1383 5506 est,
1426 5441 1854 5511 amplectimini.
1894 5441 2002 5494 Deo

2112 5440 2412 5507 σώζοντας,
2448 5438 2487 5494 ἀ
2513 5440 2815 5510 συμφέρειν
2843 5436 2976 5508 ὑμῖν
3014 5436 3194 5489 οἴεσθε
3243 5434 3511 5491 ἑλέσθαι..
3552 5439 3759 5511 Χάριν

1696 5577 1918 5641 Jacobi
1948 5578 2214 5641 Pontani
2252 5585 2442 5641 nolle.

489 5707 606 5778 (92)
646 5704 907 5778 Salomon
962 5717 1046 5762 est
1098 5708 1224 5773 ists,
1288 5708 1554 5764 Proverb.
1622 5723 1745 5776 cap.
1815 5723 1877 5777 tt,
1915 5705 2007 5778 24.

418 5777 585 5848 Vides
627 5777 1093 5846 quemadmodum
1160 5790 1348 5848 tangat
1407 5794 1596 5833 sacras
1644 5777 2009 5847 Scripturas?

419 5847 551 5903 Nam
580 5864 606 5904 ε
635 5854 817 5901 nostra
839 5850 963 5906 ovili
990 5860 1094 5921 est,
1122 5854 1185 5905 ὲκ
1213 5847 1312 5921 τῆς
1339 5850 1613 5920 ἡμετέρας
1641 5848 1832 5918 αὐλῆς,
1863 5847 2010 5921 apud

2118 5707 2392 5762 Joannem
2421 5720 2547 5774 cap.
2580 5719 2635 5759 ι.
2669 5701 2932 5758 Salomon
2959 5707 3044 5755 est
3065 5686 3145 5754 δι’
3165 5705 3355 5774 nostro
3393 5695 3585 5774 ovili,
3616 5698 3766 5769 quia

2124 5780 2296 5832 Deum
2352 5769 2583 5839 veruin,‘
2615 5787 2777 5843 quem
2823 5769 3327 5843 nosagnoscimus
3358 5774 3428 5822 et
3466 5769 3770 5838 colimus,

2121 5848 2237 5918 ipse
2272 5860 2494 5917 quoque
2527 5842 2752 5915 agnovit
2787 5852 2845 5899 et
2875 5842 3072 5898 coluit.
