3962 6462
289 443 382 507 109

1461 435 2016 502 HISTORIARUM
2051 432 2286 496 LIBER
2324 430 2370 493 Ι.

3447 423 3549 490 120

276 556 331 609 δὲ
358 553 559 624 πολλὴν
581 553 835 625 ὁμολογῶ
873 554 952 625 τῷ
982 552 1122 624 Θεῷ,
1153 554 1232 608 ὅτι
1269 552 1366 622 τῆς
1393 555 1471 615 εἰς
1507 552 1609 623 ἐμὲ
1641 550 1854 612 εὐνοίας

1972 545 2275 617 singulares
2317 558 2419 611 ago
2470 539 2694 613 gratias,
2735 539 2883 611 quod
2923 554 3097 623 usque
3127 537 3194 596 ad
3233 539 3372 594 lianc
3405 538 3552 594 diem

276 648 423 702 οῦδὲν
444 646 659 701 οὐδέπω
683 650 781 701 καὶ
806 647 904 702 νῦν
932 648 1062 718 ὑμῖν
1099 648 1384 717 ἀπήντηκε
1412 644 1521 699 τῶν
1550 645 1855 719 δυσχερῶν,

276 740 396 793 οῦδὲ
416 739 548 809 περὶ
571 732 648 792 ὧν
677 736 1123 808 ἐϐουλευσάμεθα
1154 735 1455 804 κατάδηλον
1485 735 1641 788 οὐδὲν
1697 734 1863 801 γέγοο

278 850 369 886 νεν
394 832 573 885 οὐδενὶ
601 832 745 902 πλὴν
764 830 946 901 ὑμῶν.
977 829 1125 897 Ἐγὼ
1143 830 1198 883 δὲ
1225 828 1300 893 ὡς
1334 828 1400 882 ἂν
1429 825 1537 891 οἷός
1572 844 1631 880 τε
1666 820 1733 887 ὦ,
1766 826 1859 878 καὶ

275 924 353 988 ὡς
376 923 444 976 ἃν
473 926 500 977 δ
548 923 682 987 Θεὸς
713 921 861 993 διδῷ,
889 923 982 975 τὸν
1011 920 1151 991 ὑπὲρ
1185 918 1425 987 ἐμαυτοῦ
1455 919 1704 972 κίνδυνον
1743 918 1861 971 δια-

278 1015 629 1084 κυϐερνήσω.
666 1013 796 1067 Οἶδα
845 1012 945 1084 μὲν
972 1008 1067 1066 οῦν
1117 1013 1193 1076 ὡς
1220 1012 1287 1064 ἂν
1317 1010 1499 1081 συμϐῇ
1552 1009 1862 1079 μαχόμενόν

279 1123 348 1176 με
375 1108 585 1171 πεσεῖν,
626 1105 794 1157 πολλὰ
839 1106 937 1175 μὲν
956 1104 1360 1176 ὲπιθρηνήσετε
1392 1101 1655 1173 κειμένῳ,
1694 1101 1863 1154 πολλὰ

279 1198 335 1250 δὲ
368 1195 634 1257 πολλάκις
676 1194 1084 1247 ἀνακλαύσεσθε
1123 1194 1217 1247 τὸν
1273 1192 1447 1263 φίλον,
1492 1195 1539 1244 εἰ
1583 1193 1645 1261 δή
1680 1209 1732 1245 τι
1767 1193 1864 1245 καὶ

282 1286 507 1357 μνήμης
561 1286 713 1351 ἄξιον
765 1284 1148 1354 ἐνεδειξάμεθα
1174 1284 1357 1352 φιλίας
1388 1287 1467 1347 είς
1514 1285 1680 1353 ὑμᾶς.
1719 1284 1780 1336 Ei
1818 1283 1863 1336 δ’

281 1379 361 1431 ἔτι
396 1381 645 1446 περιόντι
687 1377 849 1432 πάλιν
882 1378 1171 1448 ἐθελήσετε
1205 1376 1550 1447 προσελθεῖν,
1591 1374 1865 1446 μηδαμῶς

281 1472 413 1540 ὑμῖν
438 1473 700 1542 ἑμπᾶδιον
728 1471 784 1523 τὸ
815 1471 909 1524 νῦν
937 1472 1083 1542 ἡμᾶς
1117 1469 1451 1541 χωρίζεσθαι
1499 1470 1862 1538 καταστήτωο

279 1565 545 1632 suptus“
570 1567 679 1635 γὰρ
718 1564 807 1617 ἀεὶ
822 1562 915 1615 τὸν
940 1563 1106 1616 αὐτὸν
1134 1562 1264 1616 ὄντα
1297 1563 1391 1615 καὶ
1416 1560 1647 1626 φιλικῶς
1673 1559 1864 1630 ὥσπερ

281 1657 379 1711 καὶ
423 1655 521 1707 νῦν
571 1656 918 1725 διακείμενον
977 1655 1108 1726 πρὸς
1168 1655 1333 1726 ὑμᾶς.
1373 1655 1461 1727 Μὴ
1498 1655 1760 1725 νομίσητε
1803 1653 1865 1707 δὲ

284 1746 386 1815 ἓμὶ
420 1747 559 1815 μήτε
614 1746 835 1808 ἀλύπως
870 1744 965 1798 ἐπὶ
1000 1747 1079 1816 τῷ
1130 1745 1401 1817 χωρισμῷ
1453 1744 1610 1816 ὑμῶν
1662 1745 1867 1799 διακεῖ-

284 1841 433 1904 σθαι,
469 1838 596 1909 μήθ’
623 1838 697 1902 ὥς
736 1838 831 1893 τοῦ
884 1839 1113 1911 μηδενὸς
1149 1839 1338 1904 ἀξίους
1389 1841 1536 1910 ὑμᾶς
1588 1837 1766 1902 οὕτως
1801 1840 1867 1891 ὲκ

1964 636 2101 691 nulli
2132 644 2378 690 vestrum
2412 648 2508 686 sua
2537 632 2590 685 in
2625 646 2712 685 me
2740 622 3032 685 inclinatio
3054 630 3361 685 voluntatis
3384 629 3552 699 ηιιὶεΙ-

1962 743 2128 798 quam
2178 726 2390 782 creavit
2440 722 2779 779 incommodi
2826 740 2841 778 :
2895 737 3076 791 neque
3119 729 3274 775 extra
3322 736 3420 774 vos
3458 721 3554 775 ulli

1964 820 2284 875 mortalium
2332 827 2648 873 nostrarum
2702 814 3177 870 consultationum
3226 828 3428 868 arcana
3467 830 3560 883 pa-

1966 912 2165 968 tefacta
2215 920 2364 966 sunt.
2416 910 2575 979 Quod
2625 909 2691 963 ad
2744 924 2833 962 me
2880 907 3102 972 attinet,
3151 915 3213 961 ut
3249 915 3467 976 potero,
3504 918 3562 961 et

1964 1012 2027 1057 ut
2076 1005 2218 1058 Deus
2264 1003 2547 1060 annuet-it,
2592 1001 2644 1055 iu
2697 998 2946 1070 periculo
2992 1013 3117 1053 meo
3172 1015 3261 1055 me
3289 999 3559 1054 trartabo.

1966 1094 2238 1166 Equidem
2275 1110 2387 1149 non
2421 1097 2635 1165 ignoro,
2669 1091 2715 1146 si
2762 1093 2817 1145 in
2848 1107 3029 1161 pugna
3082 1093 3424 1155 occubuere,
3457 1091 3566 1163 34

1964 1201 2067 1241 vos
2117 1186 2283 1241 morti
2328 1200 2466 1247 mete
2508 1183 2950 1254 iltacrymaturos
2983 1181 3216 1249 aﬂ'atim,
3250 1180 3564 1253 frequenti-

1966 1292 2076 1348 que
2120 1293 2185 1332 ac
2220 1277 2388 1347 longo
2431 1275 2563 1331 lletu
2603 1275 2843 1330 amicum
2876 1283 3292 1343 prosecuturos,
3326 1275 3372 1330 si
3398 1275 3566 1328 modo

1968 1370 2191 1441 aliquod
2219 1370 2480 1425 amicitia:
2512 1371 2770 1422 meritum
2812 1368 3078 1421 memoria
3101 1367 3247 1421 haud
3276 1367 3562 1438 indignum

1970 1464 2026 1518 in
2065 1479 2164 1519 vos
2192 1462 2484 1518 collocavi.
2513 1462 2670 1524 Quod
2705 1461 2750 1515 si
2781 1461 2850 1515 ad
2881 1460 3234 1530 superstitem
3252 1461 3440 1515 denuo
3466 1478 3565 1515 vos

1965 1555 2270 1627 adiungere
2333 1555 2645 1620 volueritis,
2702 1571 2812 1611 non
2862 1555 2972 1610 erit
3018 1554 3131 1609 ullo
3163 1554 3565 1624 impedimeno

1964 1646 2076 1702 ista
2118 1663 2241 1717 quae
2277 1662 2429 1701 nunc
2470 1646 2531 1702 lit
2574 1648 2720 1701 inter
2768 1663 2870 1702 nos
2903 1647 3227 1702 dissociatio
3259 1666 3271 1700 :
3302 1648 3561 1702 eumdem

1967 1740 2176 1810 quippe
2221 1755 2308 1795 me
2347 1754 2590 1810 semper,
2640 1748 2806 1810 atque
2870 1749 2933 1794 ut
2971 1755 3141 1806 nunc,
3173 1740 3343 1794 vestri
3377 1755 3571 1795 aman.

1966 1842 2079 1888 tem
2117 1833 2433 1889 invenietis.
2466 1833 2545 1888 Ne
2570 1848 2708 1889 vero
2747 1831 3122 1897 arbitremini,
3173 1841 3270 1887 aut
3310 1833 3454 1887 hanc
3485 1849 3571 1888 se-
3670 1876 3672 1879 τ

286 1931 381 1986 τοῦ
401 1933 721 2003 παραυτίκα
750 1932 1113 1990 ἀπωθεῖσθαι.
1149 1932 1246 1998 Ἐξ
1271 1934 1397 1987 ὅτου
1430 1934 1541 2002 γὰρ
1574 1932 1705 2004 περὶ
1748 1931 1863 1985 τῶν

1972 1925 2315 1995 paratiouem
2339 1925 2475 1979 milii
2513 1939 2623 1980 non
2657 1925 2950 1981 molestam
2980 1925 3263 1989 accidere,
3310 1935 3410 1981 aut
3444 1940 3570 1992 vos,

284 2023 546 2078 τοιούτων
574 2024 830 2096 ἠρξάμην
887 2025 1112 2094 λέγειν,
1170 2025 1386 2079 πολλῶν
1438 2027 1541 2096 τὴν
1580 2022 1868 2079 διάστασιν

282 2116 444 2186 ὑμῶν
475 2117 674 2171 ἐννοῶν
704 2117 1036 2186 αἰσθάνομαι
1064 2117 1175 2170 τῶν
1206 2116 1521 2187 ἀλγηδόνων
1541 2131 1555 2147 ·
1590 2112 1711 2171 οἴδα
1742 2116 1787 2170 δ’
1808 2118 1869 2170 ἐν

282 2211 361 2279 τῷ
390 2213 533 2280 μετὰ
558 2208 729 2265 ταῦτα
759 2212 850 2265 καὶ
877 2211 1142 2264 πλειόνων
1171 2211 1573 2282 αίσθησόμενος
1616 2211 1714 2264 καὶ
1740 2225 1871 2279 σφο-

285 2304 586 2374 δροτέρων.
609 2305 800 2374 Φέρειν
822 2304 880 2357 δὲ
910 2303 1147 2374 ἀνάγκη,
1178 2304 1288 2356 τῶν
1319 2304 1662 2373 πραγμάτων
1691 2305 1869 2373 ἀσυμ-

281 2393 467 2457 ϐάτως
496 2396 747 2466 ἑχόντων.
784 2395 845 2447 Εἰ
881 2397 980 2466 μὲν
1007 2390 1122 2458 οὖν,
1148 2394 1341 2467 ὥσπερ
1363 2390 1541 2458 εἷπον,
1576 2395 1867 2466 ἐθελήσετε

286 2485 395 2539 τῶν
424 2487 712 2557 προτέρων
743 2488 1040 2558 ἐχομένους
1083 2480 1398 2558 λογισμῶν,
1434 2488 1578 2559 ὑπὲρ
1634 2489 1735 2558 μὲν
1768 2486 1870 2559 τῆς

287 2580 565 2649 ἡμετέρας
596 2580 869 2649 σωτηρίας
905 2581 1218 2653 φροντίσαι,
1256 2580 1423 2652 μηδὲν
1443 2580 1501 2633 δὲ
1540 2581 1684 2633 κατὰ
1719 2580 1874 2650 βασι-

291 2672 426 2734 λέως
447 2671 841 2742 βουλεύσασθαι
869 2672 978 2725 τῶν
1000 2671 1332 2737 ἁπεικότων,
1361 2675 1455 2726 καὶ
1483 2672 1584 2742 ἐμὲ
1611 2672 1870 2724 κοινωνὸν

288 2764 438 2829 ἔξιτε
487 2762 601 2817 τῶν
657 2764 1051 2834 πραττομένων
1072 2781 1088 2796 ·
1142 2765 1193 2817 εί
1223 2763 1269 2816 δ’
1290 2764 1503 2834 ἑτέρως
1535 2764 1666 2833 ὑμῖν
1699 2762 1870 2824 δοκεῖ,

283 2860 443 2913 οὐδὲν
470 2858 601 2913 ἄλλο
623 2857 830 2922 λοιπὸν,
863 2857 896 2927 ἦ
930 2857 1103 2913 πολλὰ
1127 2859 1225 2928 τῆς
1252 2858 1332 2920 είς
1364 2858 1465 2928 ἐμὲ
1488 2855 1675 2925 φιλίας
1709 2857 1875 2909 ἑπευ-

288 2951 524 3021 ξιὶμινον
550 2951 751 3018 ἀγαθὰ,
787 2950 908 3003 καθ’
940 2950 1135 3003 ἑαυτὸν
1161 2951 1196 3004 ἃ
1228 2967 1319 3021 μοι
1351 2948 1494 3002 δοκῶ
1520 2949 1874 3019 συμφέροντα

286 3044 580 3115 πράττειν.
612 3041 854 3096 Τοιαῦτα
885 3043 978 3095 καὶ
1031 3042 1127 3096 τοῦ
1161 3041 1429 3113 βασιλέως
1477 3041 1745 3105 εἰπόντος,
1781 3042 1875 3095 ἐπὶ

286 3135 426 3189 πολῦ
454 3135 555 3205 μὲν
591 3135 722 3204 πρὸς
751 3134 1012 3205 ἀλλήλους
1045 3133 1254 3205 ἑώρων,
1279 3135 1339 3186 τὸ
1366 3137 1468 3205 τῆς
1483 3132 1711 3205 γνώμης
1737 3133 1874 3188 θαυ-

295 3229 565 3296 μάζοντες
594 3229 689 3281 ἐπὶ
722 3226 793 3279 τὰ
820 3227 961 3280 καλὰ
996 3226 1252 3298 βεϐηκὸς,
1289 3226 1365 3290 ὣς
1395 3226 1562 3297 μηδὲν
1593 3226 1694 3296 τῆς
1733 3226 1874 3304 πρὸς

287 3321 385 3373 τδν
417 3319 644 3388 βασιλέα
666 3320 760 3372 καὶ
794 3321 1021 3373 πάππον
1055 3319 1239 3383 αἰδοῦς
1267 3319 1505 3388 ὑφεῖναι,
1541 3320 1721 3373 καίτοι
1746 3321 1875 3374 πολ-

288 3412 402 3470 λοῖς
434 3409 601 3473 αὑτὸν
642 3412 766 3474 ιτοῑς
794 3408 1059 3463 λυποῦσιν
1089 3407 1480 3479 ἀμειϐομένου.
1515 3404 1633 3462 Εἶθ’
1654 3409 1689 3462 ὀ
1721 3424 1874 3481 πρω-

289 3502 614 3571 τοσεράτωρ
659 3501 991 3571 ἀπεκρίνατο
1038 3500 1291 3555 τοιαῦταο
1335 3496 1599 3572 Ἢμῖν,,ὧ
1625 3501 1871 3572 βασιλεῦ,

288 3593 658 3663 τδσυμφέρον
687 3592 770 3645 σοί
813 3609 874 3646 τε
925 3594 1019 3647 καὶ
1067 3595 1202 3666 ἡμῖν
1240 3594 1431 3658 αὐτοῖς
1467 3591 1786 3656 σκοποῦσιν,
1836 3590 1874 3645 ἃ

288 3684 596 3739 λυσιτελεῖν
616 3683 930 3757 ἐδοκοῦμεν,
979 3685 1388 3758 ἐφθεγξάμεθα.
1428 3687 1497 3739 ’Δ
1523 3686 1580 3740 δὲ
1616 3687 1747 3757 περὶ
1773 3685 1874 3756 βα-

292 3778 489 3837 σιλέως
536 3776 937 3848 ἐφθεγξάμεθα,
990 3779 1089 3832 οὐκ
1139 3779 1275 3834 αὐτὸ
1321 3778 1482 3833 τοῦτο
1525 3779 1687 3850 μόνον
1721 3778 1874 3842 ὅπως

294 3870 467 3923 κακόν
520 3884 575 3922 τι
638 3870 798 3923 πάθοι
855 3873 1188 3935 σκοποῦντες
1233 3871 1701 3943 ἐϐουλευσάμεθα,
1756 3872 1871 3926 dux

293 3962 445 4023 ὅπως
474 3962 550 4033 μὴ
576 3963 720 4031 μετὰ
769 3964 831 4015 τὸ
875 3963 1130 4035 φανερῶς
1159 3964 1242 4028 είς
1278 3964 1371 4017 τὸν
1419 3964 1660 4034 πόλεμον
1703 3979 1875 4016 κατα-

297 4055 515 4123 στῆναι,
546 4056 630 4118 τὶς
658 4055 1000 4110 ὑπολείποιτο
1028 4055 1167 4127 μετὰ
1205 4055 1301 4111 σοῦ
1333 4055 1631 4128 προσδοκία
1650 4055 1831 4110 δεινοῦ
1855 4070 1869 4086 ⁸

296 4147 459 4201 τοῦτο
492 4148 602 4219 γὰρ
658 4149 805 4218 ἡμῖν
826 4148 956 4219 περὶ
1002 4134 1266 4201 πλείστου
1303 4148 1626 4201 σκοπεῑται·
1663 4147 1787 4200 ἐπεὶ
1824 4147 1873 4199 δ’

246 4236 253 4241 ’
294 4240 373 4304 ὡς
430 4241 743 4309 ⁴ίικιδύσιιμεν
785 4241 886 4312 τῇς
945 4242 1029 4305 είς
1081 4242 1176 4295 τὸν
1228 4241 1452 4312 βασιλέα
1502 4243 1598 4296 καὶ
1645 4242 1874 4296 πάππον

294 4330 596 4401 ἀσφαλείας
624 4344 685 4383 τε
713 4333 809 4384 καὶ
843 4335 1008 4403 τιμῆς
1038 4333 1138 4403 τὴν
1182 4335 1398 4387 οίκείαν
1450 4334 1732 4405 σωτηρίαν
1776 4333 1873 4386 καὶ

297 4423 597 4490 ἀσφάλειαν
625 4424 684 4476 ἐν
714 4423 952 4495 δευτέρῳ
975 4426 1191 4498 λογίζῃ,
1220 4425 1530 4498 θαυμάζειν
1562 4427 1663 4497 μὲν
1691 4427 1871 4480 ἔπεισι

297 4514 396 4583 τῆς
427 4512 828 4585 μεγαλοψυχίας
874 4517 969 4569 καὶ
990 4517 1084 4585 τῆς
1108 4517 1479 4589 δικαιοσύνης,
1504 4519 1792 4573 πείθεσθαι
1813 4518 1871 4573 δὲ

1967 2036 2074 2077 ceu
2125 2019 2383 2075 homines
2422 2017 2584 2073 nauci
2629 2034 2659 2073 a
2694 2033 2785 2073 me
2832 2017 2988 2090 rejici
3035 2018 3091 2072 in
3127 2018 3444 2090 praesentia.
3491 2017 3569 2073 Ex

1971 2131 2082 2185 qno
2129 2115 2279 2170 enim
2307 2114 2457 2168 hunc
2486 2128 2801 2168 sermonem
2850 2128 3014 2168 orsus
3062 2128 3208 2182 sum,
3245 2130 3313 2170 ex
3357 2114 3567 2185 cogita.

1972 2210 2123 2264 tione
2177 2208 2560 2264 distractionis
2596 2215 2800 2263 nostra:
2836 2207 3125 2267 doloribus
3156 2211 3348 2265 multis
3379 2227 3573 2265 cumu-

1970 2297 2119 2353 latus
2148 2305 2234 2353 est
2262 2296 2399 2351 mihi
2432 2297 2653 2352 animus
2682 2313 2695 2351 ς
2731 2299 2835 2354 etsi
2890 2314 2977 2356 me
3005 2301 3061 2354 in
3093 2310 3376 2370 posterum
3407 2302 3566 2371 plura

1971 2390 2444 2445 etvehementius
2474 2389 2777 2445 doliturum
2810 2393 3006 2447 sciam.
3042 2391 3148 2446 Sed
3181 2393 3443 2461 quoniam
3481 2408 3572 2448 res

1975 2481 2031 2536 in
2083 2480 2447 2551 tranquillum
2486 2480 2729 2536 conferri
2784 2498 2894 2537 non
2934 2492 3207 2554 possunt,
3245 2484 3392 2555 quod
3424 2484 3573 2539 ferte

1974 2583 2215 2644 oportet,
2248 2573 2513 2630 feramus.
2540 2575 2689 2647 Ergo
2720 2575 2790 2640 si,
2828 2587 2891 2631 ut
2923 2577 3202 2644 dicebam,
3234 2579 3567 2650 antegressis

1974 2669 2413 2740 cogitationibus
2456 2669 2822 2734 insistentes,
2864 2671 3030 2727 saluti
3082 2683 3288 2727 nostrae
3344 2675 3564 2744 prospi—

1974 2775 2102 2815 cere
2127 2801 2143 2826 ,
2189 2768 2247 2814 et
2297 2760 2564 2816 adversus
2595 2776 2758 2816 avum
2788 2762 2931 2816 nihil
2971 2763 3373 2819 inconveniens
3400 2764 3572 2819 medi-

1977 2851 2078 2906 tari
2127 2851 2508 2919 institueritis,
2557 2853 2726 2909 rebus
2758 2854 2998 2923 agundis
3026 2859 3287 2912 comitem
3328 2874 3415 2914 me
3441 2874 3575 2928 pro-

1974 2940 2176 2997 ﬁtebor
2219 2959 2234 2996 :
2277 2943 2365 2998 sin
2409 2944 2516 2998 alia
2584 2946 2746 3000 vobis
2808 2963 2986 3014 mens,
3043 2948 3150 3004 hoc
3204 2965 3378 3004 unum
3406 2952 3578 3005 relin-

1975 3037 2186 3107 quitur,
2245 3046 2305 3091 ut
2337 3037 2510 3092 multa
2540 3024 2784 3093 bona‘ob
2815 3040 3150 3095 declaratam
3191 3042 3246 3097 in
3283 3058 3369 3096 me
3400 3044 3577 3100 bene-

1975 3128 2277 3183 volentiam
2323 3128 2487 3185 vobis
2518 3144 2547 3184 a
2579 3130 2689 3185 Deo
2727 3141 3010 3202 precatus,
3042 3133 3160 3203 ipse
3199 3135 3337 3189 mihi
3367 3137 3432 3191 ad
3465 3138 3575 3192 uti-

1976 3221 2188 3285 litatem
2219 3235 2403 3276 meam
2438 3237 2671 3293 promus
2694 3223 2913 3280 condus
2946 3224 3097 3280 tiam.
3142 3225 3237 3284 llis
3259 3229 3467 3284 auditis
3492 3230 3574 3286 illi

1976 3314 2073 3368 diu
2114 3313 2261 3371 inter
2298 3329 2358 3371 se
2392 3316 2661 3386 aspicere,
2701 3324 2758 3372 et
2800 3317 3065 3374 admirari
3100 3318 3383 3391 ingenium
3405 3322 3574 3393 juve-

1981 3408 2092 3471 nis,
2120 3407 2262 3463 adeo
2291 3407 2359 3462 ad
2398 3407 2744 3464 honestatem
2782 3411 3107 3480 grassantis,
3150 3423 3213 3468 ut
3265 3413 3334 3468 de
3360 3416 3575 3485 pudore

1979 3509 2037 3554 et
2088 3500 2402 3556 reverentia
2432 3515 2575 3571 ,erga
2607 3515 2772 3555 avum
2805 3502 2946 3557 nihil
2980 3502 3343 3577 diminueret,
3380 3523 3579 3578 quam-

1977 3592 2062 3647 vis
2096 3590 2188 3647 ille
2235 3592 2413 3647 tristia
2450 3593 2625 3649 multa
2674 3596 3050 3652 remetiretur.
3088 3599 3221 3653 Dein
3267 3610 3573 3669 protostra-

1979 3694 2067 3741 tor
2108 3687 2191 3743 sic
2233 3687 2430 3758 incipit
2463 3706 2476 3743 :
2515 3688 2647 3752 Nos,
2688 3689 3019 3759 imperator,
3046 3691 3117 3748 de
3153 3692 3263 3749 tuis
3284 3703 3449 3764 atjue
3477 3710 3577 3750 ιιο-

1977 3780 2109 3836 stris
2130 3781 2440 3836 commodis
2468 3781 2712 3848 solliciti,
2738 3799 2862 3854 qua
2887 3800 2955 3840 eo
2989 3785 3172 3842 facere
3208 3789 3567 3858 putabamus,

1976 3873 2400 3930 edisset-nimus.
2426 3874 2583 3942 Quod
2618 3884 2807 3932 autem
2840 3877 2911 3934 de
2934 3894 3037 3934 avo
3063 3882 3475 3947 consuluimus,
3515 3885 3570 3939 in

1978 3982 2046 4023 eo
2096 3982 2209 4022 non
2258 3967 2366 4023 hoc
2414 3984 2584 4024 unum
2617 3971 3015 4041 spectavimus,
3042 3983 3103 4027 ut
3135 3974 3282 4035 malo
3308 3977 3576 4032 multare-

1978 4065 2090 4124 tur,
2136 4073 2331 4114 verum
2383 4067 2442 4113 ut
2488 4075 2558 4115 ne
2614 4060 2683 4115 ad
2732 4060 2937 4116 bellum
2980 4073 3234 4135 apertum
3261 4067 3575 4135 veniretur,

1978 4164 2187 4225 tuoque
2242 4156 2409 4225 capiti
2460 4172 2622 4212 casus
2666 4157 2870 4227 aliquis
2906 4162 3135 4230 gravior
3170 4161 3522 4232 impenderet
3556 4182 3572 4220 :

1976 4245 2030 4303 id
2068 4247 2225 4302 enim
2271 4256 2384 4311 est,
2442 4247 2590 4317 quod
2631 4249 2882 4303 omnium
2932 4251 3165 4306 minime
3209 4255 3468 4311 velimus.
3507 4256 3577 4309 Et

1975 4352 2101 4392 cum
2155 4339 2509 4394 securitatem
2562 4340 2947 4412 honoremque
2990 4344 3078 4397 avi
3120 4352 3243 4417 tua:
3272 4347 3434 4402 saluti
3490 4349 3576 4404 in-

1975 4429 2396 4503 colutnitatique
2443 4432 2724 4504 praeferas,
2765 4436 2912 4505 quod
2975 4436 3377 4504 intelletimus.
3422 4444 3577 4498 subit

1974 4540 2078 4579 nos
2124 4524 2291 4597 hujus
2343 4525 2817 4597 magnanimitatis
2863 4539 2918 4584 et
2952 4529 3186 4602 iustitiae
3246 4532 3570 4596 admiratio.

294 4600 377 4669 οἷς
406 4607 475 4659 ἂν
507 4605 714 4677 ἐθέλῃς,
751 4608 844 4659 κα).
901 4606 1076 4661 ταῦτα
1127 4607 1372 4679 νομίζειν
1414 4610 1511 4665 καὶ
1556 4612 1745 4664 δίκαια
1775 4610 1869 4664 καὶ

1975 4627 2033 4673 et
2076 4632 2201 4688 qum
2244 4619 2397 4674 voles
2450 4622 2860 4690 praestabimus,
2897 4600 3162 4695 iustaque
3209 4635 3265 4680 et
3297 4627 3450 4681 utilia
3480 4637 3577 4683 tuo

299 4700 671 4769 συμφέροντα,
708 4697 851 4770 ἅπερ
872 4699 947 4753 ἂν
973 4702 1072 4754 καὶ
1104 4702 1186 4755 σοὶ
1214 4703 1467 4773 συνδοκῇ.
1504 4703 1566 4757 Et
1606 4703 1662 4756 δέ
1693 4719 1745 4755 τι
1774 4703 1871 4755 καὶ

296 4790 565 4861 πρότερον
586 4788 944 4861 διηνέχθημεν
972 4793 1101 4863 περὶ
1149 4793 1274 4856 τοὺς
1312 4793 1526 4862 λόγους,
1560 4796 1661 4848 οὐκ
1706 4794 1873 4864 ἀλλή-

296 4880 409 4945 λοις
439 4883 659 4935 ἐναντία
717 4882 1117 4953 βουλευόμενοι,
1174 4884 1291 4938 ἀλλ’
1341 4887 1495 4949 ὅπως
1548 4887 1714 4959 μηδὲν
1763 4888 1870 4940 τῶν

294 4975 523 5029 δεόντων
580 4973 931 5039 ἀνεξέταστον
968 4976 1230 5049 διαφύγῃ.
1259 4979 1568 5051 Τοιγαροῦν
1614 4981 1741 5035 ἐπεὶ
1774 4983 1872 5054 τῆς

299 5068 627 5139 ἀμφιϐολίας
682 5073 1040 5145 παυσαμένης
1090 5078 1171 5139 είς
1228 5075 1288 5129 ἓν
1349 5077 1691 5149 συνήλθομεν
1750 5081 1871 5142 ταῖς

300 5160 570 5230 γνώμαις,
593 5161 743 5215 οὐδὲν
772 5163 899 5216 ἄλλο
937 5163 1181 5218 λείπεται
1207 5165 1240 5235 ἢ
1264 5167 1385 5231 τοὺς
1420 5166 1617 5236 λόγους
1646 5169 1872 5222 καταλι-

301 5250 522 5316 πόντας,
545 5241 743 5325 χωρείῦ
761 5255 855 5307 ἐπὶ
883 5254 944 5308 τὸ
971 5256 1232 5324 πράττειν
1281 5260 1351 5312 τὰ
1405 5258 1724 5330 δεδογμένα.
1765 5261 1872 5313 Καὶ

300 5341 602 5416 Συρτιάννη
653 5347 793 5399 κατὰ
841 5347 1068 5417 γνώμην
1098 5353 1251 5422 αὐτῷ
1308 5353 1560 5416 εἰπόντος
1591 5352 1869 5424 είρῆσθαι,

299 5435 387 5485 καὶ
419 5434 582 5488 τοῦτο
631 5436 962 5507 προσθέντος
981 5454 997 5470 ⁸
1035 5439 1110 5503 ὼς
1141 5440 1255 5511 Τῆς
1280 5441 1361 5504 εἰς
1400 5442 1493 5494 τὸν
1522 5443 1747 5512 βασιλέα
1774 5442 1871 5495 καὶ

300 5528 518 5581 πάππον
547 5529 727 5592 αἰδοῦς
770 5533 863 5584 καὶ.
898 5532 1244 5601 κηδεμονίας,
1290 5527 1338 5587 ὦ
1382 5534 1630 5604 βασιλεῦ,
1677 5534 1873 5589 πολλαί

302 5633 380 5671 σοι
409 5620 559 5688 παρὰ
599 5620 675 5692 τῷ
700 5623 922 5695 μεγάλῳ
956 5628 1050 5679 καὶ
1072 5627 1313 5698 οὐρανίῳ
1361 5626 1573 5697 βασιλεί
1595 5628 1872 5683 κείσονται

300 5711 546 5778 χάριτες·
579 5716 672 5766 καὶ
711 5714 742 5784 ἢ
782 5716 1075 5784 μεταϐαλεῖ
1116 5722 1212 5782 τὰς
1246 5719 1473 5787 γνώμας
1504 5720 1613 5772 τῶν
1650 5720 1875 5773 ἐπιϐου-

300 5802 576 5869 λευόντων,
627 5806 660 5879 ἦ
694 5807 903 5861 κακοῦν
938 5809 1306 5882 ὡρμημένων,
1329 5812 1501 5878 ἀὐτὸς
1532 5814 1671 5885 ὑπὲρ
1715 5816 1872 5884 ἡμῶν

238 5910 245 5917 ’
302 5900 622 5972 πολῖμήσει⁷⁹
660 5899 757 5954 τοῦ
817 5918 872 5953 τε
907 5901 1170 5972 βασιλέως
1204 5905 1300 5975 τῆς
1336 5907 1416 5970 είς
1452 5907 1617 5962 αὑτὸν
1656 5890 1872 5972 εὐνοίας

1969 4711 2184 4782 judicio
2229 4712 2554 4767 metiemur.
2606 4714 2766 4779 Quod
2812 4732 2946 4771 vero
2978 4724 3139 4772 antea
3178 4720 3431 4775 oratione
3464 4724 3575 4776 dis-

1974 4805 2318 4874 crepuimus,
2346 4821 2459 4861 non
2496 4805 2550 4860 id
2585 4807 2774 4864 studio
2813 4809 3179 4866 dissentiendt
3216 4812 3423 4867 factum
3459 4826 3568 4878 est,

1975 4896 2072 4949 sed
2119 4905 2182 4949 ut
2228 4912 2296 4951 ne
2323 4897 2453 4966 quid
2486 4912 2679 4952 eorum
2723 4916 2847 4970 qua:
2872 4910 3092 4973 tempus
3119 4902 3525 4973 postularetm:
3550 4920 3578 4957 s

1975 4986 2349 5044 indiscussum
2397 4982 2729 5060 praeteriret.
2771 4978 3011 5049 Proinde
3057 5008 3185 5050 cum
3221 4995 3373 5050 omni
3399 4997 3577 5052 amb?-

1974 5082 2183 5151 guitate
2229 5085 2447 5138 sublata
2499 5086 2794 5141 sententiis
2814 5101 3216 5158 congruamus,
3260 5089 3368 5145 hoc
3395 5091 3575 5146 solum

1977 5181 2170 5236 restat,
2219 5181 2278 5226 nt
2329 5174 2554 5229 omissis
2600 5176 2981 5243 sermonibus,
3027 5177 3095 5232 ad
3131 5177 3184 5233 id
3214 5179 3360 5249 quod
3390 5180 3575 5247 datur,

1975 5264 2387 5334 aggrediamur.
2436 5265 2739 5337 Postquam
2776 5267 3117 5341 Syrgiannes
3149 5270 3352 5327 deinde
3379 5287 3447 5328 ex
3478 5287 3579 5326 sua

1977 5357 2107 5412 item
2152 5368 2341 5412 mente
2380 5358 2629 5414 locutum
2658 5370 3122 5430 protostratorem
3164 5364 3571 5434 pronuntiavit,

1975 5457 2033 5503 et
2076 5449 2180 5502 hoc
2205 5449 2270 5501 ad
2297 5449 2840 5507 commendationem
2881 5454 3100 5522 nepotis
3121 5455 3344 5525 adjecit,
3367 5459 3437 5507 ob
3466 5454 3575 5525 35

1979 5541 2121 5594 hanc
2165 5541 2535 5595 reverentiam
2577 5552 2746 5614 atque
2794 5560 2985 5600 curam
3037 5547 3125 5601 avi
3178 5546 3351 5601 multa
3403 5544 3572 5601 illum

1976 5633 2123 5703 apud
2166 5648 2446 5705 magnum,
2478 5637 2877 5710 ccelesteutque
2915 5640 3308 5711 imperatorem
3348 5657 3578 5698 manete

1974 5726 2226 5796 prsentia,
2267 5728 2362 5796 qui
2394 5737 2492 5782 aut
2526 5730 2932 5786 malevolorum
2963 5734 3197 5789 consilia
3231 5745 3571 5801 mutaturus,

1977 5828 2073 5873 aut
2115 5819 2182 5873 ad
2232 5821 2542 5875 nocendum
2604 5826 3100 5895 prorumpentibus
3144 5842 3243 5897 pro
3279 5828 3574 5885 defensore

1979 5910 2204 5968 obviam
2246 5914 2444 5984 iturus
2473 5927 2618 5971 esset
2656 5934 2668 5970 :
2718 5918 2811 5973 ubi
2848 5930 3021 5990 nepos
3051 5937 3277 5995 quoque
3302 5922 3371 5981 de
3394 5924 3573 5982 bene-
