3962 6452
251 399 343 467 ll‘l
1421 404 1976 469 HISTORIARUM
2016 405 2256 470 LIBER
2294 407 2344 471 Ι.

3426 402 3529 470 118

252 518 408 585 ἔχων,
434 515 602 589 ῆρετο
634 516 731 572 τδν
759 517 1103 589 μηνύσαντα,
1141 520 1238 575 καὶ
1274 517 1506 583 ἀξίωσιν
1537 520 1825 592 προσθεὶς,
1856 560 1865 583 ι

1966 527 2048 587 αι,
2069 529 2127 575 et
2151 518 2416 589 precibus
2441 516 2638 574 orabat
2660 515 2952 583 nuntium,
2983 522 3047 571 ut
3098 514 3145 572 si
3174 513 3309 587 quid
3341 524 3529 571 nosset

252 610 302 661 εἰ
324 624 380 661 τι
413 608 659 663 σύνοιδεν
689 599 1059 679 ἀπαγγέλλειν
1080 628 1099 645 ο
1133 613 1164 666 6
1187 612 1233 665 δ’
1257 610 1407 681 ἔλεγε
1452 610 1673 683 βέϐαιον
1728 612 1829 683 μὲν

1966 627 2005 669 ιο
2043 611 2275 668 celaret.
2305 609 2449 666 Tum
2480 609 2596 675 ille,
2627 610 2771 665 nihil
2821 624 2882 665 se
2931 608 3285 680 exploratum
3317 607 3529 665 habere

249 698 403 753 οὐδὲν
425 700 608 753 εἰπεῖν
639 699 809 772 ἔχειν,
844 701 1208 773 στοχάζεσθαι
1230 703 1311 767 δὲ,
1337 704 1430 756 τὸν
1460 703 1685 758 πάππον
1705 702 1832 770 βού-

1966 704 2088 776 |uod
2128 703 2465 770 aﬂirmaret;
2517 703 2574 759 in
2625 703 3002 775 suspicionem
3053 712 3243 759 autem
3305 703 3529 771 delabi,

255 789 443 845 λεσθαι
469 795 566 846 καὶ
598 790 832 861 βασιλέα
859 794 954 847 τοῦ
1008 795 1356 866 πατριάρχου
1387 794 1486 848 καὶ
1525 795 1832 867 ἀρχιερέων

1966 812 2103 852 vum
2151 797 2464 868 patriarcha
2517 806 2576 853 et
2622 797 2900 869 episcopis
2950 798 3320 870 praesentibus
3391 812 3525 855 eum

258 886 549 956 παρόντων
591 886 784 956 λόγους
825 887 977 952 τινας
1007 888 1147 958 πρὸς
1199 888 1260 942 σὲ
1296 887 1530 942 διελθεῖν
1552 903 1567 919 ο
1596 888 1652 942 οῐ
1680 905 1833 950 τινες

1966 889 2301 946 ιοηειίιυίεεε
2334 890 2567 962 alloqui.
2592 892 2798 948 Verum
2851 891 3140 959 quidnam,
3186 899 3244 948 et
3280 906 3393 962 quo
3424 891 3534 950 line

234 970 381 1031 «δὲοὶ
415 976 568 1047 λόγοι
608 982 706 1035 καὶ
729 980 865 1051 πρὸς
895 980 948 1033 τί
973 980 1227 1051 φέρουσι,
1261 981 1451 1051 σαφῶς
1485 980 1689 1035 ειδέναι
1731 998 1835 1051 μη-

1966 982 2196 1038 Iicturus
2229 982 2324 1050 sit,
2356 982 2462 1038 sibi
2507 985 2834 1055 neutiquam
2881 982 3096 1053 liquido
3133 991 3431 1049 constare;
3477 991 3536 1039 et

256 1069 471 1138 δαμῶς.
522 1065 656 1125 Εἶτα
691 1072 893 1144 μικρὸν
938 1070 1223 1143 ἐπισχώνο
1251 1075 1471 1144 Ὠσπερ
1528 1074 1630 1144 μὲν
1673 1073 1835 1153 ἔφην,

1966 1088 2242 1144 παι-υιιιροι·
2268 1074 2675 1142 conticescens,
2699 1073 2860 1130 Sicut
2894 1074 3140 1139 narravi,
3165 1073 3370 1145 inquit,
3397 1072 3536 1129 satis

261 1162 508 1233 ἀκριϐῶς
536 1164 637 1218 οὐκ
655 1159 796 1231 οἶδα,
825 1161 972 1229 εἷπε,
1005 1168 1137 1237 περὶ
1177 1158 1254 1221 ὧν
1284 1166 1334 1220 οί
1362 1165 1512 1235 λόγοι
1540 1182 1553 1196 ’
1587 1164 1836 1230 εἰκάζειν

267 1253 453 1322 μέντοι
509 1257 584 1326 μὴ
618 1259 915 1328 προσηνεῖς
970 1275 1121 1323 τινας
1171 1256 1397 1312 ἔσεσθαι
1442 1259 1538 1312 καὶ
1570 1259 1695 1327 ήμὲ,
1720 1273 1838 1319 ους.

264 1344 376 1396 ἀλλ’
398 1345 482 1409 ὡς
522 1348 621 1402 ἐπὶ
648 1347 772 1420 δίκῃ
804 1346 1091 1404 καλεῖσθαι
1114 1365 1128 1378 ·
1163 1349 1337 1403 ἐδεῖτό
1364 1366 1424 1404 τε
1476 1351 1679 1422 μικρὸν
1709 1351 1842 1403 ἀναι-

266 1440 546 1510 μείναντα,
574 1443 671 1497 καὶ
696 1441 894 1512 μέλετῃ
948 1443 1121 1513 μικρᾷ
1166 1442 1723 1513 προσασχοληθέντα,
1761 1444 1841 1507 ὡς

263 1535 497 1598 εύθύνας
530 1536 818 1605 ὑφέξοντα,
872 1538 1011 1610 πρὸς
1052 1539 1628 1609 ἀπολογίαν-ἕτοιμον
1659 1540 1841 1610 ἥκειν.

276 1626 336 1682 Ὁ
371 1627 628 1699 βασιλεὺς
674 1628 733 1683 δὲ
761 1630 920 1700 χάριν
954 1630 1100 1701 αὐτῷ
1122 1630 1223 1701 τῆς
1261 1629 1671 1699 καλοκαγαθίας
1707 1632 1842 1701 όμο-
1888 1632 1891 1635 λ

268 1716 543 1787 λογήσας.’
589 1718 686 1772 καὶ
743 1719 966 1787 ἀγαθῶν
1023 1721 1263 1793 ἀμοιῦὴν
1318 1720 1843 1792 προσεπευξάμενος

274 1808 423 1877 παρά
452 1808 612 1877 Θεοῦ,
633 1805 753 1864 εἷτα
787 1811 1059 1866 καὶτοῦτο
1083 1810 1283 1879 είπὼν,
1318 1811 1396 1876 ὡς
1439 1812 1582 1867 κατά
1614 1812 1845 1884 γνώμην

276 1897 420 1969 αὐτῷ
454 1900 648 1967 γένοιτ’
682 1900 749 1954 ἂν
779 1899 843 1954 τὸ
889 1900 1105 1953 πολλῶν
1164 1900 1453 1972 παρόντων
1485 1899 1846 1970 δικαζόμενον

275 1991 649 2045 ἀπολύσασθαι
667 1992 738 2044 τὰ
764 1991 1110 2063 ἐγκλήματα,
1134 1990 1506 2062 ἀπαγγέλλειν
1523 1992 1742 2047 ἐκέλευε
1770 1990 1849 2062 τῷ

276 2085 488 2154 πάππῳ
530 2084 625 2137 καὶ
649 2082 880 2165 βασιλεῖ,
913 2083 988 2147 ὡς
1021 2084 1276 2154 ἀφίξεται
1315 2084 1443 2138 ὅσον
1471 2082 1647 2136 οὔπω.
1674 2082 1852 2139 Ἐκεῖ-

272 2192 365 2238 νος
397 2178 500 2246 μὲν
521 2174 615 2229 οῦν
642 2177 745 2247 τὴν
793 2177 949 2248 παρά
987 2176 1124 2231 Θεοῦ
1172 2175 1434 2249 βοήθειαν
1477 2175 1851 2246 ἐπευξάμενος

273 2270 334 2321 ἐν
392 2272 509 2332 τοῖς
568 2268 799 2338 παροῦσι
852 2270 932 2341 τῷ
994 2268 1238 2340 βασιλεῖ,
1300 2269 1399 2323 καὶ
1453 2267 1853 2338 προσκυνήσας

273 2361 513 2431 ἀπῆλθε.
542 2360 810 2425 Βασιλεὺς
865 2361 912 2415 δ’
954 2362 1118 2425 εὐθὺς
1165 2360 1295 2425 τοὺς
1337 2359 1590 2431 ἐταίρους
1618 2377 1855 2430 μετεκα-

278 2455 443 2508 laico.
479 2453 620 2507 Ἀλλ’
645 2456 674 2508 6
700 2452 802 2524 μὲν
828 2453 1000 2524 μέγας
1030 2453 1375 2524 δομέστικος,
1410 2454 1558 2510 θείου
1589 2453 1739 2524 αύτῷ
1758 2453 1854 2508 τοῦ

281 2545 722 2616 τσρχανειώτου,
755 2546 994 2616 ἀδελφῆς
1023 2544 1120 2601 τοῦ
1175 2545 1396 2618 πρώτου
1453 2546 1720 2618 βασιλέως
1754 2548 1859 2602 Μι-

282 2640 421 2707 χαῆλ
470 2637 588 2692 υίοῦ
638 2639 982 2710 τεθνηκότος,
1028 2640 1217 2712 παρῆν
1264 2642 1383 2695 ἐκεῖ
1444 2640 1738 2710 πενθήσων
1764 2641 1860 2698 ἐπὶ

281 2729 525 2800 κειμένῳ
553 2730 630 2801 τῷ
677 2734 952 2802 συγγενεῖ.
992 2732 1051 2788 ὐ
1092 2732 1537 2804 πρωτοστράτωρ
1565 2732 1624 2786 δὲ
1650 2732 1862 2803 διατρί-

286 2822 393 2874 εωί
420 2822 585 2891 οἶκοι,
621 2824 852 2892 ἀφίκετό
896 2842 955 2879 τε
989 2825 1125 2893 πρὸς
1150 2825 1380 2896 βασιλέα
1407 2824 1594 2893 εὐθὺς,
1627 2826 1725 2880 καὶ⁵
1760 2825 1861 2896 τῆν

282 2914 466 2968 αξτίαν
497 2916 597 2985 τῆς
637 2916 882 2984 κλήσεως
925 2918 1117 2988 ᾕρὼτα
1152 2917 1369 2988 μαθειν.
1404 2917 1672 2983 Βασιλεὺς
1700 2918 1758 2972 δέ
1790 2918 1863 2974 τά

284 3024 340 3061 τε
369 3009 525 3079 παρά
577 3008 843 3080 βασιλέως
891 3011 1223 3081 μηνυθέντα,
1255 3015 1349 3068 καὶ
1383 3012 1465 3067 δτι
1492 3012 1651 3081 δίκης
1696 3013 1863 3068 ἕνεκα

288 3101 506 3154 nitito
544 3100 828 3173 γνωρίζει,
883 3103 978 3156 καὶ
1006 3103 1082 3166 ὡς
1112 3103 1267 3174 ἥξειν
1317 3104 1688 3175 ἐπηγγείλατο
1718 3105 1865 3159 κατὰ

1946 1174 2305 1237 perspectum
2348 1180 2459 1221 non
2495 1166 2702 1232 habeo,
2746 1167 2881 1237 quid
2916 1167 3218 1222 verborum
3248 1166 3324 1224 sit
3350 1166 3536 1223 factu-

1945 1274 2069 1326 rus;
2120 1272 2366 1331 auguror
2415 1272 2623 1328 tamen,
2667 1260 2834 1316 molle
2889 1275 2954 1315 ac
3004 1271 3358 1316 mansuetum
3389 1260 3537 1316 nihil

1943 1351 2292 1417 locuturum,
2323 1354 2421 1410 sed
2454 1364 2506 1411 te
2539 1354 2690 1410 velut
2719 1354 2773 1408 in
2799 1354 3074 1425 judicium
3099 1354 3328 1409 arcessi.
3355 1352 3540 1422 Quare

1944 1444 2270 1515 aliquandiu
2329 1446 2730 1516 prmmetliteris
2790 1445 2941 1512 licet,
2990 1455 3057 1500 ut
3114 1445 3385 1501 rationem
3444 1459 3538 1499 re-

1945 1537 2279 1606 poscendus,
2322 1546 2551 1608 paratus
2579 1536 2648 1592 ad
2680 1530 3138 1608 respondendum
3177 1537 3391 1593 venias.
3437 1536 3546 1591 Nc-

1949 1643 2051 1699 pos
2084 1637 2147 1685 ut
2178 1628 2329 1685 bono
2359 1630 2479 1686 viro
2505 1631 2713 1702 gratias
2742 1646 2935 1703 agens,
2969 1641 3025 1686 et
3055 1630 3341 1702 praemium
3376 1646 3406 1684 a
3430 1631 3475 1685 D
3510 1645 3546 1684 ο

1950 1737 2338 1794 comprecans.
2383 1733 2552 1795 atque
2580 1725 2688 1782 hoc
2718 1725 2954 1796 insuper
2980 1724 3216 1790 addens,
3256 1723 3361 1781 sibi
3391 1735 3549 1793 opta-

1952 1822 2067 1868 tum
2103 1814 2243 1881 fore,
2281 1829 2468 1871 coram
2505 1814 2933 1887 multisjudicio
2968 1815 3402 1871 contendentem
3439 1814 3550 1868 cri-

1953 1902 2103 1959 mina
2135 1903 2359 1974 objecta
2399 1902 2674 1969 rel‘ellere,
2710 1903 3038 1960 renuntiare
3071 1918 3178 1958 avo
3203 1902 3384 1972 jubet,
3420 1914 3550 1955 mox

1950 2008 2010 2050 se
2035 1992 2366 2050 aﬂ‘uturum.
2396 1993 2702 2064 Apparitor
2723 1994 2969 2049 divinam
2998 1992 3051 2048 ei
3082 2006 3245 2063 opem
3278 1990 3373 2046 tali
3397 1998 3550 2046 statu

1950 2096 2232 2157 precatus,
2269 2095 2324 2143 et
2376 2097 2439 2142 ut
2494 2089 2893 2157 imperatorem
2941 2093 3262 2150 veneratus,
3314 2081 3549 2140 recedit.

1950 2179 2244 2251 Extemplo
2279 2178 2466 2236 socios
2490 2185 2784 2234 convocat.
2803 2177 2981 2234 Porro
3019 2192 3253 2247 magnus
3283 2178 3555 2233 domesti-

1953 2286 2079 2335 cus,
2116 2270 2492 2327 Tarcbaniota
2525 2271 2735 2326 sororis
2775 2270 2944 2342 primi
2995 2256 3282 2326 Michael-is
3310 2271 3553 2339 impera-

1958 2364 2130 2430 toris,
2154 2372 2213 2420 et
2244 2364 2480 2436 majoris
2512 2372 2827 2420 matertera:
2852 2379 2971 2419 suae»
2994 2363 3109 2418 lilio
3141 2361 3311 2417 rebus
3350 2362 3556 2418 huma-

1956 2456 2046 2512 nis
2073 2456 2292 2527 erepto,
2320 2455 2390 2511 ad
2411 2454 2666 2511 exanime
2687 2469 2892 2526 corpus
2912 2454 3098 2510 luctus
3119 2469 3284 2510 causa
3300 2454 3511 2510 abierat
3536 2472 3553 2510 :

1966 2559 2341 2621 protostrator
2372 2548 2527 2605 domi
2561 2564 2797 2605 manens
2830 2548 2984 2603 illico
3012 2548 3192 2610 adest.
3237 2562 3340 2604 cur
3392 2563 3557 2603 voca-

1961 2652 2051 2699 tus
2075 2641 2151 2698 sit
2174 2641 2400 2713 quaerit.
2435 2641 2621 2713 Nepos
2649 2649 2705 2695 et
2732 2641 2866 2712 quid
2900 2639 3010 2697 sibi
3052 2641 3126 2696 ab
3177 2654 3283 2696 avo
3320 2641 3554 2696 manda~

1960 2743 2104 2797 tum,
2136 2741 2193 2789 et
2221 2748 2281 2788 se
2313 2748 2470 2789 reum
2501 2734 2688 2799 citari,
2740 2749 2805 2789 ac
2854 2733 2975 2788 sine
3011 2748 3164 2788 mora
3200 2748 3262 2787 se
3289 2731 3554 2789 stiturnm

1962 2825 2154 2882 refert.
2186 2825 2358 2882 Addit
2378 2828 2573 2890 etiam,
2615 2841 2675 2882 se
2715 2826 2987 2897 judicium
3020 2841 3088 2883 ex
3123 2826 3310 2881 animo
3340 2825 3559 2881 subitu-

1905 2971 1911 2977 .
1963 2933 2110 2983 rum,
2144 2934 2274 2975 cum
2308 2918 2450 2973 nihil
2495 2919 2706 2988 negotii
2751 2919 2823 2974 sit
2863 2919 3186 2982 ostendere.
3225 2929 3342 2974 tum
3370 2934 3433 2974 se
3466 2935 3560 2973 va-

1964 3026 2092 3066 care
2144 3010 2297 3066 omni
2349 3010 2619 3077 crimine,
2670 3021 2786 3065 tum
2836 3010 3124 3065 deminuet
3157 3019 3211 3067 et
3260 3011 3562 3081 imperato-

1966 3118 2084 3157 rem
2122 3111 2302 3158 semet
2340 3103 2410 3158 de
2443 3102 2682 3172 maligna
2723 3103 3015 3158 voluntate
3045 3118 3145 3158 sua
3181 3102 3375 3158 ulcisci
3417 3102 3558 3174 (99).

290 3197 475 3265 τάχος,
524 3195 789 3265 προσθεὶς
837 3199 935 3251 καὶ
976 3196 1156 3259 τοῦτο,
1190 3197 1265 3261 ὡς
1310 3198 1454 3252 κατά
1515 3197 1745 3270 γνώμην
1797 3198 1865 3253 ἀν

1973 3195 2225 3267 Subjecit
2272 3202 2692 3264 protosu'ator:
2732 3193 2923 3265 Longe
2960 3182 3099 3249 mihi
3147 3209 3177 3248 a
3208 3210 3342 3249 vero
3371 3195 3562 3265 lapsus

288 3286 438 3357 αὐτῷ
460 3288 676 3355 γένοιτο
699 3287 1051 3358 δικασθῆναι,
1086 3288 1441 3361 δυνησομένῳ
1472 3289 1673 3361 ῥᾳδίως
1697 3289 1863 3343 αὐτὸν

293 3379 394 3446 μὲν
424 3377 603 3431 οὐδενὶ
654 3380 763 3432 τῶν
807 3378 1228 3450 ἐγκαλουμένων
1280 3380 1609 3452 ἐνεχόμενον
1642 3382 1864 3436 ἀποδεί-

290 3472 403 3536 ξαι,
436 3469 531 3523 τὸν
551 3470 610 3525 δέ
638 3470 826 3543 κύριον
854 3473 946 3527 καὶ
981 3472 1228 3543 βασιλέα,
1264 3472 1446 3544 ψυχῆς
1480 3475 1616 3538 ἰδίας
1639 3473 1865 3546 θέλησιν

290 3564 633 3644 ἐκδικοῦντα.
680 3565 739 3620 ⁸0
769 3568 1213 3640 πρωτοστράτωρ
1245 3567 1324 3634 δὲ,
1362 3569 1511 3625 Πάνυ
1557 3585 1651 3638 μοι
1688 3569 1867 3634 δοκεῖς

288 3658 656 3729 ἁμαρτάνειν,
697 3657 826 3730 ἔφη,
880 3658 975 3712 τοῦ
1034 3659 1210 3723 ὄντος,
1250 3652 1296 3712 ὧ
1346 3657 1611 3730 βασιλεῦ·
1660 3662 1754 3713 καὶ
1789 3660 1867 3725 ὡς

291 3751 495 3815 ἔοικεν,
529 3743 604 3804 ῶν
630 3750 763 3822 πρὸς
787 3752 847 3805 σὲ
879 3752 1009 3820 περὶ
1035 3752 1138 3820 τῆς
1159 3750 1417 3820 τοιαύτης
1442 3753 1681 3822 κρίσεως
1712 3756 1739 3807 6
1774 3755 1871 3824 μέ-

294 3860 396 3911 γας
419 3844 737 3913 δομέστικος
767 3845 990 3916 εἴρηκεν
1025 3846 1323 3912 ἐπελάθου,
1356 3846 1392 3901 ἀ
1422 3848 1486 3917 δή
1518 3863 1626 3901 που
1657 3848 1750 3902 καὶ
1785 3848 1869 3902 σοὶ
1904 3860 1909 3869 ·

291 3936 550 4005 εἰρῆσθαι
570 3936 690 3990 τότε
721 3939 816 3990 καὶ
845 3939 978 4009 ἡμῖν
1004 3937 1183 4009 ὀρθῶς
1208 3937 1409 3993 ἐδόκει.
1443 3940 1546 3993 Σοῦ
1580 3940 1691 4009 γὰρ
1720 3942 1874 4012 εἰρη-

297 4028 478 4093 κότος,
520 4028 605 4092 Ὠς
633 4028 925 4101 βουλοίμην
951 4030 1021 4086 ἂν
1048 4031 1143 4085 ἐπὶ
1163 4030 1260 4085 τοῦ
1300 4031 1566 4103 βασιλέως
1594 4034 1690 4087 καὶ
1720 4033 1873 4088 πάπ-

297 4139 407 4175 που
431 4121 590 4192 δίκης
622 4121 827 4194 τυχὼν,
857 4123 891 4193 ἢ
929 4123 999 4177 τά
1044 4125 1371 4194 ἐγκλήματα
1403 4124 1803 4191 ἀπολύσασθαι,
1837 4124 1872 4193 ἢ

294 4212 458 4266 τοῦτο
491 4212 565 4283 μὴ
593 4212 863 4284 δυνηθεὶς,
925 4214 1000 4286 μὴ
1028 4215 1129 4284 τὴν
1183 4214 1467 4285 βασιλείαν
1501 4216 1685 4285 μόνον.
1735 4216 1874 4271 ἀλλά

298 4304 395 4355 καὶ
420 4303 593 4373 αὐτὴν
624 4302 991 4374 ἀφαιρεθῆναι
1037 4303 1208 4375 ζωὴν,
1238 4303 1267 4358 δ
1318 4306 1363 4359 δ’
1398 4304 1606 4376 ηὔξατο
1659 4305 1734 4378 μὴ
1760 4305 1875 4371 ζῶν

301 4397 433 4449 ἰδεῖν
461 4395 721 4468 τοιαύτην
745 4396 961 4467 ἡμέραν
989 4398 1046 4449 ἐν
1076 4390 1111 4470 ᾖ
1142 4398 1437 4469 γενήσεταί
1478 4415 1565 4453 σοι
1610 4401 1691 4470 τῷ
1715 4399 1876 4470 βασι-

298 4489 384 4541 λεῖ
410 4490 503 4542 καὶ
522 4489 599 4558 τῷ
631 4491 842 4560 πάππῳ
872 4488 1230 4561 δικαζόμενον
1271 4491 1423 4556 ἰδεῖν,
1464 4493 1524 4545 ού
1549 4492 1658 4564 γὰρ
1687 4493 1869 4564 δίκης,

1967 3289 2200 3355 videris,
2235 3290 2562 3360 imperator,
2591 3297 2762 3359 atque
2794 3297 2856 3343 ut
2883 3287 3190 3343 verisimile
3222 3290 3304 3352 lit,
3335 3304 3459 3359 qua:
3487 3287 3561 3344 de

1970 3382 2065 3437 tali
2094 3382 2312 3453 judicio
2341 3397 2373 3436 a
2404 3396 2607 3452 magno
2638 3381 2949 3436 domestico
2968 3380 3257 3446 audivisti,
3278 3380 3390 3452 39
3411 3396 3563 3450 qure-

1968 3490 2078 3544 que
2108 3486 2223 3530 tum
2253 3483 2309 3529 et
2351 3489 2382 3528 a
2415 3483 2491 3537 te.
2516 3482 2576 3530 et
2601 3489 2633 3529 a
2660 3473 2841 3538 nobis,
2873 3482 2936 3527 ut
2967 3482 3120 3529 recte
3146 3473 3293 3528 dicta
3324 3474 3563 3544 accipie-

1968 3550 2196 3637 bantur,
2230 3583 2433 3626 .eorum
2478 3574 2530 3624 te
2566 3566 2861 3637 occupavit
2886 3565 3116 3621 oblivio.
3153 3564 3289 3622 Nam
3339 3580 3464 3621 cum
3505 3576 3562 3620 tu

1973 3662 2049 3718 ita
2081 3660 2465 3731 praedicasses,
2500 3659 2644 3715 velle
2676 3666 2751 3725 te,
2778 3660 2829 3714 si
2856 3660 3003 3729 apud
3032 3673 3193 3712 avum
3228 3673 3450 3715 causam
3483 3659 3569 3714 di-

1972 3768 2161 3819 ceres,
2190 3764 2287 3808 aut
2311 3752 2529 3823 objecta
2554 3750 2790 3815 diluere,
2822 3760 2941 3818 aut,
2968 3751 3013 3805 si
3042 3751 3097 3805 id
3137 3752 3321 3808 minus
3351 3766 3564 3821 posses,

1974 3860 2087 3922 non
2117 3844 2356 3915 imperio
2389 3851 2630 3906 tantum,
2663 3857 2859 3898 verum
2893 3842 3062 3897 etiam
3094 3843 3206 3898 vita
3232 3856 3447 3904 carere,
3474 3842 3570 3898 ille

1976 3935 2156 3991 emori
2217 3935 2449 4002 optabat
2503 3934 2690 4007 potius
2736 3950 2904 4010 quam
2952 3934 3143 3990 videre
3182 3933 3330 3988 diem
3385 3934 3567 3999 illum,

1976 4041 2088 4096 quo
2121 4034 2179 4081 tu
2209 4024 2423 4097 judicio
2460 4041 2588 4081 cum
2621 4040 2728 4080 avo
2783 4024 3158 4081 contenderes
3211 4043 3225 4079 :
3274 4040 3385 4080 non
3416 4025 3566 4081 enim

1971 4119 2196 4191 judicii,
2228 4119 2323 4174 sed
2358 4118 2846 4174 condemnationis
2882 4117 3031 4173 diem
3067 4132 3262 4173 revera
3287 4117 3571 4186 appeliare

1978 4213 2264 4269 convenit.
2296 4211 2435 4267 Cum
2466 4212 2617 4268 enim
2668 4210 2814 4266 idem
2862 4211 2937 4266 sit
2994 4210 3215 4265 futurus
3245 4210 3436 4281 judex,
3472 4208 3572 4280 qui

1988 4311 2303 4371 accusator,
2337 4303 2490 4358 aliud
2540 4302 2930 4357 ratiocinando
2961 4302 3144 4370 colligi
3179 4300 3319 4355 nihil
3367 4308 3599 4382 potest.’

1977 4400 2258 4457 Praeterea
2288 4412 2402 4451 non
2426 4397 2502 4453 ita
2532 4403 2620 4451 est
2649 4395 2940 4465 insipiens,
2965 4403 3026 4449 ut
3058 4403 3166 4448 tam
3199 4392 3576 4448 inconsidera-

1984 4500 2039 4553 te
2069 4493 2140 4551 ad
2182 4491 2458 4565 judicium
2490 4489 2724 4554 feratur,
2759 4488 2973 4558 tibique
3017 4498 3236 4556 tempus
3283 4485 3453 4540 etiam
3501 4484 3572 4540 ad

299 4582 601 4649 καταδίκης
629 4582 687 4636 δὲ
719 4583 921 4653 μᾶλλόν
949 4584 1095 4637 ἐστιν
1121 4582 1321 4651 ἀληθὲς
1343 4585 1443 4656 τὴν
1473 4587 1691 4656 ἡμέραν
1709 4603 1852 4657 προσ

1987 4584 2410 4656 responsionem
2441 4581 2735 4648 concedat,
2762 4595 2875 4650 quo
2901 4589 2999 4635 aut
3025 4579 3379 4633 innocentem
3409 4587 3462 4630 te
3487 4591 3578 4632 os-

299 4676 477 4728 ειπεῐν
538 4673 772 4744 ἐκείνην.
818 4673 967 4736 Ἐνὸς
1021 4674 1131 4745 γὰρ
1183 4673 1335 4737 sm;
1405 4674 1502 4729 τοῦ
1558 4675 1879 4741 δικάζοντος

1984 4679 2201 4746 lendas,
2229 4679 2276 4733 si
2314 4678 2478 4742 bene,
2538 4684 2636 4731 aut
2668 4682 2984 4737 nocentem,
3019 4673 3065 4728 si
3105 4673 3246 4727 male
3278 4670 3601 4771 responde;-

298 4768 396 4819 καὶ
438 4764 533 4818 τοῦ
566 4762 1018 4835 κατηγοροῦντος,
1050 4764 1203 4818 οὐδὲν
1258 4763 1388 4818 ἄλλο
1441 4764 1692 4819 λείπεται
1755 4784 1865 4821 συν-

1984 4773 2097 4838 ris;
2126 4771 2222 4825 sed
2254 4786 2381 4826 cum
2419 4771 2513 4836 sit,
2548 4768 2695 4839 quod
2726 4768 2958 4829 scimus,
2997 4763 3282 4837 praestanti
3324 4762 3573 4847 pruden-

299 4858 699 4927 dfswanm;
726 4858 772 4911 τ’
811 4852 931 4911 οὐδὲ
961 4857 1071 4913 τῶν
1105 4859 1349 4931 ἀνοήτων
1379 4860 1406 4913 6
1433 4859 1715 4930 βασιλεὺς.
1743 4858 1881 4913 ὥσθ’

299 4952 476 5014 οὕτως
506 4950 930 5025 ἀπερισκέπτως
959 4951 1272 5021 ὁρμηθῆναι
1296 4951 1433 5022 πρὸς
1472 4952 1573 5022 τὴν
1601 4951 1780 5021 δίκηνν
1803 4952 1882 5015 ὡς

302 5044 407 5097 καὶ
437 5043 630 5114 καιρὸν
661 5040 959 5111 ἀπολογίας
1001 5058 1083 5093 σοι
1134 5042 1458 5111 παρασχεῖν,
1491 5042 1645 5112 καὶῆ
1682 5045 1752 5095 τά
1785 5045 1875 5105 ἐγ-

304 5136 564 5204 κλήματα
611 5132 1007 5197 ἀπολύσασθαι,
1052 5131 1087 5203 ἢ
1124 5133 1219 5186 καὶ
1272 5132 1631 5201 ἀδικούμενον
1677 5133 1874 5186 ἑαυτὸν

306 5218 585 5283 ἀποδεῖξαι
609 5234 625 5250 ο
662 5219 796 5272 ἀλλά
825 5218 1046 5289 βαθείας
1067 5217 1142 5273 ὢν
1171 5220 1265 5285 καὶ
1297 5220 1544 5289 συνετῆς,
1583 5221 1661 5286 ὡς
1692 5222 1878 5291 ἴσμεν,

311 5314 530 5383 φρενὸς,
557 5312 655 5365 καὶ
678 5311 851 5376 δεινὸς
879 5311 1172 5382 πράγμασι
1209 5312 1477 5382 χρῆσθαι,
1501 5312 1615 5365 τότ’
1659 5315 1753 5366 ἐπὶ
1778 5314 1881 5382 τῆς

307 5406 466 5475 δίκης
528 5421 589 5457 σε
650 5406 1003 5475 καταστήσει,
1054 5405 1143 5458 ὅτε
1196 5404 1333 5474 πρὸς
1380 5404 1442 5458 τὸ
1488 5405 1642 5477 αὐτῷ
1689 5405 1883 5460 δοκοῦν

308 5502 488 5556 πάντα
548 5495 1230 5571 προκατασκευασάμενος,
1281 5496 1499 5562 οὐδενὸς
1548 5499 1712 5554 ἀλλον
1772 5501 1884 5554 λεί-

1989 4863 2084 4926 tia,
2111 4870 2169 4916 et
2201 4877 2386 4916 rerum
2411 4859 2783 4930 gerendarum
2828 4858 3085 4920 callidus,
3113 4846 3228 4911 tum
3264 4848 3489 4920 demum
3518 4855 3573 4909 in

1981 4954 2254 5025 judicium
2304 4961 2356 5008 te
2401 4952 2666 5017 adducet,
2704 4950 2930 5022 quando
2959 4952 3081 5020 ejus
3108 4946 3386 5004 arbitratu
3431 4965 3574 5019 prm-
3634 4998 3635 5001 η

1986 5044 2218 5098 structis
2247 5041 2533 5106 omnibus,
2565 5057 2737 5096 unum
2784 5041 2891 5096 hoc
2923 5040 3180 5103 restabit,
3211 5050 3273 5096 ut
3296 5043 3571 5095 sententia

1976 5133 2051 5189 de
2083 5146 2156 5201 te,
2198 5118 2489 5204 ‘tanquam
2530 5132 2599 5189 de
2643 5132 3206 5189 sceleratissimorum
3263 5132 3572 5188 facinorum

1987 5225 2305 5295 manifesto,
2334 5234 2390 5281 et
2419 5226 2490 5280 ob
2525 5225 2579 5280 id
2608 5224 2902 5296 quibusvis
2935 5225 3227 5295 suppliciis
3273 5221 3570 5279 excarniﬁ-

1984 5319 2163 5374 cando
2209 5319 2294 5384 (ut
2339 5319 2419 5373 sic
2454 5317 2600 5388 apud
2635 5326 2859 5373 exteros
2894 5317 3060 5372 etiam
3091 5316 3323 5389 justitia:
3351 5315 3570 5384 Opinio-

1985 5427 2112 5467 nem
2149 5411 2386 5479 aulerat)
2415 5409 2828 5479 pronuntietur.
2860 5409 2988 5465 Hatc
3041 5409 3151 5465 illis
3189 5409 3245 5465 in
3290 5405 3581 5476 colloquio

1988 5502 2352 5572 agitantibus,
2384 5516 2517 5581 ecce
2562 5501 2706 5559 alius
2752 5501 2824 5558 ab
2873 5503 3212 5573 imperatore
3263 5496 3579 5570 apparitor.

1572 5615 1791 5680 Jacobi
1822 5619 2095 5683 Pontani
2127 5627 2318 5684 notis.

383 5743 497 5809 (99)
537 5743 610 5798 Ut
655 5741 786 5798 facit
832 5755 1002 5798 senex
1040 5743 1186 5814 apud
1218 5742 1569 5810 Terentium,
1618 5745 1672 5800 in
1711 5746 1888 5803 Heau-

314 5815 748 5869 tontimorumeno
777 5827 796 5867 :
1378 5844 1383 5849 ·

418 5883 623 5939 Interea
659 5898 816 5954 usque
842 5881 926 5937 illi
958 5884 1021 5939 de
1050 5900 1129 5938 me
1154 5883 1473 5955 supplicium
1498 5885 1655 5942 dabo.

1996 5749 2104 5805 Sed
2136 5749 2298 5804 aliam
2335 5749 2406 5804 ob
2449 5763 2673 5804 causam
2707 5746 2823 5812 ille,
2861 5755 2918 5802 et
2949 5747 3021 5802 ob
3064 5746 3228 5801 aliam
3265 5744 3388 5803 iste.
3429 5745 3580 5802 PN:-

1997 5830 2169 5887 terea,
2201 5820 2292 5877 ille
2315 5820 2504 5877 volens
2535 5835 2599 5875 ac
2623 5817 2890 5890 prudens,
2920 5817 3012 5874 hic
3039 5816 3271 5874 invitus.
