3962 6448
574 342 667 405 i3l

1762 343 2086 403 JOANNIS
2119 344 2655 406 CANTACUZEVI
3725 353 3809 416 132

563 457 880 512 admirabili
914 456 992 527 i9)
1025 455 1296 526 sapientia
1319 454 1663 524 consilioque
1700 455 1982 524 praeditus,
2009 465 2065 511 et
2087 455 2156 510 ab

2265 458 2406 528 ἀνὴρ
2451 459 2548 510 καὶ
2579 455 2888 526 Θαυμάσιος
2925 456 2983 509 ἐν
3030 458 3314 528 φρονήσει,
3361 459 3558 532 πολλῆς
3605 481 3657 516 τε
3692 467 3808 520 άπο.

479 588 488 626 ι
567 554 903 623 imperatore
947 549 1338 606 benevolentia
1401 549 1726 617 honoreque
1754 548 2023 618 singulari
2069 548 2156 602 di-

571 657 791 716 gnatus,
847 646 920 699 ita
994 653 1054 699 ut
1120 643 1286 698 etiam
1339 641 1536 696 lrenen
1584 640 1749 694 ﬁliam
1791 641 1910 710 eius
1957 639 2157 696 Joanni

567 733 811 808 despotaé
858 736 970 790 lilio
1019 749 1121 790 suo
1165 733 1377 802 nuptiis
1425 733 1808 802 coniungeret.
1849 730 1947 785 Hic
1996 729 2159 784 Nice-

565 833 776 902 pborus
803 830 957 901 prius
989 827 1340 898 imperatoris
1362 826 1666 880 domestica
1693 824 2118 908 administrabat.
2143 843 2154 878 :

567 937 685 981 tum
706 934 916 986 autem,
936 920 1175 992 podagra
1194 918 1563 982 conﬂictatus,
1587 917 1870 972 [unctione
1893 919 1982 972 illa
2006 919 2162 971 abic-

567 1028 678 1072 rat.
722 1017 908 1071 Nihilo
955 1015 1138 1068 minus
1183 1027 1400 1066 summo
1443 1027 1570 1066 eum
1607 1011 1818 1066 honore
1858 1011 2158 1080 imperator

567 1109 1035 1180 prosequebatur.
1071 1105 1280 1159 Practer
1330 1103 1432 1156 hos
1469 1113 1650 1158 autem
1693 1103 1883 1158 aderat
1927 1112 1982 1156 et
2015 1103 2160 1173 Con-

572 1203 852 1258 stantinus
901 1199 1254 1268 Acropolita,
1310 1198 1430 1267 ipse
1483 1212 1705 1266 quoque
1764 1197 1943 1266 magni
2001 1196 2158 1266 logo—

569 1295 733 1348 thetze
753 1292 1019 1361 dignitate
1038 1300 1292 1344 ornatus.
1319 1290 1483 1343 Facto
1500 1291 1665 1360 igitur
1687 1289 1969 1358 paulisper
1987 1288 2160 1342 silen-

568 1389 668 1447 tio,
717 1383 1069 1438 Andronicus
1121 1382 1295 1450 major
1332 1381 1449 1434 iniit
1496 1383 1769 1434 :Domine
1821 1379 2156 1447 patriarcha,

566 1477 775 1546 quique
809 1489 992 1529 coram
1037 1472 1264 1534 adestis,
1294 1473 1387 1526 hic
1441 1472 1606 1526 homo
1673 1475 1970 1541 (nepotem
2015 1470 2162 1525 desi-

568 1568 780 1638 gnans)
821 1575 906 1622 est
943 1567 1191 1620 moribus
1223 1564 1616 1629 intractabilis,
1654 1571 1712 1618 et
1746 1577 2045 1633 arrogans,
2079 1569 2162 1614 at-

570 1678 680 1731 que
723 1660 1074 1721 inohediens,
1122 1658 1442 1726 neutiquam
1493 1656 1630 1710 mihi
1679 1655 1864 1722 cedit,
1915 1653 2010 1709 sed
2063 1669 2162 1724 pro

570 1755 803 1810 libidine
831 1754 944 1823 agit
973 1753 1176 1813 omnia,
1214 1759 1416 1804 nostra:
1454 1747 1758 1802 voluntatis
1789 1762 1892 1801 nec
1935 1761 2158 1816 parvam

2265 549 2448 603 λςύων
2479 551 2616 620 πρὸς
2662 549 2931 620 βασιλέως
2961 551 3175 615 εὐνοίας
3218 570 3278 604 τε
3326 555 3418 605 καὶ
3455 556 3633 624 τιμῆς·
3663 558 3725 612 δι’
3757 561 3812 628 ἢν

2267 643 2359 696 καὶ
2391 644 2490 713 τὴν
2519 641 2690 695 αὐτοῦ
2719 641 3002 712 θυγατέρα
3037 643 3272 713 Εἰρήνην
3303 643 3381 713 τῷ
3409 646 3506 714 υἱῷ
3551 648 3707 700 αὐτοῦ
3748 651 3813 718 τῷ

2262 731 2501 802 δεσπότῃ
2544 732 2768 801 Ἰωάννῃ
2821 733 2957 800 πρθιε
3009 731 3192 802 γάμου
3231 734 3521 787 κοινωνίαν
3578 736 3814 806 ἧγαγενό

2264 821 2548 892 βασιλεύς.
2587 824 2685 886 Ὃς
2733 823 2797 894 δὴ
2834 824 3103 893 πρότερον
3171 827 3269 894 μὲν
3317 822 3387 896 ἦν
3444 829 3689 897 μεσάζων
3732 823 3842 885 καὶΔ

2263 915 2430 978 αὐτὸς
2489 914 2627 984 πρὸς
2678 913 2746 965 τὰ
2804 915 3112 984 πράγματα
3169 917 3410 984 βασιλεῖ·
3459 919 3578 972 τότε
3627 921 3679 973 δὲ
3717 923 3810 975 ὑπὸ

2263 1007 2440 1072 νόσου,
2462 1006 2724 1072 ποδαλγία
2753 1005 2810 1058 δέ
2838 1001 2928 1076 ἦν,
2961 1007 3059 1076 τῆς
3091 1010 3191 1076 μὲν
3212 1008 3513 1078 ὑπηρεσίας
3542 1013 3813 1081 ἐπέπαυτο,

2262 1101 2428 1170 τιμῆς
2458 1100 2502 1152 δ’
2527 1099 2770 1152 ἀπέλαυε
2814 1100 2913 1169 τῆς
2962 1101 3113 1169 παρὰ
3147 1100 3414 1169 βασιλέως
3440 1103 3656 1173 πολλῆς,
3689 1106 3814 1174 Πρξς

2261 1191 2474 1253 τούτοις
2511 1191 2568 1244 δέ
2627 1192 2724 1243 καὶ
2778 1192 2806 1243 ό
2844 1191 3249 1261 Ἀκροπολίτης
3305 1190 3374 1262 ἦν
3407 1195 3807 1259 Κωνσταντίνος,

2267 1285 2443 1352 μέγας
2467 1283 2767 1352 λογοθῐτης
2799 1281 2876 1335 ὢν
2906 1286 2997 1336 καὶ
3035 1285 3223 1346 αἱτός·
3260 1288 3346 1336 ἐπ’
3385 1286 3562 1352 ὀλίγον
3587 1288 3640 1339 δέ
3675 1290 3813 1355 σιγῆς

2261 1374 2596 1444 γενομένης,
2653 1374 2682 1426 ό
2729 1374 2838 1426 τῶν
2885 1376 3244 1444 Ἀνδρονίκων
3278 1379 3646 1446 πρεσίίύτερος
3675 1381 3813 1445 λόγου

2259 1467 2469 1538 ἥπτετο
2518 1465 2774 1536 βασιλεὺς
2832 1465 3119 1520 τοιούτου⁹
3177 1470 3430 1523 Δέσποτα
3499 1472 3811 1542 πατριάρχπ,

2261 1561 2355 1614 καὶ
2393 1561 2551 1631 ὑμεῖς
2603 1561 2650 1612 oi
2684 1559 2984 1630 παρόντες,
3007 1560 3038 1612 ὁ
3071 1560 3358 1631 ἄνθρωπος
3382 1555 3534 1626 οὗτος
3569 1565 3710 1635 (περὶ
3732 1564 3813 1616 τοῦ

2263 1653 2492 1721 ἐγγόνου
2551 1650 2756 1722 δῆλῶν)
2814 1651 2932 1704 ἐστὶ
2972 1651 3078 1722 μὲν
3105 1653 3343 1723 σκληρὸς
3397 1655 3490 1708 καὶ
3536 1656 3656 1718 τοὺς
3709 1656 3814 1724 τρό-

2264 1762 2400 1808 πους
2431 1743 2672 1814 αὐθάδης
2695 1761 2708 1774 ·
2743 1743 2825 1796 ἐτι
2877 1743 2935 1797 δὲ
2989 1745 3084 1796 καὶ
3131 1747 3440 1816 παρήκοος,
3473 1748 3564 1801 καὶ
3587 1747 3814 1816 οὐδαμῶς

570 1847 842 1900 rationem
867 1813 1106 1898 ducens.
1127 1843 1463 1912 Propterea.
1493 1841 1772 1896 Hactenus
1798 1840 1988 1909 junior
2019 1842 2160 1894 taci-

2263 1837 2510 1890 ὑπείκων
2559 1813 2708 1906 ἐμοὶ,
2743 1834 2859 1889 ἀλλ’
2905 1835 2942 1890 ἃ.
2977 1813 3226 1906 βούλοιτο
3264 1813 3544 1908 πράττων,
3569 1839 3657 1891 τοῦ
3693 1813 3816 1908 ἤμει

568 1947 660 1990 tus
711 1935 956 1990 sedebat.
992 1933 1130 1988 Illud
1170 1944 1354 1987 autem
1399 1933 1654 1998 verbum.
1695 1932 2008 2002 Propterea,
2057 1930 2158 1985 ini-

567 2031 708 2084 tium
734 2027 975 2082 ferenda:
996 2028 1286 2080 adversum
1314 2040 1374 2080 se
1393 2025 1682 2080 sententia:
1710 2033 1883 2090 ratus,
1907 2022 2155 2078 Obsecro

567 2134 646 2184 te,
667 2117 1341 2182 exclamat,sacratissime
1358 2117 1580 2172 domine
1603 2117 1924 2186 imperator,
1944 2115 2160 2186 pauxil-

566 2216 683 2269 lum
713 2215 974 2276 subsiste,
1005 2211 1253 2280 mihique
1285 2210 1529 2264 medium
1553 2210 1793 2279 spatium
1826 2208 1892 2262 ad
1928 2211 2156 2278 loquen-

570 2308 704 2362 dum
741 2322 809 2360 ne
855 2306 1103 2373 denega;
1141 2313 1200 2357 et
1234 2303 1327 2356 ubi
1372 2304 1713 2366 summatim,
1745 2317 1867 2371 qua:
1906 2302 2159 2356 voluntas

571 2401 700 2461 fert,
729 2397 1101 2468 explicavero,
1134 2396 1408 2464 reliquum
1435 2395 1705 2448 orationis
1737 2404 1844 2448 tuze
1867 2395 2157 2448 absolvito.

572 2491 804 2546 Sinente
837 2505 970 2543 sene
995 2499 1054 2541 ut
1075 2487 1284 2542 diceret
1310 2502 1431 2554 qua:
1460 2487 1647 2548 vellet,
1680 2487 1826 2539 hunc
1857 2488 1908 2539 in
1936 2487 2158 2540 modum

573 2581 841 2637 disseruit
872 2599 884 2633 :
921 2581 1091 2634 Deum
1131 2589 1324 2634 testem
1364 2582 1581 2644 invoco,
1616 2594 1700 2634 me
1729 2594 1962 2648 quorum
1998 2594 2162 2632 accu-

573 2691 666 2730 sor
696 2674 1017 2739 criminum,
1062 2673 1268 2726 nullius
1316 2673 1448 2725 inihi
1495 2675 1782 2726 conscium
1817 2688 1960 2726 esse.
2003 2673 2160 2738 Quod

575 2769 758 2837 ipsum
793 2776 849 2821 et
872 2766 1006 2820 alias
1032 2764 1304 2835 tnaiestati
1331 2773 1436 2819 tum
1467 2779 1564 2834 per
1599 2765 1775 2818 virum
1797 2765 2159 2820 excellentem

573 2860 874 2930 Josepbum
907 2861 1144 2930 legatum
1179 2875 1361 2912 meum
1395 2859 1654 2921 iudicavi,
1688 2868 1742 2912 et
1789 2875 1937 2914 nunc
1972 2875 2164 2916 rursus

572 2968 761 3008 assero
787 2970 802 3006 :
837 2961 893 3007 et
915 2963 970 3004 ut
996 2952 1180 3006 verbis
1200 2951 1337 3005 meis
1366 2950 1509 3020 apud
1535 2963 1585 3004 te
1611 2951 1745 3006 lides
1772 2953 1863 3015 sit,
1884 2953 2162 3022 iusiuran—

573 3045 704 3099 dum
727 3045 1042 3114 interpono,
1064 3043 1465 3097 conscientiam
1491 3058 1666 3096 meam
1686 3059 1788 3098 nec
1804 3044 1968 3098 hodie
1992 3044 2164 3113 impe-

575 3137 681 3189 diri
716 3143 879 3204 atque
902 3133 1180 3195 convinci,
1206 3148 1309 3186 nec
1333 3141 1445 3186 tum
1475 3133 1790 3203 impeditam
1834 3144 1999 3204 atque
2033 3151 2164 3189 con-

573 3229 774 3283 victam
812 3228 981 3282 fuisse
1018 3229 1407 3283 ulliusliorum
1432 3231 1726 3296 scelerum,
1752 3245 1986 3300 quorum
2010 3244 2161 3284 nunc

572 3337 704 3375 reus
738 3335 990 3390 peragor.
1022 3318 1419 3374 Verumtamen
1453 3335 1714 3390 peccasse
1745 3336 1832 3374 me
1866 3322 1995 3375 talia
2017 3337 2161 3390 qna:-

574 3412 704 3466 dam
756 3420 981 3481 peccata
1015 3411 1251 3464 libenter
1296 3411 1652 3473 crediderim,
1703 3421 1763 3465 ut
1809 3411 1855 3465 si
1890 3419 1942 3466 te
1987 3411 2161 3465 invito

573 3515 834 3557 venatum
869 3502 1064 3566 ierim;
1098 3502 1144 3556 si
1179 3503 1389 3557 diutius
1415 3513 1579 3571 quam
1616 3515 1674 3556 tu
1709 3503 1938 3556 forsitan
1973 3503 2160 3565 velles,

569 3596 935 3667 equestribus
981 3595 1128 3651 ludis
1179 3595 1549 3661 indulserim;
1595 3605 1690 3649 aut
1739 3595 1782 3649 si
1835 3594 1968 3664 quid
2012 3594 2160 3648 aliud

573 3688 897 3758 huiusmodi
927 3689 1138 3758 iniussu
1172 3698 1267 3741 tuo
1295 3687 1685 3757 perpetrarim,
1709 3696 1766 3742 et
1795 3696 1983 3756 postea
2009 3702 2161 3741 man-

565 3783 765 3836 datum
807 3797 1027 3851 quoque
1051 3790 1204 3835 tuum
1238 3795 1337 3849 pro
1371 3779 1547 3832 nihilo
1579 3789 1800 3848 putans,
1840 3779 2014 3832 nihilo
2053 3779 2161 3834 mi-

570 3889 682 3927 nus
708 3872 886 3927 facere
918 3871 1280 3942 perrexerim.
1304 3869 1470 3939 Atqui
1501 3885 1604 3940 ego
1628 3870 1682 3923 in
1713 3870 1796 3924 his
1819 3885 2049 3939 peccare
2077 3887 2162 3926 me

571 3965 916 4029 nesciebam,
946 3964 1044 4016 tibi
1079 3971 1263 4015 autem
1279 3961 1616 4031 delinquere
1648 3963 1876 4016 forsitan
1910 3961 2156 4017 videbar.

575 4057 670 4111 Sic
701 4055 836 4108 mihi
878 4052 1219 4124 persuadens
1246 4092 1261 4114 ,
1295 4052 1436 4106 nihil
1489 4068 1575 4107 me
1629 4053 1918 4122 indignum
1963 4054 2164 4110 admit-

576 4157 725 4216 tere,
766 4146 1019 4200 dicebam
1064 4144 1156 4208 iis,
1201 4145 1534 4212 quibuscum
1589 4144 1727 4199 mihi
1777 4161 1983 4209 sermo,
2021 4147 2163 4200 velle

575 4263 915 4319 magnopere
951 4246 1094 4315 apud
1126 4246 1414 4300 dominum
1441 4254 1496 4300 et
1528 4247 1916 4316 imperatorem
1939 4264 2162 4303 causam

574 4352 798 4415 dicere;
833 4349 906 4402 ita
931 4361 1167 4416 namque
1199 4346 1426 4410 nullius,
1457 4362 1695 4416 quorum
1721 4362 2004 4416 arguerer,
2033 4363 2165 4401 con-

572 4455 782 4506 victum
812 4452 901 4516 iri,
933 4463 988 4505 et
1015 4451 1194 4520 ipsum
1222 4451 1612 4522 imperatorem
1642 4450 1971 4520 ﬂagitiorum
2007 4467 2163 4505 meo-

574 4565 698 4604 rum
741 4550 948 4620 abiecta
977 4547 1294 4618 suspicione
1327 4548 1465 4600 iram
1507 4547 1896 4601 remissurum.
1924 4546 2036 4618 46
2058 4548 2165 4603 Ne-

571 4663 701 4719 gare
741 4663 850 4701 non
891 4658 1070 4717 potes,
1101 4655 1152 4700 te
1183 4647 1252 4701 ab
1288 4646 1444 4700 obitu
1487 4645 1734 4716 parentis
1773 4647 1881 4700 mei
1926 4648 2164 4717 impera-

543 4753 712 4822 ,toris
763 4766 938 4821 usque
969 4749 1132 4804 hodie
1183 4759 1290 4803 tam
1325 4747 1730 4817 implacabilem
1761 4748 2030 4805 adversus
2079 4768 2166 4807 me

576 4855 918 4910 iracundiam
953 4852 1179 4916 aluisse,
1225 4859 1286 4902 ut
1317 4856 1471 4902 tanto
1506 4848 1797 4904 intervallo
1839 4865 1947 4904 non
1994 4853 2162 4908 verbo

574 4960 768 5015 saltem
820 4973 934 5013 uno
974 4956 1234 5026 dignatus
1290 4954 1368 5005 sis
1411 4968 1424 5005 :
1465 4952 1612 5022 quod
1667 4968 1791 5008 cum
1850 4956 2163 5025 considero,

577 5069 755 5114 morte
797 5059 918 5128 ipsa
947 5057 1128 5111 dirius
1171 5056 1408 5109 videtur.
1440 5055 1591 5110 Talia
1627 5057 1996 5112 occurrebant
2043 5075 2164 5129 qua:

571 5165 841 5230 dicerem,
875 5160 1277 5231 sperabamque
1307 5169 1520 5229 tempus
1553 5161 1778 5230 aliquod
1811 5162 2156 5222 defensionis

2259 1929 2422 1999 τέρου
2456 1928 2616 1997 λόγον
2649 1928 2960 1998 θελήματος
2993 1930 3319 2002 ποιούμενος
3351 1932 3460 1984 οὐδ’
3494 1931 3686 1998 ὀλίγον.
3731 1932 3816 1982 Διὰ

2259 2023 2440 2079 τοῦτο.
2471 2024 2650 2096 Μέχρι
2706 2025 2806 2095 μὲν
2855 2027 2950 2081 οὖν
2995 2027 3191 2080 τούτου
3247 2026 3473 2081 σιωπῶν
3528 2027 3816 2095 βασιλεῦςό

2265 2117 2387 2182 νέος
2417 2118 2689 2187 καθῆστο,
2741 2118 2803 2172 τὸ
2859 2121 2964 2175 Διὰ
3019 2120 3198 2174 τοῦτο
3229 2120 3283 2172 δὲ
3317 2120 3494 2191 ἀρχὴν
3517 2118 3816 2185 ἀποφάσεως

2265 2209 2407 2266 εἶναι
2441 2213 2698 2284 νομίσας,
2733 2215 2940 2284 Δέομαί
2992 2233 3110 2279 σου,
3153 2215 3404 2268 Οειότατέ
3437 2215 3645 2284 μοικαὶ
3682 2212 3816 2281 κύριε

2265 2303 2510 2374 βασιλεῦ,
2539 2301 2686 2369 εἷπε,
2723 2307 2924 2374 μικρὸν
2953 2309 3270 2376 ἐπισχόντα,
3319 2306 3480 2374 λόγου
3510 2306 3695 2376 χρόνον
3723 2303 3816 2354 ὀλί-

2262 2413 2358 2464 γον
2389 2398 2516 2466 ἑμοὶ
2559 2399 2914 2468 χαρίσασθαι’
2952 2398 2988 2450 ὃ.
3016 2398 3071 2451 δέ
3124 2399 3394 2468 βούλομαι
3425 2397 3733 2461 διεξελθόντι
3757 2394 3820 2453 ὼς

2263 2493 2320 2542 ἐν
2354 2485 2570 2561 βραχεῖ,
2627 2492 2721 2544 τοῦ
2763 2493 2922 2558 λόγου
2979 2492 3040 2544 τὸ
3098 2493 3284 2544 λοιπον
3355 2493 3514 2554 αὐτὸς
3570 2490 3817 2558 περανεῖς.

2263 2585 2368 2638 Τοῦ
2400 2585 2446 2638 δ’
2488 2586 2885 2655 ἐπιτρέψαντος
2941 2586 2974 2639 ἃ
3021 2585 3264 2655 βούλοιτο
3295 2588 3504 2654 λέγειν,
3540 2585 3640 2636 Τὸν
3683 2582 3817 2641 Θεὸν,

2262 2681 2288 2731 ὁ
2320 2679 2438 2740 νέος
2484 2678 2818 2748 Ἀνδρόνικος
2864 2679 2994 2749 ἔφη,
3043 2679 3153 2731 τῶν
3179 2681 3473 2750 παρόντων
3502 2680 3668 2744 λόγων
3701 2677 3821 2745 μὰρ.

2263 2786 2400 2838 τυρα
2425 2769 2834 2839 προκαλοῦμαι,
2860 2771 2934 2834 ὡς
2960 2771 3119 2823 οὐδὲν
3146 2765 3220 2823 ὧν
3244 2772 3594 2840 ἐγκαλοῦμαι
3623 2765 3819 2838 ἐμπυτῴ

2265 2863 2480 2916 σύνοιδα
2528 2865 2902 2934 εἰργασμένῳ·
2947 2865 3006 2916 τὸ
3039 2864 3084 2917 δ’
3120 2865 3255 2918 αὐτὸ
3285 2866 3396 2918 καὶ
3439 2865 3693 2937 πρότερον
3720 2862 3824 2928 ἐδή-

2263 2955 2412 3006 λωσα
2447 2955 2524 3024 τῷ
2572 2956 2650 3024 σῷ
2703 2955 2919 3024 κράτει,
2963 2955 3042 3024 τῷ
3070 2956 3380 3027 Θαυμασίῳ
3421 2957 3616 3027 Ἰωσὴφ
3639 2955 3823 3025 χρηοά·

2269 3063 2431 3117 μενος
2457 3049 2790 3118 πρεσϐευτῇ.
2833 3047 3002 3100 Τοῦτο
3028 3047 3093 3118 δὴ
3129 3050 3223 3102 καὶ
3246 3049 3357 3104 νῦν
3394 3048 3550 3114 αὖθις
3577 3047 3817 3118 διῖσχυρί-

2190 3169 2231 3224 c
2266 3139 2454 3208 ζομαι,
2505 3140 2604 3192 καὶ
2639 3140 2824 3210 ὅρκοις
2883 3141 3250 3210 πιστούμενος
3315 3144 3444 3207 τοὺς
3497 3143 3700 3212 λόγουέ,
3745 3140 3810 3202 ὡς

2263 3231 2390 3285 οῦτε
2425 3230 2525 3286 νῦν
2572 3233 2696 3284 οὔτε
2757 3234 2880 3286 τότε
2930 3235 3040 3287 τῶν
3085 3236 3510 3309 ἐγκαλουμένων
3545 3236 3750 3308 ἐμαυτῷ
3773 3252 3816 3286 τι
3892 3277 3893 3286 η

2267 3323 2483 3377 σύνοιδα
2541 3325 2914 3400 εἰργασμένῳ.
2950 3325 3390 3399 Ἐξαμαρτάνειν
3445 3333 3707 3400 μέντοιγε,
3737 3326 3815 3378 καὶ

2269 3416 2410 3470 πάνυ
2462 3417 2722 3486 πείθομαι
2771 3421 3024 3487 τοιαῦτα,
3069 3417 3205 3485 οἷον,
3249 3427 3308 3478 εἴ
3363 3425 3427 3492 γέ
3479 3440 3562 3476 σοι
3609 3423 3700 3489 μὲν
3730 3422 3816 3472 οὐκ

2265 3506 2468 3576 ἦρεσκε
2500 3509 2638 3578 πρὸς
2687 3512 3021 3580 κυνηγεσίαν
3062 3513 3351 3582 ἀπελθεῖν,
3405 3516 3516 3585 ἐγὼ
3567 3517 3622 3569 δέ
3666 3514 3818 3578 ἁπιὶσ

2265 3599 2380 3652 θον⁶
2427 3601 2477 3653 εί
2531 3603 2622 3654 ἐπὶ
2668 3603 2894 3658 πλείονα
2942 3608 3137 3675 χρόνον
3187 3609 3521 3680 ἐχρησάμην
3550 3611 3716 3678 ἵππῳ,
3747 3606 3818 3659 σοὶ

2264 3691 2457 3746 τούτου
2490 3693 2622 3757 ἴσως
2672 3695 2734 3747 οὐ
2785 3696 2968 3758 καλῶς
3004 3697 3150 3768 ἔχειν
3194 3701 3521 3764 δοκοῦντοςο
3558 3703 3590 3772 ἦ
3620 3704 3664 3754 εἰ
3689 3702 3744 3769 δή
3775 3715 3816 3748 τι

2267 3785 2510 3838 τοιοῦτον
2542 3786 2736 3856 ἓτερον
2761 3805 2775 3820 ο
2827 3789 2922 3842 καὶ
2972 3792 3130 3844 τοῦτο
3163 3787 3244 3858 δέ,
3277 3796 3339 3848 οὑ
3371 3797 3819 3866 προσταττόμενος

2265 3877 2422 3946 παρὰ
2449 3877 2568 3942 σοῦ,
2604 3879 2781 3933 ἔπειτ’
2829 3884 2912 3944 είς
2954 3883 3108 3937 οὐδὲν
3139 3885 3198 3937 τὸ
3246 3887 3532 3958 ἐπίταγμα
3566 3887 3821 3956 τιθέμενος

2269 3971 2510 4025 ἐποίουν·
2542 3971 2660 4026 ἀλλ’
2700 3971 2815 4042 ἐγὼ
2867 3975 2968 4043 μέν
2999 3977 3223 4030 ἐποίουν
3255 3981 3430 4050 μηδὲν
3475 3981 3644 4042 εἰδὼς·
3686 3983 3760 4031 σοι
3785 3975 3821 4028 δ’

2267 4063 2400 4126 ῐσως
2440 4061 2506 4115 ἂν
2550 4063 2652 4133 ἐμὲ
2682 4065 3027 4135 ἁμαρτάνειν
3081 4068 3284 4121 ἐδόκει·
3313 4065 3358 4138 ᾧ
3406 4073 3472 4139 δὴ
3524 4073 3614 4125 καὶ
3644 4069 3826 4123 πείθων

2266 4155 2509 4226 ἐμαυτὸν
2542 4156 2754 4211 ἀδικεῖν
2784 4159 2977 4227 μηδὲν,
3005 4161 3162 4213 Κατὰ
3191 4163 3443 4234 γνώμην,
3483 4165 3685 4228 ἔλεγον,
3719 4162 3824 4231 ἐμοὶ

2273 4246 2475 4313 γένοιτ’
2507 4247 2573 4300 ἂν
2626 4250 2718 4300 ἐπὶ
2751 4249 2846 4301 τοῦ
2887 4251 3084 4320 κυρίου
3121 4253 3216 4304 καὶ
3259 4253 3530 4323 βασιλέως
3564 4255 3713 4324 δίκης
3745 4269 3825 4303 τυ-

2265 4340 2404 4410 χεῖν,
2436 4340 2576 4412 πρὸς
2598 4340 2690 4403 οὓς
2728 4344 3033 4412 ἐποιούμην
3063 4347 3186 4404 τοὺς
3216 4345 3408 4414 λόγους
3437 4364 3449 4378 '
3481 4350 3529 4400 εί
3553 4349 3654 4416 γάρ
3688 4345 3825 4398 τοῦτο

2268 4429 2502 4497 γένοιτο,
2541 4433 2679 4502 πρὸς
2704 4434 2857 4487 οὐδὲν
2887 4437 2988 4502 μὲν
3020 4437 3130 4488 τῶν
3163 4439 3590 4510 ἐγκαλουμένων
3629 4437 3826 4504 ἐλεγκέο

2275 4538 2435 4591 μενος
2467 4525 2632 4589 αὐτος
2689 4529 3011 4595 φανεῖσθαιο
3065 4531 3155 4582 τὸν
3203 4531 3433 4600 βασιλέα
3484 4535 3543 4588 δέ
3589 4535 3686 4603 τὴν
3716 4531 3827 4600 περὶ

2262 4616 2356 4667 τοῦ
2401 4617 2709 4688 ἁμαρτάνει
2738 4620 2836 4690 ἐμὲ
2864 4621 3123 4675 ὑπόνοιαν
3159 4626 3522 4696 ἀποθέμενον,
3553 4628 3647 4694 τῆς
3675 4625 3828 4692 ὀργῆς

2266 4707 2332 4760 ἂν
2369 4708 2606 4777 ὑφεῖναι.
2647 4707 2822 4763 Οἶσθα
2850 4714 2958 4782 γὰρ
2990 4716 3174 4781 αὐτὸς,
3207 4711 3251 4769 ὦ
3302 4718 3550 4785 βασιλεῦ,
3594 4721 3674 4772 ὅτι
3707 4731 3830 4785 μεεκ

2265 4800 2364 4870 τὴν
2399 4803 2493 4854 τοῦ
2541 4802 2676 4871 ἐμοῦ
2721 4805 2988 4873 βασιλέως
3038 4811 3134 4861 καὶ
3179 4811 3389 4878 πατρὸς
3434 4813 3688 4878 τελευτὴν
3717 4809 3830 4874 ἄχρι

2263 4892 2360 4945 καὶ
2392 4893 2510 4960 νῦν,
2548 4896 2787 4966 τοσαύτῃ
2824 4898 3107 4968 χρώμενος
3157 4902 3384 4968 ἐφαίνου
3417 4907 3481 4972 τῇ
3518 4902 3694 4972 μήνιδι
3722 4899 3829 4950 κατ’

2263 4987 2424 5055 ἐμοῦ,
2451 4985 2523 5050 ὡς
2555 4988 2648 5040 ἐπὶ
2673 4989 2926 5042 τοσοῦτον
2969 4992 3161 5061 χρόνον
3177 4993 3297 5044 οὐδὲ
3336 4995 3498 5061 λόγου
3529 4997 3658 5061 γοῦν
3681 4993 3834 5056 deni;—

2265 5079 2352 5131 σαί
2382 5096 2529 5142 τινος
2557 5097 2572 5112 ο
2604 5081 2632 5133 ὃ
2660 5083 2757 5136 καὶ
2784 5082 3016 5136 θανάτου
3068 5085 3267 5156 βαρύτ;
3282 5103 3375 5154 ρον
3402 5091 3529 5156 ἐμοὶ
3553 5081 3828 5152 λογιζομέ·

2265 5189 2365 5238 νῳ,
2428 5172 2639 5226 τοιαῦτ’
2697 5173 2860 5244 ἐπῄει
2890 5175 3097 5244 λέγειν,
3149 5178 3388 5249 οἰομένῳ
3447 5178 3646 5248 καιροῦ
3698 5187 3831 5233 τινος

1837 5287 2054 5348 Jacobi
2086 5290 2356 5351 Pontani
2388 5301 2578 5353 notua.

649 5403 724 5471 (9)
759 5399 1112 5474 CurOpalata.
1155 5399 1295 5474 flint
1339 5399 1792 5474 rchawxisigu
1943 5406 1971 5456 ὁ
2007 5422 2147 5474 συμο

575 5469 833 5535 πένϋερος
888 5469 980 5523 τοῦ
1030 5470 1294 5539 βασιλέως
1335 5470 1652 5540 ὀχούμενος.
1708 5469 1954 5526 Canicleo
2011 5469 2159 5530 socer

571 5541 919 5610 imperatoris
962 5549 1214 5606 pra'erat,
1267 5551 1426 5610 atque
1457 5543 1760 5595 vehebatur.
1798 5542 1926 5595 Erat
1971 5557 2154 5600 autem
2205 5546 2207 5549 ’

569 5611 892 5682 Canicleum
924 5625 1044 5671 arx,
1079 5620 1135 5664 et
1161 5613 1555 5667 monasterium
1584 5613 2065 5682 Constantinopoli
2099 5618 2153 5671 in

577 5680 737 5754 urbe,
761 5683 921 5748 cuius
943 5681 1291 5754 pra-lectura
1324 5683 1559 5754 illustris
1588 5683 1904 5746 admodum,
1942 5680 2154 5754 fuitque

574 5751 812 5822 alterum
869 5751 1129 5820 palatium
1185 5752 1696 5822 ConstantinOpoli,
1754 5756 1901 5820 quod
1959 5751 2153 5809 socero

572 5819 948 5888 imperatoris,
993 5823 1038 5877 si
1077 5831 1246 5890 esset,
1292 5822 1519 5877 honoris
1550 5819 1684 5892 ergo
1717 5819 1952 5876 da-lmur
1997 5827 2151 5880 ineo-

2257 5408 2503 5463 lcndum.
2535 5409 2598 5482 Et
2629 5409 2674 5462 is
2699 5425 2885 5464 coram
2915 5411 3249 5481 imperatore
3275 5427 3486 5482 genero
3517 5412 3828 5470 vehebatur,

2259 5493 2360 5553 nec
2411 5481 2706 5553 tenebatur
2753 5496 2936 5553 coram
2979 5497 3046 5535 eo
3095 5483 3148 5535 in
3204 5481 3372 5551 pedes
3422 5483 3728 5553 procidere,
3782 5489 3829 5532 et

2260 5549 2338 5623 ire
2373 5548 2741 5623 pedibusfut
2774 5551 2866 5623 alii
2900 5565 3114 5623 omnes,
3149 5548 3240 5620 qui
3277 5553 3331 5605 in
3357 5548 3626 5623 dignitate
3662 5562 3827 5609 erant,

2257 5617 2614 5686 imperatoris
2644 5620 2936 5675 beneﬁcio.
2985 5622 3061 5675 lta
3105 5617 3445 5678 scholiastes
3478 5623 3826 5690 Curopalataz.

2255 5690 2622 5760 Tinterpres
2680 5691 2812 5759 legit
2870 5693 3186 5760 ὀχούμενος,
3253 5695 3435 5757 male;
3502 5709 3623 5747 nam
3678 5690 3826 5760 esto

2254 5756 2523 5838 Xcongoe.
2560 5756 3277 5838 Itaque—lege:Nicephorus
3307 5756 3581 5819 Churmnus
3618 5763 3704 5834 qui
3734 5757 3828 5813 Ca-

2255 5830 2422 5881 nicer
2455 5839 2706 5898 pra‘erat,
2748 5830 2970 5900 admin,
3002 5830 3110 5889 etc.
3353 5845 3357 5847 ’
