3962 6502
233 388 289 454 1ὶῖ
1469 410 1839 472 HISTORIA

1966 413 2022 474 M
2061 414 2295 476 LIBER
2340 415 2394 478 Ῑ.
3462 426 3562 489 Γτ-ί,

224 506 304 574 πΡδί
345 505 684 580 ἀπολογίαν
756 521 1015 591 τυχεῖν
1089 521 1228 575 κατὰ
1277 522 1370 573 τὸν
1429 521 1846 591 ἐπικρατοῦντα

1957 531 2248 578 nacturum
2273 539 2339 579 ex
2357 517 2501 596 lege,
2526 528 2892 598 qumjudiciis
2919 530 3052 600 ipsis
3076 532 3396 588 dominatur
3417 538 3556 606 (to)-

220 595 318 666 νόμον
336 603 446 664 ταῖς
476 603 751 672 δίκαις.
801 612 1123 683 Καίτοιγ’
1167 613 1411 682 ἔφασκον
1460 614 1559 682 ἐμὲ
1593 615 1733 682 πρὸς
1764 613 1847 678 οὓς

1961 615 2034 667 At
2083 617 2230 670 enim
2294 595 2557 686 desipere
2601 595 2688 674 me
2745 595 2969 676 aiebant
3025 625 3356 693 quibuscum
3422 595 3555 697 age-

211 689 491 786 διελεγόμην,
523 704 1005 759 παντάπασιν
1030 707 1374 776 ἁμαρτάνειν
1403 707 1531 776 περὶ
1558 705 1665 758 τῶν
1689 722 1847 775 πραγ⁴

1961 703 2088 759 ham
2139 706 2271 776 (ll),
2318 708 2363 761 si
2398 718 2647 777 putarem
2682 713 2875 765 eodem
2903 689 3229 769 accusatore
3276 726 3330 769 ct
3371 689 3558 786 judice

215 784 339 852 μᾶτων
370 787 651 861 γνώμης
739 795 966 866 ὀρθῆς
1001 838 1020 863 ,
1075 800 1126 851 εἰ
1179 797 1271 850 τοῦ
1325 797 1496 850 αὐτοῦ
1545 798 1847 861 δικάζοντος

1960 808 2075 846 non
2123 796 2310 864 potius
2353 797 2561 852 indicta
2614 815 2782 854 causa
2840 817 2928 856 me
2979 804 3324 868 damnatum,
3373 784 3554 874 quam

233 875 429 952 πόλει
510 883 1003 952 ὲγκειι).‹)ῡν⁴ιτος
1039 891 1258 958 ἐρήμην
1285 889 1384 941 οῦκ
1438 889 1622 959 οἴομαι
1657 887 1847 941 ἁλώσε-

1960 886 2317 954 probationes
2368 897 2426 943 et
2454 903 2783 960 argumenta
2829 907 2948 948 mea
2997 902 3356 966 quamo'mem
3402 902 3556 956 dam-

211 968 308 1022 σθεν
337 969 448 1024 ἀλλ’
494 974 820 1046 ἐλέγχων
860 980 1188 1050 δεήσεσθαι
1225 980 1319 1032 καὶ
1356 979 1692 1045 ἀποδείξεων
1723 980 1847 1048 πρδ,

1960 987 2124 1032 natus
2150 993 2257 1032 non
2291 979 2420 1044 sim,
2456 983 2786 1050 requisitum
2817 985 2908 1039 iri.
2945 986 3192 1050 Quorum
3218 992 3457 1044 orationi
3492 993 3556 1046 [i=-

205 1065 272 1128 τῂν
306 1065 674 1135 καταδίκην.
762 1071 952 1141 Ἐγὼ
1013 1075 1071 1126 δὲ
1131 1075 1232 1126 οὐκ
1287 1071 1612 1142 ἐπειθόμην.
1646 1073 1785 1124 Νυνὶ
1812 1073 1847 1125 δ⁴

1961 1066 2084 1121 deni
2115 1085 2224 1122 non
2268 1071 2563 1134 habebam,
2601 1089 2764 1142 quam
2797 1090 2945 1130 nunc
2977 1092 3035 1130 re
3075 1078 3192 1147 ipsa
3221 1083 3552 1150 comproha~

203 1153 420 1208 ἐπὶτῶν
486 1164 942 1232 πραγμάτων
975 1205 992 1230 ,
1049 1163 1503 1234 ῶσπερ’ἑ).εγον,
1563 1166 1847 1234 συμὸαἶνοι

1961 1171 2073 1214 tam
2102 1162 2296 1216 videns
2332 1163 2670 1234 (antequam
2709 1168 2858 1220 enim
2896 1171 3124 1223 verbum
3170 1174 3354 1236 emisi,
3403 1177 3550 1244 apud

205 1247 315 1314 ὁρῶν
342 1247 511 1320 (πρὶν
554 1253 699 1324 γὰρ
751 1257 854 1318 εἰς
919 1257 1118 1325 λόγους
1150 1258 1333 1327 ἥκειν,
1367 1259 1520 1327 παρὰ
1565 1260 1648 1310 σοι
1691 1261 1847 1328 κριτῇ

1960 1261 2013 1307 te
2030 1255 2270 1324 judicem
2297 1257 2558 1311 omnibus
2579 1258 2806 1314 calculis
2829 1261 3230 1316 condemnatus
3255 1280 3373 1318 sum
3397 1268 3550 1336 (li):

208 1343 300 1403 ταῖς
333 1341 608 1408 άπάσαις
652 1347 908 1414 ἑάλων,
972 1351 1066 1402 καὶ
1121 1353 1430 1420 τεκμήριον
1485 1351 1746 1420 ἀψευδὲς,
1777 1354 1847 1416 είς

1959 1345 2121 1413 cujus
2160 1344 2236 1398 rei
2272 1345 2500 1400 evidens
2523 1349 2797 1418 judicium
2826 1353 2986 1407 sedes
3013 1353 3260 1414 humilis.
3302 1357 3353 1410 in
3383 1374 3548 1429 quam

215 1434 265 1500 ἦν
295 1437 507 1488 κατεδι·
539 1437 764 1503 ἀσθτ,ν
817 1440 1150 1511 καθέδραν),
1198 1441 1322 1494 νοῦν
1365 1442 1460 1511 μὲν
1503 1442 1664 1511 ἔσχον
1702 1444 1847 1512 μόλις

1960 1435 2253 1489 damnatus
2301 1453 2422 1491 sum
2471 1438 2654 1510 [15]),
2696 1442 2784 1494 vix
2825 1443 3047 1496 tandem
3103 1447 3372 1515 intelligo,
3425 1449 3549 1504 illos

218 1528 624 1593 συνετωτέρους
703 1533 992 1596 ἐκείνους
1055 1534 1296 1604 ἐμαυτοῦ
1348 1539 1581 1603 κρίνειν.
1633 1535 1847 1588 Βέλτιον

1959 1543 2124 1596 quam
2163 1545 2248 1582 me
2289 1530 2571 1599 judicasse
2611 1534 2966 1601 prudentius.
3002 1536 3132 1589 Mihi
3169 1553 3297 1589 vero
3343 1540 3546 1594 melius

211 1613 341 1687 δ’ἧν,
391 1617 616 1690 ὥσπερ
687 1621 952 1676 ἔπειθον
1003 1624 1244 1694 ἐμαυτὸν
1294 1623 1428 1692 ἐγὼ,
1459 1624 1602 1678 οὕτω
1637 1629 1730 1679 καὶ
1754 1628 1847 1696 τὴν

1959 1618 2155 1685 (mitto
2183 1619 2369 1674 dicere
2399 1621 2642 1694 justius)
2668 1626 3069 1692 persuadebam
3105 1626 3244 1691 fore,
3282 1643 3348 1683 eo
3383 1632 3549 1687 modo

208 1712 476 1765 ἀπόϐασιν
544 1714 837 1786 ὀφθῆναι
894 1719 1194 1786 γενομένην
1230 1717 1340 1770 τῶν
1373 1718 1740 1788 πραγμάτων
1781 1719 1847 1771 ἐῶ

1959 1722 2145 1763 rerum
2185 1720 2445 1765 eventum
2496 1713 2702 1768 videre.
2751 1715 3026 1780 Quoniam
3080 1725 3265 1772 autem
3314 1723 3546 1775 adversa

207 1806 309 1873 γὰρ
339 1806 531 1857 εἰπεῖν
565 1805 854 1861 δίκαιον.
901 1807 1058 1861 Ἐπεὶ
1087 1809 1132 1860 δ’
1177 1809 1233 1861 αἱ
1284 1809 1625 1879 δυσπραγίαι
1657 1809 1847 1864 τοσοῦ-

1960 1817 2081 1857 sors
2108 1804 2180 1857 ita
2208 1821 2295 1858 me
2335 1805 2684 1860 liorribiliter
2709 1809 2933 1870 alllavit,
2970 1819 3028 1864 ut
3063 1819 3292 1878 paterna
3323 1828 3550 1883 quoque

206 1911 297 1947 τον
332 1896 636 1950 ἐπνευσαν
700 1897 864 1968 βαρὺ
921 1899 1042 1952 κατ’
1082 1898 1239 1968 ἐμοῦ,
1292 1899 1435 1952 ὥστε
1497 1917 1590 1969 μοι
1639 1902 1733 1953 καὶ
1783 1903 1847 1954 τὰ

1959 1892 2166 1946 viscera
2193 1895 2321 1947 odio
2351 1895 2456 1948 mei
2496 1896 2783 1960 imbuerit,
2815 1897 2954 1952 adeo
2991 1909 3050 1952 ut
3079 1914 3182 1954 nec
3210 1916 3550 1970 quocunque

214 1989 425 2056 πατρὸς
481 1990 820 2061 σπλάγχνα
890 1990 1146 2044 τοσοῦτον
1208 1991 1707 2060 ἐκπεπολεμῶσθαι
1767 1992 1847 2054 ὼς

228 2079 363 2147 μηδὲ
417 2081 525 2150 τῆς
580 2081 820 2148 ὁτῳοῦν
871 2082 1264 2153 προσηκούσης
1299 2081 1617 2152 ἐλευθερίας
1646 2084 1851 2154 τυγχά-

230 2190 343 2226 νειν
388 2175 490 2226 ἐπὶ
555 2175 625 2227 τὸ
693 2177 775 2229 τὰ
836 2174 1162 2244 ἐγκλήματα
1218 2175 1620 2239 ἀπολύσασθαι,
1655 2176 1850 2246 δέομαι

193 2255 196 2260 ’
229 2263 328 2318 τοῦ
389 2266 489 2318 σοῦ
555 2268 854 2338 κράτους,
888 2261 932 2318 ῶ
979 2265 1222 2338 βασιλεῦ,
1264 2266 1339 2338 μὴ
1377 2267 1643 2338 πρότερον
1669 2269 1849 2338 ψῆφον

238 2357 587 2425 ἐξενεγκεῖν,
627 2361 779 2430 πρὶν
809 2357 879 2412 ἂν
915 2358 984 2411 τὰ
1010 2358 1361 2428 ἐγκλήματα,
1389 2358 1536 2431 άπερ
1556 2359 1692 2430 ἐμοῦ
1725 2379 1852 2414 κατ-

241 2452 559 2520 ηγόρηκας,
606 2452 849 2523 βασάνῳ
879 2451 1210 2522 δοκιμασθῇ.
1251 2450 1368 2504 Κᾶν
1410 2453 1510 2521 μέν
1550 2469 1604 2504 τι
1639 2454 1818 2521 (put-to

252 2558 357 2610 μαι
389 2542 599 2596 τούτων
657 2543 1118 2614 ἐξειργασμένος,
1152 2544 1252 2611 τὴν
1279 2543 1515 2612 ἐσχάτην
1555 2542 1741 2595 δοῦναι
1771 2543 1851 2596 δί-

247 2652 360 2704 κην
406 2636 793 2689 ἀποθανόντα·
828 2637 894 2691 ἂν
945 2638 990 2690 δ’
1020 2636 1304 2704 ἐλεύθερος
1363 2638 1427 2687 ἐκ
1479 2634 1698 2688 πάντων
1729 2635 1851 2689 τού-

247 2739 365 2777 των
407 2726 753 2795 uocales,
809 2729 944 2798 ὅπερ
994 2722 1148 2796 οἴμαι
1184 2727 1280 2779 καὶ
1322 2725 1384 2779 σέ
1442 2725 1730 2795 βούλεσθαι
1757 2728 1850 2781 καὶ

255 2815 322 2866 δι’
366 2818 537 2888 εὐχῆς
590 2819 896 2884 ποιεῖσθαι,
945 2819 1067 2872 τότε
1111 2820 1332 2884 ἐξέσται
1375 2819 1539 2874 πάλιν
1581 2819 1751 2889 πατρί
1784 2835 1848 2887 γε

261 2908 380 2959 ἱντι
435 2926 520 2961 σοι
559 2910 664 2962 καὶ
723 2910 920 2980 κυρίῳ,
971 2911 1233 2980 πράττειν
1273 2911 1344 2963 τὰ
1402 2910 1547 2964 κατά
1599 2912 1846 2980 γνώμην.

273 3000 488 3065 Τούτοις
527 3005 653 3066 τοῖς
686 3001 869 3069 λόγοις
901 3003 981 3066 είς
1027 3001 1200 3072 ὀργὴν
1234 3001 1494 3071 ἐξαφθεὶς
1531 3002 1793 3055 ἐπιπλέον
1823 3004 1850 3055 ὁ

272 3093 652 3164 πρεσϐύτερος
686 3093 937 3163 βασιλεὺς
985 3095 1301 3166 τραχυτέρᾳ
1330 3093 1428 3148 τοῦ
1471 3096 1683 3158 δέοντος
1714 3113 1851 3166 χρη·

262 3185 504 3254 σάμενος
559 3190 629 3257 τῇ
687 3190 862 3256 φωνῇ,
925 3187 998 3258 μὴ
1038 3187 1247 3240 οἴεσθαι
1299 3187 1466 3240 αὐτὸν
1527 3188 1683 3256 ἔλεγε
1739 3188 1848 3241 τῶν
1877 3226 1916 3284 C

254 3279 632 3350 καλουμένων
684 3280 794 3333 ἀπὸ
845 3279 1106 3348 Χριστοῦ.
1155 3280 1212 3334 ὐ
1246 3281 1362 3344 νέος
1405 3281 1462 3334 δὲ
1507 3281 1846 3351 Ἀνδρόνικος

250 3372 432 3436 εὐθὺς
462 3372 604 3442 πρὸς
633 3372 727 3424 τὸν
758 3372 998 3426 τοιοῦτον
1028 3372 1288 3427 ἀπαντῶν
1336 3373 1518 3441 λόγον,
1559 3374 1842 3444 Κράτιστε

248 3465 528 3534 βασιλεῦ,
591 3463 722 3536 ἔφη,
765 3464 870 3516 τῶν
904 3466 1025 3534 ἐμοὶ
1067 3464 1163 3517 νῦν
1194 3465 1608 3536 ἐπανεχθέντων
1648 3466 1848 3536 ἐγκλη-

249 3558 460 3626 μάτων
496 3556 715 3611 πολλῶν
759 3557 927 3609 ὄντων
972 3558 1068 3610 καὶ
1115 3556 1388 3628 χαλεπῶν,
1431 3558 1512 3612 ἔτι
1554 3561 1646 3612 καὶ
1673 3560 1849 3614 πλείω

246 3652 350 3702 καὶ
399 3649 777 3722 χαλεπώτερα
809 3647 901 3700 σοῦ
933 3651 1305 3720 προτάξαντος
1344 3651 1554 3720 ἤνεγκα
1586 3650 1650 3703 ἂν
1671 3651 1798 3720 σιγῇ
1829 3664 1843 3680 ·

245 3743 274 3794 ὃ
299 3744 363 3796 δὲ
424 3744 525 3796 νῦν
554 3744 720 3812 ἔφης,
754 3743 828 3812 μὴ
856 3741 1062 3794 οῐεσυαί
1087 3760 1152 3812 με
1193 3744 1544 3814 Χριστιανὸν,
1583 3742 1848 3796 τοσοῦτον

245 3837 458 3906 ἀπέχω
483 3833 592 3887 τοῦ
632 3839 758 3904 σιγῇ
795 3834 1038 3905 φέρεινῆ
1067 3835 1201 3904 πρὸς
1252 3833 1354 3905 ἐμὲ
1391 3833 1646 3903 εἰρῆσθαι
1692 3833 1850 3902 νομίο

248 3925 399 3995 ζειν,
453 3925 595 3982 ὥστ’
629 3925 860 3996 ἐμπίδος
917 3927 950 3998 ἡ
1005 3943 1151 3989 τινος
1193 3925 1302 3979 τῶν
1343 3927 1701 3996 φαυλοτέρων
1750 3925 1852 3995 τὴν

250 4023 455 4093 «pun-ir)
476 4021 690 4089 ταύτην
711 4019 946 4088 νομίζων
962 4018 1283 4091 [νομίζειν],
1303 4019 1446 4071 Ἀλλ’
1474 4021 1522 4070 εἰ
1545 4021 1638 4072 καὶ
1659 4019 1847 4084 αὐτὸς,

250 4117 440 4183 φημὶ,
471 4114 582 4166 οὐκ
606 4113 720 4181 ἡγῇ
741 4128 810 4181 με
827 4112 1171 4181 Χριστιανὸν,
1203 4110 1318 4164 ἀλλ’
1342 4111 1437 4179 ὅγε
1458 4111 1518 4163 τὸ
1541 4111 1842 4180 σεϐάσμιον

251 4204 442 4258 αὑτοῦ
486 4199 636 4274 αἷμα
673 4203 818 4274 ὑπὲρ
849 4203 983 4272 ἐμοῦ
1033 4202 1439 4274 φιλανθρώπως
1483 4203 1684 4272 ἐκχέας
1711 4204 1850 4274 Χρι-

249 4299 437 4361 στὺς,
477 4298 628 4366 ὑπὲρ
678 4290 740 4350 οῦ
797 4297 894 4348 καὶ
934 4295 1096 4360 αὐτὸς
1151 4295 1374 4364 ἕτοιμος
1425 4287 1570 4347 εἷναι
1601 4295 1662 4346 τὸ
1717 4294 1851 4348 ῐδιον

244 4392 572 4445 ἀποδοῦναι.
645 4388 845 4459 καιροῦ
898 4387 1214 4450 καλοῦντος,
1275 4385 1626 4458 θαρρούντως
1681 4385 1849 4454 φημὶ,

244 4484 463 4538 ἐαυτοῦ
516 4485 620 4540 καὶ
657 4482 833 4536 οἴεταί
874 4499 941 4552 με
986 4481 1082 4535 καὶ
1123 4479 1401 4552 ὀνομάζει.
1431 4481 1541 4534 Καὶ
1572 4479 1656 4542 τίς
1687 4480 1849 4551 χρεία

1955 1984 2120 2037 modo
2162 1985 2296 2038 mihi
2341 1985 2585 2042 debitam
2634 1988 2949 2042 libertatem
2994 1990 3060 2043 ad
3096 1993 3547 2060 respondendum

1953 2076 2281 2132 criminibus
2316 2079 2622 2144 obtineant,
2652 2097 2750 2135 oro
2779 2082 3120 2150 majestatem
3166 2093 3335 2148 tuam,
3369 2088 3546 2157 impe-

1953 2175 2126 2232 rator,
2153 2167 2230 2220 uti
2266 2168 2419 2237 prius
2438 2170 2773 2224 sententiam
2806 2187 2874 2225 ne
2902 2170 3070 2233 feras.
3106 2189 3270 2242 quam
3301 2190 3423 2243 qua:
3449 2177 3546 2230 ob-

1949 2256 2152 2328 jecisti,
2198 2261 2485 2327 explorata
2536 2269 2592 2315 et
2631 2262 2863 2330 probata
2899 2261 3106 2317 fuerint
3147 2281 3160 2318 :
3199 2275 3261 2319 ut
3306 2266 3352 2319 si
3403 2267 3536 2336 quid

1951 2365 2144 2405 eorum
2178 2353 2469 2408 admisisse
2493 2354 2902 2423 deprchendar.
2937 2355 3116 2424 capite
3143 2372 3335 2425 ptenas
3363 2360 3546 2412 cxsol-

1955 2459 2098 2508 vam,
2128 2445 2212 2498 sin
2251 2458 2434 2500 autem
2463 2462 2557 2516 per
2587 2448 2770 2501 omnia
2803 2447 2942 2502 liber
2997 2459 3054 2502 et
3091 2449 3358 2506 innocens
3389 2452 3546 2506 inve-

1955 2537 2282 2606 niar(quod
2335 2548 2386 2592 te
2429 2554 2649 2608 quoque
2683 2539 3007 2593 desiderare
3068 2550 3126 2594 et
3167 2545 3310 2596 votis
3350 2551 3545 2613 optare

1951 2633 2267 2701 existimo),
2317 2642 2376 2686 ut
2433 2633 2530 2686 tibi
2589 2649 2808 2688 rursum
2865 2634 3007 2703 patri
3057 2651 3120 2688 ac
3152 2635 3378 2689 dotnino
3421 2650 3546 2689 meo

1952 2727 2100 2794 quod
2141 2724 2367 2780 libuerit
2402 2725 2581 2781 facere
2626 2726 2812 2780 liceat.
2847 2726 2945 2780 llis
2983 2727 3172 2780 verbis
3217 2727 3424 2796 majore
3458 2729 3544 2781 in-

1952 2816 2266 2873 ﬂammatus
2299 2819 2378 2872 ira
2405 2820 2615 2885 senior,
2639 2821 2927 2888 asperiore
2959 2835 3091 2874 voce
3115 2836 3279 2890 quam
3315 2821 3397 2874 fas
3425 2831 3549 2875 erat

1951 2913 2284 2976 exclamans,
2317 2913 2578 2966 arbitrari
2624 2929 2705 2978 sc,
2752 2913 2910 2967 illum
2959 2929 3069 2967 non
3113 2929 3238 2969 esse
3273 2912 3547 2969 Christia-

1952 3020 2085 3058 num
2125 3005 2286 3060 dixit.
2327 3006 2430 3061 Cui
2481 3005 2654 3060 verbo
2679 3006 2870 3076 jnnior
2914 3006 3100 3061 statim
3137 3007 3219 3061 sic
3253 3011 3500 3060 occurrit
3527 3021 3548 3058 :

1955 3097 2094 3153 Cum
2125 3099 2297 3152 multa
2317 3107 2372 3153 et
2399 3100 2585 3169 gravia
2611 3099 2681 3153 de
2703 3113 2790 3152 me
2812 3099 3049 3152 crimina
3076 3099 3413 3168 praedicaris,
3444 3099 3548 3152 im-

1951 3199 2173 3262 perator
2217 3191 2445 3260 optime,
2487 3190 2533 3247 si
2573 3190 2730 3260 plura
2765 3191 2950 3245 adhuc
2998 3199 3055 3244 et
3110 3191 3363 3260 graviora
3399 3207 3550 3260 pra-.-

1901 3265 1919 3286 ¹
1952 3283 2221 3346 dicasses,
2266 3283 2490 3338 silentio
2521 3282 2935 3347 sustinuissem,
2965 3283 3059 3336 sed
3094 3283 3222 3352 quia
3269 3299 3420 3338 nunc
3457 3300 3548 3338 me

1963 3372 2412 3426 Christianorum
2475 3387 2711 3428 numero
2748 3372 2964 3436 eximis,
3009 3382 3220 3427 tantum
3257 3374 3434 3440 abest,
3485 3386 3546 3428 ut

1953 3463 2060 3519 hoc
2097 3465 2296 3520 tacitus
2324 3465 2522 3530 feram,
2548 3474 2655 3520 aut-
2683 3466 2739 3520 in
2773 3481 2860 3519 me
2887 3467 3189 3521 convenire
3219 3467 3442 3533 ducam,
3483 3479 3544 3521 ut

1953 3557 2172 3621 culicis,
2211 3557 2370 3612 autsi
2402 3557 2534 3626 quid
2565 3567 2651 3610 est
2675 3573 2741 3611 eo
2770 3558 3148 3628 contemptius
3174 3557 3319 3612 hanc
3351 3574 3549 3614 vocent

1954 3649 2140 3704 diecre
2192 3665 2303 3704 non
2355 3664 2570 3707 verear.
2607 3650 2716 3704 Sed
2755 3659 2814 3705 ut
2861 3661 2918 3705 tu
2964 3665 3050 3704 me
3082 3667 3184 3720 pro
3226 3652 3554 3706 Christiano

1955 3758 2066 3797 non
2100 3743 2327 3808 habeas,
2359 3751 2414 3795 at
2446 3751 2597 3796 certe
2627 3741 2906 3808 Christus,
2949 3745 3044 3813 qui
3080 3744 3383 3812 pretiosum
3419 3760 3548 3799 san-

1955 3835 2176 3906 guinem
2217 3851 2376 3890 suum
2402 3835 2513 3904 (Η)
2539 3851 2636 3902 pro
2663 3851 2748 3888 me
2779 3836 3018 3906 benigne
3043 3837 3268 3896 elludit,
3304 3853 3401 3906 pro
3433 3853 3544 3907 quo

1959 3927 2201 3982 vicissim
2237 3941 2442 3989 meum,
2473 3940 2636 3979 causa
2667 3927 3004 3994 postulante,
3033 3925 3344 3980 eﬂ‘usurum
3377 3926 3549 3980 [iden-

1959 4027 2044 4072 ter
2072 4018 2182 4081 aio,
2227 4032 2328 4087 pro
2359 4032 2460 4071 suo
2493 4016 2681 4082 habet,
2728 4032 3002 4086 suumque
3034 4018 3306 4070 nominat.
3346 4016 3546 4072 Verum

1956 4110 2090 4180 quid
2133 4110 2236 4164 ista
2273 4108 2572 4162 verborum
2606 4109 2928 4162 velitatione
2971 4123 3111 4177 opus
3143 4107 3359 4162 estYSi
3393 4109 3548 4177 judi-

1957 4219 2072 4266 cas,
2119 4201 2428 4257 secundum
2471 4200 2620 4268 leges
2656 4200 2843 4270 judica
2877 4217 2894 4264 ;
2936 4199 2980 4253 si
3012 4209 3198 4254 autem
3243 4211 3370 4252 ante
3409 4216 3550 4256 con-

1959 4295 2211 4366 demnas,
2239 4291 2345 4364 47
2380 4307 2544 4366 quam
2569 4292 2810 4362 judicas,
2847 4300 3043 4356 restat,
3083 4291 3161 4343 uti
3203 4292 3547 4359 supplicium

1959 4365 2183 4457 quoque
2228 4385 2297 4440 de
2325 4398 2412 4438 me
2458 4365 2664 4438 Sumas.
2698 4381 2936 4437 Proinde
2968 4381 3054 4436 fac
3092 4381 3320 4436 delicias
3361 4383 3547 4437 animo

1961 4489 2079 4534 tuo.
2123 4475 2342 4532 Gratias
2391 4483 2578 4529 autem
2633 4472 2733 4527 tibi
2777 4471 3046 4526 maximas
3091 4486 3214 4542 ago,
3260 4471 3407 4541 quod
3457 4472 3547 4526 his

1541 4596 1760 4659 Jacobi
1793 4594 2064 4660 Pontaai
2100 4602 2287 4656 notae.

324 4723 457 4796 (10)
497 4723 642 4796 Nam
675 4718 892 4796 judices
935 4717 1233 4796 sec_undum
1281 4717 1456 4796 leges,
1498 4730 1632 4796 non.
1657 4722 1850 4796 contra
1885 4706 1928 4760 D
1958 4713 2510 4796 omniurn‘videatur.

255 4787 413 4866 leges
439 4787 705 4866 judicare
745 4789 977 4866 debent._
1014 4789 1281 4843 Praeterea
1321 4787 1850 4866 sicutomagistratus

261 4857 480 4919 di'eitu'r
512 4866 604 4918 lex
633 4863 889 4928 loquens,
938 4860 1014 4912 sic
1043 4867 1100 4912 et
1126 4870 1309 4912 mutus
1350 4857 1724 4928 magistratus,
1755 4857 1850 4922 qui

263 4936 469 5003 procul
497 4927 864 5003 ,(lulfio’ipsis
914 4929 1075 4981 etiam
1130 4929 1542 5003 magistratibus
1593 4927 1849 4992 imperat.

249 4998 682 5070 CicerofOfﬁc.
718 5015 752 5052 ιι
779 5014 796 5051 :
825 4998 978 5067 Leges
1007 5007 1128 5052 sunt
1169 5002 1412 5070 inventae,
1439 5011 1556 5067 qua:
1578 5011 1709 5070 rum
1738 5010 1851 5046 om-

255 5078 425 5129 nibus
459 5066 770 5139 anapatque
795 5066 993 5144 eadem
1022 5084 1141 5121 voce
1168 5066 1530 5144 loquerentur.
1566 5066 1702 5120 Cum
1732 5081 1854 5144 oui-

257 5148 464 5205 nibus,
500 5145 709 5211 inquit,
738 5154 868 5208 ergo
924 5139 1086 5192 etiam
1122 5155 1247 5192 cum
1277 5139 1560 5208 judicibus
1585 5145 1640 5190 et
1675 5139 1850 5204 magi-

253 5227 372 5268 stra
383 5217 566 5268 tibus.

328 5289 460 5354 (It)
523 5283 757 5354 ningues
801 5278 1169 5354 domesticus,
1226 5288 1284 5333 et
1342 5285 1744 5346 protostrator,
1798 5287 1858 5334 ut

261 5349 420 5421 patet
440 5349 528 5408 ex
561 5349 969 5421 superioribus.

330 5426 461 5495 (li)
521 5423 586 5476 In
636 5415 830 5474 Graeco
879 5417 1114 5495 subaudi
1147 5417 1380 5495 ψήφοις.
1434 5415 1546 5472 Hoc
1592 5417 1854 5495 loquendi

255 5486 451 5564 genus
484 5495 828 5559 frequentat,
879 5486 1104 5564 de_uno
1146 5487 1398 5564 loquens,
1442 5497 1501 5564 ut
1546 5489 1847 5564 perlectam

256 5557 696 5618 damnationem
741 5557 1139 5625 sententiaque
1215 5557 1614 5626 plenitudinem
1663 5558 1844 5625 ἐμφα-

253 5635 434 5697 τικῶς
481 5632 782 5701 exprimat.
832 5630 968 5682 Nam
1016 5642 1157 5681 unus
1199 5637 1534 5701 nonjpotest
1573 5627 1694 5701 nisi
1737 5643 1846 5681 uno

256 5706 502 5767 calculo,
557 5697 668 5755 una
700 5703 994 5760 sententia,
1027 5711 1202 5767 unove
1251 5698 1516 5767 suﬂ'ragio
1551 5697 1839 5757 damnare,

255 5788 352 5829 aut
404 5766 652 5846 prabare
691 5770 936 5846 aliquid.
994 5766 1128 5846 Sed_
1159 5778 1336 5836 potest
1391 5766 1494 5822 hoc
1538 5769 1718 5846 facere
1771 5782 1838 5822 eo

251 5837 450 5912 sensu,
487 5857 660 5914 atque
684 5837 917 5912 judicio,
950 5848 1007 5890 et
1043 5837 1345 5904 voluntate,
1391 5847 1451 5893 ut
1487 5853 1629 5892 unus
1664 5837 1837 5892 instar

2031 4786 2143 4853 (l5)
2186 4783 2371 4846 Forte,
2410 4785 2462 4836 in
2489 4799 2594 4852 qua
2631 4780 2866 4853 consedi,
2909 4788 3112 4853 utpro
3145 4778 3545 4853 κατεδικάσθην

1955 4851 2202 4924 legamus
2230 4851 2534 4924 καθησϋην,
2557 4869 2586 4905 a
2611 4852 2937 4924 καθέζομαι.
2957 4851 3090 4903 Nam
3121 4852 3313 4902 menda
3349 4852 3543 4924 istius-

1957 4921 2104 4979 modi
2160 4924 2290 4978 huic
2326 4921 2560 4977 librario
2609 4921 2871 4974 inusitata
2920 4935 3030 4973 non
3075 4930 3227 4978 sunt,
3277 4928 3336 4970 ut
3411 4922 3548 4974 totis

1957 4996 2220 5048 nimirum
2263 4994 2514 5069 syllabis,
2547 5007 2656 5045 non
2693 5000 2904 5044 tantum
2952 4991 3152 5043 litteris
3193 4990 3546 5069 simplicibus

1997 5074 2173 5118 εςςοι.

1959 5080 2304 5204 ΡθῗῗὲἷοΜοε
2352 5131 2618 5201 loquendi
2672 5129 3008 5203 Spectandus
3060 5137 3164 5204 est,
3208 5129 3543 5204 non__vciba

1965 5199 2202 5272 singula,
2231 5214 2325 5256 aut
2359 5199 2510 5258 cei-te
2539 5218 2646 5255 non
2687 5199 2803 5257 suis
2839 5209 2895 5254 et
2944 5201 3184 5272 propriis
3212 5199 3540 5272 signiﬁcatis

1965 5271 2183 5343 semper
2221 5275 2583 5343 exprimenda
2618 5274 2854 5342 singula.
2896 5272 3014 5325 Non
3044 5271 3286 5323 solemus
3327 5285 3426 5321 nos
3457 5271 3543 5321 di—

1963 5342 2111 5405 cere,
2148 5342 2546 5405 venerandum,
2579 5344 2664 5396 vel
2691 5352 3001 5413 augustum
3031 5342 3377 5413 sanguinein,
3413 5352 3540 5390 cum

1963 5415 2030 5467 de
2057 5415 2187 5471 .lesu
2221 5414 2427 5468 Christi
2480 5409 2791 5466 Servatoris
2832 5410 3321 5487 nostrisanguiue
3363 5409 3543 5487 loqui:

1966 5499 2110 5548 mur,
2159 5499 2479 5558 quanquam
2515 5499 2705 5537 revera
2752 5482 3108 5558 venerandus
3149 5491 3272 5558 est,_
3297 5487 3370 5557 ιιι⁸
3401 5479 3540 5558 nihil

1956 5569 2124 5622 supra
2155 5550 2294 5608 {sed
2330 5550 2648 5623 'prctiosmn
2703 5554 3074 5622 appellamus,
3129 5550 3275 5623 quod
3329 5550 3542 5623 siguili-

1952 5614 2173 5679 cautius
2202 5635 2310 5689 est,
2341 5614 2479 5692 'quia
2520 5633 2696 5676 totum
2737 5614 3014 5694 mundum
3053 5614 3208 5694 quasi
3253 5614 3540 5694 persoluto

1952 5702 2171 5767 pretio,
2198 5707 2348 5748 eteo
2369 5689 2663 5767 'immenso
2697 5709 2727 5747 e
2759 5692 2964 5767 diaboli
3003 5689 3277 5767 servitu-te
3308 5689 3534 5767 exciuit.

1949 5767 2118 5830 Quem
2159 5766 2213 5818 iu
2260 5765 2444 5818 mundi
2483 5765 2713 5834 pretium
2757 5780 2848 5816 rea:
2876 5762 3056 5834 eﬂudit
3086 5762 3344 5828 gentium,
3381 5765 3534 5810 cauit

1947 5837 2022 5889 Et:
2058 5837 2211 5892 lcsia.
