3962 6492
513 373 615 433 135

1697 348 2026 445 JoA'NNts
2066 306 2601 427 CAN'l‘ACUZENi
3694 359 3789 424 1'26

512 483 881 557 praesentibus
921 483 1024 538 ista
1064 491 1119 536 et
1163 482 1325 545 dicis,
1359 492 1413 535 et
1462 481 1618 535 facis.
1656 482 1792 569 Diam
1838 482 1882 534 si
1933 494 2096 548 quip-

2214 475 2462 528 ιοιούτων
2495 474 2703 538 λόγων;
2735 472 2797 525 Εἰ
2832 472 2931 541 μὲν
2963 471 3237 539 δικάζεις,
3274 468 3472 534 δίκαζε
3520 474 3665 527 κατὰ
3700 474 3786 527 νό-

510 578 655 645 piam
696 577 861 630 etiam
909 574 1271 644 improvisum
1316 589 1380 628 ex
1424 575 1528 627 hoc
1571 574 1662 627 die
1711 588 1798 627 me
1846 572 2097 625 incursa-

511 671 676 733 verit,
711 684 818 723 non
860 668 1218 724 vehementer
1241 668 1613 730 contristabit,
1651 667 1874 737 quando
1906 667 2096 737 plures

511 761 801 833 injusutiae
840 772 947 816 tua:
982 770 1154 817 testes
1184 762 1383 815 habeo.

513 854 593 923 τῷ
646 856 740 908 καὶ
800 856 982 923 λέγειν
1039 857 1133 909 καὶ
1186 857 1454 924 πράττειν
1506 855 1599 908 ἐπὶ
1650 853 1763 907 τῶν
1806 853 2095 923 παρόντων
2132 856 2364 905 τουτωνὶ
2418 849 2454 902 ἃ
2489 848 2556 918 δὴ
2596 849 2693 901 καὶ
2727 847 2911 915 λέγεις
2960 856 3057 901 καὶ
3128 849 3421 918 πράττειτ.

2205 584 2360 638 μους·
2387 569 2438 620 εἰ
2458 567 2515 620 δέ
2538 567 2668 637 πρὶν
2691 565 2910 619 δικάσαι
2935 566 3321 637 καταψηφίζῃ,
3354 565 3573 641 οὐδὲν-ἢ
3603 565 3787 637 δίχκας

2203 664 2392 717 λοιπὸν
2427 662 2757 730 λαμόἀνειν.
2815 661 3024 729 Πράττε
3082 661 3380 729 τοιγαροῦν
3434 662 3471 714 ἃ
3501 660 3589 713 σοὶ
3620 678 3781 730 κεχα-

2204 756 2461 827 ρισμένα.
2520 753 2768 823 Χάριτας
2821 752 2878 804 δέ
2943 769 3026 805 σοι
3076 753 3175 814 τὰς
3219 753 3496 835 μεγίστας
3550 751 3789 821 ὁμολογῶ

3501 847 3661 916 Ἐμοὶ
3687 846 3789 917 γὰρ

514 951 580 1005 ειν
617 970 670 1006 τι
694 953 790 1007 καὶ
821 952 928 1006 τῶν
970 954 1259 1023 ἀδοκήτων
1299 953 1409 1006 ἀπό
1454 969 1518 1019 γε
1566 950 1662 1005 τοῦ
1696 951 1791 1005 νῦν
1822 951 1981 1024 ἐπίῃ,
2018 951 2080 1003 ού
2121 950 2329 1019 σφόδρα
2391 946 2651 1015 λυπήσει,
2686 945 2919 1005 πολλοὺς
2966 945 3148 1016 ἔχοντι
3217 947 3514 1017 μάρτυρας
3551 947 3649 1015 τῆς
3679 945 3791 1000 ἀδι-

519 1048 668 1109 κέας.

1950 1160 2177 1219 CAPUT
2217 1156 2339 1215 XV.

514 1253 734 1322 Magnus
788 1256 1100 1308 domesticus
1171 1265 1218 1308 et
1254 1264 1610 1324 protestrator
1658 1256 2054 1345 nepotieolunt
2084 1270 2235 1325 apem
2279 1244 3790 1345 ’ξεί-νς.μειιίζνὲεεζὲ..ξίςιςςζιιξξάιρξηξηξξξξίί-Ρςξίξιξίς

586 1311 715 1377 (it-ns
756 1335 1020 1389 monetur,
1068 1327 1159 1394 qui
1196 1311 1384 1395 ju'vem'
1424 1337 1656 1395 quatuor
1700 1311 2023 1381 conditiones
2068 1342 2101 1396 p

2214 1311 2335 1388 iuit,
2376 1323 2422 1375 si
2462 1311 2675 1374 veniam
2718 1311 3011 1386 impetrare
3048 1316 3205 1382 velit;
3239 1316 3334 1370 ille
3368 1311 3576 1371 attines
3605 1330 3792 1389 prwter

586 1401 721 1448 duas
762 1403 989 1449 recusat.

588 1508 741 1562 lotus
775 1508 891 1563 lure
924 1509 991 1563 ab
1027 1510 1455 1580 imperatoribus
1486 1514 1836 1570 dicebantur.
1876 1514 2103 1584 Magnus

515 1614 684 1669 porro
715 1600 1053 1655 domesticus
1083 1612 1138 1658 et
1173 1613 1539 1674 protostrator
1598 1606 1735 1661 foris
1778 1616 2104 1676 exspectan-

518 1701 622 1752 tes,
655 1701 716 1745 ut
748 1692 1059 1760 docuimus,
1101 1702 1159 1748 et
1202 1711 1387 1750 senem
1424 1699 1819 1753 tumultuosius
1861 1700 2105 1753 claman—

2277 1508 2471 1561 Ἐνδον
2497 1507 2596 1576 μέν
2619 1504 2711 1559 οὖν
2738 1503 2965 1557 τοιαῦτα
2989 1519 3062 1555 πα
3075 1504 3122 1573 ρ’
3147 1505 3355 1574 ἀμφοῖν
3384 1506 3504 1558 τοῖν
3530 1502 3790 1575 βασιλέοιν

2205 1600 2422 1669 ἐλέχθη.
2465 1599 2524 1650 '0
2551 1598 2724 1666 μέγας
2746 1595 2801 1648 δὲ
2829 1594 3151 1662 δομέστικος
3174 1596 3271 1648 καὶ
3294 1597 3322 1648 ὁ
3350 1599 3789 1667 πρωτοστράτωρ

2206 1692 2265 1742 ἐν
2286 1690 2365 1760 τῷ
2396 1688 2673 1759 ἐξωτέρω,
2712 1688 2966 1755 καθάπερ
2996 1685 3243 1756 ἓφθημεν
3271 1688 3549 1750 εἰπόντες.
3597 1689 3792 1757 διατρί-

520 1796 629 1837 tem
659 1786 969 1853 audientes,
1007 1803 1239 1859 eamque
1278 1806 1396 1844 rem
1430 1792 1573 1846 malo
1604 1807 1724 1847 esse
1755 1795 1939 1862 nepoti
1982 1794 2105 1863 opi-

2214 1785 2395 1837 5οντες
2427 1781 2584 1851 οἴκῳ,
2614 1781 2709 1833 καὶ
2732 1779 2828 1832 τοῦ
2862 1779 3242 1850 πρεσὸυτέρου
3285 1779 3562 1849 βασιλέως
3589 1780 3786 1849 τραχύ-

518 1883 733 1940 nantes,
756 1876 896 1931 ‘loco
931 1893 990 1932 se
1037 1887 1266 1948 repente
1315 1892 1559 1947 movent,
1611 1895 1666 1937 et
1706 1883 1773 1937 ad
1813 1884 2102 1942 ferendum

520 1967 781 2020 auxilium
808 1969 1092 2036 concitati,
1118 1971 1459 2041 aliquantum
1484 1977 1810 2044 procedunt.
1834 1976 1941 2033 Sed
1966 1987 2104 2035 stre-

518 2058 636 2127 pitu
672 2060 765 2113 illo
799 2061 1247 2129 conquiescente,
1280 2066 1443 2118 etiam
1484 2066 1589 2135 ipsi
1623 2067 1937 2136 quiescunt.
1963 2071 2103 2127 Ade-

521 2164 646 2207 rant
665 2153 770 2208 illis
795 2163 922 2217 tres,
947 2170 1047 2209 avo
1074 2156 1392 2226 imperatori
1414 2157 1847 2221 familiarissimi.
1867 2161 2105 2219 Joannes

524 2241 921 2308 Melitenensis,
971 2245 1321 2301 Andronicus
1372 2247 1738 2315 Exotrochus,
1774 2260 1829 2304 et
1879 2252 2103 2318 Bardas,

519 2334 616 2401 qui
669 2336 1049 2406 hujuscemodi
1099 2339 1364 2407 impetum
1410 2356 1511 2410 pro
1542 2342 1860 2398 Andronico
1887 2345 2105 2415 juniorc

518 2434 836 2494 susceptum
880 2427 1274 2494 coniectantes,
1321 2432 1403 2485 sic
1433 2447 1529 2486 eos
1573 2434 1813 2502 aggressi
1859 2445 2006 2496 sunt.
2045 2446 2105 2491 ut

523 2515 793 2581 dicerent,
842 2516 1267 2586 imperatoribus
1317 2536 1627 2576 sermonem
1669 2539 1930 2579 arcanum
1975 2541 2106 2580 con-

524 2605 853 2671 ferentibus,
871 2606 1069 2663 decere
1089 2625 1184 2663 eos
1209 2611 1334 2666 inde
1356 2627 1413 2666 se
1437 2624 1801 2682 removentes,
1822 2617 1877 2670 in
1903 2619 2102 2673 atrium

523 2697 710 2765 palatii
743 2699 1023 2753 secedere.
1053 2700 1265 2767 Quibus
1300 2713 1456 2758 torvo
1488 2706 1696 2761 lumine
1737 2707 2102 2777 intuentibus,

524 2799 956 2858 conceptamque
989 2793 1044 2845 in
1075 2795 1393 2862 praecordiis
1418 2796 1557 2850 iram
1589 2814 1697 2851 non
1730 2800 1884 2853 vuitu
1918 2805 2102 2868 modo,

522 2879 620 2933 sed
650 2895 783 2935 voce
815 2898 1034 2952 quoque
1069 2886 1451 2953 prodentibus,
1483 2904 1689 2959 eosque
1723 2891 1991 2946 facessere
2020 2896 2108 2964 ju-

526 2969 805 3038 bentibus,
833 2973 944 3028 duo
967 2976 1191 3044 quidem
1222 2980 1632 3048 conticuerunt,
1660 2999 1722 3037 ac
1760 2986 2103 3051 resederunt,

524 3061 901 3118 Melitenensis
930 3077 1112 3121 autem
1145 3068 1212 3122 ad
1242 3070 1632 3140 imperatorem
1665 3075 1878 3157 adieris,
1912 3077 1967 3130 in
2009 3093 2107 3131 au-

2208 1890 2370 1944 τερον
2424 1873 2763 1934 ἀκούσαντες
2802 1872 3207 1941 φθεγξαμένου,
3275 1872 3375 1924 ἐπὶ
3407 1871 3567 1940 κακῷ
3594 1889 3651 1957 τε
3701 1871 3787 1924 τοῦ

2210 1965 2334 2018 νέου
2375 1963 2642 2035 βασιλέως
2677 1961 3109 2033 τήντραχύτητα
3150 1963 3249 2032 τῆς
3300 1962 3493 2030 φωνῆς
3520 1961 3786 2031 οἰηθέντες

2208 2055 2372 2124 εἶναι,
2401 2056 2738 2127 ἐκινήθησαν
2776 2057 2883 2126 μὴν
2913 2057 3037 2110 ὅθεν
3075 2056 3376 2126 ἐκάθηντο,
3406 2058 3507 2108 καὶ
3531 2053 3786 2126 προῆλθον

2210 2149 2303 2200 ἐπὶ
2347 2150 2549 2217 μικρὸν
2602 2147 2836 2216 ἀμύνειν
2891 2146 3218 2217 ὡρμημένοι
3271 2147 3352 2216 τῷ
3403 2147 3513 2216 νέῳ
3564 2146 3782 2216 βασιλεῖ.

2211 2240 2322 2307 Τῆς
2349 2242 2599 2310 ταραχῆς
2625 2240 2682 2292 δὲ
2713 2241 3102 2309 πεπαυμένης,
3163 2236 3329 2301 αὖθις
3373 2241 3655 2312 ἡσύχασαν
3701 2242 3786 2294 καὶ

2211 2331 2390 2383 αὐτοί·
2423 2333 2572 2402 τρεῖς
2599 2331 2646 2383 δ’
2677 2332 2863 2392 αὐτοῖς
2886 2333 3006 2384 ἐκεῖ
3033 2333 3437 2402 συμπαρόντες
3466 2332 3576 2388 τῶν
3598 2336 3785 2387 οἰκειο-

2210 2424 2387 2476 τάτων
2421 2423 2498 2491 τῷ
2522 2424 2885 2494 πρεσϐυτέρῳ
2906 2424 3015 2476 τῶν
3049 2424 3350 2492 βασιλέων,
3380 2426 3409 2477 ὃ
3459 2442 3519 2478 τε
3566 2426 3785 2491 Μελιτηο

2210 2517 2407 2583 νιώτης
2452 2515 2728 2581 Ἰωάννης,
2786 2515 3124 2584 Ἀνδρόνικός
3169 2532 3229 2567 τε
3260 2520 3296 2569 ὁ
3341 2514 3663 2587 Ἐξώτροχος
3699 2516 3785 2569 καὶ

2208 2607 2394 2676 τρίτος
2426 2608 2454 2658 ὁ
2487 2607 2720 2676 Βάρδας,
2753 2608 2849 2659 καὶ
2874 2607 2973 2674 τὴν
2999 2607 3181 2676 ὁρμὴν
3210 2608 3279 2661 αὑ
3294 2608 3403 2661 τῶν
3426 2607 3793 2661 ὑποπτεύσανε

2209 2715 2298 2758 τες
2337 2696 2409 2761 ὼς
2472 2699 2614 2767 ὑπὲρ
2655 2698 3001 2769 Ἀνδρονίκου
3040 2698 3135 2751 τοῦ
3189 2700 3320 2752 νέου
3368 2701 3782 2769 γεγεννημένην,

2209 2792 2464 2859 λέγουσιν
2502 2793 2686 2853 αὐτοῖς
2753 2789 3169 2860 προσελθόντες,
3213 2791 3316 2855 Ὠς
3373 2792 3483 2845 τῶν
3542 2791 3787 2861 βασιλέων

2210 2885 2348 2955 πρὸς
2383 2883 2640 2953 ἀλλήλοις
2697 2887 2825 2949 περὶ
2861 2901 3024 2937 τινων
3084 2883 3317 2953 ἀδήλων
3375 2885 3784 2955 διαλεγομένων,

2211 2976 2330 3028 δέον
2363 2975 2508 3045 ὑμᾶς
2547 2978 2895 3037 ἀποστάντας
2927 2973 3037 3027 τῶν
3071 2968 3201 3040 ὧδε,
3237 2990 3278 3026 π
3301 2977 3394 3048 ρδς
3424 2977 3525 3046 τὴν
3562 2977 3619 3027 ἐν
3645 2975 3784 3043 βασι-

2211 3067 2378 3129 λείοις
2409 3068 2583 3137 αὐλὴν
2616 3069 2842 3137 χωρεῖν.
2876 3067 2999 3119 Τῶν
3026 3066 3072 3120 δ’
3103 3068 3307 3131 αὐτοῖς
3346 3068 3665 3141 δριμύτερον
3687 3068 3785 3117 ἐνι-

527 3166 643 3206 rem
673 3152 753 3206 illi
781 3153 1147 3212 insusurravit
1172 3177 1185 3212 :
1210 3159 1434 3216 Videret
1456 3164 1586 3233 quid
1615 3152 1836 3235 ageret}
1864 3169 1930 3222 ad
1956 3168 2104 3225 fores

2214 3160 2431 3232 δόντων,
2463 3166 2558 3213 καὶ
2586 3159 2646 3212 τὸ
2677 3158 2987 3227 θυμοῦσθαι
3022 3161 3118 3213 καὶ
3153 3159 3464 3230 ὀφθαλμοῖς
3503 3177 3592 3214 και
3619 3158 3780 3227 λόγοις

523 3242 800 3299 conclavis
829 3248 1095 3312 quosdam
1124 3258 1303 3305 astare
1334 3253 1402 3307 de
1433 3255 1566 3309 v.ris
1597 3257 1964 3328 principibus,
2003 3278 2105 3331 pro

519 3332 744 3401 juniore
762 3335 1091 3405 imperatore
1114 3351 1334 3408 paratos
1371 3343 1548 3401 facere
1567 3358 1621 3400 et
1641 3350 1748 3416 pati
1767 3354 2101 3422 omnia(l5).

532 3422 644 3476 Hoc
673 3427 865 3479 nuntio
893 3440 1223 3494 conunotus,
1254 3447 1285 3485 e
1316 3437 1454 3488 soho
1487 3437 1560 3489 nil
1590 3448 1878 3495 cunctatus
1907 3444 2103 3512 surgit,

527 3522 585 3567 et
632 3514 686 3568 in
732 3517 1119 3574 domunculam
1172 3522 1489 3580 interiorem
1531 3543 1588 3581 se
1640 3533 1933 3601 recipiens,
1973 3535 2105 3590 foris

529 3616 783 3672 nepotem
822 3623 947 3661 cum
982 3612 1358 3668 assessoribus
1396 3616 1653 3688 relinquit
1685 3638 1698 3674 :
1732 3623 2107 3695 advocatoque

531 3709 725 3763 inagno
753 3699 1030 3767 logotheta
1061 3701 1372 3766 Metoehite.
1401 3718 1459 3761 et
1489 3724 1611 3763 cum
1643 3700 1709 3765 eo
1744 3729 1865 3781 quae
1888 3717 2108 3771 volebat

526 3783 852 3851 collocutus,
878 3791 1211 3848 adolescenti
1237 3812 1335 3865 per
1357 3813 1483 3853 eum
1509 3801 1624 3856 haec
1643 3804 1911 3873 signiﬁcat
1935 3825 1948 3861 :
1976 3808 2107 3864 Esse
2138 3824 2143 3835 ‘

526 3873 747 3939 quidem
781 3877 936 3931 illum
982 3879 1049 3933 iis
1080 3896 1202 3950 quae
1231 3886 1495 3953 audisset,
1521 3900 1578 3944 et
1605 3893 1858 3961 pluribus
1886 3898 2108 3951 sceleri-

528 3965 631 4018 bus
660 3964 1024 4033 obstrictum;
1054 3986 1113 4024 se
1138 3982 1318 4027 tamen
1347 3980 1530 4033 omnia
1561 3981 1614 4034 in
1648 3983 1890 4040 minimis
1918 4002 2108 4044 nume-

530 4064 802 4122 raturum,
838 4066 894 4110 et
923 4061 1138 4114 veniam
1168 4078 1262 4118 reo
1315 4065 1742 4141 impertiturum,
1773 4075 1817 4129 si
1854 4091 1975 4145 qua:
2010 4093 2108 4147 po—

524 4145 778 4212 stularet,
807 4146 1023 4203 elllcere
1053 4149 1106 4203 in
1144 4155 1386 4209 animum
1434 4160 1676 4228 inducat,
1711 4179 1909 4235 nempe
1937 4145 2054 4222 huic
2088 4187 2102 4222 :

529 4235 792 4303 primum,
845 4247 904 4291 ut
948 4255 1292 4301 sacramento
1340 4250 1542 4315 ﬁrmet,
1573 4268 1632 4307 se
1677 4253 1897 4311 Christo
1945 4260 2104 4313 [idem

528 4341 744 4394 puram,
778 4337 834 4382 et
879 4342 1123 4387 sanctam
1167 4351 1411 4395 servare.
1446 4342 1559 4413 48
1592 4345 1754 4407 Tum,
1802 4348 1942 4402 nihil
1976 4351 2106 4404 mali

528 4423 585 4472 in
608 4433 770 4472 avum
805 4422 1144 4481 moliturum.
1177 4430 1398 4495 Adhaec,
1428 4449 1622 4488 eorum
1654 4439 1899 4505 nomina,
1923 4442 2017 4510 qui
2048 4457 2106 4496 se

2217 3251 2674 3320 ἐνδεικνυμένων,
2706 3250 3028 3314 ’ἐξίστασθαί
3060 3267 3121 3304 τε
3159 3254 3255 3305 καὶ
3314 3253 3392 3324 μὴ
3445 3250 3776 3321 παρενοχλεῖν

2215 3342 2614 3403 κελευσάντων,
2647 3342 2697 3393 οἱ
2725 3342 2818 3393 δύο
2850 3342 2950 3411 μὲν
2980 3344 3142 3394 πάλιν
3185 3343 3475 3414 ἡσύχασαν
3507 3339 3777 3396 καθεσθέν-

2214 3455 2329 3502 τες,
2362 3439 2389 3490 ὁ
2418 3437 2836 3507 Μελιτηνιώτης
2866 3436 2922 3489 δὲ
2945 3436 3096 3489 ἔνδον
3129 3436 3269 3507 πρὸς
3301 3439 3395 3490 τὸν
3427 3434 3776 3515 πρεσϐύτερον

2215 3528 2323 3581 τῶν
2347 3528 2617 3598 βασιλέων
2645 3526 2841 3590 ἐλθὼν,
2872 3526 3148 3580 Σκεπτέον
3178 3543 3288 3592 σοι,
3322 3530 3458 3598 πρὸς
3489 3524 3578 3589 οὖς
3615 3520 3775 3582 εἶπεν.
3804 3593 3821 3613 ⁸

2214 3618 2242 3670 ὃ
2272 3634 2323 3669 τι
2352 3617 2570 3687 μέλλεις
2594 3616 2746 3686 δρᾷν,
2800 3611 2845 3670 ὦ
2874 3617 3125 3686 βασιλεῦ.
3154 3617 3299 3686 Πρδς
3322 3620 3431 3689 γὰρ
3463 3618 3648 3686 θύραις
3671 3613 3778 3673 ταῖς

2170 3738 2175 3743 ι
2218 3711 2341 3771 σαῖς
2366 3709 2704 3778 ἐφεστήκασι
2751 3708 2863 3762 τῶν
2894 3712 2995 3775 τῆς
3053 3709 3366 3780 συγκλήτου
3396 3710 3561 3772 τινὲς,
3616 3707 3776 3758 πάντα

2216 3798 2350 3867 δρᾷν
2401 3798 2543 3867 ὑπὲρ
2577 3797 2674 3850 τοῦ
2729 3799 2850 3851 νέου
2889 3798 3157 3869 βασιλέως
3192 3799 3409 3870 ἕτοιμοι
3445 3803 3535 3853 καὶ
3567 3799 3777 3864 πάσχειν

2205 3890 2392 3953 .6ντες.
2429 3891 2650 3943 Τούτων
2701 3890 2945 3954 ἀκούσας
2975 3893 3003 3945 ὁ
3054 3892 3334 3977 βασιλεὺς,
3371 3894 3571 3962 ἀνέστη
3598 3907 3654 3942 τε
3687 3888 3778 3938 αὺ-

2218 3984 2344 4035 τίκα
2374 3982 2470 4035 τοῦ
2508 3982 2719 4053 θρόνου,
2778 3986 2870 4036 καὶ
2920 3983 3055 4054 πρὸς
3094 3986 3187 4037 τὸν
3234 3987 3515 4057 ἐνδότερον
3557 3983 3777 4036 οἱκίσκιν

2219 4075 2436 4146 ἐχώρει,
2456 4076 2548 4128 τὸν
2573 4078 2692 4127 νέον
2716 4075 2944 4145 βασιλέα
2970 4078 3083 4139 τοῖς
3110 4077 3487 4148 ἀκροωμένοις
3509 4075 3622 4146 ἅμα
3645 4074 3778 4142 παρέι

2217 4170 2310 4221 τδν
2341 4167 2449 4234 ἔξω
2480 4168 2820 4223 καταλιπών.
2857 4168 2960 4221 Τὸν
3001 4170 3176 4239 μέγαν
3228 4171 3288 4223 δὲ
3352 4169 3779 4242 μετακαλεσάμε-

2218 4277 2308 4324 νος
2361 4260 2655 4329 λογοθέτην
2707 4261 2802 4314 τὸν
2864 4262 3196 4332 Μετοχιτην,
3264 4266 3361 4319 καὶ
3410 4267 3509 4318 ὅσα
3549 4259 3615 4333 ἦν
3647 4256 3778 4324 αὲτῷ

2219 4352 2537 4423 βουλομένῳ
2598 4353 2925 4424 διαλεχθεὶς,
2964 4352 3083 4407 εἶτα
3118 4355 3186 4409 δι’
3239 4358 3408 4409 αὐτοῦ
3467 4356 3658 4426 μηνύει
3711 4351 3779 4416 τῷ

2220 4445 2432 4514 ἐγγόνῳ
2460 4446 2556 4498 καὶ
2615 4445 2867 4515 βασιλεῖ·
2924 4447 2995 4500 Σὺ
3056 4449 3176 4517 μὲν,
3216 4444 3300 4513 οἷς
3367 4466 3474 4519 περ
3505 4443 3653 4499 εἷπον
3696 4440 3780 4495 καὶ

501 4510 631 4579 -ip3t
653 4511 917 4581 satellites
934 4530 999 4568 ac
1022 4518 1304 4573 ministros
1322 4522 1624 4578 facinorum
1643 4528 1895 4583 volentes
1938 4530 2106 4585 liben-

2226 4536 2472 4590 πλείοσιν
2498 4538 2663 4610 ἐνέχῃ
2719 4543 2933 4602 κακοῖς.
2984 4541 3126 4609 Ἐγὼ
3179 4542 3226 4595 δ’
3256 4546 3475 4598 ἅπαντα
3530 4537 3777 4610 παριδὼν,

529 4609 722 4667 tesque
749 4607 1108 4673 praebuerint,
1136 4611 1202 4662 ad
1234 4611 1410 4678 ipsum
1438 4614 1773 4671 delaturum.
1801 4610 2108 4686 Postremo,

532 4704 644 4742 non
679 4704 737 4744 se
771 4693 885 4747 ullo
930 4696 1093 4752 modo
1140 4699 1463 4769 fugiturum.
1507 4705 1589 4759 Ad
1639 4708 1740 4762 ista
1770 4709 1959 4778 junior
2006 4713 2112 4769 hoc

532 4797 859 4851 responsum
898 4786 1053 4844 dedit
1084 4808 1098 4845 :
1129 4790 1283 4857 Quod
1318 4794 1387 4847 de
1425 4795 1531 4851 lide
1574 4798 1627 4851 in
1661 4801 1939 4857 Christum
1977 4820 2112 4859 con-

533 4872 799 4931 ﬁrmanda
840 4884 1172 4936 sacramenti
1218 4899 1246 4937 a
1284 4900 1371 4939 me
1420 4890 1738 4958 religionem
1778 4897 1971 4967 exigis.
2007 4900 2113 4953 im-

531 4979 754 5035 peratur
787 4973 1016 5040 optime,
1051 4984 1412 5047 praeterquam
1449 4983 1592 5050 quod
1642 4985 1842 5042 durum
1875 4992 2111 5060 videtur,

534 5071 883 5132 mentemque
933 5081 1109 5118 meam
1160 5070 1422 5139 majorem
1463 5073 1519 5126 in
1569 5078 1789 5133 modum
1840 5087 2110 5154 percellit,

530 5150 695 5201 etiam
727 5166 834 5203 non
865 5152 1126 5216 cohasret,
1158 5167 1212 5209 et
1245 5160 1300 5211 in
1335 5161 1571 5230 seipsum
1604 5170 1834 5222 corruit.
1867 5171 1924 5226 Si
1962 5150 2109 5231 enim

533 5251 620 5289 me
655 5255 750 5307 per
810 5256 961 5296 sacra
998 5244 1287 5315 Evangelia
1322 5264 1376 5305 et
1412 5259 1750 5315 venerandas
1796 5274 2112 5323 sanctorum

533 5328 800 5399 imagines
831 5332 1064 5389 tidcliter
1084 5337 1476 5412 jurarejubes,
1505 5347 1609 5404 hoc
1638 5350 1757 5419 ipso
1784 5357 1972 5426 utique
2000 5361 2112 5415 Deo

474 5464 497 5481 .
534 5419 749 5475 ﬁdelem
775 5438 884 5489 me,
906 5438 961 5480 et
980 5426 1258 5486 Christum
1281 5433 1529 5493 induisse
1551 5444 1811 5498 ostendis.
1842 5419 1936 5501 Sin
1962 5450 2110 5518 aliud

2221 4629 2440 4692 ἀξιώσω
2493 4635 2850 4704 συγγνώμης,
2908 4636 2980 4689 δᾶν
3033 4636 3069 4689 ὂ.
3119 4637 3262 4705 λέγω
3319 4639 3554 4713 πριήσῃς
3609 4628 3777 4689 461:6;-

2219 4721 2405 4776 Ταῦτα
2426 4722 2474 4777 δ’
2503 4722 2619 4776 ἐστι
2643 4741 2658 4757 ο
2700 4727 2916 4797 πρῶτον
2952 4730 3051 4796 μὲν
3109 4730 3259 4801 ὅρκῳ
3293 4728 3666 4783 πιστώσασθαι
3692 4721 3781 4786 τὴν

2221 4815 2406 4869 πίστιν
2438 4816 2693 4887 καθαρὰν
2723 4818 2800 4888 τῷ
2855 4821 3078 4891 Χριστῴ
3131 4826 3339 4894 τηρεῖν·
3412 4823 3606 4875 ἔπειτα
3654 4814 3781 4868 κατὰ

2221 4906 2402 4972 τοῦτο,
2431 4909 2567 4979 μηδὲ
2604 4913 2733 4975 περὶ
2758 4912 2857 4979 ἐμὲ
2919 4916 3086 4967 κακὸν
3114 4916 3453 4986 ὀφθήσεσθαι
3495 4905 3779 4980 γεγενημέ-

2222 5016 2332 5052 νον.
2362 4998 2559 5070 Τρίτον
2618 5002 2754 5070 μετὰ
2786 5003 2965 5069 τοῦτο,
3031 5005 3367 5077 καταδήλους
3407 5005 3531 5074 ἐμοὶ
3566 4999 3777 5066 ποιήσαι

2221 5089 2347 5151 τούς
2384 5106 2468 5144 σοι
2523 5095 2898 5163 συμπράττειν
2948 5099 3043 5151 καὶ
3090 5096 3448 5166 προσκεῖσθαι
3478 5084 3779 5162 προῃρημέο

2217 5197 2362 5243 νους.
2406 5182 2678 5255 Τέταρτον
2705 5186 2781 5252 δὲ,
2817 5190 2963 5259 ὅρκῳ
3000 5189 3378 5242 πιστώσασθαι
3413 5181 3635 5257 δρασμῷ
3663 5174 3782 5247 κρή-

2225 5269 2416 5324 σεοθαι
2455 5275 2744 5345 μηδαμῶς.
2784 5278 2926 5348 Πρὸς
2965 5279 3137 5333 ταῦτα
3172 5279 3427 5348 βασιλεὺς
3455 5277 3484 5329 ὁ
3512 5275 3624 5332 νέος
3651 5270 3779 5321 an"

2222 5363 2446 5434 κρίνατο
2468 5368 2695 5422 τοιαῦτα
2720 5386 2734 5400 °
2771 5372 3049 5441 Κράτιστε
3086 5371 3332 5442 βασιλεῦ,
3385 5369 3445 5422 τὸ
3475 5368 3570 5437 τὴν
3609 5363 3778 5413 πίστιν

2224 5458 2405 5527 ὅρκοις
2465 5461 2716 5515 ἀπαιτεῖν
2772 5462 3050 5533 βεϐαιοῦν,
3084 5466 3220 5535 np‘;
3281 5461 3356 5531 τῷ
3392 5457 3621 5528 σκληρὸν
3664 5444 3777 5517 ιίεμο,ι

1788 5557 2003 5619 Jacobi
2044 5563 2310 5629 Pontani
2346 5580 2531 5632 nota).

767 5636 990 5720 nimbus
1037 5644 1218 5698 verbis
1259 5650 1431 5720 multa
1467 5656 1873 5720 exprimuntur,
1924 5663 2107 5716 omnia

533 5717 732 5795 nempe
766 5706 965 5795 tiﬂicia,
1002 5727 1123 5779 quae
1164 5718 1377 5795 amicus
1438 5706 1681 5789 polliceri
1729 5742 1791 5778 ac
1839 5706 2104 5795 praestare

534 5783 725 5841 queat,
760 5788 814 5831 et
844 5781 1046 5849 quibus
1075 5788 1311 5856 amplius
1345 5781 1656 5849 desiderare
1693 5781 1984 5866 qtusquam
2015 5781 2104 5856 inii:

2221 5663 2525 5753 "Emisit.
2563 5676 2778 5746 Saepius
2825 5677 2929 5733 hac
2975 5677 3152 5733 forma
3196 5672 3459 5748 loquendi
3506 5680 3654 5726 usum
3692 5669 3773 5713 re-

2215 5755 2389 5809 perto.
