3962 6442
219 375 313 447 137
922 406 947 425 ι

1368 366 1911 431 HISTORIARUM
1948 365 2182 429 LIBER
2224 369 2267 429 ῐ.
2320 405 2328 417 ι

3350 364 3450 428 138

214 490 496 564 φαινεσθαι
524 490 625 543 καὶ
670 487 776 559 τὴν
810 487 985 559 ψυχὴν
1024 483 1211 546 δεινῶς
1262 483 1639 551 ἐκταράττειν,
1690 481 1771 534 ἔτι

1902 495 1978 535 ιτο
2009 480 2249 551 numine
2272 479 2505 534 adorare
2554 494 2641 534 me
2672 478 2852 534 credis
2916 480 3111 535 inutile
3161 488 3215 533 et
3262 496 3454 550 super‘

214 582 301 634 ni
338 578 517 646 ἑαυτῷ
568 579 916 650 περιπίπτει.
956 575 1018 629 Ei
1076 575 1173 644 μὲν
1203 574 1314 641 γὰρ
1348 573 1404 623 ἐν
1462 573 1575 633 τοῖς
1610 572 1777 639 ἱεροῖς

1880 584 2179 624 vaeaneum
2211 578 2313 635 est,
2345 584 2580 639 quorum
2629 569 2789 624 ﬁdem
2841 571 3053 626 irritam
3088 570 3214 638 l'eci,
3263 588 3362 642 per
3392 590 3457 629 ea

214 673 297 727 τὸν
321 671 486 739 ὅρκον
518 669 868 737 εὐαγγελίοις
905 676 997 722 καὶ
1033 668 1156 728 ταῖς
1221 662 1546 731 σεϐασμίαις
1603 660 1777 714 εἰκόσι

1902 659 2261 728 usjurandum
2313 676 2342 713 a
2394 676 2481 715 me
2528 660 2713 729 exigi:
2746 661 2906 716 facile
2941 662 3213 731 siquidem
3262 672 3457 718 contra

215 763 449 823 κελεύεις
478 762 668 815 πιστὸν
696 762 891 823 ποιεῖν,
921 757 1069 827 αύτῷ
1097 755 1277 826 τούτῳ
1339 758 1469 825 περὶ
1518 755 1609 807 τὸν
1645 753 1779 807 Θεὸν

1883 751 1972 803 illa
1998 752 2254 816 mentiar,
2283 767 2404 821 quae
2432 752 2613 807 colere
2642 753 2800 807 desii.
2826 753 3092 819 Quocirca
3122 763 3174 809 te
3206 765 3454 828 rogatum

221 855 424 918 πιστὸν,
457 854 551 907 καὶ
575 855 667 906 τὸν
701 852 941 922 Χριστὸν
994 849 1376 913 ἀποδεικνύεις
1425 849 1780 918 ἐνδεδυμένον

1902 845 2027 911 rolo,
2062 846 2382 915 imperator,
2419 863 2489 902 ne
2516 847 2648 917 quid
2683 862 2850 916 super
2879 848 2984 902 hoc
3013 849 3232 920 negotio
3263 851 3462 905 verbo-

218 946 331 1014 ἐμέ.
370 944 436 996 Εἰ
466 942 511 995 δ’
540 942 685 1011 ἄλλῳ
708 943 814 993 τινὶ
850 940 1152 1009 σεδάσματι
1181 939 1471 1009 προσέχειν
1500 941 1602 1009 ἐμὲ
1629 939 1782 1009 νομί-

216 1035 343 1101 ζεις,
375 1036 487 1088 τῶν
520 1033 794 1103 ἀνονήτων
831 1032 926 1085 καὶ
957 1031 1249 1100 περιττῶν,
1283 1025 1358 1084 ὧν
1391 1032 1631 1102 ὴθέτησα
1683 1031 1782 1101 τὴν

216 1130 418 1192 πίστιν,
476 1124 631 1178 ταῦτ’
673 1127 753 1186 εἰς
811 1123 973 1193 ὅρκον
1026 1121 1148 1189 ἐμοὶ
1188 1121 1552 1192 προϐάλλειν·
1587 1120 1785 1192 ῥᾳδίως

215 1220 319 1288 γὰρ
350 1218 419 1271 ἂν
475 1215 895 1285 καταψεύσομαι
926 1212 1037 1264 τῶν
1094 1212 1171 1283 μὴ
1208 1213 1558 1280 τιμωμένων.
1600 1212 1692 1263 Διὸ
1716 1211 1780 1280 δή

220 1324 304 1365 σου
338 1311 561 1379 δέομαι,
599 1306 842 1378 βασιλεῦ,
878 1305 953 1375 μὴ
990 1305 1119 1374 περὶ
1151 1304 1259 1356 τῶν
1291 1303 1550 1357 τοιούτων
1594 1302 1785 1371 λόγους

220 1406 422 1458 κινεῖν·
454 1402 643 1473 χάριτι
678 1400 786 1471 γὰρ
845 1396 1082 1468 Χριστοῦ
1129 1395 1226 1452 καὶ
1284 1395 1612 1464 Χριστιανός
1669 1395 1786 1464 εἰμι

222 1499 306 1552 καὶ
358 1496 471 1548 τῶν
532 1493 833 1564 ὀρθοδόξων
863 1505 877 1521 ⁸
913 1489 1056 1543 κατὰ.
1118 1488 1211 1541 σοῦ
1272 1488 1330 1541 δὲ
1389 1489 1526 1557 μήτε
1587 1486 1787 1557 δρᾶσαι

224 1589 352 1659 μήτε
380 1583 780 1656 βουλεύσασθαί
832 1599 883 1633 τι
923 1583 1114 1644 κακὸν,
1151 1579 1246 1633 καὶ
1299 1579 1394 1631 νῦν
1449 1579 1549 1649 μὲν
1580 1577 1786 1647 ὄμνυμι

221 1683 305 1733 τὸν
336 1677 572 1746 ούρανοῦ
629 1676 721 1728 καὶ
754 1675 856 1742 γῆς
909 1673 1165 1743 ποιητὴν,
1223 1669 1300 1732 ὡς
1355 1669 1479 1723 οὔτε
1517 1672 1788 1739 πρότερον

222 1775 297 1836 είς
338 1770 638 1840 λογισμοὺς
669 1766 916 1837 ὑπήχθην
948 1764 1244 1829 τοιούτους,
1275 1761 1387 1815 ὦτ’
1437 1765 1493 1815 ἐν
1523 1760 1601 1832 τῷ
1662 1760 1790 1832 μέλ-

221 1866 358 1916 λοντι
392 1863 563 1925 κακὸς
588 1860 821 1930 ὀφθῆναι
851 1856 1114 1928 βούλομαι
1147 1856 1274 1927 περὶ
1306 1854 1364 1908 σέ
1390 1871 1406 1887 ο
1448 1853 1539 1906 σὺν
1572 1853 1618 1906 δ’
1655 1853 1781 1906 ἐπί·
1819 1840 1863 1895 Β

222 1971 403 2024 ταγμα
439 1951 752 2022 ἐκπληρῶν,
813 1948 909 2002 καὶ
941 1944 1100 2010 αὖθις
1137 1945 1405 2015 ὀμοῦμαι.
1441 1945 1576 2014 Περὶ
1604 1943 1661 1997 δὲ
1695 1942 1787 1996 τοῦ

227 2045 560 2114 καταδήλους
589 2044 711 2104 τοὺς
745 2041 872 2111 ἐμοὶ
909 2039 1166 2101 συνόντας
1207 2038 1303 2090 καὶ
1332 2037 1505 2089 ταύτὰ
1530 2034 1793 2106 βουλομέ-

222 2157 339 2202 νους
358 2156 445 2191 σοι
471 2135 681 2200 θέσθαι,
708 2135 885 2187 ἐκεῖνο
904 2132 1069 2198 λέγω,
1086 2129 1162 2193 ὡς
1187 2128 1347 2193 αὐτὸς
1360 2127 1425 2182 ἂν
1441 2128 1639 2196 εἰδείης
1654 2127 1792 2198 μᾶλ-

220 2230 305 2281 λον
354 2224 515 2295 ἐμοῦ,
550 2222 933 2284 ὁποίουςτινὰς
955 2221 1101 2282 εἰκὸς
1135 2215 1427 2281 εἶναιτοὺς
1460 2216 1794 2287 προσκειμέ-

224 2337 338 2382 νους
356 2318 503 2388 ἐμοί.
523 2317 700 2405 ⁰9που
725 2317 835 2385 γὰρ
864 2314 1164 2385 χρημάτων
1189 2314 1289 2384 μέν
1311 2330 1401 2383 μοι
1427 2313 1592 2382 πόρος
1615 2311 1792 2374 οὐδεὶς

226 2407 302 2475 οἷς
341 2412 410 2463 ἂν
443 2401 574 2472 ἴσως
612 2407 866 2476 πείσαιμι
915 2406 1024 2458 τῶν
1079 2404 1248 2469 ἀξίων
1281 2421 1374 2475 μοι
1430 2403 1592 2470 λόγου
1640 2401 1817 2482 τινὰς.

227 2503 533 2573 προσέχειν,
566 2499 880 2571 παρρησίας
905 2514 964 2550 τε
990 2497 1124 2566 πρὸς
1157 2497 1217 2549 σὲ
1253 2497 1504 2563 μέτεστιν
1530 2494 1794 2563 οὐδεμιᾶς

226 2595 290 2647 δι’
308 2589 374 2665 ἧς
400 2592 707 2663 εὐεργετῶν
742 2590 962 2660 ἐμαυτῷ
985 2591 1262 2659 κτήσομαι
1290 2588 1482 2657 φίλους
1504 2586 1659 2649 τινὰς
1686 2586 1796 2639 τῶν

225 2687 488 2755 δεομένων
523 2683 820 2753 ὠφελείας,
850 2682 1089 2752 συνορᾷν
1121 2681 1269 2733 ἐστιν
1298 2682 1363 2733 ὲκ
1392 2679 1503 2731 τῶν
1530 2679 1795 2749 πραγμά-

226 2778 433 2848 τωντῷ
473 2776 787 2847 βουλομένῳ
841 2775 1005 2827 παντὶ
1031 2774 1158 2836 τοὺς
1216 2772 1614 2844 ἡθροισμένους
1670 2774 1797 2840 περὶ

233 2870 342 2940 ἐμὲ.
378 2870 443 2922 Et
475 2868 521 2920 δ’
547 2868 658 2938 ἄρα
685 2867 781 2920 καί
824 2882 967 2928 τινες
996 2860 1105 2917 εἷεν
1135 2864 1395 2926 εὐνοϊκῶς
1440 2865 1563 2933 ἐμοὶ
1591 2862 1797 2915 διακεί-

247 2980 391 3032 μενοι,
424 2963 530 3014 οὐκ
554 2960 860 3030 ὀφείλοντες
888 2958 987 3029 τὴν
1017 2956 1253 3021 εὔνοιαν,
1284 2955 1421 3010 ἀλλὰ
1459 2955 1662 3025 μᾶλλον
1702 2955 1798 3026 χά-

246 3069 369 3120 ριτος
414 3050 792 3122 κατάρχοντες
826 3050 1001 3102 εἰσιν·
1050 3042 1127 3102 ῶν
1150 3046 1292 3100 οὕτω
1324 3046 1619 3117 βελτίστων
1668 3048 1797 3117 περὶ

1882 953 2005 991 rnm
2036 935 2240 1006 facias;
2283 939 2458 1009 gratia
2498 940 2647 994 enim
2687 940 2892 995 Christi
2922 950 2979 995 et
3007 938 3376 1005 Christianus,
3405 952 3462 996 et

1885 1029 2225 1084 orthodoxus
2250 1044 2393 1084 sum.
2424 1030 2707 1086 Adversus
2739 1041 2791 1085 te
2818 1043 2999 1086 autem
3041 1032 3181 1086 nihil
3224 1033 3349 1086 mali
3380 1033 3460 1085 vel

1886 1121 2169 1189 designavi
2199 1121 2284 1175 vel
2318 1122 2587 1191 cogitavi;
2617 1132 2672 1177 et
2699 1139 2847 1177 nunc
2881 1125 3007 1179 coeli
3038 1134 3305 1194 terrmqne
3333 1141 3467 1179 con-

1886 1209 2122 1265 ditorem
2160 1211 2306 1265 ultro
2332 1220 2524 1279 testor,
2557 1227 2644 1267 me
2675 1229 2852 1282 neque
2880 1214 3117 1267 antehac
3152 1215 3465 1269 istiusmodi

1889 1303 2119 1358 consilia
2153 1304 2388 1362 coxisse.
2436 1319 2612 1373 neque
2659 1304 2728 1359 de
2774 1315 2972 1360 caetero
3016 1306 3329 1376 improbum
3361 1309 3466 1363 ali-

1887 1393 2020 1464 quid
2054 1395 2109 1448 in
2148 1404 2200 1449 te
2247 1394 2723 1457 machinaturum;
2773 1398 2879 1452 tuis
2916 1400 3239 1469 verojussis
3269 1416 3468 1470 parens

1890 1485 2307 1554 denuojurabo.
2346 1486 2485 1555 Jan),
2512 1488 2658 1558 quod
2687 1489 2769 1542 vis
2798 1498 2858 1543 ut
2887 1489 3171 1559 adjutores
3199 1500 3255 1546 et
3289 1493 3470 1546 socios

1893 1577 1991 1631 tibi
2025 1595 2177 1633 meos
2209 1579 2467 1645 indicem,
2496 1580 2631 1636 illud
2672 1581 2817 1645 dico,
2849 1593 2899 1636 te
2941 1582 3145 1652 potius,
3183 1599 3347 1653 quam
3382 1600 3470 1639 me

1891 1670 2033 1725 scire
2078 1685 2238 1740 posse
2282 1673 2474 1740 quales
2520 1681 2953 1729 consentaneum
2985 1674 3057 1727 sit
3087 1690 3228 1737 esse,
3259 1675 3353 1745 qui
3384 1691 3471 1728 me

1893 1772 2219 1831 sequuntur.
2250 1763 2387 1819 Cum
2416 1765 2565 1818 enim
2600 1765 2846 1834 pecunia:
2871 1766 3137 1821 facienda:
3163 1769 3301 1821 ratio
3320 1768 3470 1821 nulla

1893 1853 2228 1922 suppeditet,
2261 1870 2366 1925 qua
2394 1855 2624 1910 forsitan
2661 1857 2928 1926 quosdam
2964 1874 3073 1911 non
3109 1857 3308 1912 infimae
3339 1875 3472 1914 coo-

1892 1945 2120 2001 ditionis
2171 1947 2237 2001 ad
2289 1963 2439 2002 meas
2495 1958 2676 2018 partes
2724 1949 3034 2014 allicerem,
3089 1949 3342 2005 libertate
3376 1967 3476 2005 au-

1896 2047 2001 2093 tem
2036 2039 2181 2107 apud
2220 2047 2272 2093 te
2307 2039 2458 2093 nulla
2501 2042 2580 2095 uti
2613 2040 2795 2105 liceat,
2834 2057 2944 2111 quo
2975 2057 3078 2111 ope
3108 2042 3287 2097 aliena
3334 2042 3475 2095 indi-

1893 2131 2150 2200 gentibus
2202 2131 2575 2195 benefaciens,
2629 2132 2836 2186 amicos
2870 2148 3210 2204 comparem,
3261 2134 3474 2188 discere

1897 2222 2043 2288 hinc,
2073 2223 2255 2291 quivis
2280 2231 2478 2292 potest,
2509 2225 2551 2277 si
2580 2225 2717 2286 vult.
2751 2224 2941 2292 quales
2967 2240 3024 2278 se
3055 2222 3120 2278 ad
3153 2225 3473 2280 societatem

1897 2333 2071 2372 meam
2093 2319 2522 2388 aggregaverint.
2553 2317 2710 2384 Quod
2734 2318 2777 2373 si
2805 2318 2946 2373 forte
2973 2319 3225 2373 nonnulli
3252 2334 3337 2374 me
3364 2336 3473 2374 non

1896 2408 2153 2473 oderunt,
2185 2417 2240 2461 at
2283 2409 2337 2461 in
2363 2423 2429 2462 eo
2465 2423 2577 2462 non
2615 2407 2695 2463 illi
2732 2394 2979 2463 debitum
3011 2425 3109 2477 pro
3136 2410 3307 2481 gratia
3335 2426 3476 2480 prae-

1897 2507 2067 2564 stant,
2105 2499 2202 2554 sed
2242 2500 2417 2570 gratia
2463 2515 2550 2554 me
2594 2508 2948 2556 antevertunt
2979 2517 2994 2556 :
3025 2502 3117 2570 qui
3152 2495 3275 2557 cum
3324 2504 3474 2558 nulla

1898 2600 2207 2659 exspectata
2261 2590 2513 2645 mercede
2553 2592 2659 2645 mei
2691 2592 2801 2648 sint
2842 2608 3007 2662 quam
3051 2593 3474 2658 studiosissimi,

1898 2681 2035 2734 nihil
2068 2689 2255 2749 posset
2286 2680 2403 2734 ﬁeri
2441 2682 2748 2749 scelestius,
2785 2686 2832 2737 si
2878 2699 2979 2755 ego
3026 2684 3081 2738 in
3130 2684 3254 2741 illos
3287 2700 3479 2741 contra

1900 2769 2304 2839 ingratissimus
2356 2786 2420 2825 ac
2461 2773 2712 2841 proditor
2761 2775 3103 2830 exsisterem.
3156 2776 3479 2846 Quanquam
3520 2806 3523 2807 ν

1898 2872 1953 2915 et
1988 2862 2091 2931 ipsi
2142 2878 2228 2916 me
2276 2863 2563 2931 adeuntes,
2617 2880 2725 2919 non
2772 2865 2919 2920 aliud
2972 2867 3105 2921 mihi
3149 2869 3481 2937 persuadere

1899 2954 2177 3016 nituntur,
2213 2970 2375 3024 quam
2407 2964 2467 3008 ut
2497 2955 2596 3010 tibi
2643 2950 2989 3026 imperatori:
3019 2974 3083 3013 ac
3115 2961 3328 3028 parenti
3359 2975 3482 3016 meo

1901 3044 2048 3100 dicto
2079 3047 2181 3100 sim
2215 3047 2463 3113 audiens,
2500 3048 2709 3118 tibique
2752 3049 3010 3114 serviam,
3044 3051 3364 3106 occasiones
3395 3050 3482 3106 fu-

236 3143 325 3213 ὲμὲ
352 3144 559 3213 προῖκα
591 3139 994 3210 γεγενημένων,
1023 3138 1122 3192 οὐκ
1147 3129 1224 3191 ἄν’
1247 3137 1445 3208 ἐλλίπῃ
1486 3136 1797 3207 μοχθηρίας

1902 3135 2067 3207 giam,
2100 3137 2302 3206 quibus
2332 3139 2601 3193 serenitas
2649 3148 2739 3193 tua
2798 3138 3089 3194 adversum
3140 3156 3227 3195 me
3273 3140 3482 3195 turbari

236 3235 537 3306 ὑπερϐολὴν
568 3234 629 3286 τὸ
659 3235 918 3288 κάκιστον
943 3231 1106 3285 αὑτὸν
1153 3231 1248 3284 καὶ
1271 3229 1536 3301 προδότην
1565 3229 1797 3299 ὀφθῆναι

232 3328 358 3396 περὶ
388 3324 611 3386 αὐτούς.
631 3324 827 3378 Καίτοι
849 3339 910 3391 γε
926 3324 1019 3376 καὶ
1045 3321 1197 3375 αὐτοὶ
1221 3321 1375 3375 οὐδὲν
1402 3320 1532 3376 ἄλλο
1556 3338 1647 3391 μοι
1665 3337 1802 3392 προ-

231 3421 434 3480 σιόντες
470 3416 682 3469 πείθειν
723 3414 1115 3487 ἐπιχειροῦσιν,
1167 3413 1201 3485 ἢ
1231 3414 1316 3466 σοὶ
1348 3413 1425 3484 τῷ
1466 3412 1677 3484 βασιλεῖ
1705 3413 1802 3467 καὶ

227 3518 398 3579 πατρὶ
415 3509 641 3578 ὑπέχειν
662 3508 898 3576 ἐμαυτὸν
921 3506 1019 3559 καὶ
1035 3505 1398 3560 καταδουλοῦν
1415 3505 1509 3558 καὶ
1535 3506 1608 3576 μὴ
1633 3504 1806 3574 παρέ-

225 3622 344 3674 χειν
372 3603 552 3664 αἰτίας
581 3599 709 3653 ὥστ’
727 3599 951 3671 ἐμαυτῷ
971 3598 1068 3670 τὴν
1093 3600 1192 3668 σὴν
1214 3598 1559 3669 γαληνότητα
1585 3598 1803 3670 ἐξοργί-

226 3699 366 3760 ζειν.
401 3694 569 3765 Ἐμοῦ
589 3693 632 3747 δ’
658 3693 1067 3762 ἰσχυριζομένου
1097 3689 1342 3744 τοιοῦτον
1380 3690 1605 3759 ἐμαυτῷ
1627 3708 1805 3742 συνει-

222 3792 379 3844 δέναι
409 3788 604 3858 μηδὲν,
631 3788 724 3839 καὶ
750 3785 979 3847 πολλοὺς
1004 3785 1083 3847 είς
1114 3784 1411 3856 ἁπολοχίαν
1462 3784 1805 3852 συνείροντος

226 3881 452 3949 λόγους,
481 3877 636 3930 οὐδὲν
665 3878 846 3940 αὐτοῖς
878 3878 955 3937 είς
983 3874 1155 3928 πειθὼ
1178 3873 1458 3945 νομίζεται
1481 3874 1803 3943 ἀξιόχρεων,

228 3977 377 4041 ὅπερ
405 3973 555 4024 ἐστὶν
574 3970 720 4033 εἰκὸς
753 3969 1146 4039 λογιζομένοις,
1208 3968 1283 4032 ὼς
1312 3969 1414 4020 ούκ
1459 3966 1525 4021 ἂν
1558 3967 1730 4030 οὕτως
1770 3968 1804 4039 ἡ

233 4067 402 4135 φύσις
429 4062 571 4132 πρὸς
621 4062 820 4130 ἑαυτὴν
866 4059 1281 4130 ἐκπολεμωθείη
1345 4058 1420 4129 μὴ
1454 4059 1564 4111 τῶν
1613 4058 1806 4111 αἰτίων

225 4157 403 4210 ὅντων
454 4151 751 4223 ὑπερφυῶν
778 4169 792 4180 ’
820 4151 940 4204 οὐδὲ
1003 4152 1112 4220 γὰρ
1151 4151 1274 4203 οὐδὲ
1337 4150 1446 4204 τῶν
1477 4151 1685 4220 θηρίων
1738 4151 1808 4203 τὰ

227 4243 601 4318 χαλεπώτατα
631 4244 742 4305 τοῖς
784 4242 997 4305 τέκνοις
1038 4242 1448 4295 ἐπεϐούλευσαν
1510 4259 1643 4317 ποτε
1693 4243 1806 4305 τοῖς

236 4337 418 4400 ἰδίοις.
450 4335 517 4387 Ei
541 4335 597 4387 δέ
621 4350 765 4397 τινες
798 4334 855 4385 ὲν
897 4334 1081 4398 αὐτοῖς
1115 4329 1225 4386 εἶεν
1268 4334 1366 4386 καὶ
1413 4335 1488 4404 μὴ
1550 4332 1806 4403 τοιοῦτοι,

241 4428 393 4484 οὕτω
420 4428 606 4489 δοκεῖς
649 4424 752 4494 ἐμὲ
782 4424 950 4477 κακὸν
998 4425 1093 4478 καὶ
1141 4425 1435 4495 ἀγνώμονα
1488 4420 1628 4479 εἶναι
1675 4430 1807 4499 περὶ

1903 3236 1960 3281 et
2007 3227 2210 3282 irritari
2244 3238 2425 3297 queat.
2462 3230 2598 3283 Dum
2650 3240 2833 3285 autem
2882 3240 3200 3286 constanter
3248 3231 3482 3294 aliirmo,

1903 3320 2044 3376 nihil
2077 3321 2393 3393 bujusmodi
2441 3321 2689 3376 conscire
2743 3322 2906 3386 mihi,
2944 3323 3222 3394 verbaque
3273 3324 3336 3378 ad
3388 3324 3486 3379 de-

1904 3415 2209 3471 fensionem
2246 3431 2463 3482 acervo,
2502 3408 2647 3470 haud
2702 3416 2808 3470 illis
2854 3415 3153 3486 quidquam
3202 3419 3267 3471 ad
3323 3418 3482 3472 ﬁdem

1906 3509 2039 3564 satis
2064 3508 2286 3562 videtur
2315 3525 2328 3562 :
2358 3507 2720 3578 probabiliter
2748 3507 3228 3573 ratiocinantibus,
3256 3523 3365 3563 non
3392 3524 3491 3578 po-

1910 3603 2080 3657 tuisse
2113 3610 2359 3655 naturam
2399 3607 2606 3654 tantam
2644 3600 2698 3653 in
2742 3600 3092 3669 semetipsam
3126 3590 3486 3655 hostilitate":

1907 3694 2158 3763 induere,
2187 3693 2307 3748 nisi“
2342 3708 2521 3747 causa:
2555 3693 2807 3756 fuissent,
2854 3702 2909 3746 et
2938 3694 3158 3762 quidem
3194 3694 3349 3759 tales,
3380 3695 3492 3766 49

1907 3800 2028 3855 qua:
2054 3786 2202 3855 ipsas
2229 3794 2436 3839 natura!
2466 3792 2640 3838 metas
2665 3786 2994 3840 excederent
3024 3802 3037 3838 :
3061 3786 3282 3854 quando
3306 3803 3492 3856 neque

1911 3877 2394 3933 truculentissian
2437 3876 2678 3932 ferarum
2727 3878 2780 3930 in
2832 3877 3044 3932 catulos
3075 3893 3209 3933 suos
3241 3879 3351 3949 (ιϐ)
3388 3896 3491 3933 un-

1907 3985 2072 4040 quam
2109 3984 2229 4024 sese
2288 3967 2584 4023 insidiosas
2622 3983 2687 4023 ac
2719 3968 2985 4037 malignas
3021 3969 3393 4043 praebuerunt.
3426 3970 3494 4025 Et

1907 4050 1969 4119 ut
2017 4063 2189 4132 aliqui
2226 4061 2370 4115 inter
2398 4074 2493 4116 eos
2542 4067 2652 4114 tam
2691 4060 2910 4115 solliciti
2959 4074 3071 4114 non
3119 4062 3251 4125 sint,
3288 4077 3355 4114 an
3405 4078 3493 4115 me

1907 4157 2045 4212 adeo
2078 4169 2315 4225 nequam
2347 4142 2405 4207 in
2435 4153 2663 4218 amicos,
2694 4163 2749 4207 et
2779 4152 2941 4206 olIicii
2979 4153 3356 4208 immemorem
3390 4170 3493 4223 pu-

1909 4258 2012 4314 tas,
2058 4257 2122 4301 ut
2167 4260 2358 4302 eorum
2403 4244 2731 4300 charitatem
2768 4243 3079 4313 proditione
3135 4258 3494 4299 remunerare

1908 4340 2110 4396 velim?
2140 4337 2258 4395 Oh!
2308 4337 2660 4406 neutiquam;
2709 4336 2872 4390 citius
2925 4350 3034 4389 non
3083 4335 3494 4405 protomnibus

1910 4430 2075 4485 modo
2110 4428 2293 4494 simul,
2340 4428 2435 4481 sed
2483 4442 2582 4496 pro
2617 4426 2847 4497 singulis
2894 4427 3060 4480 etiam
3111 4435 3276 4496 caput
3311 4443 3492 4482 meum

231 4522 363 4583 τοὺς
396 4517 613 4589 φίλους,
648 4515 788 4568 ὥστε
802 4517 901 4587 τῆς
929 4517 1009 4580 εἰς
1043 4518 1141 4588 ἐμὲ
1168 4518 1350 4586 φιλίας
1377 4519 1674 4589 προδοσίαν
1706 4536 1800 4573 πα-

1916 4523 2189 4578 devovere
2216 4536 2324 4575 non
2363 4519 2646 4585 dubitabo,
2678 4534 2843 4589 quam
2874 4528 2934 4574 ut
2974 4520 3096 4589 ejus
3122 4522 3377 4574 servandi
3412 4522 3494 4576 vel

234 4613 465 4685 ρασχείν
490 4607 837 4679 ἀντιμισθίαν
860 4624 876 4674 ;
900 4609 1014 4664 Οὐκ
1039 4607 1187 4662 ἔστιν
1208 4609 1463 4680 οὐδαμῶς
1489 4628 1503 4642 ο
1536 4613 1669 4682 ῥᾷον
1700 4613 1809 4682 γὰρ

231 4704 300 4758 ἂν
349 4701 538 4768 αὐτὸς,
600 4701 698 4772 οὐχ
725 4700 869 4772 ὑπὲρ
921 4702 1143 4758 πάντων
1202 4702 1364 4773 ὁμοῦ,
1396 4703 1532 4758 ἀλλὰ
1564 4707 1658 4758 καὶ
1690 4707 1810 4770 ἑνὸς

235 4795 417 4851 αὐτῶν
469 4796 571 4866 τὴν
605 4794 745 4865 ἐμὴν
800 4794 1113 4866 προήσομαι
1176 4796 1481 4866 σωτηρίαν,
1535 4797 1569 4867 ἦ
1605 4798 1815 4869 ταύτην

236 4889 702 4961 περιποιούμενος
731 4888 973 4950 ἐκείνους
1004 4887 1248 4959 ἐθελήσω
1294 4891 1391 4942 καὶ
1428 4893 1643 4961 μικροῖς
1699 4910 1813 4946 τισι

241 4980 650 5051 προσομιλῆσαι
705 4980 918 5042 κακοῖς.
976 4979 1096 5032 Ἔτι
1129 4980 1267 5048 πρὸς
1315 4980 1549 5046 τούτοις,
1581 4985 1675 5036 καὶ
1724 4985 1816 5055 ὅρ-

241 5091 359 5137 κοις
386 5073 666 5139 ἐπέταξας
692 5071 753 5124 τδ
780 5072 858 5143 μὴ
908 5072 1137 5143 δρασμῷ
1166 5074 1478 5144 χρήσασθαι
1515 5079 1820 5147 ἀσφαλίσα-

1916 4615 2039 4671 leve
2070 4628 2166 4670 eos
2202 4613 2379 4683 patiar
2410 4612 2598 4667 subire
2632 4612 3065 4667 incommodum.
3114 4612 3382 4668 Praeterea
3428 4614 3497 4669 de

1921 4709 2048 4780 fuga
2093 4722 2205 4762 non
2253 4706 2601 4777 suscipienda
2645 4705 3002 4777 jurisjurandi
3053 4706 3498 4763 testiﬁcationem

1920 4780 2056 4857 mihi
2092 4802 2372 4871 imperasti
2401 4817 2412 4852 :
2437 4800 2543 4854 Per
2571 4798 2956 4854 universorum
2986 4796 3155 4868 igitur
3179 4799 3496 4863 Dominum,

1919 4904 1976 4948 et
2005 4895 2306 4964 principem
2338 4892 2509 4947 Deum
2539 4893 2664 4962 juro
2700 4891 2821 4956 tibi,
2860 4893 2904 4945 si
2950 4900 3002 4946 te
3053 4892 3356 4963 quidquam
3392 4895 3501 4948 ini-

1924 4988 2120 5044 micius
2175 4997 2369 5043 contra
2419 5003 2505 5040 me
2557 4986 2872 5040 molientem
2923 5001 3265 5058 cognovero,
3314 4989 3497 5045 nervi:

1924 5082 2203 5145 omnibus,
2230 5090 2282 5135 et
2319 5088 2457 5143 toto,
2492 5077 2640 5148 quod
2674 5079 2849 5146 aiunt,
2882 5078 3023 5151 pede
3062 5080 3265 5150 fugiam
3304 5082 3438 5153 (l7).

1515 5248 1731 5311 Jacobi
1758 5249 2025 5314 Pontani
2068 5259 2256 5310 notas.

320 5396 449 5467 (16),
479 5391 655 5467 Omne
697 5392 897 5467 animal
928 5390 1114 5467 diligit_
1154 5389 1258 5446 sibi
1300 5391 1522 5467 s_in_iile,_
1553 5401 1610 5446 et
1657 5394 1811 5448 canis

244 5461 387 5531 cani,
438 5466 543 5519 hos
592 5462 744 5526 bovi,
798 5461 991 5515 asinus
1037 5461 1195 5517 asino
1245 5461 1655 5529 pulcherrimus
1698 5473 1803 5517 est.

248 5538 349 5592 Sed
394 5536 635 5590 maxime
684 5533 1119 5603 unumquodque
1160 5531 1390 5603 animal.
1435 5535 1809 5600 quamtumvis

253 5623 507 5668 immane,
540 5619 605 5658 ac
631 5605 831 5668 ferum,
863 5601 1043 5672 diligit
1070 5601 1287 5658 catulos
1314 5616 1467 5661 suos.
1504 5614 1563 5655 ut
1607 5618 1708 5672 pro
1743 5603 1811 5657 iis

250 5682 411 5731 etiam
453 5682 796 5745 propugnet,
852 5684 1061 5745 tantum
1106 5673 1302 5745 abest,
1329 5682 1415 5745 Aut
1477 5672 1546 5726 iis
1591 5684 1811 5745 noceat,

252 5741 574 5816 Apposiuui
623 5741 706 5798 est
759 5743 893 5816 illud
944 5742 1265 5807 Ciceronis,
1317 5741 1393 5796 De
1451 5751 1593 5816 orat.
1644 5759 1680 5796 ll
1710 5761 1724 5798 :
1754 5742 1814 5798 Si

255 5813 375 5883 [erit
412 5826 595 5887 partus
628 5831 746 5868 suos
777 5813 1028 5882 diligunt,
1080 5831 1188 5885 qua
1212 5829 1324 5880 ⁸ιιοιι
1373 5813 1645 5869 maritate
1686 5831 1811 5883 erga

524 5911 794 5971 Pnaoe.
839 5908 959 5970 Gn.
1005 5907 1207 5970 CLlll.

1914 5393 2104 5446 liberos
2137 5402 2341 5447 nostros
2368 5408 2476 5448 esse
2506 5391 2794 5447 debemus?
2829 5388 3342 5445 Truculentissimte
3369 5387 3501 5443 fera:

1912 5472 2044 5518 sunt
2079 5478 2220 5516 ursa:
2249 5467 2395 5533 (qua:
2427 5463 2630 5518 mirum
2663 5470 2935 5533 quantum
2964 5460 3141 5530 raptis
3170 5457 3372 5513 catulis
3396 5473 3500 5513 ste-

1915 5533 2093 5597 viunt)
2122 5534 2327 5598 leaenae,
2357 5535 2544 5603 tigres,
2582 5534 2742 5602 lupas.
2823 5568 2855 5603 ,λ

1987 5603 2100 5673 (I7)
2142 5597 2500 5680 Proverbiitm
2528 5597 2657 5680 est;
2682 5600 2860 5664 omni.
2889 5604 3007 5659 sive
3040 5597 3498 5680 toto-pedemque

1913 5666 2167 5797 leooélqu'od
2205 5683 2313 5742 est,
2344 5691 2558 5730 summa
2588 5677 2637 5729 vi
2672 5688 3003 5744 summoque
3043 5666 3324 5727 nisuIAdi
3359 5666 3496 5723 Chi-

1938 5760 1986 5797 ιιι
2029 5760 2090 5797 as

1938 5760 2090 5817 tauas

3097 5901 3137 5963 5
