3962 6454
541 383 642 447 139

1710 384 2034 444 JOANNIS
2073 387 2605 448 CANTACUZENI
3679 394 3768 458 HO

533 499 657 552 σθαι
679 513 694 528 ⁸
729 497 936 568 ὄμνυμι
971 498 1034 568 δή
1077 515 1158 550 σοι
1181 496 1272 550 τὸν
1304 496 1558 550 ἁπάντων
1596 493 1786 563 κύριον
1813 497 1909 548 καὶ
1944 496 2170 566 βασιλέα
2211 499 2366 564 Θεὸν,
2389 500 2464 562 ὡς
2490 502 2554 554 ἄν
2584 519 2635 553 τι
2671 503 2908 571 φωράσω
2939 504 3066 576 περὶ
3101 505 3200 576 ἐμὲ
3228 505 3606 578 βουλευόμενον
3661 511 3764 564 κίν-

533 589 689 645 δυνον
720 589 1006 656 άπειλοῦν,
1037 589 1186 661 πάσῃ
1212 589 1439 659 δυνάμει
1494 587 1587 641 καὶ
1614 585 1722 656 ὅλῳ
1757 586 1878 639 ποδὶ
1913 588 2194 658 χρήσομαι
2227 591 2361 660 πρὸς
2385 593 2586 660 φυγήν.

1952 700 2178 756 CAPUT
2217 701 2361 756 X'Vl.

524 804 798 861 Invenitur
826 805 882 857 in
913 811 1152 873 nepotem
1196 817 1354 873 senex
1384 817 1501 873 cum
1543 801 1716 855 minis.
1759 799 1934 873 Nepos
1965 800 2174 852 veniam

593 875 953 937 exosculatur,
979 869 1048 925 'et
1079 872 1311 926 osculum
1348 871 1410 924 ab
1442 888 1499 924 eo
1541 873 1748 941 recipit.
1799 869 1953 922 Ficta
1997 870 2198 921 reconci

2206 800 2338 921 petit
2388 798 2585 853 delictis
2636 801 2776 864 suis;
2824 800 3004 869 pedem
3036 801 3141 866 illi,
3191 818 3491 871 quanquam
3518 805 3768 863 renitenti,

2227 869 2380 921 iulio.
2408 879 2454 921 et
2489 870 2549 921 ob
2582 870 2637 921 id
2680 872 2840 921 inane
2889 872 3161 921 gaudium.
3207 872 3428 921 Momms
3475 873 3767 921 domesticus

2227 870 2380 930 iatio,
2408 879 2454 921 et
2489 870 2549 922 ob
2582 870 2637 921 id
2680 872 2840 922 inane
2888 872 3161 940 gaudium.
3204 870 3428 940 Magnus
3475 873 3767 929 domesticus

593 948 650 1000 in
681 947 1100 1015 Peloponnesum
1147 945 1225 996 ire
1253 942 1460 1008 jussus,
1499 940 1735 1011 nepotem
1766 951 1814 994 et
1846 948 2288 1010 protostratorem
2317 941 2565 992 certiores
2607 940 2757 1008 facit.
2792 941 2866 993 De
2905 957 2966 994 ea
3000 957 3055 993 re
3085 941 3410 995 consultant.

549 1028 563 1044 Ο
594 1063 722 1115 ΗίΡΟ
765 1060 987 1131 juniore
1021 1059 1349 1123 disserente,
1396 1056 1500 1110 sub
1545 1057 1712 1127 janua
1763 1053 2099 1108 domuncula

2289 1051 2478 1106 Ταῦτα
2511 1052 2607 1106 τοῦ
2659 1053 2781 1106 νέου
2812 1053 3081 1122 βασιλέως
3131 1053 3445 1120 διεξιόντος,
3477 1057 3504 1109 ό
3541 1060 3760 1130 πρεσϐύ·

523 1155 834 1210 consistens
865 1153 1049 1207 senior
1078 1151 1420 1206 auscultabat
1454 1153 1658 1204 omnia.
1695 1149 1763 1203 Et
1805 1151 1868 1202 ad
1899 1159 2094 1202 caetera

522 1244 748 1314 quidem
800 1253 1006 1308 mutus,
1054 1243 1148 1297 ubi
1203 1243 1341 1312 fuga:
1393 1242 1539 1296 illata
1584 1250 1668 1295 est
1715 1240 1964 1294 mentio:
1995 1239 2100 1303 Tu,

524 1315 874 1406 inquit,‘tune
898 1344 958 1388 ut
977 1334 1187 1404 l'ugias?
1210 1333 1370 1403 Atqui
1407 1333 1625 1404 jamjam
1649 1331 2102 1401 comprehensus,

520 1437 575 1481 et
609 1427 845 1481 vinculis
876 1427 1211 1480 constrictus
1249 1424 1543 1487 abducere,
1577 1433 1634 1478 et
1661 1423 1726 1476 ad
1759 1424 1956 1492 captivi
1988 1423 2104 1478 for-

524 1532 710 1572 tunam
740 1519 1005 1587 redigere.
1034 1517 1147 1586 Ego
1173 1532 1302 1569 vero
1334 1532 1436 1570 nec
1467 1514 1640 1568 tribus
1670 1513 1867 1577 obolis,
1903 1515 1946 1567 si
1978 1529 2104 1583 pos-

520 1611 645 1675 sim,
699 1619 750 1664 te
785 1626 816 1663 e
865 1609 1131 1663 servitute
1181 1607 1502 1660 exemerim.
1559 1605 1770 1660 Dehinc
1818 1605 2102 1674 paululum

521 1716 846 1770 progressus
893 1699 1192 1762 :Cernitis,
1229 1697 1405 1768 inquit
1434 1697 1502 1750 ad
1545 1707 1862 1766 praesentes,
1904 1713 2103 1766 quem-

519 1791 816 1846 admodum
861 1792 964 1846 iste
1017 1791 1201 1844 verbis
1245 1789 1380 1843 meis
1427 1789 1586 1842 [idem
1644 1789 1922 1854 conciliet,
1957 1804 2100 1843 con-

523 1896 707 1938 tumax
758 1883 1032 1947 videlicet,
1081 1898 1139 1936 se
1188 1880 1472 1951 magniﬁce
1522 1879 1992 1948 circumspiciens,
2047 1889 2105 1934 et

522 1974 816 2029 immodice
867 1972 1168 2041 arrogans?
1213 1970 1359 2041 quod
1415 1986 1480 2024 cx
1533 1970 1709 2040 reipsa
1772 1971 1930 2024 vobis
1969 1970 2103 2026 licet

521 2069 752 2123 discere.
786 2066 1020 2138 Subjicit
1042 2065 1268 2136 junior:
1300 2063 1565 2134 Equidem
1595 2078 1777 2134 neque
1808 2073 2102 2118 contumax

518 2177 662 2226 sum,
689 2177 869 2230 neque
895 2159 1148 2214 mihimet
1181 2165 1465 2228 tantopere
1499 2156 1700 2226 plaudo
1732 2176 1744 2210 :
1774 2157 1868 2210 sed
1914 2157 2101 2210 multi-

522 2255 694 2308 tudini
730 2266 1082 2322 peccatorum
1119 2267 1365 2305 meorum
1398 2260 1682 2320 acceptum
1723 2249 1922 2313 refero,
1951 2249 2098 2318 quod

521 2347 644 2400 talis
680 2345 777 2400 tibi
823 2344 1033 2398 videar.
1068 2344 1262 2397 'l'estor
1307 2343 1499 2405 Deum,
1542 2356 1705 2410 quem
1751 2340 1888 2394 nihil
1940 2340 2094 2403 latet,

523 2438 665 2493 haud
700 2453 786 2491 me
822 2438 986 2491 ullam
1035 2436 1252 2505 culpam
1285 2436 1363 2490 ira
1409 2442 1498 2488 tua
1535 2445 1641 2488 tam
1677 2436 1846 2488 atroci
1878 2435 2096 2503 dignam

519 2529 938 2586 commeruisse.
972 2529 1319 2597 Quapropter
1349 2526 1648 2597 potentiam
1677 2536 1821 2579 tuam
1845 2527 2096 2591 obsecro,

521 2638 617 2678 seu
667 2622 885 2687 noxius,
936 2637 1031 2678 seu
1082 2619 1338 2674 innoxius
1373 2634 1516 2680 sum,
1545 2619 1678 2672 mihi
1711 2619 1960 2688 ignoscas
1993 2619 2098 2672 :ad

522 2723 647 2765 tuos
673 2711 819 2764 enim
847 2709 1016 2778 pedes
1037 2708 1176 2762 mori
1201 2709 1365 2778 cupio
1391 2708 1702 2774 (insinuans
1728 2708 1829 2762 hac
1849 2708 2098 2778 ambage,

522 2801 744 2855 nonnisi
800 2811 1050 2855 coactura
1079 2801 1147 2855 ab
1173 2816 1240 2855 eo
1270 2802 1658 2863 recessurum).
1691 2800 1756 2854 Et
1785 2801 1945 2854 simul
1973 2815 2098 2855 cum

521 2893 626 2947 hoc
650 2891 800 2946 dicto
830 2892 898 2945 ad
928 2902 1130 2946 terram
1158 2891 1577 2961 procumbebat,
1603 2892 1686 2946 avi
1715 2891 1907 2960 pedem
1939 2906 2100 2947 oscu-

522 2985 770 3050 laturus;
806 3000 969 3053 quem
1008 2983 1099 3038 ille
1134 2983 1378 3038 humeris
1418 2984 1534 3054 ejus
1567 2983 1823 3037 obnitens
1857 2983 2100 3038 abstine-

520 3079 633 3141 bat,
660 3093 724 3133 ac
758 3093 891 3132 voce
939 3077 1069 3131 item
1107 3076 1459 3146 prohibebat,
1491 3065 1820 3146 tandemque
1861 3075 2100 3145 amplius

519 3171 817 3226 luctantem
867 3169 1079 3240 capillis
1115 3167 1408 3224 retinebat.
1436 3167 1572 3222 Cum
1605 3166 1772 3222 etiam
1824 3167 1926 3230 sic,
1956 3165 2096 3220 sibi-

521 3277 630 3321 met
654 3281 764 3320 non
793 3280 1046 3334 parcens,
1078 3263 1185 3332 50
1215 3261 1267 3316 vi
1309 3277 1522 3316 summa
1547 3271 1819 3332 pergeret,
1848 3269 2100 3316 metuens

517 3373 677 3423 avus,
709 3373 778 3412 ne
803 3357 895 3411 illa
924 3355 1189 3410 violentia
1214 3355 1396 3409 crines
1423 3369 1454 3408 a
1483 3355 1688 3408 vertice
1719 3352 2101 3406 abstraheret:-

520 3461 630 3515 tur,
661 3458 863 3502 terram
894 3457 1102 3516 petere,
1128 3454 1183 3500 et
1206 3445 1332 3514 pedi
1355 3446 1602 3500 osculum
1637 3445 1802 3514 ﬁgere
1829 3445 2095 3514 permisit,

517 3547 947 3609 surgentemque
999 3537 1178 3606 capite
1233 3537 1684 3606 apprehendens,
1737 3535 1926 3590 oculos
1981 3536 2100 3605 ejus

517 3631 872 3686 deosculatus
924 3639 1007 3684 est
1060 3629 1196 3698 (l8).
1232 3629 1351 3695 Quo
1400 3638 1714 3697 conspecto,
1765 3627 2095 3696 patriarcha,

2211 1160 2370 1213 τερος
2395 1144 2498 1197 ὑπὸ
2549 1146 2643 1207 τὰς
2671 1144 2845 1216 θύρας
2880 1147 3171 1214 ἱστάμενος
3209 1146 3305 1200 τοῦ
3340 1149 3608 1216 οἰκίσκον,
3639 1153 3764 1206 πάνυ

2210 1253 2322 1288 των
2362 1238 2698 1307 ἐπηκροᾶτο,
2750 1239 2846 1291 καὶ
2902 1238 3075 1293 τᾶλλα
3119 1239 3221 1309 μὲν
3287 1242 3489 1310 ἤνεγκε
3539 1245 3763 1307 σιωπῶν,

2210 1327 2309 1396 τὴν
2339 1328 2518 1400 φυγὴν
2579 1331 2635 1382 δὲ
2693 1331 2953 1395 ἀκούσας.
2991 1330 3064 1382 Σὺ
3093 1331 3159 1395 δ’,
3183 1331 3308 1403 ἔφη,
3367 1333 3540 1406 φεύξῃ
3571 1352 3632 1404 γε
3665 1335 3762 1403 σύ;

2223 1419 2368 1472 Ἀλλ’
2403 1421 2530 1473 ὅσον
2559 1421 2714 1474 οὔπω
2749 1423 2813 1476 σὺ
2850 1423 2948 1490 μὲν
2995 1424 3324 1493 συλληφθεὶς
3369 1427 3656 1498 ἀπαχθήσῃ
3687 1428 3768 1482 δε-

2209 1510 2458 1579 σμώτης,
2515 1513 2792 1581 καὶπρὸς
2858 1514 3194 1581 δοριαλώτου
3247 1517 3528 1581 καταστάς
3582 1519 3764 1588 τύχην.
3818 1511 3821 1515 ’

2221 1601 2363 1670 Ἐγὼ
2395 1603 2439 1654 δ’
2479 1603 2600 1655 οὐδὲ
2630 1603 2800 1673 τριῶν
2830 1604 3033 1657 όϐολῶν
3081 1605 3331 1674 ἐθελήσω
3378 1607 3642 1662 λύσασθαι
3676 1609 3766 1679 τῆς

2207 1694 2442 1757 δουλίας.
2498 1691 2629 1748 Εἶτα
2694 1697 2890 1766 μικρὸν
2947 1698 3178 1763 προϐάς,
3223 1697 3448 1766 Ὀρᾶτε,
3483 1700 3584 1770 ἔφη
3641 1700 3769 1768 πρὸς

2208 1787 2333 1850 τοὺς
2361 1787 2658 1856 παρόντας.
2691 1791 2839 1851 ὅπως
2869 1791 2982 1850 τοῖς
3015 1791 3169 1858 ἐμοῖς
3201 1789 3383 1856 λόγοις
3433 1783 3586 1853 οὗτος
3641 1807 3768 1858 συμ-

2213 1881 2508 1948 μαρτυρεῖ,
2555 1879 2794 1949 σκληρὸς
2826 1879 2902 1932 ὢν
2936 1882 3032 1933 καὶ
3069 1880 3336 1951 αὐθάδης,
3373 1883 3468 1934 καὶ
3503 1883 3639 1953 πέρα
3681 1881 3766 1934 τοῦ

2207 1972 2422 2034 δέοντος
2454 1971 2670 2036 ἀλαζών
2699 1991 2712 2038 ;
2753 1973 2855 2042 ἤδη
2888 1975 2983 2026 καὶ
3017 1974 3148 2043 ύμῖν
3204 1976 3321 2026 ἐστι
3353 1975 3545 2047 σαφῶς
3578 1977 3638 2028 ἐκ
3668 1975 3767 2026 τῶν

2205 2063 2552 2131 πραγμάτων
2585 2064 3030 2133 καταμαθεῖν.’0
3055 2065 3176 2128 νέος
3197 2065 3243 2118 δ’
3275 2061 3769 2135 Ἀνδρόνικος,⁹Επ’

2205 2154 2489 2223 ἀληθείας,
2519 2151 2696 2223 εἶπεν,
2746 2150 2791 2208 ὦ
2823 2155 3070 2225 βασιλεῦ,
3104 2156 3230 2210 οὔτε
3269 2158 3507 2228 σκληρός
3537 2158 3650 2226 εἰμί
3675 2176 3770 2222 τις,

2203 2245 2328 2300 οὔτε
2359 2247 2599 2317 αὐθάδης
2626 2265 2640 2278 ·
2683 2249 2818 2302 ἀλλὰ
2851 2249 2961 2301 τῶν
3013 2248 3164 2319 ὲμῶν
3221 2251 3518 2319 ἁμαρτιῶν
3554 2253 3581 2302 6
3609 2248 3768 2320 σωρὸς

2203 2340 2446 2393 τοιοῦτον
2474 2337 2615 2393 εἶναι
2645 2340 2936 2410 φαίνεσθαί
2969 2357 3052 2393 σοι
3086 2343 3268 2393 ποιεῖ’
3305 2341 3426 2409 ἐγὼ
3455 2343 3498 2394 δ’
3529 2343 3618 2394 ἐπὶ
3644 2343 3771 2411 μάρ-

2203 2453 2326 2504 τυρι
2359 2435 2504 2502 λέγω
2537 2433 2614 2504 τῷ
2649 2435 2812 2486 εἰδότι
2840 2435 3019 2488 πάντα
3045 2435 3186 2505 Θεῷ,
3224 2435 3300 2498 ὡς
3353 2437 3513 2489 οἰδὲν
3545 2436 3772 2489 τοιοῦτον

2201 2527 2426 2598 ὲμαυτῷ
2483 2528 2701 2581 σύνοιδα
2728 2529 3074 2598 εἰργασμένῳ
3106 2529 3182 2591 ὡς
3215 2529 3364 2593 ἄξιον
3421 2526 3560 2584 εἶναι
3581 2530 3674 2600 τῆς
3695 2546 3775 2582 το·

2203 2621 2407 2690 σαύτης
2443 2621 2636 2690 ὀργῆς.
2661 2619 2752 2672 Διὸ
2777 2620 2840 2690 δὴ
2879 2621 2976 2673 καὶ
3013 2620 3206 2690 δέομαι
3243 2620 3338 2673 τοῦ
3399 2622 3494 2676 σοῦ
3550 2623 3773 2694 κράτους

2204 2712 2542 2782 συγγνώμης
2600 2713 2702 2764 κάν
2737 2728 2798 2764 τε
2856 2713 3107 2782 ἥμαρτον
3155 2715 3365 2782 τυχεῖν,
3436 2715 3536 2768 κάν
3569 2732 3626 2768 τε
3681 2714 3769 2784 μή.

2202 2804 2346 2874 Πρὸς
2379 2803 2502 2864 τοὺς
2541 2804 2707 2865 πόδας
2739 2802 2847 2874 γὰρ
2877 2804 3099 2874 ὲφίεμαι
3129 2805 3256 2866 τοὺς
3293 2807 3428 2870 σοὺς
3492 2805 3768 2860 ἀποθανεῖν

2201 2895 2620 2966 (αἰνιττόμενος,
2670 2895 2746 2956 ὡς
2789 2897 2890 2948 ούκ
2917 2896 2983 2950 ἂν
3035 2897 3201 2949 αὐτοῦ
3268 2898 3590 2968 βουλήσοιτο
3645 2899 3767 2950 ἁπο-

2203 2987 2399 3057 στῆναι
2433 2987 2603 3056 χωρὶς
2656 2987 2903 3056 ἀνάγκης
2931 2987 2974 3056 ).
3022 2987 3176 3058 ’Λμα
3213 2987 3270 3040 δὲ
3299 2988 3516 3052 τούτοις
3552 2990 3661 3049 τοῖς
3688 2986 3767 3038 λό-

2200 3094 2320 3146 γοις
2388 3077 2481 3130 καὶ
2521 3077 2656 3146 πρὸς
2710 3076 2816 3146 γῆν
2856 3077 3210 3130 κατεκλίνετο
3245 3080 3632 3150 ἀσπασόμενος
3683 3076 3766 3128 τὸν

2203 3167 2342 3223 πόδα
2391 3167 2484 3220 τοῦ
2535 3167 2821 3237 βασιλέως.
2871 3167 2929 3221 Ὀ
2981 3166 3028 3219 δ’
3082 3169 3266 3238 ἀνεῖχε
3332 3169 3634 3238 λαϐόμενος
3679 3163 3766 3218 τοῦ

2199 3261 2373 3331 ὤμου,
2407 3261 2522 3332 ἅμα
2556 3261 2651 3313 καὶ
2686 3260 2868 3327 λόγοις
2899 3261 2958 3314 τὸ
2991 3251 3153 3330 ἔργον
3185 3261 3575 3331 ἀπαγορεύων.
3619 3260 3703 3322 Ὦς
3725 3257 3766 3311 δ’

2202 3351 2352 3424 ἐώρα
2381 3353 2726 3421 βιαζόμενον,
2765 3355 2926 3420 ἀφεὶς
2955 3354 3046 3404 τὸν
3063 3347 3236 3421 ὦμον,
3263 3353 3492 3406 ἐλάϐετο
3522 3351 3628 3404 τῶν
3658 3365 3767 3419 τρι-

2200 3445 2336 3513 χῶν.
2385 3442 2475 3506 Ὠς
2501 3443 2558 3493 δὲ
2590 3443 2684 3494 καὶ
2736 3441 2914 3504 οὕτως
2953 3441 3230 3506 ἐϐιάζετο,
3267 3442 3512 3509 ἀφειδῶν
3556 3438 3767 3500 ἑαυτοῦ,

2199 3535 2381 3596 δείσας
2411 3536 2438 3586 ὁ
2467 3534 2691 3595 πάππος
2723 3533 2798 3603 μὴ
2829 3535 2896 3604 τῇ
2941 3533 3034 3602 βία⁵
3071 3536 3170 3602 τῆς
3201 3533 3454 3604 κεφαλῆς
3488 3532 3770 3586 διαστῶσιν

2202 3628 2258 3680 αἰ
2285 3627 2493 3696 τρίχες,
2527 3625 2758 3677 ἐνέδωκε
2810 3625 2909 3694 τὴν
2950 3625 3274 3678 κατάκλισιν
3297 3640 3312 3655 ⁸
3349 3629 3378 3678 ὁ
3431 3628 3488 3680 δὲ
3520 3622 3772 3678 κατακλι-

517 3723 721 3792 quique
751 3722 980 3776 aderant
1028 3736 1304 3790 proceres,
1348 3721 1455 3775 hoc
1488 3721 1714 3774 minime
1749 3719 1974 3773 dubium
2007 3737 2096 3774 re-

2203 3720 2316 3782 θεὶς
2344 3721 2632 3787 ἠσπάσατο
2661 3719 2750 3770 τὸν
2779 3717 2915 3770 πόδα
2933 3717 3022 3771 τοῦ
3048 3718 3337 3788 βασιλέως.
3373 3716 3489 3772 Εἶτ’
3515 3717 3774 3772 ἀναστάνο

517 3814 838 3881 dintegratze
868 3812 1015 3866 inter
1047 3812 1406 3881 imperatores
1429 3812 1683 3865 amicitia:
1712 3825 2092 3880 argumentum

518 3904 642 3963 rati,
680 3903 1028 3972 ingeminatis
1069 3903 1319 3968 vocibus,
1357 3902 1468 3956 Deo
1500 3903 1650 3972 pacis
1685 3902 1927 3973 largitori
1970 3919 2096 3974 gra-

518 3994 621 4046 tias
654 4008 834 4063 agere.
881 3992 1023 4058 Quin
1067 4003 1123 4048 et
1162 3993 1352 4062 junior
1388 3993 1685 4060 imperator
1727 4007 1848 4046 cum
1899 4008 2096 4062 magno

516 4085 841 4147 domestico,
877 4095 930 4138 et
964 4093 1365 4154 protostratore
1395 4098 1668 4138 scmorem
1700 4084 1972 4154 placatum
2009 4100 2095 4140 ara

514 4170 724 4236 bitrali,
760 4172 948 4224 laetitia
999 4172 1297 4236 exsultare,
1333 4171 1586 4242 diemque
1625 4174 1776 4227 illum
1819 4175 2097 4229 candidis-

514 4263 713 4316 simum
762 4263 1034 4331 judicare.
1084 4263 1150 4316 Et
1200 4264 1418 4318 rediens
1468 4264 1713 4330 domum,
1766 4282 1959 4334 nepos,
2007 4268 2093 4320 in-

515 4370 700 4424 quam,
733 4370 1016 4408 sermones
1047 4355 1101 4408 in
1130 4355 1338 4424 judicio
1366 4356 1581 4412 habitos
1613 4358 1938 4412 necessariis
1977 4359 2092 4411 suis

513 4445 892 4508 memorabat;
922 4445 1018 4514 qui
1063 4461 1254 4500 omnes
1288 4461 1395 4500 una
1429 4447 1572 4500 diem
1608 4447 1806 4500 festum
1836 4462 2090 4500 commu-

515 4537 685 4591 nibus
729 4536 945 4606 gaudiis
988 4536 1318 4606 exigebant;
1367 4537 1658 4608 Syrgianui
1703 4538 1928 4607 insuper
1974 4550 2092 4596 acta

513 4627 944 4698 perscribentes,
980 4637 1119 4682 utet
1156 4631 1272 4697 ipse
1299 4627 1562 4697 gauderet
1588 4644 1711 4682 cum
1737 4631 1927 4684 amicis
1961 4647 2092 4700 gau-

513 4720 793 4784 dentibus,
821 4736 1001 4790 neque
1045 4736 1102 4775 se
1133 4721 1241 4774 ulla
1275 4721 1329 4773 in
1374 4729 1654 4788 posterum
1681 4735 1813 4774 cura
1845 4735 2093 4778 macera-

515 4819 628 4875 ret;
680 4822 874 4882 utpote
925 4812 1154 4882 abjectis
1196 4813 1309 4883 jam
1362 4811 1641 4879 prioribus
1705 4813 1986 4878 consiliis,
2037 4825 2092 4869 et

515 4903 698 4958 stabili
746 4904 894 4958 inter
930 4906 1292 4973 imperatores
1325 4901 1618 4957 concordia
1667 4915 1921 4960 revocata
1958 4922 2091 4960 con-

513 4993 672 5050 fectis
703 4997 962 5051 omnibus
993 5011 1060 5049 ex
1109 4994 1400 5050 sententia.
1437 4994 1552 5050 Hoc
1596 4996 1742 5050 enim
1776 5010 1896 5053 erat
1940 5003 2086 5068 quod

2198 3829 2288 3874 τος
2328 3813 2426 3880 τῆς
2478 3810 2720 3880 κεφαλῆς
2771 3809 3072 3880 λαϐόμενος
3100 3812 3127 3861 6
3167 3809 3460 3880 βασιλεὺς,
3499 3807 3772 3878 κατεφίλει

2197 3901 2295 3962 τὰς
2325 3897 2499 3968 ὄψεις.
2527 3899 2699 3950 Τοῦτο
2722 3898 2786 3966 δὴ
2816 3900 2844 3950 6
2886 3899 3234 3969 πατριάρχης
3275 3901 3378 3952 καὶ
3408 3901 3460 3952 οἱ
3495 3899 3597 3970 τῆς
3650 3913 3772 3962 συγο

2197 3991 2398 4061 κλήτου
2457 3991 2722 4061 παρόντες
2787 3991 3008 4054 ἰδόντες,
3043 3996 3138 4043 καὶ
3167 3991 3472 4062 διαλλαγῆς
3505 3989 3772 4054 ἀπόδειξιν

2197 4083 2519 4153 νομίσαντες
2552 4083 2656 4153 ήδη
2688 4081 2913 4152 βεϐαίας
2937 4082 3044 4136 τῶν
3067 4083 3357 4152 βασιλέων,
3393 4085 3598 4148 πολλὰς
3640 4081 3774 4150 ἀφῆ-

2196 4187 2299 4222 καν
2327 4170 2507 4238 φωνὰς
2534 4170 2988 4240 εὐχαριστοῦντες
3006 4172 3126 4242 Θεῷ
3152 4172 3228 4240 τῷ
3257 4175 3486 4245 χορηγῷ
3504 4178 3603 4242 τῆς
3630 4171 3774 4241 εἰρή-

2197 4281 2314 4330 νης.
2353 4264 2461 4315 Καὶ
2492 4262 2656 4325 αὐτὸς
2694 4263 2749 4315 δὲ
2785 4261 3094 4331 βασιλεὺςὸ
3138 4264 3254 4326 νέος
3287 4267 3386 4317 καὶ
3419 4265 3471 4316 οἰ
3517 4266 3646 4334 περὶ
3680 4262 3773 4314 αὐο

2195 4356 2308 4419 τὸν,
2345 4353 2666 4422 διηλλάχθαι
2701 4355 3024 4423 νομίσαντες
3053 4355 3130 4424 τῷ
3165 4356 3376 4426 ὲγγόνῳ
3406 4356 3500 4410 τὸν
3533 4353 3771 4427 βασιλέα,

2196 4445 2419 4515 ἔχαιρόν
2455 4462 2511 4497 τε
2541 4445 2721 4511 αὐτοὶ,
2759 4445 2852 4500 καὶ
2877 4446 3132 4515 εὐτυχίας
3169 4445 3348 4517 ἄκρας
3407 4447 3646 4518 ἡγοῦντο
3681 4445 3773 4514 τὴν

2196 4539 2412 4608 ἡμέραν
2453 4538 2695 4608 ἐκείνην.
2739 4539 2834 4590 Ἐκ
2861 4539 2971 4590 τῶν
3011 4538 3300 4611 βασιλείων
3353 4541 3544 4594 οἴκαδε
3601 4541 3629 4593 6
3659 4541 3774 4598 νέος

2196 4629 2452 4700 βασιλεὺς
2479 4629 2755 4696 ἀπελθὼν,
2780 4631 3016 4698 διηγεῖτό
3045 4647 3104 4682 τε
3134 4633 3244 4694 τοῖς
3270 4631 3448 4699 φίλοις
3480 4632 3610 4695 τοὺς
3639 4629 3776 4683 κατὰ

2191 4721 2292 4792 τὴν
2347 4722 2503 4790 δίκην
2552 4723 2765 4789 λόγους,
2799 4721 3158 4792 συνεόρταζόν
3195 4739 3258 4776 τε
3314 4727 3412 4776 καὶ
3451 4725 3773 4793 συνέχαιρον

2193 4811 2446 4880 ἀλλήλοις
2469 4829 2485 4844 ο
2515 4813 2788 4882 μηνύουσι
2811 4812 2875 4882 δὴ
2909 4813 3002 4864 καὶ
3029 4813 3342 4885 Συργιάννῃ
3378 4817 3452 4868 τά
3487 4813 3771 4883 γεγονότα,

2189 4902 2265 4965 ὼς
2306 4902 2373 4955 ἂν
2402 4903 2498 4955 καὶ
2553 4901 2718 4965 αὐτὸς
2756 4903 3037 4975 συγχαίρῃ
3092 4907 3205 4966 τοῖς
3265 4904 3450 4972 φίλοις
3491 4905 3772 4974 χαίρουσι,

2193 4995 2286 5046 καὶ
2321 4993 2595 5064 μηδεμίαν
2631 4993 2732 5066 ἔχῃ
2791 4996 3056 5062 φροντίδα
3113 4999 3395 5066 τήκουσαν
3428 4997 3528 5066 τὴν
3570 4995 3772 5064 ψυχὴν,

513 5085 657 5138 votis
683 5099 1062 5158 saepenumero
1087 5083 1420 5152 petiverant,
1451 5095 1508 5138 ut
1529 5099 1664 5140 avus
1685 5086 1870 5140 odium
1896 5101 2086 5144 contra

2202 5087 2266 5149 ὡς
2305 5086 2414 5138 τῶν
2449 5087 2734 5155 προτέρων
2785 5086 2888 5156 ήδη
2937 5086 3326 5156 βουλευμάτων
3381 5087 3771 5146 διαλυθέντων,

513 5185 770 5242 nepotem
829 5173 1170 5243 deponeret,
1247 5172 1462 5242 ipsique
1522 5175 1892 5241 periculorum
1943 5190 2088 5233 metu

2202 5175 2286 5226 καὶ
2339 5174 2564 5244 βεϐαίας
2619 5176 2847 5246 εἰρήνης
2878 5179 3257 5246 γεγενημένης
3313 5179 3435 5239 τοῖς
3466 5173 3772 5246 βασιλεῦσι,

511 5264 674 5319 soluti
719 5281 782 5320 ac
830 5262 1008 5322 liberi,
1049 5263 1214 5316 vitam
1249 5263 1514 5333 placidam
1547 5275 1602 5320 et
1635 5267 1876 5335 quietam
1923 5267 2090 5336 dege-

2202 5267 2289 5320 ιιαὶ
2324 5268 2444 5320 κατ’
2472 5268 2638 5339 εὐχὴν
2665 5270 2852 5330 αὐτοῖς
2901 5268 3010 5321 τῶν
3039 5269 3391 5339 πραγμάτων
3450 5265 3773 5338 κεχωρηκό-

1783 5381 2001 5443 Jacobi
2033 5383 2304 5445 Pontani
2335 5391 2523 5446 nolle.

583 5484 695 5564 ([8)
737 5482 920 5564 Monet
972 5497 1382 5564 me‘numerus
1431 5483 1842 5564 multitudinis,
1905 5495 1966 5539 ut
1995 5485 2078 5564 nde
2181 5488 2504 5564 osculandis
2533 5489 2777 5564 animum
2810 5489 3771 5564 ipsumieontingeresibividemn-

512 5553 999 5632 oculisnaeeipiam
1034 5553 1298 5632 :tametsi
1341 5555 1502 5621 paulo
1537 5555 1678 5608 infra
1723 5555 1860 5632 dicit
1905 5555 2076 5632 πρόσ-
2184 5569 2295 5612 tur.
2340 5558 2435 5632 De”
2463 5560 2786 5614 osculorum
2821 5553 3123 5630 generibus
3159 5553 3282 5618 vide
3335 5561 3595 5632 Lipsium
3637 5559 3776 5632 AEle-ﬁ-

508 5637 682 5702 ωπον,
709 5621 902 5702 {aciein
936 5622 1242 5676 osculatam
1270 5639 1412 5702 esse,
1444 5640 1568 5702 nam
1595 5635 1650 5678 et
1677 5625 1822 5679 oculi
1854 5635 1982 5702 sunt
2019 5627 2075 5678 in
2179 5643 2346 5702 e105,
2383 5629 2478 5702 lib.
2514 5644 2550 5692 ι,
2599 5644 2725 5700 cap.
2756 5621 2904 5694 6,Vet
2938 5633 3216 5702 symbolas
3253 5621 3485 5689 nostras
3531 5632 3590 5685 in
3635 5630 3771 5686 illud

510 5689 674 5761 facie.
739 5689 925 5750 Labia,
986 5709 1177 5761 genas,
1235 5694 1446 5756 oculos,
1514 5695 1770 5752 frontem.
1848 5696 2072 5758 collum,
2180 5689 2489 5753 tASrieid.:

510 5759 750 5812 osculari
779 5776 893 5816 mos
919 5759 1042 5817 fuit.
1069 5763 1221 5815 vario
1266 5764 1392 5817 line.
1417 5779 1511 5815 seu
1547 5765 1761 5816 diversa
1794 5763 1861 5814 de
1884 5780 2074 5817 causa.
2424 5792 2565 5817 μω,
2599 5793 2868 5817 _---_.-__.-
2933 5805 3079 5817 _.____
3113 5814 3153 5817 __
3176 5815 3203 5817 Α.
3234 5799 3247 5817 .
3317 5795 3460 5817 μμ,

517 5763 750 5812 osculari
779 5776 826 5812 ιιι
869 5778 893 5815 s
944 5763 993 5815 ui
1069 5763 1221 5815 vario
1266 5764 1371 5815 line
1417 5779 1511 5815 seu
1547 5765 1635 5815 div
1678 5780 1761 5815 r.a
1794 5763 1861 5814 de
1917 5780 2074 5817 ans..
2282 5791 2292 5804 ν
2531 5794 2542 5804 -
3448 5798 3460 5811 -

517 5828 623 5883 Sed
673 5777 882 5899 oculog,
919 5763 1081 5903 ι*ιιιιλίιί
1131 5848 1258 5888 cum
1312 5801 1423 5888 sitit
1457 5780 1670 5888 indice;3
1705 5780 1912 5899 :lllmlf
1944 5781 2077 5903 ipsis
2254 5791 2386 5844 cum
2419 5792 2565 5846 dab“
2592 5793 2890 5866 amplexus’
2925 5805 3080 5866 atque
3101 5799 3282 5855 oscula
3309 5795 3497 5853 dum“
3522 5798 3672 5870 ﬁge"
