3962 6444
205 405 294 471 ιιι

1367 398 1915 466 IllSTORlARUM
1959 404 2192 468 LIBER
2241 409 2282 470 l.

3354 410 3452 476 142

199 545 319 580 των.
351 522 528 578 Τοῦτο
555 523 670 596 γὰρ
726 522 970 595 ηὔχοντο,
1022 519 1116 575 τὸν
1150 539 1246 592 μεν
1285 520 1512 590 βασιλέα
1540 523 1640 591 τῆς
1682 523 1762 583 εἰς

1884 529 2008 574 'ent.
2059 519 2192 586 Quin
2240 521 2404 586 ig'tur
2453 529 2602 590 gesta
2661 520 2898 587 fuerant,
2945 522 3094 578 hunc
3139 522 3194 578 in
3231 525 3455 582 modum

197 616 284 670 τὸν
313 615 539 683 ἔγγονον
567 611 873 683 ἀπεχθείας
907 611 1258 681 μεταϐαλεῖν,
1291 612 1476 674 αὐτοῖς
1501 611 1560 664 δὲ
1585 609 1769 664 κινδύ-

199 725 299 760 νων
350 704 460 772 ἔξω
507 703 912 768 καταστάντας,
962 703 1196 773 ἡσυχίαν
1253 703 1436 771 ἄγειν.
1475 702 1769 772 Οὖτωμὲν

204 792 288 850 οὖν
315 795 509 858 αὐτοῖς
538 793 689 865 ἔχειν
713 794 884 847 ἐδόκει
919 791 986 846 τά
1027 792 1376 862 γεγενημένα
1406 807 1420 821 ⁸
1458 791 1528 845 τά
1557 792 1601 846 δ’
1627 787 1772 863 ἦσαν

206 890 386 954 ἕτερον
406 888 636 958 τρόπον,
672 888 748 950 ὡς
772 885 916 951 ἔδοξε
971 887 1086 948 τοῖς
1119 884 1335 948 πολλοῖς
1377 886 1442 938 ἐκ
1466 885 1577 938 τῶν
1630 882 1773 955 μετὰ

203 981 372 1036 ταῦτα
402 997 417 1014 ο
460 979 655 1052 ἐκρίθη
708 979 820 1050 γὰρ
882 978 1092 1049 διανοίᾳ
1145 978 1476 1048 γεγενῆσθαι
1527 976 1769 1049 τοιαύτῃ.

204 1076 359 1137 Ἐθος
405 1073 760 1144 ἐπεκράτησε
791 1071 942 1142 παρὰ
988 1073 1100 1134 τοῖς
1126 1069 1408 1140 βασιλεῦσι
1446 1069 1758 1138 Ῥωμαίων,

199 1167 420 1221 ἐπειδάν
463 1183 551 1228 τις
606 1165 716 1219 τῶν
765 1163 887 1218 καθ’
921 1157 1062 1233 αἷμα
1119 1162 1531 1234 προσηκόντων,
1589 1163 1622 1236 η
1679 1163 1776 1215 καὶ

201 1259 368 1320 ἄλλως
383 1257 495 1310 τῶν
517 1257 574 1310 ἐν
597 1255 762 1321 τέλει,
782 1255 1167 1324 προσκυνήσας
1186 1254 1505 1323 ἀσπάσηται
1519 1255 1612 1308 τὸν
1633 1253 1777 1308 πόδα

205 1350 290 1402 τοῦ
331 1348 623 1418 βασιλέως,
669 1343 1110 1410 ἀντασπάζεσθαι
1149 1347 1245 1399 καὶ⁸
1286 1346 1450 1400 αὐτὸν
1491 1345 1656 1399 αὑτὸν
1695 1349 1777 1411 εἰς

209 1442 296 1511 τὴν
316 1441 468 1511 δψιν.
493 1441 605 1494 Καὶ
620 1438 742 1492 τότε
759 1437 822 1506 δὴ
841 1437 936 1490 τοῦ
957 1436 1078 1489 νέου
1105 1435 1367 1507 βασιλέως
1383 1437 1776 1507 ἀσπασαμένου

217 1537 342 1604 πρὸς
370 1534 466 1586 τὸν
494 1533 631 1586 πόδα
658 1533 748 1584 τὸν
779 1533 1022 1595 πάππον,
1059 1529 1147 1583 ἵνα
1178 1529 1253 1601 μὴ
1297 1532 1378 1592 είς
1406 1530 1576 1600 ἄκρον
1601 1530 1776 1601 άπεχ-

210 1629 353 1689 θείας
387 1624 716 1696 ἐληλακέναι
778 1624 932 1693 δοκῇ,
961 1623 1083 1677 οὐδὲ
1139 1623 1251 1676 τῶν
1283 1623 1526 1686 ἰδιώταις
1574 1638 1780 1692 προση-

208 1719 412 1773 κόπων
442 1717 611 1783 ἀξιῶν
633 1716 726 1769 τὸν
755 1715 984 1784 εγγονον
1034 1714 1132 1767 καὶ
1165 1714 1389 1785 βασιλέα
1421 1713 1781 1782 ὰντεφίλησεν

218 1811 297 1870 εἰς
317 1809 382 1860 τδ
430 1807 720 1878 πρόσωπον
749 1805 842 1858 καὶ
861 1805 1045 1868 αὐτός.
1093 1804 1256 1858 Ἀλλά
1288 1805 1356 1857 τὰ
1386 1803 1488 1871 μὲν
1510 1805 1608 1874 τῆς
1638 1802 1779 1874 πρὸς

1872 611 2082 667 habere
2122 628 2181 667 se
2209 612 2322 667 illis
2354 613 2680 668 videbantur
2713 632 2726 668 :
2763 614 2924 668 aliter
2959 624 3138 671 tamen
3172 616 3454 684 habuisse,

1872 703 2030 758 multi
2063 719 2131 758 ex
2166 702 2237 758 iis
2273 719 2396 773 qua
2434 715 2621 774 postea
2657 715 2949 760 consecuta
2996 716 3146 772 sunt,
3186 709 3458 778 judicium

1873 788 2145 844 fecerunt.
2174 790 2286 846 Hac
2309 792 2456 846 cnim
2489 799 2674 847 mente
2695 803 2849 864 gesta
2876 795 3068 862 fuisse,
3095 813 3259 866 quam
3285 799 3462 867 expli-

1875 879 2142 934 cabimus.
2191 880 2340 935 More
2388 882 2650 938 Romanis
2696 885 3125 954 imperatoribus
3172 898 3456 958 receptura

1874 977 2012 1036 erat,
2041 985 2168 1026 cum
2213 972 2488 1041 quispiam
2529 975 3090 1045 consanguineorum,
3123 989 3218 1034 aut
3249 981 3458 1051 alioqui

1875 1062 2052 1131 gratia
2077 1062 2222 1131 apud
2248 1079 2345 1118 eos
2368 1063 2704 1133 ﬂorentium,
2724 1069 3026 1124 secundum
3051 1071 3456 1140 a-dorationem,

1874 1153 2072 1222 pedem
2101 1155 2454 1225 imperatoris
2481 1159 2672 1213 osculo
2701 1162 3042 1231 contigisset,
3074 1176 3134 1219 ut
3157 1165 3464 1235 imperator.

1875 1245 2122 1301 vicissim
2145 1248 2266 1319 ejus
2292 1246 2488 1302 faciem
2512 1249 2947 1308 deoscularetur.
2971 1253 3108 1310 Cum
3135 1256 3320 1327 itaque
3343 1268 3460 1314 tum

1878 1353 2054 1407 nepos
2082 1339 2169 1392 avi
2198 1339 2394 1409 pedem
2425 1342 2704 1397 osculatus
2731 1343 2944 1413 fuisset,
2975 1347 3089 1413 ille,
3122 1364 3190 1403 ne
3215 1349 3464 1420 inexpia-

1878 1429 1979 1483 bili
2003 1430 2132 1485 odio
2161 1429 2391 1501 ﬂagrare
2433 1433 2767 1501 crederetur,
2797 1437 2844 1491 si
2875 1452 2978 1492 nec
3003 1439 3071 1492 iis
3097 1451 3377 1510 nepotem,
3405 1453 3463 1498 et

1880 1522 2274 1592 imperatorem
2303 1525 2645 1595 dignaretur,
2662 1543 2784 1598 quae
2808 1529 3036 1598 privatis
3062 1534 3458 1598 tribuerentur.

1878 1610 2075 1666 faciem
2107 1613 2226 1684 ejus
2255 1624 2449 1669 contra
2486 1626 2540 1670 et
2577 1617 2698 1688 ipse
2721 1620 2915 1674 osculo
2938 1621 3152 1678 libavit.
3184 1626 3264 1679 Ac
3289 1625 3462 1696 impe—
3577 1653 3580 1656 η

1880 1711 2123 1757 ratorum
2152 1704 2372 1775 quidem
2398 1707 2490 1774 lis,
2523 1717 2579 1764 et
2605 1713 2983 1768 controversia
3006 1715 3060 1770 in
3079 1716 3290 1784 judicio
3313 1718 3462 1774 hunc

1883 1791 2045 1848 ﬂnem
2076 1794 2220 1850 tulit.
2248 1795 2434 1852 Tertio
2461 1808 2587 1869 post
2610 1801 2699 1858 die
2725 1805 2912 1860 senior
2935 1821 3133 1877 magno
3156 1807 3462 1866 domestico

209 1899 468 1968 ἀλλήλους
520 1897 806 1962 διαλέξεως
829 1895 937 1949 τῶν
987 1895 1254 1964 βασιλέων
1317 1897 1410 1949 ἐπὶ
1460 1897 1562 1969 τῆς
1616 1897 1776 1967 δίκης

1884 1900 1980 1954 per
2001 1895 2212 1940 certum
2240 1888 2518 1946 hominem
2541 1897 2786 1960 mandat,
2814 1897 2892 1950 uti
2917 1897 2972 1952 in
2993 1897 3460 1969 Peloponnesum,

211 1992 443 2045 ἐνταῦθα
474 1990 819 2061 ἐτελεύτησε.
842 1990 974 2042 Δυσὶ
998 1990 1054 2043 δὲ
1083 1989 1315 2060 ὕστερον
1349 1991 1586 2061 ἡμέραις
1637 1991 1777 2062 μετὰ

213 2085 389 2151 τοῦτο,
423 2085 454 2136 ό
484 2081 856 2156 πρεσϐύτερος
917 2082 1027 2136 τῶν
1085 2081 1352 2153 βασιλέων
1404 2083 1484 2154 τῷ
1541 2084 1768 2155 μεγάλῳ

211 2175 297 2229 διά
373 2191 525 2236 τινος
581 2173 732 2245 δηλοῖ
797 2166 1104 2245 δομεστίκῳ
1173 2175 1312 2245 πρὸς
1365 2175 1777 2244 Πελοπόννησον

211 2267 461 2322 ἀπελθεῖν
528 2265 741 2336 ἐκείνης
814 2266 1303 2336 ἐπιτροπεύσοντα.
1383 2267 1457 2321 Τὸ
1505 2267 1554 2321 δ’
1613 2268 1777 2333 εὐθὺς

211 2361 386 2413 ἐδόκει
442 2359 538 2430 μὲν
575 2356 715 2412 εῐναι
779 2358 890 2412 τῶν
932 2359 1244 2431 ἀριστερῶν
1295 2359 1528 2416 οἰωνῶν.
1581 2361 1776 2425 Ὅπως

213 2453 256 2505 δ’
305 2451 566 2522 ἀνακωχὴ
623 2452 848 2521 γένηται
897 2457 992 2504 καὶ
1041 2451 1258 2522 βασιλεῖ
1311 2451 1391 2524 τῷ
1443 2452 1551 2524 νέῳ
1579 2453 1650 2508 τά
1675 2454 1776 2525 τῆς

214 2545 476 2614 ἀγγελίας
523 2543 661 2612 δῆλα
706 2534 983 2613 γενέσθαι,
1045 2545 1394 2616 άντεμήνυσε
1456 2547 1552 2600 καὶ
1611 2547 1778 2610 αὐτὸς

212 2636 440 2690 τοιαῦτα
464 2651 479 2667 ·
530 2635 642 2706 Τῆς
680 2637 759 2698 εἰς
792 2635 894 2705 ἐμὲ
942 2635 1232 2706 εὐμενείας
1261 2638 1360 2690 καὶ
1401 2638 1776 2709 προμηθείας,

212 2722 256 2782 ὦ
290 2727 536 2798 βασιλεῦ,
594 2727 796 2791 πολλάς
844 2728 941 2797 μὲν
979 2729 1074 2782 καὶ
1107 2729 1276 2793 ἄλλας
1301 2729 1411 2800 ἔχω
1439 2731 1781 2794 τὰςςᾶποδεί-

219 2822 359 2887 ξειςο
400 2821 640 2890 μάλιστα
692 2819 752 2874 δὲ
773 2820 834 2874 τὸ
884 2820 945 2887 ἐξ
993 2821 1234 2893 ἡλικίας,
1281 2822 1359 2888 ὡς
1395 2825 1590 2890 εἰπεῖν,
1622 2823 1780 2898 πρώ-

224 2931 317 2982 της
358 2913 441 2978 εἰς
486 2913 664 2984 ἀρχὰς
709 2913 1028 2983 ἐκλέγεσθαι
1086 2915 1181 2968 καὶ
1236 2915 1515 2988 ὃιοκήσεις
1563 2916 1782 2988 ἐπιτρέ-

231 3021 339 3057 πειν
357 3005 570 3059 πόλεών
603 3022 664 3059 τε
690 3006 787 3060 καὶ
818 3007 1111 3078 στρατιῶν,
1139 3007 1357 3062 οίκοθεν
1417 3009 1777 3080 ὡρμημένον.

226 3097 327 3152 Καὶ
372 3100 438 3152 τὸ
467 3097 561 3153 νῦν
590 3097 650 3150 δὲ
700 3096 858 3153 τοῦτο
898 3100 1097 3164 πολλάς
1123 3100 1202 3171 τῷ
1254 3099 1332 3172 σῷ
1371 3101 1565 3173 κράτει
1601 3101 1780 3154 πείθει

217 3190 442 3258 χάριτας
473 3188 774 3257 ὁμολογεῖν,
825 3187 1068 3258 βασιλεῦ.
1113 3190 1318 3260 Δέομαι
1354 3191 1417 3261 δὴ
1446 3192 1544 3245 καὶ
1575 3189 1782 3259 ταύτην

1877 1977 1931 2034 ei
1956 1978 2288 2046 praefuturus
2311 1983 2563 2039 discedat
2591 2003 2604 2040 :
2631 1987 2686 2041 id
2712 1975 2859 2058 quod
2887 1991 3075 2045 statim
3104 2008 3206 2062 pro
3235 1993 3462 2049 sinistro

1877 2071 2110 2141 augurio
2141 2071 2266 2126 fuit.
2304 2073 2410 2129 Sed
2453 2091 2563 2144 quo
2610 2093 2698 2134 res
2745 2081 3018 2150 tantisper
3058 2085 3458 2152 extraheretur,

1877 2163 2007 2216 dum
2044 2177 2214 2232 super
2254 2163 2361 2219 hoc
2401 2167 2660 2222 mandato
2703 2184 2876 2239 nepos
2902 2173 3107 2229 certior
3138 2174 3312 2244 ﬂeret,
3345 2177 3462 2235 haec

1878 2254 1956 2308 illi
1981 2271 2079 2325 per
2104 2256 2511 2314 internuntium
2540 2264 2827 2332 respondit
2855 2283 2868 2319 :
2893 2264 3017 2335 ejus
3038 2282 3167 2339 erga
3191 2284 3251 2324 se
3289 2271 3460 2328 bene-

1877 2347 2132 2403 volentia:
2178 2364 2436 2420 cumque
2479 2367 2604 2407 cum
2652 2355 2759 2409 alia
2803 2371 2914 2410 non
2963 2357 3104 2414 levia
3138 2372 3461 2431 argumenta

1880 2438 2351 2512 proferre'posse,
2384 2452 2500 2498 tum
2532 2445 2670 2500 illud
2699 2447 2755 2502 in
2795 2447 3011 2517 primis,
3037 2452 3184 2520 quod
3212 2453 3379 2521 ultro,
3408 2461 3463 2509 et

1879 2546 1980 2586 sua
2010 2545 2211 2603 sponte
2249 2534 2357 2590 sibi
2393 2550 2535 2605 pene
2577 2537 2760 2593 adhuc
2787 2555 2958 2609 puero
2985 2543 3345 2613 magistratus
3370 2547 3465 2601 de-

1842 2676 1854 2691 ,
1879 2625 2074 2693 disset,
2101 2627 2380 2695 civitates,
2400 2639 2457 2686 et
2481 2633 2762 2690 exercitus
2784 2637 3052 2707 regendos
3073 2641 3462 2698 commisisset.

1879 2717 1982 2789 51
2015 2714 2084 2774 Et
2105 2720 2212 2776 hoc
2233 2721 2591 2794 ipsumquod
2617 2729 2782 2784 modo
2816 2729 3132 2800 imperaret,
3169 2733 3237 2787 ad
3277 2733 3466 2806 εἱιιςιιο

1879 2811 2024 2868 lares
2047 2813 2224 2884 ipsius
2251 2816 2524 2888 majestati
2551 2823 2756 2890 gratias
2782 2825 3022 2895 agendas
3046 2827 3330 2884 stimulum
3357 2830 3465 2886 sibi

1878 2905 2104 2961 addere.
2135 2905 2353 2977 Rogare
2379 2920 2584 2976 autem,
2616 2913 2762 2969 hanc
2790 2931 2954 2971 unam
2993 2919 3226 2989 gratiam
3257 2921 3467 2992 adjice-

1881 3003 1985 3058 ret,
2021 3009 2345 3065 praesentem
2391 3001 2536 3056 diem
2563 3003 2635 3058 ad
2666 3004 3087 3063 deliberandum
3130 3011 3237 3066 sibi
3268 3027 3467 3070 concev
3526 3067 3529 3070 .

1881 3085 2078 3142 deret:
2106 3073 2350 3146 crastina
2395 3093 2537 3160 luce,
2575 3110 2697 3164 quae
2724 3100 3126 3168 occurrissent,
3167 3119 3467 3173 responsu-

1881 3191 2026 3232 rum.
2074 3177 2201 3234 Haec
2239 3182 2308 3236 ad
2349 3197 2534 3238 avum.
2566 3185 2649 3240 Ad
2692 3198 2962 3257 nepotem“
2979 3207 3110 3246 vero
3151 3193 3272 3250 sine
3310 3211 3465 3254 mora

212 3281 476 3335 ἐπιθεῖναι
499 3281 602 3352 τὴν
638 3281 818 3352 χάριν,
864 3283 964 3352 τὴν
1003 3283 1286 3354 παροῦσαν
1313 3284 1605 3354 ἐπιτρέψαι
1641 3284 1778 3354 πρὸς

1884 3270 2100 3336 abiens,
2127 3285 2397 3342 praesente
2426 3276 2594 3332 etiam
2628 3289 3052 3351 protostratore,
3073 3287 3205 3356 quid
3229 3289 3285 3343 in
3310 3305 3466 3346 man-

209 3372 492 3443 διάσκεψιν
510 3373 724 3444 ἡμέραν
748 3375 824 3440 ὡς
854 3374 912 3437 ες
940 3375 1040 3446 τὴν
1081 3376 1374 3446 ὑστεραίαν
1414 3376 1781 3444 ἐπιτέταγμαι

209 3467 307 3537 τὴν
338 3466 636 3534 ἀπολογίαν
649 3467 1002 3522 ἀποδώσοντι.
1034 3468 1177 3538 Πρὸς
1209 3468 1306 3538 μὲν
1335 3467 1401 3536 δὴ
1431 3469 1522 3522 τὸν
1547 3467 1784 3539 πρεσϐύ-

207 3575 365 3629 τερον
387 3559 496 3612 τῶν
519 3559 780 3629 βασιλέων
799 3559 1130 3630 ἁπεκρίνατο
1149 3558 1394 3614 τοιαῦτα.
1410 3552 1487 3631 τῌ
1513 3559 1572 3613 δὲ
1599 3559 1785 3631 τάχος,

209 3649 464 3702 ἀπελθὼν
492 3649 626 3717 πρὸς
652 3652 744 3703 τὸν
793 3649 932 3714 νέον,
965 3649 1028 3703 τὸ
1081 3647 1178 3702 τοῦ
1209 3648 1476 3719 βασιλέως
1503 3649 1788 3718 ἐπίταγμα

209 3741 554 3810 ἀναγγέλλει,
611 3743 702 3794 καὶ
742 3741 1047 3812 Συναδηνοῦ
1108 3741 1380 3810 παρόντος
1422 3742 1516 3794 τοῦ
1574 3756 1789 3811 πρωτο-

211 3837 535 3905 στρὰτορος.
558 3834 680 3898 Τοῖς
707 3834 751 3889 δ’
775 3835 952 3889 ἐδόκει
985 3835 1283 3906 βουλευτέα
1333 3833 1496 3888 πάλιν
1526 3834 1586 3900 ἐξ
1611 3834 1787 3904 ἀρχῆς

212 3923 355 3980 εἶναι
385 3927 518 3998 περὶ
547 3927 653 3981 τῶν
683 3928 817 3981 ὅλων
851 3928 1221 3998 πραγμάτων
1247 3926 1370 3981 οὐδὲ
1398 3926 1507 3996 γὰρ
1528 3927 1662 3997 πρὸς
1690 3925 1789 3980 ἕνα

212 4022 401 4092 φέρειν
429 4020 524 4072 τὸν
551 4021 811 4085 κίνδυνον,
844 4020 978 4091 πρὸς
1023 4021 1232 4084 πάντας
1255 4020 1335 4075 δέ.
1353 4015 1533 4090 Ἦρχε
1560 4018 1619 4072 δὲ
1641 4019 1670 4071 ὁ
1693 4019 1790 4090 βα·-

212 4113 395 4175 σιλεὺς
416 4112 519 4180 τῆς
544 4113 734 4184 βουλῆς
753 4111 895 4166 οὕτω
923 4113 1228 4184 διαλεχθείς
1249 4130 1266 4165 τ
1299 4113 1472 4169 Αὐτοὶ
1511 4113 1789 4186 μάρτυρες

208 4207 373 4274 ἡμεῖς
413 4203 830 4276 καθεστηκαμεν
861 4206 1093 4270 ἑαυτοῖς,
1139 4205 1356 4276 ἔχοντες
1405 4207 1501 4259 καὶ
1545 4205 1679 4258 Θεὸν
1701 4207 1787 4274 ἐφ’

212 4288 294 4355 οἷς
325 4291 729 4362 βεϐουλεύμεθα
765 4293 1055 4358 συνειδότα,
1087 4294 1162 4357 ὡς
1188 4291 1304 4347 οὔθ’
1335 4295 1660 4364 ἡττηθέντες
1698 4295 1792 4348 λύ-

215 4401 320 4456 πῃ,
341 4383 455 4438 οὔτ’
489 4385 726 4449 είξαντες
757 4385 971 4455 ἀκαίρῳ
987 4384 1178 4456 θράσει
1197 4387 1294 4440 καὶ
1325 4387 1644 4458 παραϐόλῳ,
1675 4386 1789 4441 οὔτ’

216 4477 540 4548 ῖπράξαμεν
560 4475 672 4530 οὔτ’
714 4477 1153 4548 ἐϐουλευσάμεθα
1200 4495 1256 4532 τι
1281 4479 1390 4533 τῶν
1426 4480 1502 4551 μὴ
1537 4481 1786 4538 δεόντων.

1886 3362 2030 3418 datis
2057 3367 2350 3435 acceperit,
2383 3379 2588 3425 narrat.
2619 3371 2760 3426 Tum
2785 3389 2896 3428 rem
2921 3391 2951 3429 a
2977 3377 3158 3447 capite
3183 3395 3470 3439 arcessen-

1888 3453 2036 3522 dam,
2081 3464 2138 3512 et
2181 3457 2250 3512 de
2291 3457 2502 3530 integro
2547 3463 2971 3520 consultandum
3017 3468 3192 3525 videri
3241 3488 3469 3538 :neque

1888 3549 2034 3604 enim
2061 3550 2130 3605 ad
2170 3567 2364 3615 unum,
2389 3552 2486 3608 sed
2516 3553 2585 3608 ad
2621 3570 2814 3613 omnes
2842 3561 3212 3616 communiter
3251 3565 3470 3633 pericu-

1887 3641 2001 3697 lum
2050 3643 2345 3710 pertinere.
2390 3645 2613 3702 Initium
2643 3649 2774 3704 fecit
2809 3652 2997 3720 junior
3029 3653 3346 3724 imperator,
3384 3657 3470 3712 lo-

1887 3749 2064 3804 quens
2087 3735 2252 3790 verba
2276 3736 2660 3806 hujuscemodi
2683 3758 2698 3794 :
2724 3741 2916 3800 Testes
2940 3745 3044 3813 ipsi
3070 3747 3232 3806 nobis
3252 3765 3466 3814 sumus,

1887 3835 1946 3881 et
1969 3827 2139 3880 Deum
2161 3827 2430 3883 habemus
2449 3831 2758 3898 conscium,
2782 3848 2974 3890 eorum
2999 3853 3121 3907 qua:
3144 3841 3199 3894 in
3223 3844 3470 3900 consiliis

1889 3920 2217 3989 agitavimus
2243 3938 2258 3976 :
2290 3923 2550 3994 quodque
2577 3941 2680 3981 nec
2709 3929 3072 3986 mmstitudini
3105 3935 3474 3989 succumben-

1890 4022 1994 4078 tes,
2041 4029 2147 4069 nec
2189 4015 2612 4087 intempestivae,
2659 4029 2716 4075 et
2761 4021 3183 4098 inconsideratae
3226 4029 3472 4086 audacia:

1892 4106 2174 4173 cedentes,
2217 4110 2516 4181 quidquam
2544 4112 2809 4183 injustum
2846 4116 2930 4170 vel
2958 4119 3191 4187 egimus,
3217 4123 3304 4177 vel
3335 4138 3471 4178 con—

1893 4199 2168 4255 suluimns
2200 4217 2216 4255 :
2251 4203 2347 4256 sed
2383 4203 2507 4259 ideo
2532 4214 2735 4261 tantam
2761 4207 3068 4264 animorum
3098 4212 3468 4282 altitudinem,
3513 4203 3519 4208 ’

1891 4305 1955 4346 ac
1983 4292 2330 4368 tolerantiam
2359 4309 2472 4362 prae
2497 4296 2658 4351 nobis
2687 4297 2932 4366 tulimus,
2962 4316 3032 4356 ne
3058 4302 3376 4372 imperatori
3415 4308 3470 4360 in
3559 4289 3564 4292 ’

1893 4397 1996 4437 nos
2041 4396 2204 4438 secus
2248 4386 2526 4440 statuendi
2578 4387 2864 4443 minimam
2912 4400 3136 4447 causam
3187 4395 3470 4454 daremus.

1895 4473 2051 4540 Quod
2095 4477 2202 4530 nisi
2235 4477 2380 4534 Deus
2406 4480 2644 4551 desuper
2676 4496 2894 4538 manum
2923 4500 3078 4540 suam
3111 4490 3471 4560 eatendisset,

223 4567 389 4620 ’Δλλὰ
449 4567 720 4639 τοσαύτην
773 4567 1156 4638 ἐνεδειξάμεθα
1219 4570 1630 4644 μεγαλοψυχίαν
1691 4574 1783 4627 καὶ

1896 4565 2040 4620 haud
2087 4567 2250 4638 longe
2301 4571 2599 4627 admodum
2643 4588 2674 4627 a
2724 4584 2878 4643 porta
2929 4581 3124 4636 mortis
3171 4581 3467 4642 abfuimus.

212 4661 515 4732 καρτερίαν
545 4660 678 4730 πρὸς
703 4661 769 4714 τὸ
797 4661 1154 4733 μηδηντινοῢν
1201 4663 1384 4718 αἰτίαν
1413 4663 1498 4733 ἐφ’
1530 4661 1612 4726 οἷς
1639 4667 1666 4718 ὁ
1687 4664 1788 4735 βα-

217 4755 399 4817 σιλεὺς
429 4752 754 4823 βεϐούληται
789 4753 910 4807 καθ’
936 4755 1093 4824 ήμῶν
1113 4754 1270 4809 αὐτοὶ
1305 4759 1636 4826 παρασχεῖν,
1659 4755 1790 4810 ὥστ’

217 4850 262 4900 εἰ
293 4847 372 4918 μὴ
397 4844 532 4906 Θεὸς
556 4844 761 4900 ἄνωθεν
779 4845 1047 4916 ὑπερέσχε
1071 4849 1251 4918 χεῖρα,
1282 4847 1405 4900 οὐδὲ
1434 4852 1576 4903 πάνυ
1603 4851 1792 4920 πορῤω

215 4941 321 4992 τῶν
352 4938 587 4992 θανάτου
622 4939 1041 5009 κατηντήκαμεν
1086 4939 1295 4994 πυλῶν.
1351 4941 1518 5013 ’Ἄχρι
1557 4942 1658 5013 μὲν
1697 4941 1792 4996 οὖν

215 5031 375 5104 δεῦρο
391 5032 462 5084 τὸ
479 5033 590 5094 τοῖς
611 5030 800 5094 δεινοῖς
825 5033 1182 5103 ἐγκαρτερεῖν
1203 5067 1218 5098 ,
1244 5032 1407 5096 αὐτός
1445 5050 1504 5088 τε
1534 5033 1793 5105 ἐπῄνουν,

221 5127 310 5178 καὶ
337 5122 732 5178 συνεϐούλευον
776 5124 904 5194 ύμῖν
932 5123 1036 5192 (ἔτι
1063 5124 1174 5195 γὰρ
1202 5123 1372 5179 ὄντων
1395 5126 1452 5179 ἐν
1485 5126 1668 5198 ἀδήλῳ
1685 5128 1796 5182 τῶν

219 5216 334 5271 καθ’
359 5217 529 5288 ἡμᾶς,
562 5215 699 5285 πρὸς
727 5215 827 5285 ἐμὲ
855 5215 1012 5286 μόνον
1047 5215 1190 5287 ᾤετο
1215 5219 1318 5286 τὴν
1347 5217 1618 5288 διαφορὰν
1648 5219 1794 5290 ἔχειν

220 5313 246 5363 ὁ
267 5309 545 5380 βασιλεὺς,
591 5308 687 5362 καὶ
734 5308 1120 5379 μαλακώτερον
1163 5309 1367 5380 ἥπτετο
1393 5310 1505 5364 τῶν
1537 5311 1797 5383 πραγμά-

218 5418 336 5468 των,
387 5399 638 5472 εὐχερῶς
689 5398 925 5468 νομίζων
981 5400 1115 5453 ὅταν
1147 5400 1384 5474 ἐθελήσῃ
1422 5402 1561 5474 πρὸς
1619 5403 1795 5474 πέρας

213 5493 428 5564 ἀγαγεῖν
458 5492 498 5547 ἃ
520 5490 808 5562 προῄρητο
844 5488 1023 5562 δρᾷν),
1057 5492 1176 5546 νυνὶ
1195 5491 1252 5545 δὲ
1287 5493 1526 5565 φανεροῦ
1565 5511 1796 5566 γεγενη-

211 5586 362 5657 μένου
389 5585 498 5642 τοῦ
533 5595 698 5646 τινας
741 5577 1029 5647 εἶναιτοὺς
1064 5584 1494 5655 συναιρομένους
1524 5586 1672 5654 ἐμοὶ,
1707 5586 1798 5640 ού-

202 5681 310 5734 κέτι
336 5679 457 5734 τῶν
484 5673 704 5746 ὁμοίων
746 5671 930 5739 ἕξεται
962 5672 1264 5744 λογισμῶν.
1333 5674 1496 5728 Ἀλλὰ
1532 5676 1799 5746 πρότερον

197 5773 332 5844 ύμᾶς
377 5774 448 5827 ἐν
500 5764 706 5838 άρχῶν
762 5765 1115 5835 προσχήματι
1168 5765 1467 5837 διαστήσας
1511 5765 1669 5837 ἐμοῦ,
1703 5769 1799 5821 καὶ

189 5867 279 5939 τῆς
311 5865 459 5937 παρτ
493 5857 765 5928 ἀλλήλων
799 5856 950 5926 ἡμᾶς
1003 5857 1339 5926 ιιπικουρίας
1386 5858 1794 5942 ἀποστερήσας.

1895 4657 2197 4730 [lucusque
2236 4661 2402 4731 igitur
2437 4665 2490 4718 in
2523 4665 2689 4722 rebus
2719 4668 2934 4724 afﬂictis
2967 4673 3265 4739 perdurare
3296 4691 3398 4748 ego
3418 4690 3475 4735 et

1893 4748 2136 4830 laudavi,
2160 4763 2213 4806 et
2233 4753 2411 4822 vobis,
2436 4764 2497 4810 ut
2519 4756 2574 4810 id
2602 4757 2885 4828 faceretis,
2910 4773 3105 4818 auctor
3130 4765 3231 4820 fui.
3263 4766 3476 4841 Quippe

1893 4845 2139 4899 nondum
2191 4857 2408 4916 patente
2459 4853 2902 4920 consociatione,
2953 4865 3010 4911 et
3059 4862 3476 4930 conspiratione

1893 4943 2102 5002 nostra,
2131 4950 2352 4993 mecum
2378 4941 2496 4995 solo
2522 4943 2755 5012 putabat
2783 4945 3085 5016 imperator
3103 4951 3209 5006 sibi
3235 4969 3357 5010 esse
3382 4973 3476 5013 nc-

1895 5029 2126 5096 gotium,
2151 5039 2205 5083 et
2250 5031 2474 5102 segnius
2507 5035 2721 5104 agebat,
2758 5039 3022 5106 conﬁsus,
3053 5056 3227 5111 parvo
3265 5044 3476 5114 labore,

1894 5135 2022 5174 cum
2061 5121 2335 5189 libuisset,
2367 5125 2632 5182 meditata
2671 5143 2839 5200 opere
2874 5133 3270 5202 perfecturum.
3296 5139 3478 5210 Nunc,

1895 5214 2158 5282 quoniam
2191 5226 2427 5284 constat,
2457 5234 2583 5274 esse
2607 5222 2703 5290 qui
2738 5236 2824 5278 me
2850 5224 3135 5295 adiuvent,
3159 5229 3322 5286 aliter
3353 5247 3482 5286 seu-

1895 5303 1998 5359 tiet
2025 5321 2039 5359 :
2070 5317 2121 5362 et
2161 5318 2450 5379 postquam
2497 5326 2598 5366 vos
2640 5323 2904 5382 praetextu
2951 5317 3404 5385 przefecturarum
3447 5337 3479 5375 ο

1899 5411 1988 5451 me
2019 5398 2316 5468 divellerit,
2365 5402 2686 5473 mutuisque
2727 5421 2830 5462 nos
2875 5409 3095 5464 auxiliis
3137 5411 3476 5480 spoliaverit.

1897 5491 2159 5548 omnibus
2221 5503 2450 5565 propter
2499 5498 2957 5570 disjunctionem,
3012 5504 3480 5577 solitudinemque

1895 5581 2009 5653 jam
2053 5583 2427 5644 imbecillimis
2460 5603 2678 5660 poenam
2730 5609 2832 5663 pro
2881 5594 3146 5650 arbitratu
3193 5597 3480 5668 irrogabit.

1903 5675 2076 5732 Hodie
2109 5678 2233 5746 tibi,
2262 5681 2590 5749 domestice,
2618 5683 2907 5756 imperavit
2931 5687 3368 5757 Peloponnesum
3394 5707 3487 5746 cae

1903 5786 2126 5842 pessere
2163 5790 2177 5829 :
2211 5788 2336 5832 cras
2383 5786 2836 5846 protostratorem
2883 5780 2952 5834 ad
2993 5780 3156 5835 aliam
3190 5785 3486 5851 quamdam

1907 5866 2293 5934 provinciam,
2347 5868 2403 5923 in
2455 5869 2664 5925 ultimis
2715 5872 2950 5926 Romani
2999 5874 3215 5945 imperii
3282 5877 3488 5935 ﬂnibus
