3962 6444
545 394 652 461 143

1739 393 2064 454 JOANNIS
2101 355 2630 454 CANTACUZENI

3676 392 3801 479 ut

536 506 851 563 amandabit
928 505 1289 575 celeriterque
1332 501 1603 574 proﬁcisci
1648 503 1959 574 compellet.
2008 502 2103 558 Ubi

2218 505 2352 556 πᾶσι
2374 503 2462 556 διὰ
2493 502 2594 572 τὴν
2654 500 2890 569 μόνωσιν
2944 493 3096 553 οὖσιν
3142 496 3567 565 ἀσθενεστάτοις,
3601 499 3665 571 ἣν
3708 505 3768 558 ὃν

535 617 633 657 vos
669 601 1022 662 illustriores,
1051 608 1106 653 et
1137 599 1255 669 ipsa
1290 599 1469 668 capita
1501 613 1531 652 c
1574 597 1756 652 medio
1788 596 2108 660 removerit,

534 705 649 750 tum
682 695 791 765 jam
820 702 873 747 et
904 694 1170 762 reliquos,
1195 693 1242 747 si
1264 692 1361 762 qui
1391 700 1539 756 sunt,
1568 689 1940 759 investigahit,
1974 696 2113 743 tota-

534 801 643 856 que
670 800 727 840 re
756 792 917 838 antea
946 798 1014 837 ex
1041 798 1135 837 sua
1171 782 1444 837 sententia
1475 781 1615 834 bene
1644 779 1965 840 conStituta,
1992 786 2113 830 tan-

534 877 657 931 dem
694 890 793 944 pro
835 872 1184 941 catastmphe
1235 870 1302 924 ad
1337 887 1423 924 me
1456 883 1696 940 quoque,
1743 877 1805 923 ut
1848 877 2111 936 superata

536 965 772 1027 facilem,
806 979 866 1019 se
898 972 1178 1019 convertet
1218 963 1352 1032 (l9).
1400 961 1554 1016 Dicet
1595 960 1893 1031 quispiam,
1924 959 2003 1022 Si,
2051 970 2111 1013 ut

534 1060 637 1121 ais,
670 1068 740 1111 te
787 1057 983 1110 horum
1033 1055 1278 1108 virorum
1332 1052 1588 1122 praesidio
1640 1051 1853 1105 nudare
1898 1050 2107 1114 volens,

533 1150 847 1221 provincias
870 1151 926 1204 in
951 1147 1333 1203 remotissimis
1364 1147 1595 1200 Romani
1626 1145 1844 1215 imperii
1867 1143 1981 1198 oris
2004 1143 2112 1197 illis

535 1245 820 1308 describit,
846 1241 1156 1311 expeditius
1178 1248 1298 1295 erat
1326 1238 1445 1293 sine
1469 1238 1659 1303 dubio,
1690 1238 1969 1305 multoque
2000 1233 2110 1288 uti-

534 1338 662 1403 lius,
690 1336 735 1390 si
770 1335 838 1388 iis
870 1333 1246 1404 apprehensis,
1271 1340 1327 1385 et
1348 1330 1601 1386 custodia
1627 1331 1851 1393 clausis,
1874 1330 2022 1384 curis
2051 1344 2110 1384 se

538 1429 689 1483 hisce
722 1427 965 1481 exuisset
992 1445 1005 1481 :
1032 1425 1179 1497 quid.
1211 1423 1359 1479 enim
1394 1433 1498 1487 est,
1545 1423 1693 1492 quod
1738 1423 1883 1476 istuc
1929 1422 2111 1476 facere

540 1521 827 1590 prohibeat
862 1517 1291 1589 imperatorem?
1318 1516 1505 1579 Recte,
1550 1515 1694 1583 quod
1737 1514 1891 1567 illum
1928 1515 2112 1582 prohi-

538 1613 682 1675 beat,
716 1612 855 1665 nihil
885 1619 971 1665 est
1000 1626 1014 1674 ;
1043 1609 1149 1680 52
1193 1606 1301 1662 Sed
1347 1606 1627 1672 callidum,
1663 1620 1879 1674 usuque
1922 1622 2106 1659 rerum

534 1708 755 1761 doctutn
789 1706 1172 1772 imperatorem
1204 1712 1544 1768 nequaquam
1581 1698 1739 1761 fallit,
1784 1697 1930 1751 haud
1971 1713 2110 1752 con-

535 1798 758 1860 ducere,
790 1796 1107 1865 priusquam
1156 1791 1425 1861 exquisite
1456 1790 1624 1855 norit,
1660 1799 1794 1859 quot
1823 1800 1878 1844 et
1919 1790 2107 1860 quales

535 1890 666 1951 sint,
700 1886 791 1957 qui
834 1896 1049 1947 mecum
1092 1885 1407 1937 societatem
1438 1880 1728 1945 coiverint,
1758 1882 1823 1934 ad
1854 1896 2104 1951 pugnan-

536 1981 666 2034 dum
688 1978 938 2033 cominus
959 1973 1202 2045 aggredi.
1227 1972 1551 2026 Timendum
1583 1973 1750 2034 enim,
1773 1987 1842 2026 ne
1871 1973 1918 2026 si
1944 1973 2103 2026 multi

536 2074 668 2137 sint,
698 2084 764 2125 ac
798 2066 1189 2136 potentissimi,
1219 2080 1388 2119 unum
1421 2064 1668 2134 quidem,
1701 2064 2006 2118 alterumve
2048 2065 2104 2118 in

534 2162 751 2216 vincula
785 2158 1004 2213 tradere
1027 2164 1225 2227 queat;
1259 2156 1475 2210 ueteris
1499 2165 1681 2209 autem
1709 2154 1819 2224 jam
1851 2169 2104 2209 necessa-

534 2252 621 2305 rio
665 2247 1102 2320 conjurantihus,
1151 2246 1387 2315 cogitata
1440 2243 1704 2313 perﬁcere
1752 2259 1857 2297 non
1908 2245 2101 2312 possit.

530 2342 822 2397 Probabile
874 2353 1041 2409 porro
1085 2347 1192 2400 est,
1236 2352 1360 2391 eum
1409 2337 1747 2404 existimare,
1806 2338 2010 2391 multos
2050 2347 2106 2392 et

532 2434 826 2504 opulentos
863 2441 1179 2485 nostrarum
1220 2443 1344 2484 esse
1376 2429 1637 2499 partium.
1683 2428 1820 2483 Nam
1862 2428 2008 2498 quod
2048 2430 2103 2483 in

530 2525 740 2599 judicio
769 2522 1169 2578 nudiustertius
1193 2536 1295 2591 ego
1323 2521 1472 2575 solus
1505 2522 1859 2590 interceptus,
1888 2531 1943 2574 et
1969 2536 2104 2575 con-

536 2617 875 2671 clususnon
911 2612 1151 2675 concidi,
1198 2625 1379 2680 neque
1428 2610 1715 2665 timiditate
1760 2612 1939 2680 aliqua
1972 2626 2105 2665 con-

534 2717 750 2770 cussu‘s,
780 2706 950 2760 multa
980 2717 1105 2758 eum
1142 2701 1363 2765 ﬁducia,
1395 2702 1781 2771 constantique
1813 2704 2014 2767 animo,
2049 2711 2106 2756 et

534 2798 756 2869 ingenio
803 2793 1141 2859 contradixi;
1194 2792 1450 2862 quodque
1493 2792 1757 2859 accessit,
1802 2802 1863 2846 ut
1900 2792 2107 2847 Melite-

539 2890 725 2947 neusis
770 2888 998 2943 veniens
1031 2886 1327 2951 nuntiaret,
1360 2883 1496 2939 foris
1529 2892 1676 2939 stare
1707 2884 1973 2953 quosdam
2007 2901 2106 2954 po-

542 2991 739 3045 tentes,
775 2994 894 3033 mea
943 2992 1104 3032 causa
1135 2986 1356 3047 paratos
1400 2977 1469 3030 ad
1519 2976 1725 3040 omnia,
1757 2991 1867 3059 non
1912 2990 2104 3046 parum

538 3076 660 3144 ejus
703 3072 933 3130 consilia
985 3071 1225 3126 turbavit
1261 3088 1277 3125 :
1307 3070 1453 3125 unde
1491 3072 1677 3126 statim
1728 3071 1926 3126 throno
1956 3075 2105 3127 essi-

540 3167 711 3229 liens,
760 3162 1046 3218 securitati
1095 3177 1210 3216 suae
1261 3161 1559 3216 consuluit.
1610 3161 1766 3216 Nunc
1817 3162 1922 3217 sibi
1962 3178 2176 3248 con-c

516 3259 733 3313 ‘ducere
777 3256 1011 3319 censuit,
1070 3269 1171 3308 vos
1215 3253 1455 3320 delatos,
1508 3268 1605 3323 per
1649 3254 1886 3322 speciem
1934 3255 2105 3309 bene-

534 3348 766 3404 ﬁcentia:
815 3362 846 3401 a
898 3360 987 3401 me
1042 3344 1367 3400 distrahere.
1432 3344 1625 3399 POStea
1677 3345 1874 3401 iterum
1940 3348 2107 3402 rebus

532 3441 670 3509 ipsis
702 3437 1053 3501 docentibus,
1087 3435 1290 3504 quibus
1323 3450 1382 3490 se
1423 3450 1606 3505 operae
1653 3437 1884 3506 pretium
1928 3437 2105 3494 factu-

524 3546 655 3584 rum
682 3528 915 3599 putabit,
950 3541 1050 3581 nos
1076 3525 1451 3597 aggredietur.
1481 3526 1578 3582 liis
1605 3529 1862 3583 omnibus
1882 3529 1950 3584 de
1971 3545 2103 3585 cau-

533 3621 609 3675 sis
657 3635 764 3673 non
815 3617 1050 3687 amplius
1100 3616 1591 3684 tergiversandum,
1635 3633 1758 3683 nec,
1792 3619 1947 3688 quasi
1993 3635 2105 3690 pra:

532 3711 802 3764 malorum
835 3706 1212 3777 magnitudine
1253 3706 1321 3761 de
1353 3714 1622 3775 potestate
1650 3709 1977 3776 exisscmus,
2012 3727 2103 3766 sa-

531 3803 703 3857 lutem
730 3807 970 3854 nostram
1003 3812 1174 3866 usque
1206 3797 1273 3854 ad
1302 3798 1478 3867 ipsum
1513 3801 1739 3868 periculi
1775 3802 1935 3858 nobis
1964 3818 2103 3872 prae-

530 3891 672 3961 cepti
721 3905 787 3944 ac
820 3889 1037 3958 przevisi
1093 3897 1355 3957 punctum
1393 3890 1794 3960 negligendam,
1842 3894 1937 3948 sed
1979 3908 2098 3948 eam

532 3999 632 4055 pro
671 3982 882 4037 viribus
923 3981 1351 4036 conservandam
1397 3983 1611 4057 opinor.
1638 3983 1774 4038 Volo
1818 3994 2018 4050 tamen,
2054 3984 2101 4039 si

530 4076 689 4131 vobis
736 4075 935 4142 placet,
971 4087 1135 4142 super
1182 4088 1249 4127 eo
1298 4074 1365 4127 de
1396 4088 1506 4142 quo
1556 4076 1788 4143 agimus,
1835 4084 1893 4131 et
1936 4076 2097 4131 aliam

529 4165 855 4223 sententiam
898 4178 1224 4233 proponere.
1273 4161 1449 4228 Quam
1490 4163 1676 4217 illam?
1726 4168 1874 4220 Arus
1922 4167 2099 4221 socios

531 4271 682 4313 meos
695 4257 795 4325 “qui
819 4264 1001 4309 essent
1026 4253 1167 4308 scire
1194 4253 1435 4318 studuit;
1467 4269 1569 4323 ego
1593 4270 1689 4324 pro
1715 4266 1957 4327 tempore
1983 4267 2098 4311 tum

531 4347 810 4418 respoadi.
845 4361 1026 4415 neque
1074 4346 1256 4400 socios
1291 4346 1426 4398 mihi
1472 4359 1592 4399 esse
1634 4346 1796 4410 ullos,
1847 4363 2020 4416 neque
2050 4351 2097 4403 si

520 4448 737 4501 essent,
773 4453 861 4492 me
892 4438 1040 4507 ipsos
1066 4437 1491 4492 nominaturum.
1521 4437 1684 4506 Atqui
1717 4439 1879 4494 modo
1908 4426 2100 4509 proin?

2222 594 2468 664 βούλοιτο
2498 594 2656 663 δίκην
2684 592 2957 661 ἐπιθήσει.
2995 592 3109 645 Νῦν
3146 592 3247 661 μὶν
3279 587 3370 645 οὖν
3403 591 3487 644 σοὶ
3516 593 3609 662 τὴν
3644 595 3769 663 πρὶς

2214 685 2623 751 Πελοπόννησον
2659 683 2924 747 ἐπέταξεν
2966 683 3211 757 ἀπιέναι.
3245 683 3340 746 Εἰς
3369 686 3466 754 τὴν
3494 684 3765 753 ὑστεραίαν

2212 779 2271 831 δὲ
2323 774 2772 847 πρωτοστράτορι
2824 774 3017 844 ἑτέραν
3063 774 3224 843 δῆθεν
3258 775 3436 844 ἀρχήν
3487 792 3603 828 τινα
3642 777 3766 845 πρὸς

2211 870 2331 931 ταῖς
2392 868 2667 937 ἐσχατιαῖς
2712 866 2813 933 τῆς
2861 866 3147 935 Ῥωμαίων
3196 866 3301 935 γῆς
3328 866 3639 936 ἐγχειρίσει,
3684 869 3769 920 καὶ

2212 958 2625 1025 καταναγκάσει
2650 959 2786 1028 πρὸς
2814 957 2978 1026 τάχος
3013 974 3077 1024 γε
3123 959 3344 1010 ἀπιέναι
3370 972 3386 988 ⁸
3419 959 3562 1027 ὑμᾶς
3606 959 3649 1013 δ’
3683 961 3765 1011 ὲκ-

2212 1050 2392 1104 ποδὼν
2430 1051 2667 1120 ποιήσας
2711 1050 2841 1112 τοὺς
2869 1051 3390 1120 περιφανεστέρους,
3414 1050 3522 1103 τότ’
3549 1051 3645 1121 ήδη
3679 1052 3763 1103 καὶ

2213 1141 2341 1211 περὶ
2369 1141 2573 1211 ἑτέρων
2594 1141 2648 1194 εῐ
2692 1141 2801 1219 πέρ
2849 1141 2987 1219 εἰσιν
3024 1142 3399 1210 ἀνερευνήσει.
3436 1142 3613 1195 Πάντα
3636 1142 3678 1193 δ’
3701 1142 3768 1202 ὡς

2213 1232 2278 1285 ἂν
2300 1230 2448 1300 αὐτῷ
2501 1230 2681 1293 καλῶς
2712 1216 2824 1299 ἔχοι
2871 1216 3137 1301 πρότερον
3174 1231 3526 1301 διαθέμενος,
3580 1232 3650 1292 ὡς
3677 1234 3766 1302 ήδη

2212 1323 2352 1393 πρδς
2378 1323 2762 1393 καταστροφὴν
2816 1322 3235 1392 εὐεπιχείρητον
3288 1322 3513 1392 ὕστερον
3541 1323 3766 1392 χωρήσει

2211 1414 2307 1467 καὶ
2342 1415 2481 1485 πρὸς
2526 1414 2647 1484 ἐμὲ.
2694 1414 2833 1467 Ἀλλ’
2882 1404 3011 1477 ἴσως
3064 1415 3184 1483 ὲρετ
3220 1431 3326 1479 τις,
3350 1414 3426 1476 ὡς
3462 1413 3526 1465 Εἴ
3548 1429 3610 1481 γε
3638 1416 3765 1466 κατὰ

2211 1503 2368 1570 λόγον
2400 1506 2489 1557 τὸν
2520 1504 2610 1559 σὺν
2662 1507 2721 1557 σὲ
2750 1506 2852 1574 τῆς
2885 1504 2994 1558 ἀπὸ
3031 1505 3238 1559 τούτων
3265 1505 3586 1574 ἐπικουρίας
3637 1506 3762 1557 ἁπο-

2212 1598 2474 1666 στερῆσαι
2528 1597 2849 1667 βουλόμενος
2902 1597 3077 1668 ἀρχὰς
3113 1599 3297 1660 αὐτοῖς
3347 1598 3637 1667 ἐγχειρίσει
3675 1599 3762 1657 τὰς

2211 1691 2270 1742 ἐν
2303 1692 2588 1759 ἐσχατιαῖς
2619 1690 2722 1758 τῆς
2757 1689 3047 1758 Ῥωμαίων
3102 1690 3298 1760 ἀρχῆς,
3351 1690 3479 1759 ῥᾷον
3514 1685 3580 1759 ἦν
3605 1688 3763 1757 δήπου

2212 1779 2310 1833 καὶ⁵
2331 1779 2771 1849 λυσιτελέστερον
2824 1780 2959 1834 πολὺ
3010 1780 3471 1833 συλλαϐόντα-καὶ
3497 1779 3766 1833 κατακλεί-

2212 1889 2383 1926 σαντα
2416 1874 2630 1944 φρουρᾷ
2666 1873 2923 1945 τῆςβάπὸ
2953 1872 3159 1927 τούτων
3185 1871 3535 1942 ἀπηλλάχθαι
3569 1870 3768 1941 φροντὶο

2210 1965 2333 2027 δοςσ
2364 1964 2418 2017 τί
2450 1966 2560 2033 γὰρ
2586 1964 2737 2017 ἔσται
2763 1966 2824 2017 τὸ
2875 1964 3119 2018 κωλῦσον
3161 1964 3257 2019 τοῦ
3293 1963 3467 2018 ταῦτα
3496 1964 3766 2031 καταπρά-

2212 2056 2407 2124 εασθαι
2438 2058 2529 2111 τὸν
2565 2056 2826 2127 βασιλέας
2868 2057 2978 2112 Καὶ
3007 2055 3131 2109 νοῦν
3157 2055 3351 2127 ἔχοντα
3386 2058 3540 2125 λόγον
3561 2058 3690 2124 ἐρεῖ,
3714 2056 3767 2105 τὸ

2214 2149 2456 2203 κωλῦσον
2488 2150 2588 2219 μὲν
2622 2149 2717 2203 οὖν
2748 2150 2927 2203 οὐδέν.
2968 2149 3194 2207 Συνετδν
3220 2149 3275 2202 δὲ
3306 2149 3435 2202 δντα
3461 2150 3551 2202 καὶ
3575 2146 3767 2200 πολλῶν

2210 2244 2554 2311 πραγμάτων
2584 2242 2846 2312 ἔμπειρον
2875 2243 2963 2295 τὸν
2993 2241 3215 2311 βασιλέα
3247 2243 3413 2296 τοῦτο
3440 2240 3654 2309 λέληθεν
3679 2239 3760 2291 οὐ·

2210 2334 2418 2404 δαμῶς,
2448 2335 2523 2397 ὡς
2560 2335 2898 2401 ἀλυσιτελὲς,
2929 2335 3060 2404 πρὶν
3085 2331 3334 2404 ἀκριϐῶς
3369 2333 3627 2403 ἐκμαθεῖν
3650 2331 3763 2383 ὁπό-

2212 2443 2295 2478 σοι
2315 2426 2458 2488 τινὲς
2479 2426 2575 2478 καὶ
2604 2419 2816 2495 οἷοιτὴν
2846 2426 2983 2494 πρὸς
3004 2427 3108 2496 εμὲ
3135 2426 3449 2497 προείλοντο
3477 2425 3762 2489 κοινωνίαν,

2209 2519 2375 2586 ὁμόσε
2402 2517 2539 2587 πρὸς
2570 2518 2631 2569 τὸ
2659 2518 2936 2587 πολεμεῖν.
2967 2519 3096 2581 Δέος
3132 2519 3241 2588 γὰρ
3268 2519 3350 2588 μὴ
3382 2517 3585 2571 πολλῶν
3619 2533 3765 2569 τινων

2211 2610 2305 2662 καὶ
2329 2607 2716 2662 δυνατωτάτων
2742 2609 2913 2662 ὄντων
2939 2609 3036 2663 ἕνα
3074 2608 3174 2679 μὲν
3200 2610 3234 2680 ἢ
3255 2612 3360 2664 καὶ
3386 2609 3476 2661 δύο
3503 2606 3764 2677 καθείρξῃ.

2210 2698 2317 2749 τῶν
2348 2696 2404 2749 δὲ
2435 2697 2639 2750 λοιπῶν
2804 2700 2941 2769 πρὸς
2966 2701 3210 2767 ἀνάγκην
3243 2700 3671 2769 συνισταμένων,
3712 2698 3767 2748 οὐ

2212 2791 2350 2843 κατὰ
2394 2789 2520 2843 νοῦν
2559 2792 2783 2862 χωρήσῃ
2824 2792 2899 2859 ⁸τὰ
2947 2793 3249 2862 πράγματα
3318 2792 3484 2863 αὐτῷ.
3539 2790 3687 2851 Εἰκὸς
3717 2787 3767 2839 δὲ

2210 2882 2373 2935 αὐτὸν
2397 2883 2491 2936 καὶ
2522 2882 2748 2946 πολλούς
2796 2900 2946 2946 τινας
2974 2885 3069 2937 καὶ
3095 2884 3369 2950 δυνατοὺς
3394 2885 3520 2946 τοὺς
3548 2883 3614 2936 τὰ
3645 2881 3767 2952 ήμέ·

2209 2989 2345 3042 τερα
2365 2970 2505 3028 εἶναι
2531 2975 2739 3030 οἴεσθαι
2761 2977 3178 3045 προῃρημένους
3203 2995 3215 3009 ·
3243 2979 3303 3031 τὸ
3346 2980 3456 3050 γὰρ
3493 2980 3548 3030 ἐν
3575 2977 3637 3046 τῇ
3656 2974 3768 3042 δίκῃ

2210 3067 2319 3137 πρὸ
2347 3067 2446 3136 τῆς
2476 3068 2603 3136 χθὲς
2633 3069 2732 3137 ἐμὲ
2792 3070 2951 3140 μόνον
2975 3070 3482 3143 ὲναπειλημμένον,
3514 3071 3588 3141 μὴ
3621 3085 3770 3123 κατα·

2211 3161 2399 3212 πεσεῖν
2460 3160 2596 3230 μηδὲ
2646 3160 2817 3229 δειλίᾳ
2848 3162 3176 3231 συσχεθῆναι
3219 3181 3356 3229 τινι,
3388 3165 3502 3218 ἀλλ’
3529 3164 3765 3233 ἀτρέπτῳ

2206 3253 2301 3305 καλ⁴
2333 3255 2642 3322 φρονήματι
2673 3253 2768 3305 καὶ
2792 3253 2911 3323 seu
2958 3254 3096 3320 μετὰ
3145 3255 3451 3323 ἀσφαλείας
3480 3254 3761 3321 ἀντιλέγειν

2207 3342 2432 3414 πολλῆς,
2461 3344 2640 3398 τδικαὶ
2661 3346 2752 3398 τὸν
2784 3346 3199 3416 Μελιτηνιώτην
3225 3347 3429 3414 ἔξωθεν
3457 3349 3670 3402 ἑστάναι
3693 3364 3762 3401 τι-

2205 3435 2302 3498 νὰς
2336 3434 2446 3487 τῶν
2502 3435 2748 3489 δυνατῶν
2809 3437 3142 3506 ἀπαγγεῖλαι
3205 3439 3354 3512 ὑπὲρ
3410 3439 3544 3512 ἐμοῦ
3599 3438 3761 3490 πάντα

2205 3526 2465 3595 πράττειν
2511 3528 2947 3599 προσγενόμενον
3004 3528 3512 3601 προθυμουμένους,
3542 3531 3641 3583 οὐκ
3679 3528 3760 3580 ἐπὶ
3843 3576 3847 3581 .
3890 3530 3891 3537 “

2207 3618 2404 3688 μικρδν
2433 3620 2719 3674 κατέσεισε
2770 3620 2900 3682 τοὺς
2927 3621 3228 3689 λογισμοὺς
3259 3625 3391 3686 τοὺς
3445 3618 3760 3694 βασιλικούς.

2193 3711 2296 3762 -Διδ
2318 3710 2440 3763 τότε
2469 3711 2568 3780 μὲν
2608 3711 2772 3774 εὐθὺς
2797 3713 2934 3782 ὅπερ
2971 3714 3275 3781 ἀσφάλειαν
3310 3716 3485 3768 ἐδόκει
3519 3714 3761 3782 παρέχειν

2201 3800 2479 3870 ἔπραττε,
2530 3803 2641 3855 τῶν
2699 3803 2902 3871 θρόνων
2959 3805 3282 3871 ἐξαναστάς.
3334 3808 3475 3861 Νυνὶ
3511 3806 3568 3859 δὲ
3595 3803 3760 3863 καλῶς

2201 3892 2348 3961 ἔχειν
2398 3890 2577 3956 ἔδοξεν
2629 3894 2776 3964 αὐτῷ
2845 3897 2973 3960 τοὺς
3037 3897 3383 3969 καταδήλους
3450 3897 3760 3968 γενομένους

2202 3985 2366 4055 ὑμᾶς,
2410 3986 2468 4036 ὲν
2505 3986 2825 4054 εὐεργεσίας
2877 3989 3230 4058 προσχήματι
3283 3991 3633 4061 ἀποστῆσαι·
3680 3988 3764 4041 καὶ

2203 4074 2346 4143 μετὰ
2373 4074 2534 4128 τοῦτο
2582 4076 2745 4129 πάλιν
2775 4077 2957 4130 αὐτῶν
2986 4078 3358 4135 διδασκόντων
3383 4082 3493 4136 τῶν
3522 4078 3764 4149 πραγμά-

2199 4181 2308 4219 των
2338 4160 2421 4227 οἷς
2449 4167 2694 4236 οἰήσεται
2747 4167 3119 4237 λυσιτελήσειν
3148 4172 3520 4243 ἐπιχειρήσει.
3562 4172 3765 4223 Τούτων

2190 4258 2368 4311 ιὲνεκα
2399 4259 2641 4321 πάντων,
2675 4258 2864 4311 οὐκέτι
2899 4260 3207 4328 διαμέλλειν
3256 4262 3444 4328 οἴομαι
3475 4261 3606 4326 δεῖν,
3652 4258 3766 4311 οὐδὲ

2202 4348 2341 4414 πρὸς
2369 4347 2648 4415 προῦπτον
2680 4347 2923 4400 κίνδυνον
2954 4349 3154 4410 αὐτοὺς
3181 4352 3426 4416 ἀμελεῖν,
3457 4350 3644 4421 ὥσπερ
3669 4348 3766 4401 ὑπὸ

2205 4437 2471 4504 μεγέθους
2496 4436 2604 4490 τῶν
2640 4438 2830 4490 δεινῶν
2857 4441 3157 4500 ὲκστάντας
3187 4439 3301 4492 τῶν
3336 4441 3635 4512 λογισμῶν,
3663 4439 3766 4494 ἀλλ’

528 4539 710 4585 turum
736 4527 933 4593 sentio,
966 4527 1238 4597 legatione
1263 4528 1427 4581 missa
1466 4528 1737 4594 conﬁteri,
1774 4530 1977 4585 habere
2007 4547 2093 4588 me

2205 4525 2394 4585 αὐτοὺς
2432 4523 2720 4588 διασώζειν
2749 4525 2825 4588 ὡς
2856 4526 2921 4579 ἂν
2951 4520 3053 4579 οἷοί
3100 4544 3161 4579 τε
3193 4521 3368 4598 ὦμεν.
3404 4532 3529 4583 Ἔτι
3557 4547 3619 4598 γε
3670 4531 3768 4598 μὴν

527 4618 727 4683 socios,
757 4627 811 4671 et
846 4630 1068 4685 poscere
1099 4619 1168 4670 ab
1213 4631 1281 4670 eo
1323 4617 1717 4684 jurameutum,
1768 4633 1887 4673 mea
1932 4635 2098 4676 causa

527 4723 636 4761 non
684 4706 804 4760 fore
857 4706 1071 4775 injuriae
1120 4720 1440 4769 memorem,
1492 4719 1672 4773 neque
1720 4707 2099 4786 malumjpsis

525 4800 804 4854 daturum.
848 4796 905 4852 Si
950 4806 1136 4864 pacate
1175 4804 1231 4850 et
1271 4804 1554 4851 mansuete
1587 4798 1903 4865 petitionem
1944 4804 2095 4857 exci-

448 4944 451 4949 ,
526 4890 713 4958 piens,
772 4889 1161 4957 impunitatem
1213 4886 1320 4941 illis
1366 4900 1713 4943 sacramento
1761 4893 2093 4960 promiserit,

523 4982 751 5036 evidens
798 4988 905 5034 erit
952 4978 1237 5043 indicium,
1282 4985 1339 5033 et
1381 4992 1592 5035 mecum
1636 4981 1772 5034 citra
1818 4982 2002 5037 fucum
2037 4985 2093 5040 in

512 5072 755 5141 gratiam
786 5069 1037 5133 rediisse,
1063 5076 1117 5122 et
1146 5082 1245 5121 vos
1274 5068 1392 5121 sine
1423 5077 1567 5131 aSIu,
1593 5080 1650 5123 et
1690 5071 1925 5138 insidiis,
1956 5090 2092 5130 can—

522 5164 756 5232 dideque
802 5162 856 5214 in
893 5159 1206 5230 provincias
1248 5157 1463 5213 mittere
1504 5161 1791 5230 cogitasse.
1836 5162 1899 5219 Si
1947 5166 2091 5220 indi-

521 5262 736 5322 gnatus,
768 5250 1092 5319 legationem
1121 5249 1353 5316 rejiciet,
1390 5250 1535 5305 utilia
1564 5254 1671 5306 erit
1707 5253 1811 5309 hac
1848 5255 1963 5324 ipsa
1995 5256 2090 5312 ﬁr—

524 5346 663 5400 mior
686 5326 956 5412 probatio,
987 5339 1168 5394 omnia
1196 5340 1311 5395 haec
1335 5341 1565 5397 subdole
1587 5353 1776 5398 contra
1804 5361 1906 5400 uos
1935 5347 2093 5401 insti-

2202 4613 2295 4668 καὶ
2321 4612 2546 4684 γνώμην
2563 4615 2757 4684 ἑτέραν
2789 4615 3042 4684 περὶτῶν
3071 4620 3481 4688 προκειμένων,
3517 4622 3570 4673 ετ
3594 4637 3656 4687 γε
3678 4618 3767 4670 καὶ

2202 4706 2331 4773 ὑμῖν
2362 4706 2641 4772 συνδοκεῖ,
2669 4704 2936 4775 βούλομαι
2966 4707 3294 4777 ἐξενεγκεῖν.
3350 4711 3519 4764 Ποίαν
3550 4711 3612 4780 δὴ
3641 4707 3765 4762 ταύ-

2184 4814 2330 4865 ,την;
2360 4799 2416 4850 ’0
2438 4798 2690 4867 βασιλεὺς
2715 4799 2810 4853 καὶ
2833 4800 3052 4863 πάππος
3078 4802 3107 4852 ὁ
3123 4801 3277 4870 ἐμὸς,
3307 4804 3684 4874 καθάπερῐστε
3710 4802 3768 4868 δὴ

2173 4890 2295 4943 -καὶ
2319 4892 2493 4967 αὐτοὶ,
2526 4890 2864 4961 καταδήλους
2889 4895 3017 4955 τοὺς
3044 4895 3170 4964 ιμοὶ
3199 4898 3464 4959 συνόντας
3508 4899 3764 4967 ἐζήτησεν

2196 4958 2351 5052 αὑτῷ
2380 4986 2625 5050 ποιῆσαι,
2665 4958 2787 5036 τότε
2826 4985 2928 5053 μὲν
2957 4985 3050 5038 οὖν
3080 4958 3451 5058 ⁷ἁρμόζοντας
3482 4958 3682 5059 ἀπεκρι
3715 4987 3770 5038 ἀρ

2200 5090 2309 5142 μην
2348 5073 2427 5142 τῷ
2451 5074 2628 5143 κασιρῷ
2661 5074 2872 5143 λόγους.
2914 5077 3040 5148 μήτ’
3070 5074 3213 5132 εἶναι
3241 5079 3417 5133 εἰπὼν
3437 5082 3769 5144 τουςισυνὸν-

2196 5183 2294 5228 τας
2332 5167 2455 5235 ἐμοὶ
2474 5168 2647 5233 τινας,
2680 5168 2804 5237 μήτ’
2830 5167 2883 5220 εἰ
2904 5182 3020 5240 ¹’περ
3047 5171 3177 5236 εἰσὶ,
3201 5171 3542 5242 καταδήλους
3575 5171 3766 5229 αὐτοὺς

2199 5258 2471 5335 ποιήσειν.
2498 5258 2614 5310 Νῦν
2633 5259 2691 5313 δέ
2717 5275 2807 5328 μοι
2829 5258 2977 5314 δοκεῖ
3004 5259 3621 5334 λυσιτελεῖν,-πρεσ6είᾳ
3638 5278 3768 5333 χρη-
3801 5320 3805 5325 ,

2201 5351 2436 5420 σάμενον
2485 5352 2622 5422 πρὸς
2654 5352 2852 5420 αὐτὸν,
2897 5355 3059 5408 ὄτιτε
3101 5356 3242 5410 εἰσὶν
3269 5356 3634 5428 ὁμολογῆσαι,
3678 5357 3766 5407 καὶ

1786 5476 2006 5537 Jacobi
2048 5479 2312 5539 Pontani
2348 5489 2533 5543 nota).

593 5598 705 5665 (l9)
745 5593 1054 5666 Cujuslihet
1107 5596 1184 5652 rei
1233 5597 1413 5652 exitus
1455 5597 1660 5652 dicitur
1709 5598 2092 5666 catastrophe,

502 5662 854 5742 ’proverbiali
903 5665 1095 5742 ligura.
1152 5666 1439 5742 Sumptum
1497 5682 1553 5742 a__
1582 5667 1831 5742 comicis.
1883 5662 2089 5742 Fabula

518 5737 669 5791 enim
686 5737 884 5789 —etnnis
918 5737 971 5789 in
1010 5745 1119 5791 tres
1154 5748 1343 5805 partes
1374 5737 1751 5799 distribuitur,
1798 5738 1852 5789 in
1888 5740 2093 5804 πρότα-

521 5823 625 5872 σιν,
671 5805 938 5871 ἐπίτασιν,
991 5807 1399 5877 καταστροφήν.
1452 5807 1696 5864 Protasis
1741 5815 1823 5861 est
1873 5806 2088 5875 primus

2195 5602 2285 5682 ille
2311 5606 2615 5682 tumul-tus,
2652 5608 2808 5682 quasi
2832 5608 3092 5682 gliscens.
3126 5613 3371 5682 Epitasis
3409 5614 3571 5667 turba
3600 5610 3761 5666 {crvi-

2191 5672 2440 5746 dissima.
2486 5672 2859 5746 (latasfrophé
2904 5680 3091 5737 subita
3141 5672 3328 5738 rerum
3378 5682 3752 5739 commutatio.

2190 5740 2350 5796 Plura
2377 5745 2518 5814 apud
2543 5740 2867 5801 Chilias'tcn'.
