3962 6470
531 370 631 435 147

1717 375 2040 440 JOANNlS
2099 372 2630 467 CANTACUZENI

3675 388 3763 463 148

537 498 793 545 vocatum
818 489 1218 562 interpretaoar
1253 493 1385 566 (20),
1402 509 1599 564 nempe
1618 501 1678 548 ut
1699 507 1800 548 avo
1821 493 2104 563 subiectio.

2221 487 2428 542 πολλῶν
2462 491 2685 558 ἀγαθῶν
2709 492 2774 545 ἐκ
2814 490 3008 547 τούτου
3041 494 3492 566 συμϐησομᾶνων.
3538 499 3597 555 Ὀ
3616 503 3660 556 δ’
3687 507 3767 558 εὐ-

535 594 661 634 nem
694 590 866 646 tuam,
895 583 1222 654 plenamque
1251 585 1500 655 obsequii
1537 584 1871 638 voluntatem
1898 593 1992 637 tuo
2013 599 2112 636 no-

536 673 684 726 mine
709 672 1005 730 indicarem
1033 690 1052 729 :
1076 691 1185 744 quo
1227 685 1390 746 pacto
1432 691 1558 732 eum
1595 676 1948 744 placidiorem
1987 676 2110 737 tibi,

536 760 922 834 mitioremque
956 765 1218 822 efﬁceres.
1242 768 1409 837 Atqui
1433 782 1519 822 me
1563 765 1757 820 fefellit
1794 765 2107 835 augurium,

535 864 584 907 et
612 855 949 909 contrarium
977 856 1181 910 evenit.
1199 855 1544 924 Quapropter
1569 872 1669 910 nec
1695 855 1952 908 nuntiare
1973 855 2107 919 haec,

534 959 636 999 nec
671 947 792 1014 ejus
821 947 1064 1000 animum
1105 945 1306 999 talibus
1339 946 1523 1000 verbis
1563 945 1899 1000 exacerbare
1942 945 2104 1009 volo;

531 1038 752 1104 quando
781 1053 954 1107 usque
985 1039 1143 1092 hodie
1167 1035 1474 1092 inauditum
1507 1046 1611 1099 est,
1643 1036 1894 1090 dominos
1921 1037 2107 1105 jurare

532 1130 704 1184 servis
735 1131 869 1200 (2i).
902 1129 1055 1195 Quod
1109 1130 1155 1184 si
1211 1131 1323 1193 fiat,
1355 1129 1561 1184 domini
1589 1129 2106 1184 condemnabuntur

531 1220 724 1279 servis.
752 1220 1216 1288 quemadmodum
1240 1221 1316 1274 illi
1349 1220 1614 1285 dominis;
1653 1220 1799 1288 quod
1865 1219 2107 1274 insolens

525 1315 582 1359 et
619 1308 919 1360 absurdum
965 1319 1070 1363 est.
1101 1309 1212 1379 Ego
1244 1326 1374 1364 vero
1407 1325 1608 1379 anceps
1638 1310 1836 1374 haereo,
1886 1309 2107 1364 dubito-

528 1417 636 1468 que
673 1401 1052 1467 vehementer,
1077 1404 1122 1457 si
1147 1404 1430 1472 quaesierit
1461 1405 1782 1473 imperator,
1819 1418 1919 1456 cur
1957 1402 2022 1456 ad
2051 1411 2104 1456 te

533 1491 712 1553 ierim,
742 1491 873 1560 quid
923 1492 1153 1546 honeste
1196 1493 1578 1561 respondeam.
1614 1491 1721 1546 Sed
1749 1506 1971 1546 causam
1998 1489 2104 1544 ali-

526 1598 688 1651 quam
717 1583 1072 1653 profectionis
1097 1585 1161 1637 ad
1195 1592 1247 1638 te
1277 1597 1412 1638 mea:
1445 1583 1836 1640 comminiscar
1866 1600 1884 1636 :
1927 1591 1980 1636 te
2007 1596 2103 1636 au-

529 1683 636 1728 tem
665 1674 874 1740 hortor,
917 1683 974 1729 et
1005 1675 1257 1741 obsecro,
1275 1684 1336 1729 ut
1363 1676 1439 1730 tle
1470 1675 1683 1745 reliquo
1713 1683 1891 1729 taceas
1925 1673 2103 1730 dehis

526 1765 744 1833 penitus
779 1783 792 1820 :
825 1766 1099 1836 prospicio
1129 1767 1300 1831 enim,
1328 1767 1581 1822 horribili
1603 1768 1754 1822 exitu
1779 1767 2098 1822 conclusum

525 1857 614 1920 iri,
647 1857 690 1912 si
714 1861 779 1910 ad
817 1873 979 1913 aures
1012 1858 1096 1912 avi
1120 1860 1495 1929 pervenerint.
1526 1858 1597 1914 At
1621 1859 1758 1913 mihi
1786 1858 1947 1928 plane
1970 1873 2105 1912 con-

529 1962 609 2004 tra
633 1949 859 2012 sentire,
894 1949 1188 2020 dicereque
1218 1951 1273 2005 in
1307 1959 1548 2006 mentem
1571 1951 1740 2008 venit.
1773 1950 1980 2018 excipit
2006 1964 2107 2003 ne-

526 2055 624 2108 pos
651 2056 664 2105 ;
692 2056 801 2095 non
831 2040 980 2097 enim
1019 2042 1179 2108 mala,
1210 2043 1304 2096 sed
1334 2041 1757 2096 innumerabilia
1788 2042 1946 2103 bona,
1966 2042 2108 2096 hanc

527 2134 857 2196 orationem,
877 2135 920 2189 si
942 2135 1037 2202 its,
1057 2145 1116 2188 ut
1131 2135 1609 2210 cupio.habeatur,
1628 2135 1928 2204 parituram
1947 2133 2106 2190 nobis

526 2226 764 2287 confido.
802 2228 975 2282 Porro
1005 2229 1253 2297 quaedam
1287 2227 1445 2283 istius
1468 2229 1690 2298 generis
1705 2229 1870 2283 etiam
1890 2227 1993 2282 sub
2017 2241 2108 2283 an-

528 2317 786 2387 tegressis
837 2317 1261 2386 imperatoribus
1316 2333 1420 2372 usu
1470 2326 1762 2372 venerunt.
1791 2318 1910 2374 Non
1945 2317 2106 2386 longe

526 2408 763 2473 abiero;
799 2422 958 2462 meus
1024 2423 1259 2477 proavus
1311 2409 1541 2464 Michael
1585 2409 1883 2479 imperator
1929 2409 2108 2465 adhuc

529 2499 797 2566 privatus.
830 2509 887 2555 et
932 2499 1129 2554 Joauni
1171 2501 1408 2555 Batatza:
1452 2501 1770 2570 imperatori
1803 2501 2105 2572 subjectus.

527 2591 676 2661 quod
715 2592 784 2646 ab
819 2609 885 2647 eo
921 2594 1166 2647 atrocius
1197 2593 1460 2663 quiddam
1489 2594 1594 2650 sibi
1630 2604 1885 2664 paratum
1928 2594 2108 2663 suspi-

526 2694 770 2747 caretur,
805 2685 870 2739 ad
915 2685 1208 2740 Persarum
1265 2685 1568 2755 principem
1605 2686 1884 2740 sultanum
1916 2687 2108 2742 confu-

527 2775 627 2842 git.
657 2773 789 2828 lude
838 2788 936 2842 per
980 2774 1218 2843 legatum
1249 2774 1621 2844 juramentum
1659 2791 1785 2829 eum
1833 2776 2104 2845 poposcit,

527 2881 637 2932 quo
669 2872 987 2928 testaretur,
1017 2873 1072 2919 et
1104 2864 1282 2936 fugam
1308 2881 1366 2920 se
1399 2868 1475 2920 illi
1510 2867 1847 2930 condonare,
1878 2877 1936 2922 et
1965 2869 2104 2922 nihil

530 2957 586 3010 in
617 2967 894 3023 posterum
933 2957 1156 3026 gravius
1173 2957 1312 3011 velle
1336 2957 1390 3010 in
1421 2957 1595 3026 ipsum
1622 2965 1890 3011 statuere.
1920 2959 2104 3026 lmpc-

531 3052 682 3100 rator
727 3043 968 3111 legatum
1009 3041 1250 3098 libenter
1278 3043 1453 3098 audiit
1481 3059 1495 3096 :
1533 3053 1589 3096 et
1619 3058 1930 3113 quanquam
1959 3050 2104 3098 esset

528 3134 1177 3228 dominus,_juramento,
1204 3135 1351 3204 quod
1375 3134 1626 3193 subditus
1643 3137 1895 3228 petebat,
1916 3151 1975 3191 se
2007 3136 2108 3191 ob-
2133 3157 2181 3228 ρ

531 3225 777 3278 strinxit.
809 3223 923 3279 Nec
948 3225 1098 3280 solus
1125 3226 1441 3289 ille,verum
1471 3234 1596 3280 ante
1619 3227 1773 3281 illum
1801 3228 2112 3296 complures

529 3315 762 3385 alicujus
793 3317 1155 3370 emolumenti
1182 3331 1300 3385 spe,
1325 3315 1589 3387 subjectis
1617 3321 1965 3387 juraverunt.
1997 3318 2113 3385 Dic,

530 3408 748 3474 amabo,
776 3424 874 3478 per
903 3409 1078 3478 ipsam
1104 3410 1413 3475 veritatem,
1441 3410 1485 3464 si
1513 3411 1594 3464 vel
1633 3411 1736 3465 hoc
1763 3420 2010 3478 tempore
2034 3411 2112 3466 illi

537 3499 665 3568 ipsi,
703 3515 935 3569 quorum
962 3516 1124 3554 causa
1155 3516 1254 3571 ego
1278 3504 1422 3556 istuc
1442 3503 1818 3571 juramentum
1851 3517 2110 3570 exposco,

534 3592 734 3646 timore
786 3593 1013 3662 periculi
1057 3593 1124 3648 ad
1165 3595 1403 3663 aliquem
1445 3593 1802 3650 ﬁnitimorum
1851 3595 2114 3650 barbaro-

531 3699 653 3739 rum
682 3699 740 3739 se
770 3685 1110 3750 conferrent,
1136 3695 1256 3756 post
1294 3687 1603 3747 mitterent,
1635 3696 1689 3740 et
1717 3688 1973 3756 adjurare
2007 3687 2112 3742 im~

533 3785 838 3844 peratorem
891 3777 1253 3845 postularent,
1300 3777 1538 3832 reversis
1589 3777 1725 3836 nihil
1769 3778 2110 3836 inflicturutu

533 3867 684 3934 mali,
717 3866 966 3936 nunquid
1009 3876 1391 3925 recusaturum
1441 3869 1676 3922 censes?
1705 3868 1973 3937 Equidem
2007 3887 2109 3941 ego

529 3971 643 4017 non
673 3971 890 4011 censeo.
919 3956 1063 4026 Ergo
1090 3957 1236 4025 quod
1270 3964 1321 4010 te
1354 3955 1540 4025 judice
1577 3959 1874 4022 necessitas
1902 3961 2109 4032 alioqui

530 4049 886 4117 exprimeret,
939 4049 990 4103 id
1033 4049 1089 4111 in
1146 4063 1386 4116 praesens
1430 4051 1725 4110 multorum
1787 4056 2111 4111 commodo-

532 4154 654 4193 rum
681 4139 1015 4208 exspectatio
1047 4138 1321 4208 impetret.
1354 4138 1459 4209 55
1491 4139 1593 4203 Ubi
1620 4156 1792 4212 nepos
1811 4146 2103 4213 conticuit,

532 4245 764 4300 magnus
806 4231 1082 4300 logotheta
1112 4231 1252 4288 dicta
1280 4246 1380 4284 sua
1424 4233 1653 4296 iterans,
1687 4234 1905 4304 aliaque
1935 4239 2106 4294 multa

535 4323 909 4388 accumulans,
936 4323 1196 4391 omnique
1239 4323 1456 4378 ratione
1507 4326 1839 4394 postulatum
1888 4329 2104 4398 inutile,

535 4429 639 4474 uec
664 4413 783 4476 fieri
819 4428 979 4487 posse
1001 4413 1386 4468 demonstrans
1416 4429 1431 4466 :
1457 4425 1720 4484 praeterea
1737 4433 1796 4472 se
1829 4418 1884 4472 in
1910 4419 2016 4474 ista
2045 4437 2107 4476 re

2217 581 2333 648 οὺς,
2370 585 2608 651 Ἔγωγε,
2662 580 2816 637 εἶπεν
2845 625 2858 646 ,
2889 584 3102 656 ᾠήθην,
3151 581 3197 642 ὦ
3230 588 3474 658 βασιλεῦ,
3519 592 3612 663 τὴν
3639 595 3766 666 ἐμὴν

2217 671 2368 740 παρὰ
2420 673 2512 726 σοῦ
2541 674 2736 742 κλῆσιν
2767 675 2905 743 πρός
2950 693 3003 728 τι
3030 676 3222 746 φᾶρειν
3254 679 3362 732 τῶν
3384 681 3600 745 ἀγαθῶν
3621 696 3634 712 ·
3663 686 3766 737 ἑνός

2221 757 2376 828 μιζον
2397 757 2505 826 γὰρ
2535 757 2611 820 ὼς
2638 757 3108 824 ὑποπεπτωκότας
3148 761 3305 825 τινὰς
3343 763 3438 815 καὶ
3467 764 3771 832 θεραπευτι-

2215 847 2346 908 κοὺς
2373 847 2566 914 λόγους
2607 847 2674 900 δι’
2723 847 2859 918 ἐμοῦ
2903 849 3166 918 μηνύσεις
3214 850 3294 920 τῷ
3333 851 3566 922 βασιλεῖ,
3619 854 3674 918 ἐξ
3702 851 3768 908 ὧν

2213 939 2571 1009 ήμερωτέραν
2607 939 2899 1010 ἀπεργάσῃ
2936 941 3030 994 καὶ
3059 943 3300 1011 πραεῖαν
3343 941 3510 995 αὑτοῦ
3548 944 3640 1013 τὴν
3681 944 3748 1013 ψυ

2211 1031 2334 1100 χήν.
2366 1031 2438 1084 Τὸ
2462 1031 2506 1082 δ’
2550 1031 2808 1093 ἐναντίως
2859 1031 2972 1102 ἔχει
3025 1033 3227 1100 μᾶλλον
3274 1033 3306 1103 ἢ
3348 1034 3508 1098 αὐτὸς
3531 1036 3769 1106 προσεδό-

2211 1137 2343 1174 κων.
2397 1121 2559 1174 Ὅθεν
2590 1123 2698 1175 οὐδ’
2754 1123 2917 1186 αὐτὸς
2971 1123 3206 1191 ἅγγελος
3268 1121 3408 1178 εἶναι
3460 1126 3769 1196 βουλήσομαι

2210 1212 2492 1273 τοιούτων,
2529 1213 2638 1265 οὔδ’
2666 1214 2748 1276 είς
2796 1214 2967 1284 ὀργὴν
3011 1215 3207 1283 ἐξάψαι
3236 1216 3441 1286 μᾶλλον
3472 1216 3559 1268 διὰ
3581 1218 3770 1270 τούτων

2209 1304 2338 1365 τοὺς
2373 1303 2467 1356 τοῦ
2494 1304 2759 1374 βασιλέως
2784 1305 3010 1374 Ουμούς.
3033 1307 3168 1360 Οὐδὲ
3193 1306 3300 1376 γὰρ
3331 1307 3440 1361 οὐδ’
3474 1308 3609 1377 ἀκοῇ
3641 1325 3768 1378 παρ-

2209 1393 2513 1463 ειλήφαμεν
2567 1394 2696 1465 ἄχρι
2766 1396 2860 1449 καὶ
2915 1395 3011 1448 νῦν
3059 1399 3184 1461 τοὺς
3239 1398 3508 1462 δεσπότας
3563 1398 3770 1468 ὀμνύναι
3815 1435 3819 1440 -

2205 1485 2318 1546 τοῖς
2381 1483 2587 1548 δούλοις
2613 1525 2629 1549 ,
2689 1486 3000 1540 τούναντίον
3052 1487 3108 1540 δὲ
3150 1488 3388 1556 μᾶλλονο
3431 1487 3465 1558 ἢ
3529 1490 3577 1540 si
3628 1489 3770 1542 τοῦτο

2207 1577 2439 1643 γένοιτο,
2493 1578 2644 1630 καὶὸ
2701 1577 2970 1647 δεσπότης
3031 1579 3260 1649 ὀφλήσει
3343 1581 3457 1643 τοῖς
3507 1579 3770 1650 ὑπηκόοις,

2205 1668 2343 1738 ὅπερ
2373 1667 2630 1736 ὄφλουσιν
2677 1668 2833 1722 αὐτοὶ
2866 1673 2979 1732 τοῖς
3008 1669 3333 1733 δεσπόταις’
3380 1673 3520 1741 ὅπερ
3555 1670 3770 1732 ἀτοπίας

2205 1765 2307 1818 οὐκ
2344 1764 2411 1817 ἂν
2431 1763 2516 1834 εἴη
2557 1765 2793 1834 μακράν.
2829 1765 2970 1833 Ἐγὼ
3014 1766 3072 1818 δὲ
3113 1766 3211 1820 καὶ
3260 1766 3467 1840 ἀπορίᾳ
3500 1769 3641 1838 δεινῇ
3669 1783 3777 1819 συν-

2218 1857 2434 1926 έχομαι,
2464 1857 2530 1908 ἂν
2562 1859 2588 1909 ὁ
2635 1854 2888 1924 βασιλεὺς
2937 1857 3128 1928 ἔρηται
3164 1858 3301 1912 ὅπου
3341 1859 3504 1929 χάριν
3553 1860 3681 1929 πρός
3724 1875 3775 1911 σε

2216 1948 2477 2018 ἀφῖγμαι,
2529 1945 2653 2000 τίνα
2683 1947 2748 2001 ἂν
2777 1949 3075 2018 ἀπολογίαν
3123 1952 3486 2023 εὐπρόσωπον
3513 1953 3774 2022 ἀποδοίην.

2217 2039 2359 2110 Πρὸς
2391 2041 2596 2094 ἐκεῖνον
2629 2040 2730 2110 μὲν
2759 2041 2852 2095 οὖν
2883 2043 3065 2095 αἰτίαν
3087 2046 3208 2096 τινὰ
3235 2044 3523 2114 πλάσομαι
3556 2045 3650 2114 τῆς
3669 2046 3778 2112 ἀφί-

2216 2129 2374 2196 ξεας,
2407 2133 2489 2186 σοὶ
2519 2131 2576 2186 δὲ
2614 2133 2866 2201 παραινῶ
2902 2134 2996 2186 καὶ
3025 2135 3254 2205 προσέτι
3284 2139 3382 2190 καὶ
3417 2135 3666 2199 ἱκετεύω,
3689 2152 3756 2205 μη

2188 2220 2334 2278 ’κέτι
2385 2223 2652 2294 μηδαμῶς
2695 2226 2824 2294 περὶ
2854 2223 3112 2278 τοιούτων
3145 2225 3312 2293 λόγον
3352 2228 3544 2280 κινεῖν.
3583 2225 3780 2294 Συνοριῦ

2216 2315 2324 2386 γὰρ
2355 2316 2538 2382 αὐτὸς,
2601 2317 2676 2378 ὼς
2707 2318 2787 2379 εἰς
2815 2319 2985 2370 κακὸν
3014 2318 3322 2387 ἀνήκεστον
3356 2319 3687 2388 τελευτήσει,
3724 2317 3780 2369 ἂν

2214 2407 2294 2470 είς
2320 2397 2488 2476 ἀκοῆν
2510 2407 2638 2478 ἔλθῃ
2671 2408 2749 2476 τῷ
2780 2407 3188 2478 βασιλεϊ.Ἐμοὶ
3213 2408 3273 2462 δὲ
3309 2410 3622 2464 τούναντίον
3654 2410 3782 2462 ἅπαν

2215 2495 2394 2550 ἔπεισι
2427 2497 2523 2550 κα)⁸
2544 2499 2683 2550 νοεῖν
2701 2498 2800 2550 καὶ
2821 2497 3024 2565 λέγειν,
3055 2500 3084 2552 ό
3124 2499 3242 2562 νέος
3283 2501 3479 2570 εἴρηκε
3522 2498 3783 2570 βασιλεῠςο

2213 2591 2273 2643 οὐ
2309 2589 2414 2657 γὰρ
2451 2591 2640 2642 κακῶν
2687 2591 2892 2653 αἰτίους
2930 2592 3182 2643 τουτουσὶ
3228 2593 3366 2653 τοὺς
3423 2591 3634 2659 λόγους,
3663 2589 3783 2642 ἀλλὰ

2216 2679 2426 2750 μυρίων
2453 2677 2694 2746 ἀγαθῶν,
2733 2679 2798 2732 ἀν
2819 2695 2924 2747 περ
2959 2678 3032 2741 ὡς
3057 2679 3219 2741 αὐτὸς
3251 2679 3403 2742 ἀξιῶ
3427 2680 3681 2749 γένηται,
3715 2693 3788 2728 νο-

2216 2769 2376 2840 μίζω.
2407 2770 2530 2822 Ὅτι
2570 2770 2625 2823 δὲ
2667 2770 2760 2823 καὶ
2789 2769 2884 2822 ἐπὶ
2920 2769 3030 2822 τῶν
3074 2769 3376 2840 προτέρων
3421 2771 3679 2841 βασιλέων
3707 2785 3788 2838 γε·

2212 2863 2440 2932 γένηται
2492 2861 2718 2916 τοιαῦτά
2766 2878 2916 2927 τινα,
2968 2860 3204 2930 ἐγγύθεν
3265 2863 3657 2934 ’παράσχωμαι
3700 2859 3787 2928 τὴν

2211 2951 2509 3018 ἀπόδειξιν.
2541 2951 2602 3005 ’0
2633 2952 2741 3020 γὰρ
2765 2952 2895 3022 ἐμὸς
2925 2951 3187 3021 πρόγονος
3211 2952 3239 3003 ό
3263 2951 3535 3021 βασιλεὺς
3565 2950 3786 3021 Μιχαὴλ,

2211 3043 2291 3097 ἐτι
2318 3043 2417 3113 τὴν
2453 3043 2727 3112 ἰδιωτικὴν
2755 3043 3000 3111 στέργων
3023 3041 3215 3111 τύχην,
3248 3046 3360 3098 καὶ
3397 3043 3504 3098 ὑπὸ
3537 3045 3687 3112 χεῖρα
3716 3056 3791 3092 τε·

2211 3134 2320 3187 λῶν
2358 3133 2578 3206 Ἰωάννῃ
2598 3131 2848 3210 Βατάτζῃ
2869 3132 2946 3201 τῷ
2982 3132 3214 3202 βασιλεῖ,
3246 3137 3508 3190 κίνδυνόν
3527 3134 3646 3188 τινα
3673 3133 3788 3184 ὑπο·

2220 3227 2420 3293 νοήσας
2458 3227 2514 3287 ἐς
2567 3225 2730 3278 αὐτὸν
2780 3223 2931 3293 ἥξειν
2978 3225 3041 3276 ὲκ
3091 3224 3405 3292 βασιλέως,
3458 3223 3781 3295 ηὐτομόλησε

2219 3321 2356 3390 πρὸς
2390 3319 2480 3372 τὶν
2528 3319 2636 3372 τῶν
2670 3320 2893 3388 Περσῶν
2925 3319 3170 3390 ἡγεμόνα
3207 3319 3473 3376 Σουλτάν.
3511 3316 3622 3372 Εἶτ’
3655 3317 3785 3371 ἐκεῖ·

2170 3398 2176 3403 ’
2221 3412 2313 3467 θεν
2355 3414 2490 3483 πρὸς
2531 3412 2624 3466 τὸν
2659 3412 2878 3482 βασιλέα
2920 3412 3141 3483 πέμψας
3200 3411 3546 3485 πρεσϐείαν,
3602 3413 3784 3482 ὅρκους

2219 3503 2418 3576 ἀπῄτει
2447 3505 2538 3556 τὸν
2591 3503 2837 3575 βασιλέα,
2870 3502 2945 3565 ὡς
2980 3503 3074 3556 τοῦ
3105 3521 3164 3556 τε
3196 3504 3455 3575 δρασμοῦ
3493 3503 3789 3572 συγγνώσε-

2216 3613 2329 3659 ται,
2360 3598 2454 3649 καὶ
2509 3596 2588 3659 είς
2617 3595 2840 3648 τούπιὸν
2870 3595 3024 3657 οὐδὲν
3068 3595 3192 3649 κατ’
3223 3597 3397 3658 αὐτοῦ
3449 3595 3786 3666 βουλεύσεται

2217 3689 2499 3759 δυσχερές.
2547 3686 2604 3739 '0
2653 3686 2906 3756 βασιλεὺς
2962 3687 3020 3739 δὲ
3053 3687 3298 3756 ἄσμενός
3345 3667 3789 3760 τείπροσεδέξατο

2216 3779 2314 3850 τὴν
2343 3777 2662 3847 πρεσϐείαν,
2691 3780 2788 3832 καῖ
2819 3778 2942 3841 τοὺς
2961 3778 3158 3846 ὅρκους
3191 3780 3372 3837 ἐδίδου
3415 3780 3678 3847 δεσπότης
3699 3775 3784 3838 ῶν,

2215 3872 2404 3941 ῶσπερ
2446 3872 2475 3923 ὁ
2511 3870 2614 3922 ὑπὸ
2639 3873 2796 3940 χεῖρα
2834 3869 3006 3922 τελῶν
3031 3870 3208 3941 ἠξίου.
3248 3873 3370 3928 Οὐκ
3413 3872 3580 3934 αὐτὸς
3617 3871 3673 3923 δὲ
3697 3868 3789 3942 μό-

2214 3981 2327 4028 νον,
2382 3961 2519 4016 ἀλλὰ
2553 3965 2647 4014 καὶ
2697 3961 2804 4032 πρὸ
2833 3960 3024 4015 τούτου
3062 3963 3250 4016 πολλοὶ
3307 3964 3590 4034 ὠφελείας
3641 3958 3789 4014 ἕνεκά

2211 4070 2353 4112 τινος
2384 4053 2772 4121 όμωμόκεισαν
2793 4055 2902 4115 τοίς
2930 4053 3216 4122 ὑπηκόοις.
3246 4056 3402 4125 Πρὸς
3429 4055 3608 4123 αὐτῆς
3630 4055 3684 4111 δὲ
3704 4051 3792 4120 τῆς

2213 4146 2494 4216 ἀληθείας,
2535 4146 2587 4198 εί
2617 4162 2681 4212 γε
2711 4145 2804 4198 καὶ
2852 4144 2946 4196 νῦν
2979 4145 3133 4199 αὐτοὶ
3189 4141 3346 4200 οὗτοι
3387 4148 3522 4217 περὶ
3574 4140 3650 4202 ὧν
3687 4141 3791 4210 ἐγὼ

2210 4240 2336 4298 τοὺς
2365 4240 2560 4305 ὅρκους
2613 4237 2832 4290 ἀπαιτῶ
2858 4277 2873 4302 ,
2916 4236 3197 4299 δείσαντες
3230 4239 3330 4293 τὸν
3363 4240 3640 4306 κίνδυνον,
3695 4239 3795 4290 τινὶ

2210 4330 2646 4399 προσχωρήσωσι
2695 4329 2804 4382 τῶν
2832 4331 3260 4400 παρακειμένων
3295 4334 3451 4403 ἡμᾶς
3481 4331 3793 4403 βαρϐάρων,

2209 4419 2306 4474 εἶτ’
2343 4420 2555 4474 ἐκεῖθεν
2587 4419 2907 4490 πέμψαντες
2953 4422 3150 4492 ὅρκους
3195 4421 3492 4480 ἀπαιτῶσι
3531 4424 3626 4476 τὸν
3649 4423 3796 4494 βασι.

1797 4563 2013 4628 Jacobi
2052 4567 2318 4632 Pontani
2351 4577 2537 4632 notae.

607 4684 720 4769 (εο)
756 4683 1030 4769 Gregoras
1063 4683 1450 4769 Andronicum
1468 4685 1750 4769 juniorem
1787 4701 2094 4769 egressum,
2135 4697 2176 4751 ι)
2205 4701 2254 4769 et
2291 4691 2464 4747 liberis
2506 4693 2654 4769 meis.
2689 4695 2863 4769 quoad
2891 4694 3108 4759 vixeris,
3143 4711 3408 4769 magnam
3445 4698 3639 4753 debere
3674 4716 3795 4769 gra-

533 4754 852 4825 conjuratos
903 4754 1338 4825 circumstetisse
1381 4754 1483 4819 ait,
1527 4754 1898 4825 indignantes,
1957 4769 2012 4814 et
2047 4760 2101 4817 in

533 4823 664 4886 eum
692 4823 1082 4897 vociferantes,
1117 4832 1185 4897 ut
1221 4823 1338 4897 qui_
1365 4823 1774 4897 sanctissimum
1816 4828 2100 4897 jusjuran-

533 4896 664 4949 dum
697 4893 975 4954 violasset.
1017 4907 1082 4946 ac
1116 4893 1280 4947 fidem
1317 4894 1568 4962 fregisset
1603 4911 1617 4946 :
1652 4896 1790 4958 Quid
1818 4893 1982 4960 enim,
2017 4901 2103 4953 in-

532 4965 805 5036 quiebant,
852 4963 920 5015 ad
959 4963 1112 5018 istius
1151 4963 1367 5036 injuria:
1399 4965 1818 5036 magnitudinem
1855 4969 2102 5024 accedere

532 5033 712 5104 queat,
764 5050 883 5087 cum
934 5043 987 5104 tu
1022 5048 1128 5104 iper
1183 5048 1274 5086 nos
1324 5033 1699 5104 formidabilis,
1753 5045 1800 5089 et
1853 5038 2099 5104 invictus,

532 5103 710 5157 omnia
758 5119 820 5157 ea:
864 5103 1031 5173 animi
1066 5105 1324 5173 sententia
1369 5103 1522 5171 facile
1568 5107 1874 5173 confeceris,
1918 5109 1964 5162 si
2007 5103 2100 5164 nos

523 5173 854 5243 jugulaudos
880 5172 936 5243 in
957 5174 1070 5224 orci
1093 5171 1332 5243 faucibus
1367 5171 1698 5232 deserueris?
1732 5176 1868 5230 Tum
1901 5178 1969 5232 de
2015 5195 2104 5234 re-

531 5252 721 5317 cusata
765 5242 1113 5317 lcga_t_ione__a
1151 5242 1447 5317 Metochite
1478 5245 1596 5317 haec
1637 5247 1922 5317 subiungit
1953 5266 1966 5302 :
1999 5248 2100 5306 His

530 5323 578 5365 et
608 5311 908 5382 Itujusmodi
934 5312 1182 5389 gestibus,
1227 5321 1274 5364 et
1305 5313 1510 5389 vocibus
1542 5311 1765 5389 fractus,
1798 5311 2103 5389 et'pudefa-

531 5393 644 5435 ctus
671 5379 921 5455 magnum
949 5379 1290 5455 Logothetam
1319 5384 1477 5455 aduse
1503 5379 1678 5438 venire
1699 5379 1887 5455 jussit,
1911 5389 1974 5440 ab
2015 5379 2100 5442 eo-

530 5457 629 5531 que
658 5452 853 5532 petiit,_
877 5461 949 5532 ιιι⁸
977 5453 1307 5532 apudauum
1353 5453 1600 5532 efﬁceret,
1637 5452 1851 5532 ut:_sure
1879 5457 2099 5532 factioni

523 5519 903 5592 jurejurando,
929 5519 1303 5592 impunitatem
1331 5519 1503 5578 daret.
1554 5528 1623 5578 At
1668 5526 1760 5582 ille
1804 5519 2100 5583 ne'audire

531 5591 744 5651 quidem
772 5591 1036 5645 sustinens
1061 5607 1082 5646 :
1113 5591 1192 5645 Tu
1223 5610 1364 5656 vero,
1393 5595 1584 5656 inquit,
1624 5613 1727 5648 non
1774 5598 1900 5650 bene
1929 5607 2098 5653 tecum

534 5670 711 5736 actum
737 5677 844 5714 esse
875 5671 1052 5730 putas,
1086 5679 1178 5715 nec
1207 5664 1533 5736 immortales
1578 5665 1687 5720 Deo
1730 5669 1935 5736 gratias
1963 5671 2095 5736 agis,

532 5729 670 5795 quod
720 5729 914 5806 prwter
956 5733 1400 5806 exspectationem
1449 5751 1512 5788 ea:
1559 5738 1668 5789 orci
1699 5729 1936 5806 faucibus
1980 5729 2094 5790 ire?

536 5809 678 5867 ptas,
717 5802 995 5858 incolumis
1032 5811 1082 5857 et
1101 5803 1277 5859 saluus
1307 5804 1405 5859 es?
1433 5806 1513 5860 An
1548 5802 1764 5876 ignoras
1799 5814 1846 5862 te
1871 5815 1920 5862 et
1949 5809 2093 5877 mihi,

2208 4765 2359 4824 tiam,
2396 4763 2534 4833 quod
2573 4763 2850 4816 consilium
2886 4775 3071 4818 contra
3123 4772 3170 4819 te
3215 4767 3424 4822 initum
3487 4763 3800 4824 averti'mco

2207 4835 2526 4933 interventu,
2559 4833 2799 4904 quodque
2831 4848 2944 4885 meo
2979 4835 3224 4902 beneﬁcio
3257 4839 3436 4892 solem
3460 4842 3604 4894 hunc
3630 4842 3802 4893 intue-

2209 4912 2281 4957 ris
2296 4911 2317 4954 '.’
2340 4911 2448 4957 etc.

2281 4973 2391 5044 (il)
2423 4973 2702 5045 Exemplis
2742 4973 3077 5045 logothetam
3127 4975 3200 5029 ita
3257 4979 3609 5034 sentientem
3656 4979 3805 5034 dein-

2208 5058 2335 5111 ccps
2400 5043 2598 5096 refellit
2640 5043 2830 5111 nepos’.
2892 5046 2998 5100 Sed
3063 5045 3355 5113 logotheta
3400 5052 3663 5105 abutitur
3707 5064 3804 5102 no-

2207 5113 2352 5166 mine
2379 5127 2686 5183 servorum,
2721 5123 2777 5167 et
2806 5130 2904 5182 per
2927 5124 3311 5183 contemptum
3352 5123 3543 5174 socios
3586 5120 3799 5173 Andro-

2209 5183 2317 5236 nici
2384 5181 2626 5251 junioris
2678 5186 2757 5238 sic
2805 5181 3055 5239 nominat
3098 5201 3112 5238 :
3155 5181 3292 5240 Vere
3349 5201 3549 5244 autem
3597 5187 3800 5244 subditi

2206 5260 2369 5323 erant
2415 5252 2668 5323 senioris.
2702 5255 2771 5309 Et
2808 5256 3022 5322 nepotis
3053 5256 3314 5323 exempla
3345 5275 3462 5313 non
3499 5262 3571 5314 de
3601 5261 3800 5320 servis,

2208 5322 2301 5375 sed
2332 5321 2401 5376 de
2430 5322 2669 5376 subditis
2701 5333 2850 5379 sunt.
2883 5321 3015 5380 Iure
3050 5321 3304 5388 Romano
3338 5329 3612 5384 dominus
3643 5343 3801 5383 servo

2206 5406 2342 5469 nou_
2375 5393 2548 5469 jurat,
2592 5408 2704 5469 nec
2738 5393 2882 5469 servi
2909 5394 3198 5469 dominis,
3232 5397 3384 5469 quia
3423 5416 3534 5454 nec
3563 5413 3797 5469 persona

2198 5465 2346 5541 servi
2397 5462 2506 5516 ulla
2535 5477 2658 5541 esse
2691 5463 3020 5541 intelligitur
3045 5465 3168 5534 jure
3197 5462 3385 5533 civili,
3421 5485 3528 5524 nec
3559 5462 3799 5541 iurando

2197 5531 2503 5602 quidquam
2539 5533 2672 5600 agit,
2703 5534 2810 5588 nisi
2835 5531 2955 5602 qua:
2976 5531 3126 5602 jui'et
3159 5531 3389 5602 servus,
3423 5531 3627 5596 eadem
3660 5538 3798 5593 liber

2191 5600 2342 5669 juret
2365 5600 2530 5679 ’_p_ost_
2555 5600 3068 5679 manumisso—iuncto.
3100 5605 3316 5679 Et_hoo
3343 5600 3436 5663 est
3469 5610 3624 5679 quod
3650 5611 3800 5679 jure-

2197 5672 2436 5742 t:onsulti
2483 5673 2658 5742 aiunt,
2684 5688 2905 5727 servum
2937 5675 3150 5728 nullum
3175 5674 3273 5742 jus
3302 5672 3547 5734 habere.
3591 5672 3795 5734 Stibdio

2196 5749 2281 5795 tos
2329 5741 2692 5823 principibus,
2741 5751 2798 5795 et
2852 5743 3130 5823 principes
3173 5741 3434 5806 subditis
3460 5750 3680 5808 utiliter
3705 5747 3796 5823 ju-

2196 5758 2281 5795 IOS
2329 5758 2503 5811 punet
2546 5758 2692 5804 IDUS,
2741 5758 2798 5795 ει
2852 5758 2915 5810 ρι’

2196 5826 2343 5876 rare,
2377 5758 2542 5870 Ιηυὲ
2553 5811 2792 5875 dubium
2813 5821 2915 5868 est.
