  <div class='ocr_page' id='page_1' title='image "/cluster/home/n/w/nwhite01/storage/ocr_20150623/153:no.1/coo.31924054870583/082.png"; bbox 0 0 3962 6440; ppageno 0'>
   <div class='ocr_carea' id='block_1_1' title="bbox 222 355 317 421">
    <p class='ocr_par' dir='ltr' id='par_1_1' title="bbox 222 355 317 421">
     <span class='ocr_line' id='line_1_1' title="bbox 222 355 317 421; baseline -0.032 -1"><span class='ocrx_word' id='word_1_1' title='bbox 222 355 317 421; x_wconf 58' lang='grc'><strong>159</strong></span> 
     </span>
    </p>
   </div>
   <div class='ocr_carea' id='block_1_2' title="bbox 1405 361 2302 436">
    <p class='ocr_par' dir='ltr' id='par_1_2' title="bbox 1405 361 2302 436">
     <span class='ocr_line' id='line_1_2' title="bbox 1405 361 2302 436; baseline 0.012 -13"><span class='ocrx_word' id='word_1_2' title='bbox 1405 361 1954 431; x_wconf 80' lang='lat' dir='ltr'><strong>HISTORIARUM</strong></span> <span class='ocrx_word' id='word_1_3' title='bbox 1996 372 2233 436; x_wconf 80' lang='lat' dir='ltr'><strong>LIBER</strong></span> <span class='ocrx_word' id='word_1_4' title='bbox 2276 376 2302 434; x_wconf 84' lang='grc' dir='ltr'>Ι</span> 
     </span>
    </p>
   </div>
   <div class='ocr_carea' id='block_1_3' title="bbox 3388 382 3491 447">
    <p class='ocr_par' dir='ltr' id='par_1_3' title="bbox 3388 382 3491 447">
     <span class='ocr_line' id='line_1_3' title="bbox 3388 382 3491 447; baseline 0 0"><span class='ocrx_word' id='word_1_5' title='bbox 3388 382 3491 447; x_wconf 81' lang='grc'><strong>150</strong></span> 
     </span>
    </p>
   </div>
   <div class='ocr_carea' id='block_1_4' title="bbox 213 462 1788 558">
    <p class='ocr_par' dir='ltr' id='par_1_4' title="bbox 213 462 1788 541">
     <span class='ocr_line' id='line_1_4' title="bbox 213 462 1788 541; baseline 0.007 -23"><span class='ocrx_word' id='word_1_6' title='bbox 213 469 302 521; x_wconf 69' lang='lat' dir='ltr'><strong>ua</strong></span> <span class='ocrx_word' id='word_1_7' title='bbox 330 462 408 531; x_wconf 84' lang='grc' dir='ltr'>ὥς</span> <span class='ocrx_word' id='word_1_8' title='bbox 471 481 527 520; x_wconf 83' lang='grc' dir='ltr'><strong>τε</strong></span> <span class='ocrx_word' id='word_1_9' title='bbox 567 464 645 538; x_wconf 75' lang='grc' dir='ltr'>μὴ</span> <span class='ocrx_word' id='word_1_10' title='bbox 698 462 889 528; x_wconf 80' lang='grc' dir='ltr'>κακῶς</span> <span class='ocrx_word' id='word_1_11' title='bbox 924 466 1116 521; x_wconf 76' lang='grc' dir='ltr'>παθεῖν</span> <span class='ocrx_word' id='word_1_12' title='bbox 1174 466 1333 534; x_wconf 81' lang='grc' dir='ltr'>αὖθις</span> <span class='ocrx_word' id='word_1_13' title='bbox 1371 472 1788 541; x_wconf 77' lang='grc' dir='ltr'>ἐπανελθόντες,</span> 
     </span>
    </p>
   </div>
   <div class='ocr_carea' id='block_1_5' title="bbox 1891 462 3490 558">
    <p class='ocr_par' dir='ltr' id='par_1_5' title="bbox 1894 480 3490 558">
     <span class='ocr_line' id='line_1_5' title="bbox 1894 480 3490 558; baseline 0.011 -28"><span class='ocrx_word' id='word_1_14' title='bbox 1894 480 2151 535; x_wconf 88' lang='lat' dir='ltr'><strong>nuntium</strong></span> <span class='ocrx_word' id='word_1_15' title='bbox 2194 482 2552 554; x_wconf 79' lang='lat' dir='ltr'><strong>interponere</strong></span> <span class='ocrx_word' id='word_1_16' title='bbox 2610 502 2840 558; x_wconf 81' lang='lat' dir='ltr'><strong>prorsus</strong></span> <span class='ocrx_word' id='word_1_17' title='bbox 2892 488 3167 558; x_wconf 82' lang='lat' dir='ltr'><strong>abnuens,</strong></span> <span class='ocrx_word' id='word_1_18' title='bbox 3212 489 3490 548; x_wconf 73' lang='lat' dir='ltr'><strong>discessit.</strong></span> 
     </span>
    </p>
   </div>
   <div class='ocr_carea' id='block_1_6' title="bbox 211 559 1789 638">
    <p class='ocr_par' dir='ltr' id='par_1_6' title="bbox 211 559 1789 638">
     <span class='ocr_line' id='line_1_6' title="bbox 211 559 1789 638; baseline 0.008 -24"><span class='ocrx_word' id='word_1_19' title='bbox 211 562 305 614; x_wconf 76' lang='grc' dir='ltr'>οὐκ</span> <span class='ocrx_word' id='word_1_20' title='bbox 326 559 394 613; x_wconf 84' lang='grc' dir='ltr'><strong>ἀν</strong></span> <span class='ocrx_word' id='word_1_21' title='bbox 419 560 531 614; x_wconf 81' lang='grc' dir='ltr'>οῖει</span> <span class='ocrx_word' id='word_1_22' title='bbox 555 560 915 632; x_wconf 75' lang='grc' dir='ltr'><strong>βουλήσεσθαι</strong></span> <span class='ocrx_word' id='word_1_23' title='bbox 940 567 1274 637; x_wconf 76' lang='grc' dir='ltr'>παρασχεῖνς</span> <span class='ocrx_word' id='word_1_24' title='bbox 1315 562 1595 638; x_wconf 71' lang='grc' dir='ltr'>Ἐμοὶ,μὲν</span> <span class='ocrx_word' id='word_1_25' title='bbox 1620 568 1789 627; x_wconf 83' lang='grc' dir='ltr'>δοκεῖ.</span> 
     </span>
    </p>
   </div>
   <div class='ocr_carea' id='block_1_7' title="bbox 216 648 1791 731">
    <p class='ocr_par' dir='ltr' id='par_1_7' title="bbox 216 648 1791 731">
     <span class='ocr_line' id='line_1_7' title="bbox 216 648 1791 731; baseline 0.006 -26"><span class='ocrx_word' id='word_1_26' title='bbox 216 648 277 705; x_wconf 80' lang='grc' dir='ltr'>Ὅ</span> <span class='ocrx_word' id='word_1_27' title='bbox 303 650 491 707; x_wconf 83' lang='grc' dir='ltr'>τοίνυν</span> <span class='ocrx_word' id='word_1_28' title='bbox 539 654 600 705; x_wconf 69' lang='grc' dir='ltr'>ἐν</span> <span class='ocrx_word' id='word_1_29' title='bbox 632 653 804 724; x_wconf 79' lang='grc' dir='ltr'>ἑτέρῳ</span> <span class='ocrx_word' id='word_1_30' title='bbox 836 654 1012 725; x_wconf 79' lang='grc' dir='ltr'>χρόνῳ</span> <span class='ocrx_word' id='word_1_31' title='bbox 1046 657 1361 728; x_wconf 84' lang='grc' dir='ltr'>γενήσεται,</span> <span class='ocrx_word' id='word_1_32' title='bbox 1408 659 1575 731; x_wconf 85' lang='grc' dir='ltr'>φαίης</span> <span class='ocrx_word' id='word_1_33' title='bbox 1606 660 1695 728; x_wconf 80' lang='grc' dir='ltr'>ἂν,</span> <span class='ocrx_word' id='word_1_34' title='bbox 1722 659 1791 716; x_wconf 86' lang='grc' dir='ltr'><strong>δι’</strong></span> 
     </span>
    </p>
   </div>
   <div class='ocr_carea' id='block_1_8' title="bbox 212 744 1793 824">
    <p class='ocr_par' dir='ltr' id='par_1_8' title="bbox 212 744 1793 824">
     <span class='ocr_line' id='line_1_8' title="bbox 212 744 1793 824; baseline 0.007 -27"><span class='ocrx_word' id='word_1_35' title='bbox 212 745 453 816; x_wconf 75' lang='grc' dir='ltr'>ἀνάγκην</span> <span class='ocrx_word' id='word_1_36' title='bbox 481 744 728 814; x_wconf 67' lang='grc' dir='ltr'>γενέσθω</span> <span class='ocrx_word' id='word_1_37' title='bbox 759 746 863 799; x_wconf 79' lang='grc' dir='ltr'><strong>κάν</strong></span> <span class='ocrx_word' id='word_1_38' title='bbox 890 747 966 817; x_wconf 82' lang='grc' dir='ltr'>τῷ</span> <span class='ocrx_word' id='word_1_39' title='bbox 990 748 1221 817; x_wconf 80' lang='grc' dir='ltr'><strong>παρόντι</strong></span> <span class='ocrx_word' id='word_1_40' title='bbox 1270 750 1361 805; x_wconf 76' lang='grc' dir='ltr'><strong>διὰ</strong></span> <span class='ocrx_word' id='word_1_41' title='bbox 1401 754 1469 806; x_wconf 82' lang='grc' dir='ltr'>τὰ</span> <span class='ocrx_word' id='word_1_42' title='bbox 1513 753 1793 824; x_wconf 82' lang='grc' dir='ltr'>συμϐησό-</span> 
     </span>
    </p>
   </div>
   <div class='ocr_carea' id='block_1_9' title="bbox 222 826 1793 913">
    <p class='ocr_par' dir='ltr' id='par_1_9' title="bbox 222 826 1793 913">
     <span class='ocr_line' id='line_1_9' title="bbox 222 826 1793 913; baseline 0.007 -25"><span class='ocrx_word' id='word_1_43' title='bbox 222 852 347 905; x_wconf 71' lang='grc' dir='ltr'>μενα</span> <span class='ocrx_word' id='word_1_44' title='bbox 372 838 440 889; x_wconf 71' lang='grc' dir='ltr'>ἐκ</span> <span class='ocrx_word' id='word_1_45' title='bbox 477 834 673 890; x_wconf 86' lang='grc' dir='ltr'>τούτου</span> <span class='ocrx_word' id='word_1_46' title='bbox 722 826 895 891; x_wconf 82' lang='grc' dir='ltr'>πολλὰ</span> <span class='ocrx_word' id='word_1_47' title='bbox 920 838 1124 906; x_wconf 79' lang='grc' dir='ltr'>ἀγαθά.</span> <span class='ocrx_word' id='word_1_48' title='bbox 1168 838 1294 894; x_wconf 79' lang='grc' dir='ltr'>Ἐπὶ</span> <span class='ocrx_word' id='word_1_49' title='bbox 1338 841 1551 907; x_wconf 80' lang='grc' dir='ltr'><strong>τούτοις</strong></span> <span class='ocrx_word' id='word_1_50' title='bbox 1579 842 1793 913; x_wconf 82' lang='grc' dir='ltr'>λογοθέ-</span> 
     </span>
    </p>
   </div>
   <div class='ocr_carea' id='block_1_10' title="bbox 212 925 1793 1000">
    <p class='ocr_par' dir='ltr' id='par_1_10' title="bbox 212 925 1793 1000">
     <span class='ocr_line' id='line_1_10' title="bbox 212 925 1793 1000; baseline 0.007 -24"><span class='ocrx_word' id='word_1_51' title='bbox 212 942 300 995; x_wconf 83' lang='grc' dir='ltr'><strong>της</strong></span> <span class='ocrx_word' id='word_1_52' title='bbox 339 926 371 977; x_wconf 95' lang='lat'><strong>6</strong></span> <span class='ocrx_word' id='word_1_53' title='bbox 410 925 620 995; x_wconf 79' lang='grc' dir='ltr'>μέγας,</span> <span class='ocrx_word' id='word_1_54' title='bbox 647 926 775 989; x_wconf 88' lang='grc' dir='ltr'>τούς</span> <span class='ocrx_word' id='word_1_55' title='bbox 805 943 865 980; x_wconf 90' lang='grc' dir='ltr'><strong>τε</strong></span> <span class='ocrx_word' id='word_1_56' title='bbox 892 929 1193 999; x_wconf 80' lang='grc' dir='ltr'><strong>προτέρους</strong></span> <span class='ocrx_word' id='word_1_57' title='bbox 1250 930 1444 1000; x_wconf 84' lang='grc' dir='ltr'>λόγους</span> <span class='ocrx_word' id='word_1_58' title='bbox 1475 932 1793 1000; x_wconf 85' lang='grc' dir='ltr'>ἀναλαϐὼν,</span> 
     </span>
    </p>
   </div>
   <div class='ocr_carea' id='block_1_11' title="bbox 1902 565 3550 648">
    <p class='ocr_par' dir='ltr' id='par_1_11' title="bbox 1902 565 3550 648">
     <span class='ocr_line' id='line_1_11' title="bbox 1902 565 3550 648; baseline 0.007 -26"><span class='ocrx_word' id='word_1_59' title='bbox 1902 565 2076 624; x_wconf 81' lang='lat' dir='ltr'><strong>(Pace</strong></span> <span class='ocrx_word' id='word_1_60' title='bbox 2107 572 2457 641; x_wconf 90' lang='lat' dir='ltr'><strong>postmodum</strong></span> <span class='ocrx_word' id='word_1_61' title='bbox 2514 577 2843 644; x_wconf 90' lang='lat' dir='ltr'><strong>constituta,</strong></span> <span class='ocrx_word' id='word_1_62' title='bbox 2886 579 3279 648; x_wconf 71' lang='lat' dir='ltr'><strong>imperatorem</strong></span> <span class='ocrx_word' id='word_1_63' title='bbox 3326 594 3492 633; x_wconf 87' lang='lat' dir='ltr'><strong>avum</strong></span> <span class='ocrx_word' id='word_1_64' title='bbox 3538 594 3550 611; x_wconf 77' lang='grc' dir='ltr'><strong><em>ο</em></strong></span> 
     </span>
    </p>
   </div>
   <div class='ocr_carea' id='block_1_12' title="bbox 1902 658 3494 735">
    <p class='ocr_par' dir='ltr' id='par_1_12' title="bbox 1902 658 3494 735">
     <span class='ocr_line' id='line_1_12' title="bbox 1902 658 3494 735; baseline 0.007 -27"><span class='ocrx_word' id='word_1_65' title='bbox 1902 664 2219 713; x_wconf 85' lang='lat' dir='ltr'><strong>autumasse</strong></span> <span class='ocrx_word' id='word_1_66' title='bbox 2245 658 2448 729; x_wconf 81' lang='lat' dir='ltr'><strong>ferunt,</strong></span> <span class='ocrx_word' id='word_1_67' title='bbox 2487 662 2531 717; x_wconf 89' lang='lat' dir='ltr'><strong>si</strong></span> <span class='ocrx_word' id='word_1_68' title='bbox 2565 662 2633 719; x_wconf 90' lang='lat' dir='ltr'><strong>de</strong></span> <span class='ocrx_word' id='word_1_69' title='bbox 2661 663 3361 735; x_wconf 84' lang='lat' dir='ltr'><strong>juramentointellexisset</strong></span> <span class='ocrx_word' id='word_1_70' title='bbox 3392 665 3494 720; x_wconf 87' lang='lat' dir='ltr'><strong>ali-</strong></span> 
     </span>
    </p>
   </div>
   <div class='ocr_carea' id='block_1_13' title="bbox 1899 740 3483 820">
    <p class='ocr_par' dir='ltr' id='par_1_13' title="bbox 1899 740 3483 820">
     <span class='ocr_line' id='line_1_13' title="bbox 1899 740 3483 820; baseline 0.009 -18"><span class='ocrx_word' id='word_1_71' title='bbox 1899 749 2058 818; x_wconf 86' lang='lat' dir='ltr'><strong>quid,</strong></span> <span class='ocrx_word' id='word_1_72' title='bbox 2079 751 2393 820; x_wconf 87' lang='lat' dir='ltr'><strong>juraturum</strong></span> <span class='ocrx_word' id='word_1_73' title='bbox 2442 754 2638 818; x_wconf 84' lang='lat' dir='ltr'><strong>fuisse,</strong></span> <span class='ocrx_word' id='word_1_74' title='bbox 2664 766 2721 812; x_wconf 91' lang='lat' dir='ltr'><strong>et</strong></span> <span class='ocrx_word' id='word_1_75' title='bbox 2752 744 2824 812; x_wconf 57' lang='lat' dir='ltr'><strong>ita</strong></span> <span class='ocrx_word' id='word_1_76' title='bbox 2852 740 2979 814; x_wconf 85' lang='lat' dir='ltr'><strong>tam</strong></span> <span class='ocrx_word' id='word_1_77' title='bbox 3020 758 3327 815; x_wconf 80' lang='lat' dir='ltr'><strong>audacibus</strong></span> <span class='ocrx_word' id='word_1_78' title='bbox 3353 756 3483 816; x_wconf 82' lang='lat' dir='ltr'><strong>faci-</strong></span> 
     </span>
    </p>
   </div>
   <div class='ocr_carea' id='block_1_14' title="bbox 1900 841 3517 919">
    <p class='ocr_par' dir='ltr' id='par_1_14' title="bbox 1900 841 3517 919">
     <span class='ocr_line' id='line_1_14' title="bbox 1900 841 3517 919; baseline 0.01 -24"><span class='ocrx_word' id='word_1_79' title='bbox 1900 841 2135 898; x_wconf 89' lang='lat' dir='ltr'><strong>noribus</strong></span> <span class='ocrx_word' id='word_1_80' title='bbox 2164 847 2517 914; x_wconf 85' lang='lat' dir='ltr'><strong>supersederi</strong></span> <span class='ocrx_word' id='word_1_81' title='bbox 2578 850 2865 918; x_wconf 87' lang='lat' dir='ltr'><strong>potuisse;</strong></span> <span class='ocrx_word' id='word_1_82' title='bbox 2897 852 3028 911; x_wconf 88' lang='lat' dir='ltr'><strong>hinc</strong></span> <span class='ocrx_word' id='word_1_83' title='bbox 3058 859 3118 907; x_wconf 89' lang='lat' dir='ltr'><strong>et</strong></span> <span class='ocrx_word' id='word_1_84' title='bbox 3158 861 3329 908; x_wconf 88' lang='lat' dir='ltr'><strong>totam</strong></span> <span class='ocrx_word' id='word_1_85' title='bbox 3357 854 3517 919; x_wconf 63' lang='lat' dir='ltr'><strong>belli~</strong></span> 
     </span>
    </p>
   </div>
   <div class='ocr_carea' id='block_1_15' title="bbox 1902 935 3492 1015">
    <p class='ocr_par' dir='ltr' id='par_1_15' title="bbox 1902 935 3492 1015">
     <span class='ocr_line' id='line_1_15' title="bbox 1902 935 3492 1015; baseline 0.009 -27"><span class='ocrx_word' id='word_1_86' title='bbox 1902 935 2123 1004; x_wconf 90' lang='lat' dir='ltr'><strong>culpam</strong></span> <span class='ocrx_word' id='word_1_87' title='bbox 2169 936 2225 992; x_wconf 92' lang='lat' dir='ltr'><strong>in</strong></span> <span class='ocrx_word' id='word_1_88' title='bbox 2261 953 2518 1010; x_wconf 83' lang='lat' dir='ltr'><strong>magnum</strong></span> <span class='ocrx_word' id='word_1_89' title='bbox 2548 941 2886 1012; x_wconf 78' lang='lat' dir='ltr'><strong>logotbetam</strong></span> <span class='ocrx_word' id='word_1_90' title='bbox 2939 943 3290 1015; x_wconf 89' lang='lat' dir='ltr'><strong>conjiciebat.</strong></span> <span class='ocrx_word' id='word_1_91' title='bbox 3318 954 3336 1010; x_wconf 84' lang='lat'><strong>)</strong></span> <span class='ocrx_word' id='word_1_92' title='bbox 3367 945 3492 1002; x_wconf 72' lang='lat' dir='ltr'><strong>Mox</strong></span> 
     </span>
    </p>
   </div>
   <div class='ocr_carea' id='block_1_16' title="bbox 210 1014 1788 1108">
    <p class='ocr_par' dir='ltr' id='par_1_16' title="bbox 210 1014 1784 1095">
     <span class='ocr_line' id='line_1_16' title="bbox 210 1014 1784 1095; baseline 0.006 -28"><span class='ocrx_word' id='word_1_93' title='bbox 210 1017 297 1067; x_wconf 73' lang='lat' dir='ltr'><strong>ul.</strong></span> <span class='ocrx_word' id='word_1_94' title='bbox 327 1014 593 1078; x_wconf 80' lang='grc' dir='ltr'>πλείονας</span> <span class='ocrx_word' id='word_1_95' title='bbox 645 1015 869 1086; x_wconf 77' lang='grc' dir='ltr'>ἑτέρους</span> <span class='ocrx_word' id='word_1_96' title='bbox 926 1020 1205 1089; x_wconf 83' lang='grc' dir='ltr'>συνείρας,</span> <span class='ocrx_word' id='word_1_97' title='bbox 1268 1020 1363 1073; x_wconf 78' lang='grc' dir='ltr'>καὶ</span> <span class='ocrx_word' id='word_1_98' title='bbox 1438 1025 1784 1095; x_wconf 73' lang='grc' dir='ltr'>πανταχόθεν</span> 
     </span>
    </p>
   </div>
   <div class='ocr_carea' id='block_1_17' title="bbox 1891 1014 3489 1108">
    <p class='ocr_par' dir='ltr' id='par_1_17' title="bbox 1892 1022 3489 1108">
     <span class='ocr_line' id='line_1_17' title="bbox 1892 1022 3489 1108; baseline 0.013 -28"><span class='ocrx_word' id='word_1_99' title='bbox 1892 1025 2086 1097; x_wconf 88' lang='lat' dir='ltr'><strong>junior</strong></span> <span class='ocrx_word' id='word_1_100' title='bbox 2113 1022 2307 1086; x_wconf 81' lang='lat' dir='ltr'><strong>amicis</strong></span> <span class='ocrx_word' id='word_1_101' title='bbox 2346 1034 2893 1103; x_wconf 72' lang='lat' dir='ltr'><strong>supervenientibus,</strong></span> <span class='ocrx_word' id='word_1_102' title='bbox 2948 1052 3072 1108; x_wconf 66' lang='lat' dir='ltr'><strong>quae</strong></span> <span class='ocrx_word' id='word_1_103' title='bbox 3106 1039 3225 1108; x_wconf 87' lang='lat' dir='ltr'><strong>ipse</strong></span> <span class='ocrx_word' id='word_1_104' title='bbox 3258 1038 3489 1100; x_wconf 77' lang='lat' dir='ltr'><strong>dixerit.</strong></span> 
     </span>
    </p>
   </div>
   <div class='ocr_carea' id='block_1_18' title="bbox 209 1108 1788 1196">
    <p class='ocr_par' dir='ltr' id='par_1_18' title="bbox 209 1108 1788 1184">
     <span class='ocr_line' id='line_1_18' title="bbox 209 1108 1788 1184; baseline 0.007 -24"><span class='ocrx_word' id='word_1_105' title='bbox 209 1108 496 1179; x_wconf 70' lang='grc' dir='ltr'>ἀλυσιτελῆ</span> <span class='ocrx_word' id='word_1_106' title='bbox 526 1109 625 1163; x_wconf 75' lang='grc' dir='ltr'><strong>καὶ</strong></span> <span class='ocrx_word' id='word_1_107' title='bbox 647 1109 911 1163; x_wconf 69' lang='grc' dir='ltr'>ἀδύνατον</span> <span class='ocrx_word' id='word_1_108' title='bbox 943 1112 1043 1181; x_wconf 79' lang='grc' dir='ltr'>τὴν</span> <span class='ocrx_word' id='word_1_109' title='bbox 1071 1113 1292 1184; x_wconf 81' lang='grc' dir='ltr'>αίτησιν</span> <span class='ocrx_word' id='word_1_110' title='bbox 1329 1114 1642 1182; x_wconf 80' lang='grc' dir='ltr'>ἀποδείξας,</span> <span class='ocrx_word' id='word_1_111' title='bbox 1693 1118 1788 1173; x_wconf 74' lang='grc' dir='ltr'>καὶ</span> 
     </span>
    </p>
   </div>
   <div class='ocr_carea' id='block_1_19' title="bbox 1891 1108 3487 1196">
    <p class='ocr_par' dir='ltr' id='par_1_19' title="bbox 1897 1121 3487 1196">
     <span class='ocr_line' id='line_1_19' title="bbox 1897 1121 3487 1196; baseline 0.009 -23"><span class='ocrx_word' id='word_1_112' title='bbox 1897 1135 2022 1190; x_wconf 74' lang='lat' dir='ltr'><strong>quae</strong></span> <span class='ocrx_word' id='word_1_113' title='bbox 2046 1121 2327 1193; x_wconf 82' lang='lat' dir='ltr'><strong>logotbeta</strong></span> <span class='ocrx_word' id='word_1_114' title='bbox 2366 1126 2719 1196; x_wconf 88' lang='lat' dir='ltr'><strong>responderit</strong></span> <span class='ocrx_word' id='word_1_115' title='bbox 2749 1143 2874 1183; x_wconf 90' lang='lat' dir='ltr'><strong>cum</strong></span> <span class='ocrx_word' id='word_1_116' title='bbox 2921 1139 3309 1195; x_wconf 83' lang='lat' dir='ltr'><strong>memorasset,</strong></span> <span class='ocrx_word' id='word_1_117' title='bbox 3335 1140 3392 1186; x_wconf 91' lang='lat' dir='ltr'><strong>et</strong></span> <span class='ocrx_word' id='word_1_118' title='bbox 3419 1133 3487 1187; x_wconf 88' lang='lat' dir='ltr'><strong>ad</strong></span> 
     </span>
    </p>
   </div>
   <div class='ocr_carea' id='block_1_20' title="bbox 209 1197 1788 1292">
    <p class='ocr_par' dir='ltr' id='par_1_20' title="bbox 209 1197 1788 1271">
     <span class='ocr_line' id='line_1_20' title="bbox 209 1197 1788 1271; baseline 0.01 -24"><span class='ocrx_word' id='word_1_119' title='bbox 209 1199 340 1268; x_wconf 69' lang='grc' dir='ltr'>πρὸς</span> <span class='ocrx_word' id='word_1_120' title='bbox 377 1197 443 1250; x_wconf 84' lang='grc' dir='ltr'><strong>τδ</strong></span> <span class='ocrx_word' id='word_1_121' title='bbox 476 1197 738 1266; x_wconf 75' lang='grc' dir='ltr'>γενέσθαι</span> <span class='ocrx_word' id='word_1_122' title='bbox 766 1199 1022 1255; x_wconf 79' lang='grc' dir='ltr'>τοιούτων</span> <span class='ocrx_word' id='word_1_123' title='bbox 1058 1201 1290 1270; x_wconf 75' lang='grc' dir='ltr'>ἄγγελος</span> <span class='ocrx_word' id='word_1_124' title='bbox 1331 1206 1618 1271; x_wconf 75' lang='grc' dir='ltr'>παντελῶς</span> <span class='ocrx_word' id='word_1_125' title='bbox 1656 1210 1788 1263; x_wconf 84' lang='grc' dir='ltr'>ἀνα-</span> 
     </span>
    </p>
   </div>
   <div class='ocr_carea' id='block_1_21' title="bbox 1891 1197 3490 1292">
    <p class='ocr_par' dir='ltr' id='par_1_21' title="bbox 1896 1214 3490 1292">
     <span class='ocr_line' id='line_1_21' title="bbox 1896 1214 3490 1292; baseline 0.007 -26"><span class='ocrx_word' id='word_1_126' title='bbox 1896 1222 2206 1268; x_wconf 77' lang='lat' dir='ltr'><strong>extremum</strong></span> <span class='ocrx_word' id='word_1_127' title='bbox 2255 1214 2547 1285; x_wconf 85' lang='lat' dir='ltr'><strong>adjecisset</strong></span> <span class='ocrx_word' id='word_1_128' title='bbox 2586 1234 2600 1272; x_wconf 90' lang='lat'><strong>:</strong></span> <span class='ocrx_word' id='word_1_129' title='bbox 2637 1218 2733 1273; x_wconf 92' lang='lat' dir='ltr'><strong>Dei</strong></span> <span class='ocrx_word' id='word_1_130' title='bbox 2795 1230 3037 1274; x_wconf 87' lang='lat' dir='ltr'><strong>mentem</strong></span> <span class='ocrx_word' id='word_1_131' title='bbox 3079 1221 3490 1292; x_wconf 85' lang='lat' dir='ltr'><strong>consiliumque</strong></span> 
     </span>
    </p>
   </div>
   <div class='ocr_carea' id='block_1_22' title="bbox 209 1286 1788 1381">
    <p class='ocr_par' dir='ltr' id='par_1_22' title="bbox 209 1286 1788 1371">
     <span class='ocr_line' id='line_1_22' title="bbox 209 1286 1788 1371; baseline 0.008 -29"><span class='ocrx_word' id='word_1_132' title='bbox 209 1290 425 1354; x_wconf 76' lang='grc' dir='ltr'>νεύσας,</span> <span class='ocrx_word' id='word_1_133' title='bbox 483 1286 732 1361; x_wconf 79' lang='grc' dir='ltr'>ἀπῆλθεν</span> <span class='ocrx_word' id='word_1_134' title='bbox 791 1290 1020 1362; x_wconf 69' lang='grc' dir='ltr'>(ἔφασκε</span> <span class='ocrx_word' id='word_1_135' title='bbox 1076 1294 1124 1348; x_wconf 81' lang='grc' dir='ltr'>δ’</span> <span class='ocrx_word' id='word_1_136' title='bbox 1171 1297 1230 1348; x_wconf 77' lang='grc' dir='ltr'>ὲν</span> <span class='ocrx_word' id='word_1_137' title='bbox 1273 1296 1523 1368; x_wconf 79' lang='grc' dir='ltr'>ὑστέροις</span> <span class='ocrx_word' id='word_1_138' title='bbox 1574 1301 1788 1371; x_wconf 80' lang='grc' dir='ltr'>χρόνοις</span> 
     </span>
    </p>
   </div>
   <div class='ocr_carea' id='block_1_23' title="bbox 1891 1286 3490 1381">
    <p class='ocr_par' dir='ltr' id='par_1_23' title="bbox 1897 1303 3490 1381">
     <span class='ocr_line' id='line_1_23' title="bbox 1897 1303 3490 1381; baseline 0.008 -24"><span class='ocrx_word' id='word_1_139' title='bbox 1897 1303 2023 1373; x_wconf 85' lang='lat' dir='ltr'><strong>quis</strong></span> <span class='ocrx_word' id='word_1_140' title='bbox 2060 1307 2358 1377; x_wconf 83' lang='lat' dir='ltr'><strong>cognovit?</strong></span> <span class='ocrx_word' id='word_1_141' title='bbox 2387 1312 2466 1364; x_wconf 91' lang='lat' dir='ltr'><strong>uti</strong></span> <span class='ocrx_word' id='word_1_142' title='bbox 2497 1309 2679 1366; x_wconf 90' lang='lat' dir='ltr'><strong>adhuc</strong></span> <span class='ocrx_word' id='word_1_143' title='bbox 2703 1312 2988 1381; x_wconf 78' lang='lat' dir='ltr'><strong>paulisper</strong></span> <span class='ocrx_word' id='word_1_144' title='bbox 3024 1313 3313 1369; x_wconf 88' lang='lat' dir='ltr'><strong>tolerando</strong></span> <span class='ocrx_word' id='word_1_145' title='bbox 3342 1314 3490 1369; x_wconf 87' lang='lat' dir='ltr'><strong>viros</strong></span> 
     </span>
    </p>
   </div>
   <div class='ocr_carea' id='block_1_24' title="bbox 152 1382 1788 1466">
    <p class='ocr_par' dir='ltr' id='par_1_24' title="bbox 152 1382 1787 1460">
     <span class='ocr_line' id='line_1_24' title="bbox 152 1382 1787 1460; baseline 0.013 -32"><span class='ocrx_word' id='word_1_146' title='bbox 152 1418 162 1428; x_wconf 95' lang='lat'><strong>.</strong></span> <span class='ocrx_word' id='word_1_147' title='bbox 214 1382 429 1452; x_wconf 73' lang='grc' dir='ltr'>εἰρήνης</span> <span class='ocrx_word' id='word_1_148' title='bbox 467 1383 773 1456; x_wconf 73' lang='grc' dir='ltr'>γενομένης</span> <span class='ocrx_word' id='word_1_149' title='bbox 798 1387 826 1438; x_wconf 92' lang='lat'><strong>6</strong></span> <span class='ocrx_word' id='word_1_150' title='bbox 864 1384 1241 1459; x_wconf 82' lang='grc' dir='ltr'>πρεσϐύτερος</span> <span class='ocrx_word' id='word_1_151' title='bbox 1284 1389 1568 1460; x_wconf 78' lang='grc' dir='ltr'>βασιλεὺς,</span> <span class='ocrx_word' id='word_1_152' title='bbox 1605 1393 1682 1458; x_wconf 88' lang='grc' dir='ltr'><strong>ὡς</strong></span> <span class='ocrx_word' id='word_1_153' title='bbox 1738 1397 1787 1450; x_wconf 85' lang='grc' dir='ltr'>εἰ</span> 
     </span>
    </p>
   </div>
   <div class='ocr_carea' id='block_1_25' title="bbox 1891 1382 3487 1466">
    <p class='ocr_par' dir='ltr' id='par_1_25' title="bbox 1897 1403 3487 1466">
     <span class='ocr_line' id='line_1_25' title="bbox 1897 1403 3487 1466; baseline 0.007 -16"><span class='ocrx_word' id='word_1_154' title='bbox 1897 1411 1956 1451; x_wconf 89' lang='lat' dir='ltr'><strong>se</strong></span> <span class='ocrx_word' id='word_1_155' title='bbox 2006 1407 2352 1466; x_wconf 71' lang='lat' dir='ltr'><strong>praestarent,</strong></span> <span class='ocrx_word' id='word_1_156' title='bbox 2415 1417 2510 1456; x_wconf 91' lang='lat' dir='ltr'><strong>eos</strong></span> <span class='ocrx_word' id='word_1_157' title='bbox 2568 1413 2655 1459; x_wconf 90' lang='lat' dir='ltr'><strong>cst</strong></span> <span class='ocrx_word' id='word_1_158' title='bbox 2703 1403 3030 1460; x_wconf 83' lang='lat' dir='ltr'><strong>cohortatus</strong></span> <span class='ocrx_word' id='word_1_159' title='bbox 3093 1421 3108 1458; x_wconf 94' lang='lat'><strong>:</strong></span> <span class='ocrx_word' id='word_1_160' title='bbox 3154 1406 3487 1462; x_wconf 86' lang='lat' dir='ltr'><strong>hodiernum</strong></span> 
     </span>
    </p>
   </div>
   <div class='ocr_carea' id='block_1_26' title="bbox 216 1474 1788 1569">
    <p class='ocr_par' dir='ltr' id='par_1_26' title="bbox 216 1474 1784 1552">
     <span class='ocr_line' id='line_1_26' title="bbox 216 1474 1784 1552; baseline 0.009 -26"><span class='ocrx_word' id='word_1_161' title='bbox 216 1480 330 1545; x_wconf 72' lang='grc' dir='ltr'>περὶ</span> <span class='ocrx_word' id='word_1_162' title='bbox 363 1474 480 1528; x_wconf 82' lang='grc' dir='ltr'><strong>τῶν</strong></span> <span class='ocrx_word' id='word_1_163' title='bbox 537 1476 716 1545; x_wconf 86' lang='grc' dir='ltr'>ὅρκων</span> <span class='ocrx_word' id='word_1_164' title='bbox 742 1476 890 1548; x_wconf 83' lang='grc' dir='ltr'><strong>αύτῷ</strong></span> <span class='ocrx_word' id='word_1_165' title='bbox 917 1478 1263 1551; x_wconf 79' lang='grc' dir='ltr'><strong>ἀπηγγέλθη,</strong></span> <span class='ocrx_word' id='word_1_166' title='bbox 1299 1481 1585 1552; x_wconf 84' lang='grc' dir='ltr'>ὀμωμόκει</span> <span class='ocrx_word' id='word_1_167' title='bbox 1608 1503 1668 1538; x_wconf 89' lang='grc' dir='ltr'><strong>τε</strong></span> <span class='ocrx_word' id='word_1_168' title='bbox 1694 1486 1784 1551; x_wconf 84' lang='grc' dir='ltr'>ἂν,</span> 
     </span>
    </p>
   </div>
   <div class='ocr_carea' id='block_1_27' title="bbox 1891 1474 3490 1569">
    <p class='ocr_par' dir='ltr' id='par_1_27' title="bbox 1892 1490 3490 1569">
     <span class='ocr_line' id='line_1_27' title="bbox 1892 1490 3490 1569; baseline 0.007 -27"><span class='ocrx_word' id='word_1_169' title='bbox 1892 1490 2098 1561; x_wconf 83' lang='lat' dir='ltr'><strong>quippe</strong></span> <span class='ocrx_word' id='word_1_170' title='bbox 2144 1491 2293 1547; x_wconf 89' lang='lat' dir='ltr'><strong>diem</strong></span> <span class='ocrx_word' id='word_1_171' title='bbox 2355 1494 2672 1559; x_wconf 85' lang='lat' dir='ltr'><strong>ducturum,</strong></span> <span class='ocrx_word' id='word_1_172' title='bbox 2734 1497 2883 1568; x_wconf 73' lang='lat' dir='ltr'><strong>quod</strong></span> <span class='ocrx_word' id='word_1_173' title='bbox 2939 1498 3229 1569; x_wconf 82' lang='lat' dir='ltr'><strong>hucusque</strong></span> <span class='ocrx_word' id='word_1_174' title='bbox 3289 1497 3490 1554; x_wconf 75' lang='lat' dir='ltr'><strong>fuisset</strong></span> 
     </span>
    </p>
   </div>
   <div class='ocr_carea' id='block_1_28' title="bbox 216 1565 1788 1661">
    <p class='ocr_par' dir='ltr' id='par_1_28' title="bbox 216 1565 1788 1642">
     <span class='ocr_line' id='line_1_28' title="bbox 216 1565 1788 1642; baseline 0.01 -27"><span class='ocrx_word' id='word_1_175' title='bbox 216 1567 298 1616; x_wconf 74' lang='grc' dir='ltr'>καὶ</span> <span class='ocrx_word' id='word_1_176' title='bbox 365 1565 529 1619; x_wconf 73' lang='grc' dir='ltr'>οὐδὲν</span> <span class='ocrx_word' id='word_1_177' title='bbox 567 1565 841 1638; x_wconf 72' lang='grc' dir='ltr'>ἐτολμήθη</span> <span class='ocrx_word' id='word_1_178' title='bbox 900 1567 1009 1622; x_wconf 85' lang='grc' dir='ltr'><strong>τῶν</strong></span> <span class='ocrx_word' id='word_1_179' title='bbox 1065 1571 1527 1642; x_wconf 79' lang='grc' dir='ltr'>τετολμημένων,</span> <span class='ocrx_word' id='word_1_180' title='bbox 1578 1574 1660 1629; x_wconf 84' lang='grc' dir='ltr'>διὸ</span> <span class='ocrx_word' id='word_1_181' title='bbox 1695 1578 1788 1631; x_wconf 73' lang='grc' dir='ltr'>καὶ</span> 
     </span>
    </p>
   </div>
   <div class='ocr_carea' id='block_1_29' title="bbox 1891 1565 3489 1661">
    <p class='ocr_par' dir='ltr' id='par_1_29' title="bbox 1896 1581 3489 1661">
     <span class='ocr_line' id='line_1_29' title="bbox 1896 1581 3489 1661; baseline 0.006 -26"><span class='ocrx_word' id='word_1_182' title='bbox 1896 1581 2372 1654; x_wconf 59' lang='lat' dir='ltr'><strong>ignoratumﬁam</strong></span> <span class='ocrx_word' id='word_1_183' title='bbox 2398 1602 2523 1643; x_wconf 89' lang='lat' dir='ltr'><strong>cum</strong></span> <span class='ocrx_word' id='word_1_184' title='bbox 2540 1603 2772 1660; x_wconf 86' lang='lat' dir='ltr'><strong>magnus</strong></span> <span class='ocrx_word' id='word_1_185' title='bbox 2793 1587 3135 1645; x_wconf 81' lang='lat' dir='ltr'><strong>domesticus</strong></span> <span class='ocrx_word' id='word_1_186' title='bbox 3159 1589 3226 1645; x_wconf 87' lang='lat' dir='ltr'><strong>ad</strong></span> <span class='ocrx_word' id='word_1_187' title='bbox 3252 1606 3489 1661; x_wconf 81' lang='lat' dir='ltr'><strong>respon-</strong></span> 
     </span>
    </p>
   </div>
   <div class='ocr_carea' id='block_1_30' title="bbox 213 1656 1788 1751">
    <p class='ocr_par' dir='ltr' id='par_1_30' title="bbox 213 1656 1788 1738">
     <span class='ocr_line' id='line_1_30' title="bbox 213 1656 1788 1738; baseline 0.009 -30"><span class='ocrx_word' id='word_1_188' title='bbox 213 1658 304 1727; x_wconf 79' lang='grc' dir='ltr'><strong>τὴν</strong></span> <span class='ocrx_word' id='word_1_189' title='bbox 331 1656 517 1711; x_wconf 76' lang='grc' dir='ltr'>αἰτίαν</span> <span class='ocrx_word' id='word_1_190' title='bbox 565 1656 782 1712; x_wconf 71' lang='grc' dir='ltr'>ἅπασαν</span> <span class='ocrx_word' id='word_1_191' title='bbox 813 1658 908 1713; x_wconf 87' lang='grc' dir='ltr'><strong>τοῦ</strong></span> <span class='ocrx_word' id='word_1_192' title='bbox 944 1661 1186 1733; x_wconf 81' lang='grc' dir='ltr'>πολέμου</span> <span class='ocrx_word' id='word_1_193' title='bbox 1234 1666 1316 1724; x_wconf 83' lang='grc' dir='ltr'><strong>είς</strong></span> <span class='ocrx_word' id='word_1_194' title='bbox 1338 1664 1635 1738; x_wconf 85' lang='grc' dir='ltr'>λογοθέτην</span> <span class='ocrx_word' id='word_1_195' title='bbox 1663 1670 1788 1723; x_wconf 88' lang='grc' dir='ltr'>ἀνε-</span> 
     </span>
    </p>
   </div>
   <div class='ocr_carea' id='block_1_31' title="bbox 1891 1656 3490 1751">
    <p class='ocr_par' dir='ltr' id='par_1_31' title="bbox 1896 1656 3490 1751">
     <span class='ocr_line' id='line_1_31' title="bbox 1896 1656 3490 1751; baseline 0.005 -21"><span class='ocrx_word' id='word_1_196' title='bbox 1896 1676 2135 1731; x_wconf 91' lang='lat' dir='ltr'><strong>dendum</strong></span> <span class='ocrx_word' id='word_1_197' title='bbox 2169 1678 2515 1748; x_wconf 82' lang='lat' dir='ltr'><strong>praestitutus</strong></span> <span class='ocrx_word' id='word_1_198' title='bbox 2548 1656 2796 1747; x_wconf 41' lang='lat' dir='ltr'><strong>sit,&#39;eum</strong></span> <span class='ocrx_word' id='word_1_199' title='bbox 2845 1681 2960 1751; x_wconf 89' lang='lat' dir='ltr'><strong>ipsa</strong></span> <span class='ocrx_word' id='word_1_200' title='bbox 3019 1656 3382 1751; x_wconf 72' lang='lat' dir='ltr'><strong>responsione</strong></span> <span class='ocrx_word' id='word_1_201' title='bbox 3430 1692 3490 1738; x_wconf 85' lang='lat' dir='ltr'><strong>et</strong></span> 
     </span>
    </p>
   </div>
   <div class='ocr_carea' id='block_1_32' title="bbox 215 1747 1788 1846">
    <p class='ocr_par' dir='ltr' id='par_1_32' title="bbox 215 1747 1788 1832">
     <span class='ocr_line' id='line_1_32' title="bbox 215 1747 1788 1832; baseline 0.011 -32"><span class='ocrx_word' id='word_1_202' title='bbox 215 1747 345 1801; x_wconf 80' lang='grc' dir='ltr'>τίθει</span> <span class='ocrx_word' id='word_1_203' title='bbox 368 1748 462 1801; x_wconf 77' lang='grc' dir='ltr'><strong>τὸν</strong></span> <span class='ocrx_word' id='word_1_204' title='bbox 499 1749 722 1821; x_wconf 83' lang='grc' dir='ltr'>μέγαν).</span> <span class='ocrx_word' id='word_1_205' title='bbox 751 1751 876 1815; x_wconf 86' lang='grc' dir='ltr'>Τοῖς</span> <span class='ocrx_word' id='word_1_206' title='bbox 922 1753 1103 1822; x_wconf 80' lang='grc' dir='ltr'>φίλοις</span> <span class='ocrx_word' id='word_1_207' title='bbox 1134 1754 1181 1807; x_wconf 88' lang='grc' dir='ltr'>δ’</span> <span class='ocrx_word' id='word_1_208' title='bbox 1214 1755 1381 1820; x_wconf 81' lang='grc' dir='ltr'>εὐθὺς</span> <span class='ocrx_word' id='word_1_209' title='bbox 1411 1759 1560 1829; x_wconf 81' lang='grc' dir='ltr'>αὐτῷ</span> <span class='ocrx_word' id='word_1_210' title='bbox 1607 1778 1788 1832; x_wconf 82' lang='grc' dir='ltr'>παρα·</span> 
     </span>
    </p>
   </div>
   <div class='ocr_carea' id='block_1_33' title="bbox 1891 1747 3485 1846">
    <p class='ocr_par' dir='ltr' id='par_1_33' title="bbox 1896 1747 3485 1846">
     <span class='ocr_line' id='line_1_33' title="bbox 1896 1747 3485 1846; baseline 0.004 -25"><span class='ocrx_word' id='word_1_211' title='bbox 1896 1768 2134 1831; x_wconf 83' lang='lat' dir='ltr'><strong>consilii,</strong></span> <span class='ocrx_word' id='word_1_212' title='bbox 2172 1747 2229 1823; x_wconf 88' lang='lat' dir='ltr'><strong>et</strong></span> <span class='ocrx_word' id='word_1_213' title='bbox 2267 1771 2504 1827; x_wconf 84' lang='lat' dir='ltr'><strong>actionis</strong></span> <span class='ocrx_word' id='word_1_214' title='bbox 2532 1771 2730 1828; x_wconf 89' lang='lat' dir='ltr'><strong>ducem</strong></span> <span class='ocrx_word' id='word_1_215' title='bbox 2788 1747 2927 1831; x_wconf 70' lang='lat' dir='ltr'><strong>fore.</strong></span> <span class='ocrx_word' id='word_1_216' title='bbox 2958 1747 3139 1844; x_wconf 79' lang='lat' dir='ltr'><strong>Aique</strong></span> <span class='ocrx_word' id='word_1_217' title='bbox 3171 1775 3225 1828; x_wconf 90' lang='lat' dir='ltr'><strong>bi</strong></span> <span class='ocrx_word' id='word_1_218' title='bbox 3261 1774 3485 1846; x_wconf 87' lang='lat' dir='ltr'><strong>quidem</strong></span> 
     </span>
    </p>
   </div>
   <div class='ocr_carea' id='block_1_34' title="bbox 216 1841 1788 1934">
    <p class='ocr_par' dir='ltr' id='par_1_34' title="bbox 216 1841 1788 1924">
     <span class='ocr_line' id='line_1_34' title="bbox 216 1841 1788 1924; baseline 0.011 -32"><span class='ocrx_word' id='word_1_219' title='bbox 216 1842 547 1910; x_wconf 69' lang='grc' dir='ltr'>γενομένοις,</span> <span class='ocrx_word' id='word_1_220' title='bbox 575 1841 612 1896; x_wconf 80' lang='grc' dir='ltr'><strong>ἀ</strong></span> <span class='ocrx_word' id='word_1_221' title='bbox 658 1860 716 1897; x_wconf 86' lang='grc' dir='ltr'><strong>τε</strong></span> <span class='ocrx_word' id='word_1_222' title='bbox 746 1844 936 1918; x_wconf 77' lang='grc' dir='ltr'>εἴρηκε</span> <span class='ocrx_word' id='word_1_223' title='bbox 975 1849 1072 1901; x_wconf 77' lang='grc' dir='ltr'>καὶ</span> <span class='ocrx_word' id='word_1_224' title='bbox 1126 1842 1204 1903; x_wconf 81' lang='grc' dir='ltr'>ὧν</span> <span class='ocrx_word' id='word_1_225' title='bbox 1241 1848 1402 1921; x_wconf 70' lang='grc' dir='ltr'>ἔτυχε</span> <span class='ocrx_word' id='word_1_226' title='bbox 1440 1852 1788 1924; x_wconf 85' lang='grc' dir='ltr'>ἀποκρίσεων</span> 
     </span>
    </p>
   </div>
   <div class='ocr_carea' id='block_1_35' title="bbox 1891 1841 3491 1934">
    <p class='ocr_par' dir='ltr' id='par_1_35' title="bbox 1895 1841 3491 1934">
     <span class='ocr_line' id='line_1_35' title="bbox 1895 1841 3491 1934; baseline 0.005 -25"><span class='ocrx_word' id='word_1_227' title='bbox 1895 1854 2115 1928; x_wconf 88' lang='lat' dir='ltr'><strong>[nepos,</strong></span> <span class='ocrx_word' id='word_1_228' title='bbox 2151 1860 2398 1928; x_wconf 78' lang='lat' dir='ltr'><strong>inquam,</strong></span> <span class='ocrx_word' id='word_1_229' title='bbox 2429 1868 2487 1916; x_wconf 91' lang='lat' dir='ltr'><strong>et</strong></span> <span class='ocrx_word' id='word_1_230' title='bbox 2516 1860 2734 1934; x_wconf 87' lang='lat' dir='ltr'><strong>amici],</strong></span> <span class='ocrx_word' id='word_1_231' title='bbox 2781 1863 2885 1918; x_wconf 90' lang='lat' dir='ltr'><strong>hoc</strong></span> <span class='ocrx_word' id='word_1_232' title='bbox 2909 1841 3219 1918; x_wconf 75' lang='lat' dir='ltr'><strong>deliberata</strong></span> <span class='ocrx_word' id='word_1_233' title='bbox 3244 1841 3360 1919; x_wconf 40' lang='lat' dir='ltr'><strong>a—se</strong></span> <span class='ocrx_word' id='word_1_234' title='bbox 3402 1863 3491 1918; x_wconf 82' lang='lat' dir='ltr'><strong>in-</strong></span> 
     </span>
    </p>
   </div>
   <div class='ocr_carea' id='block_1_36' title="bbox 214 1934 1784 2008">
    <p class='ocr_par' dir='ltr' id='par_1_36' title="bbox 214 1934 1784 2008">
     <span class='ocr_line' id='line_1_36' title="bbox 214 1934 1784 2008; baseline 0.01 -23"><span class='ocrx_word' id='word_1_235' title='bbox 214 1934 606 2004; x_wconf 71' lang='grc' dir='ltr'>διητησάμενος</span> <span class='ocrx_word' id='word_1_236' title='bbox 626 1938 655 1989; x_wconf 98' lang='lat'><strong>6</strong></span> <span class='ocrx_word' id='word_1_237' title='bbox 675 1938 789 2001; x_wconf 83' lang='grc' dir='ltr'>νέος</span> <span class='ocrx_word' id='word_1_238' title='bbox 822 1938 1099 2007; x_wconf 81' lang='grc' dir='ltr'>βασιλεὺς,</span> <span class='ocrx_word' id='word_1_239' title='bbox 1142 1942 1238 1996; x_wconf 75' lang='grc' dir='ltr'>καὶ</span> <span class='ocrx_word' id='word_1_240' title='bbox 1266 1944 1421 2008; x_wconf 81' lang='grc' dir='ltr'>τέλος</span> <span class='ocrx_word' id='word_1_241' title='bbox 1461 1945 1625 2000; x_wconf 87' lang='grc' dir='ltr'>τοῦτο</span> <span class='ocrx_word' id='word_1_242' title='bbox 1652 1949 1784 2003; x_wconf 74' lang='grc' dir='ltr'>ἐπι-</span> 
     </span>
    </p>
   </div>
   <div class='ocr_carea' id='block_1_37' title="bbox 218 2025 1785 2108">
    <p class='ocr_par' dir='ltr' id='par_1_37' title="bbox 218 2025 1785 2108">
     <span class='ocr_line' id='line_1_37' title="bbox 218 2025 1785 2108; baseline 0.009 -30"><span class='ocrx_word' id='word_1_243' title='bbox 218 2025 617 2096; x_wconf 64' lang='grc' dir='ltr'>ῳθεγξάμενοςο</span> <span class='ocrx_word' id='word_1_244' title='bbox 669 2028 804 2083; x_wconf 87' lang='grc' dir='ltr'>Θεοῦ</span> <span class='ocrx_word' id='word_1_245' title='bbox 838 2031 894 2085; x_wconf 76' lang='grc' dir='ltr'>δὲ</span> <span class='ocrx_word' id='word_1_246' title='bbox 935 2031 1019 2103; x_wconf 79' lang='grc' dir='ltr'><strong>τίς</strong></span> <span class='ocrx_word' id='word_1_247' title='bbox 1042 2033 1189 2104; x_wconf 74' lang='grc' dir='ltr'>ἔγνω</span> <span class='ocrx_word' id='word_1_248' title='bbox 1222 2035 1419 2108; x_wconf 77' lang='grc' dir='ltr'>βουλήν</span> <span class='ocrx_word' id='word_1_249' title='bbox 1456 2054 1517 2092; x_wconf 86' lang='grc' dir='ltr'><strong>τε</strong></span> <span class='ocrx_word' id='word_1_250' title='bbox 1541 2040 1665 2094; x_wconf 87' lang='grc' dir='ltr'>νόον</span> <span class='ocrx_word' id='word_1_251' title='bbox 1687 2041 1785 2105; x_wconf 86' lang='grc' dir='ltr'>τέ;</span> 
     </span>
    </p>
   </div>
   <div class='ocr_carea' id='block_1_38' title="bbox 216 2116 1788 2204">
    <p class='ocr_par' dir='ltr' id='par_1_38' title="bbox 216 2116 1788 2204">
     <span class='ocr_line' id='line_1_38' title="bbox 216 2116 1788 2204; baseline 0.011 -36"><span class='ocrx_word' id='word_1_252' title='bbox 216 2116 293 2169; x_wconf 71' lang='grc' dir='ltr'>ἔτι</span> <span class='ocrx_word' id='word_1_253' title='bbox 310 2116 475 2189; x_wconf 79' lang='grc' dir='ltr'>μέχρι</span> <span class='ocrx_word' id='word_1_254' title='bbox 510 2118 656 2184; x_wconf 74' lang='grc' dir='ltr'>τινὸς</span> <span class='ocrx_word' id='word_1_255' title='bbox 686 2121 905 2178; x_wconf 76' lang='grc' dir='ltr'>ἐκέλευε</span> <span class='ocrx_word' id='word_1_256' title='bbox 929 2126 997 2195; x_wconf 75' lang='grc' dir='ltr'>τῇ</span> <span class='ocrx_word' id='word_1_257' title='bbox 1022 2125 1410 2199; x_wconf 74' lang='grc' dir='ltr'>μεγαλοψυχίᾳ</span> <span class='ocrx_word' id='word_1_258' title='bbox 1438 2146 1788 2204; x_wconf 85' lang='grc' dir='ltr'>προσκαρτε-</span> 
     </span>
    </p>
   </div>
   <div class='ocr_carea' id='block_1_39' title="bbox 217 2212 1787 2292">
    <p class='ocr_par' dir='ltr' id='par_1_39' title="bbox 217 2212 1787 2292">
     <span class='ocr_line' id='line_1_39' title="bbox 217 2212 1787 2292; baseline 0.01 -29"><span class='ocrx_word' id='word_1_259' title='bbox 217 2212 325 2279; x_wconf 81' lang='grc' dir='ltr'>ρεῖν</span> <span class='ocrx_word' id='word_1_260' title='bbox 346 2226 363 2244; x_wconf 86' lang='grc'><strong>·</strong></span> <span class='ocrx_word' id='word_1_261' title='bbox 409 2212 477 2265; x_wconf 82' lang='grc' dir='ltr'><strong><em>Ἦ</em></strong></span> <span class='ocrx_word' id='word_1_262' title='bbox 503 2213 742 2285; x_wconf 78' lang='grc' dir='ltr'>σήμερον</span> <span class='ocrx_word' id='word_1_263' title='bbox 791 2216 904 2289; x_wconf 71' lang='grc' dir='ltr'><strong>γὰρ</strong></span> <span class='ocrx_word' id='word_1_264' title='bbox 935 2217 1207 2283; x_wconf 82' lang='grc' dir='ltr'>ὲκδιδάξει</span> <span class='ocrx_word' id='word_1_265' title='bbox 1255 2237 1310 2273; x_wconf 90' lang='grc' dir='ltr'><strong>τι</strong></span> <span class='ocrx_word' id='word_1_266' title='bbox 1339 2221 1450 2275; x_wconf 85' lang='grc' dir='ltr'>τῶν</span> <span class='ocrx_word' id='word_1_267' title='bbox 1478 2224 1787 2292; x_wconf 86' lang='grc' dir='ltr'>ἀγνοουμέ-</span> 
     </span>
    </p>
   </div>
   <div class='ocr_carea' id='block_1_40' title="bbox 216 2302 1787 2386">
    <p class='ocr_par' dir='ltr' id='par_1_40' title="bbox 216 2302 1787 2386">
     <span class='ocr_line' id='line_1_40' title="bbox 216 2302 1787 2386; baseline 0.011 -31"><span class='ocrx_word' id='word_1_268' title='bbox 216 2319 336 2358; x_wconf 61' lang='lat' dir='ltr'><strong>serv.</strong></span> <span class='ocrx_word' id='word_1_269' title='bbox 370 2302 689 2376; x_wconf 81' lang='grc' dir='ltr'>Προθεσμία</span> <span class='ocrx_word' id='word_1_270' title='bbox 724 2307 836 2378; x_wconf 73' lang='grc' dir='ltr'><strong>γὰρ</strong></span> <span class='ocrx_word' id='word_1_271' title='bbox 889 2307 1028 2365; x_wconf 73' lang='grc' dir='ltr'>οὖσα</span> <span class='ocrx_word' id='word_1_272' title='bbox 1084 2313 1185 2384; x_wconf 79' lang='grc' dir='ltr'>τῆς</span> <span class='ocrx_word' id='word_1_273' title='bbox 1240 2312 1378 2383; x_wconf 67' lang='grc' dir='ltr'>πρδς</span> <span class='ocrx_word' id='word_1_274' title='bbox 1410 2314 1503 2368; x_wconf 70' lang='grc' dir='ltr'><strong>τδν</strong></span> <span class='ocrx_word' id='word_1_275' title='bbox 1555 2314 1787 2386; x_wconf 75' lang='grc' dir='ltr'>βασιλέα</span> 
     </span>
    </p>
   </div>
   <div class='ocr_carea' id='block_1_41' title="bbox 216 2394 1788 2480">
    <p class='ocr_par' dir='ltr' id='par_1_41' title="bbox 216 2394 1788 2480">
     <span class='ocr_line' id='line_1_41' title="bbox 216 2394 1788 2480; baseline 0.013 -33"><span class='ocrx_word' id='word_1_276' title='bbox 216 2394 304 2448; x_wconf 78' lang='grc' dir='ltr'><strong>τοῦ</strong></span> <span class='ocrx_word' id='word_1_277' title='bbox 334 2396 576 2465; x_wconf 77' lang='grc' dir='ltr'>μεγάλου</span> <span class='ocrx_word' id='word_1_278' title='bbox 628 2397 947 2469; x_wconf 82' lang='grc' dir='ltr'>δομεστίκου</span> <span class='ocrx_word' id='word_1_279' title='bbox 981 2403 1299 2475; x_wconf 81' lang='grc' dir='ltr'>ἀπολογίας,</span> <span class='ocrx_word' id='word_1_280' title='bbox 1351 2408 1421 2461; x_wconf 89' lang='grc' dir='ltr'>δι’</span> <span class='ocrx_word' id='word_1_281' title='bbox 1461 2410 1634 2479; x_wconf 83' lang='grc' dir='ltr'>αὐτῆς</span> <span class='ocrx_word' id='word_1_282' title='bbox 1683 2411 1788 2480; x_wconf 84' lang='grc' dir='ltr'>τῆς</span> 
     </span>
    </p>
   </div>
   <div class='ocr_carea' id='block_1_42' title="bbox 218 2486 1789 2575">
    <p class='ocr_par' dir='ltr' id='par_1_42' title="bbox 218 2486 1789 2575">
     <span class='ocr_line' id='line_1_42' title="bbox 218 2486 1789 2575; baseline 0.011 -36"><span class='ocrx_word' id='word_1_283' title='bbox 218 2486 509 2575; x_wconf 73' lang='grc' dir='ltr'>ἀπολογίας</span> <span class='ocrx_word' id='word_1_284' title='bbox 532 2491 671 2560; x_wconf 66' lang='grc' dir='ltr'>πρδς</span> <span class='ocrx_word' id='word_1_285' title='bbox 699 2492 761 2546; x_wconf 80' lang='grc' dir='ltr'>τὸ</span> <span class='ocrx_word' id='word_1_286' title='bbox 784 2491 838 2545; x_wconf 89' lang='grc' dir='ltr'><strong>τί</strong></span> <span class='ocrx_word' id='word_1_287' title='bbox 866 2495 971 2566; x_wconf 79' lang='grc' dir='ltr'>χρὴ</span> <span class='ocrx_word' id='word_1_288' title='bbox 997 2495 1352 2566; x_wconf 74' lang='grc' dir='ltr'>βουλεύεσθαι</span> <span class='ocrx_word' id='word_1_289' title='bbox 1388 2501 1484 2554; x_wconf 74' lang='grc' dir='ltr'>καὶ</span> <span class='ocrx_word' id='word_1_290' title='bbox 1506 2501 1641 2572; x_wconf 76' lang='grc' dir='ltr'>δρᾷν</span> <span class='ocrx_word' id='word_1_291' title='bbox 1663 2503 1789 2575; x_wconf 82' lang='grc' dir='ltr'>ὁδη-</span> 
     </span>
    </p>
   </div>
   <div class='ocr_carea' id='block_1_43' title="bbox 218 2572 1788 2662">
    <p class='ocr_par' dir='ltr' id='par_1_43' title="bbox 218 2572 1788 2662">
     <span class='ocr_line' id='line_1_43' title="bbox 218 2572 1788 2662; baseline 0.011 -32"><span class='ocrx_word' id='word_1_292' title='bbox 218 2579 387 2647; x_wconf 72' lang='grc' dir='ltr'>γήσει.</span> <span class='ocrx_word' id='word_1_293' title='bbox 439 2572 599 2633; x_wconf 77' lang='grc' dir='ltr'>οὗτοι</span> <span class='ocrx_word' id='word_1_294' title='bbox 629 2581 728 2650; x_wconf 78' lang='grc' dir='ltr'>μὲν</span> <span class='ocrx_word' id='word_1_295' title='bbox 760 2578 854 2637; x_wconf 73' lang='grc' dir='ltr'>οὖν</span> <span class='ocrx_word' id='word_1_296' title='bbox 883 2585 1109 2643; x_wconf 86' lang='grc' dir='ltr'>τοιαῦτα</span> <span class='ocrx_word' id='word_1_297' title='bbox 1144 2587 1575 2662; x_wconf 76' lang='grc' dir='ltr'>βουλευσάμενοι</span> <span class='ocrx_word' id='word_1_298' title='bbox 1614 2594 1788 2648; x_wconf 80' lang='grc' dir='ltr'>διελέο</span> 
     </span>
    </p>
   </div>
   <div class='ocr_carea' id='block_1_44' title="bbox 217 2667 1787 2753">
    <p class='ocr_par' dir='ltr' id='par_1_44' title="bbox 217 2667 1787 2753">
     <span class='ocr_line' id='line_1_44' title="bbox 217 2667 1787 2753; baseline 0.013 -34"><span class='ocrx_word' id='word_1_299' title='bbox 217 2667 384 2724; x_wconf 64' lang='lat' dir='ltr'><strong>lum.</strong></span> <span class='ocrx_word' id='word_1_300' title='bbox 416 2671 556 2741; x_wconf 76' lang='grc' dir='ltr'>Πρὸς</span> <span class='ocrx_word' id='word_1_301' title='bbox 583 2671 641 2726; x_wconf 80' lang='grc' dir='ltr'>δὲ</span> <span class='ocrx_word' id='word_1_302' title='bbox 662 2673 753 2728; x_wconf 83' lang='grc' dir='ltr'>τὸν</span> <span class='ocrx_word' id='word_1_303' title='bbox 786 2676 962 2744; x_wconf 83' lang='grc' dir='ltr'>μέγαν</span> <span class='ocrx_word' id='word_1_304' title='bbox 989 2677 1312 2748; x_wconf 86' lang='grc' dir='ltr'>δομέστικον</span> <span class='ocrx_word' id='word_1_305' title='bbox 1340 2683 1368 2735; x_wconf 91' lang='lat'><strong>6</strong></span> <span class='ocrx_word' id='word_1_306' title='bbox 1400 2683 1528 2753; x_wconf 79' lang='grc' dir='ltr'>χθὲς</span> <span class='ocrx_word' id='word_1_307' title='bbox 1552 2683 1787 2753; x_wconf 77' lang='grc' dir='ltr'>ἄγγελος</span> 
     </span>
    </p>
   </div>
   <div class='ocr_carea' id='block_1_45' title="bbox 220 2765 1783 2847">
    <p class='ocr_par' dir='ltr' id='par_1_45' title="bbox 220 2765 1783 2847">
     <span class='ocr_line' id='line_1_45' title="bbox 220 2765 1783 2847; baseline 0.011 -32"><span class='ocrx_word' id='word_1_308' title='bbox 220 2765 516 2832; x_wconf 70' lang='grc' dir='ltr'>ἀφικνεῖται</span> <span class='ocrx_word' id='word_1_309' title='bbox 554 2767 692 2838; x_wconf 73' lang='grc' dir='ltr'>πρὸς</span> <span class='ocrx_word' id='word_1_310' title='bbox 722 2765 1009 2838; x_wconf 79' lang='grc' dir='ltr'>βασιλέως,</span> <span class='ocrx_word' id='word_1_311' title='bbox 1051 2772 1301 2827; x_wconf 64' lang='grc' dir='ltr'>ἀπαιτῶν</span> <span class='ocrx_word' id='word_1_312' title='bbox 1326 2775 1428 2846; x_wconf 79' lang='grc' dir='ltr'>τὴν</span> <span class='ocrx_word' id='word_1_313' title='bbox 1452 2776 1750 2847; x_wconf 82' lang='grc' dir='ltr'>ἀπολογίαν</span> <span class='ocrx_word' id='word_1_314' title='bbox 1769 2793 1783 2809; x_wconf 76' lang='grc'><strong>⁸</strong></span> 
     </span>
    </p>
   </div>
   <div class='ocr_carea' id='block_1_46' title="bbox 227 2858 1785 2941">
    <p class='ocr_par' dir='ltr' id='par_1_46' title="bbox 227 2858 1785 2941">
     <span class='ocr_line' id='line_1_46' title="bbox 227 2858 1785 2941; baseline 0.012 -34"><span class='ocrx_word' id='word_1_315' title='bbox 227 2858 505 2928; x_wconf 66' lang='grc' dir='ltr'>ἐποιήσατο</span> <span class='ocrx_word' id='word_1_316' title='bbox 541 2859 600 2914; x_wconf 74' lang='grc' dir='ltr'>δὲ</span> <span class='ocrx_word' id='word_1_317' title='bbox 638 2862 931 2932; x_wconf 79' lang='grc' dir='ltr'>τοιαύτην·</span> <span class='ocrx_word' id='word_1_318' title='bbox 992 2863 1170 2934; x_wconf 72' lang='grc' dir='ltr'>Ἐμοὶ,</span> <span class='ocrx_word' id='word_1_319' title='bbox 1228 2867 1490 2935; x_wconf 76' lang='grc' dir='ltr'>κράτιστε</span> <span class='ocrx_word' id='word_1_320' title='bbox 1541 2870 1785 2941; x_wconf 86' lang='grc' dir='ltr'>βασιλεῦ,</span> 
     </span>
    </p>
   </div>
   <div class='ocr_carea' id='block_1_47' title="bbox 234 2954 1785 3031">
    <p class='ocr_par' dir='ltr' id='par_1_47' title="bbox 234 2954 1785 3031">
     <span class='ocr_line' id='line_1_47' title="bbox 234 2954 1785 3031; baseline 0.008 -26"><span class='ocrx_word' id='word_1_321' title='bbox 234 2954 616 3025; x_wconf 66' lang='grc' dir='ltr'>τῆςεῦμενείας</span> <span class='ocrx_word' id='word_1_322' title='bbox 633 2955 731 3026; x_wconf 78' lang='grc' dir='ltr'>τῆς</span> <span class='ocrx_word' id='word_1_323' title='bbox 757 2955 1079 3026; x_wconf 77' lang='grc' dir='ltr'>σῆςπολλάς</span> <span class='ocrx_word' id='word_1_324' title='bbox 1119 2956 1296 3030; x_wconf 78' lang='grc' dir='ltr'>ἔχοντι</span> <span class='ocrx_word' id='word_1_325' title='bbox 1320 2961 1419 3024; x_wconf 81' lang='grc' dir='ltr'>τὰς</span> <span class='ocrx_word' id='word_1_326' title='bbox 1456 2961 1785 3031; x_wconf 79' lang='grc' dir='ltr'>ἀποδείξεις,</span> 
     </span>
    </p>
   </div>
   <div class='ocr_carea' id='block_1_48' title="bbox 233 3045 1788 3127">
    <p class='ocr_par' dir='ltr' id='par_1_48' title="bbox 233 3045 1788 3127">
     <span class='ocr_line' id='line_1_48' title="bbox 233 3045 1788 3127; baseline 0.008 -28"><span class='ocrx_word' id='word_1_327' title='bbox 233 3045 395 3118; x_wconf 64' lang='grc' dir='ltr'>ὥσπερ</span> <span class='ocrx_word' id='word_1_328' title='bbox 422 3048 585 3117; x_wconf 78' lang='grc' dir='ltr'>ἔφην,</span> <span class='ocrx_word' id='word_1_329' title='bbox 626 3048 707 3101; x_wconf 76' lang='grc' dir='ltr'>ἔτι</span> <span class='ocrx_word' id='word_1_330' title='bbox 733 3048 828 3102; x_wconf 81' lang='grc' dir='ltr'>καὶ</span> <span class='ocrx_word' id='word_1_331' title='bbox 872 3048 934 3103; x_wconf 76' lang='grc' dir='ltr'>τὸ</span> <span class='ocrx_word' id='word_1_332' title='bbox 977 3048 1072 3104; x_wconf 90' lang='grc' dir='ltr'><strong>νῦν</strong></span> <span class='ocrx_word' id='word_1_333' title='bbox 1099 3051 1259 3105; x_wconf 87' lang='grc' dir='ltr'>τοῦτο</span> <span class='ocrx_word' id='word_1_334' title='bbox 1296 3055 1518 3118; x_wconf 84' lang='grc' dir='ltr'>πλείους</span> <span class='ocrx_word' id='word_1_335' title='bbox 1544 3057 1640 3111; x_wconf 77' lang='grc' dir='ltr'>καὶ</span> <span class='ocrx_word' id='word_1_336' title='bbox 1672 3057 1788 3127; x_wconf 89' lang='grc' dir='ltr'>μεί-</span> 
     </span>
    </p>
   </div>
   <div class='ocr_carea' id='block_1_49' title="bbox 224 3134 1857 3250">
    <p class='ocr_par' dir='ltr' id='par_1_49' title="bbox 224 3134 1857 3250">
     <span class='ocr_line' id='line_1_49' title="bbox 224 3134 1857 3250; baseline 0.008 -59"><span class='ocrx_word' id='word_1_337' title='bbox 224 3139 336 3246; x_wconf 61' lang='grc' dir='ltr'>ζους</span> <span class='ocrx_word' id='word_1_338' title='bbox 366 3141 543 3195; x_wconf 75' lang='grc' dir='ltr'>πείθει</span> <span class='ocrx_word' id='word_1_339' title='bbox 576 3140 674 3206; x_wconf 88' lang='grc' dir='ltr'><strong>τάς</strong></span> <span class='ocrx_word' id='word_1_340' title='bbox 700 3141 932 3215; x_wconf 82' lang='grc' dir='ltr'>χάριτας</span> <span class='ocrx_word' id='word_1_341' title='bbox 976 3143 1292 3213; x_wconf 84' lang='grc' dir='ltr'>ὁμολογεῖν’</span> <span class='ocrx_word' id='word_1_342' title='bbox 1322 3146 1417 3199; x_wconf 74' lang='grc' dir='ltr'><strong>ἐπὶ</strong></span> <span class='ocrx_word' id='word_1_343' title='bbox 1467 3134 1685 3214; x_wconf 58' lang='grc' dir='ltr'>πάσαις</span> <span class='ocrx_word' id='word_1_344' title='bbox 1722 3150 1784 3221; x_wconf 84' lang='grc' dir='ltr'>δὴ</span> <span class='ocrx_word' id='word_1_345' title='bbox 1812 3187 1857 3250; x_wconf 78' lang='lat' dir='ltr'>c</span> 
     </span>
    </p>
   </div>
   <div class='ocr_carea' id='block_1_50' title="bbox 217 3226 1784 3310">
    <p class='ocr_par' dir='ltr' id='par_1_50' title="bbox 217 3226 1784 3310">
     <span class='ocr_line' id='line_1_50' title="bbox 217 3226 1784 3310; baseline 0.008 -27"><span class='ocrx_word' id='word_1_346' title='bbox 217 3226 431 3296; x_wconf 76' lang='grc' dir='ltr'>ταύταις</span> <span class='ocrx_word' id='word_1_347' title='bbox 464 3232 559 3285; x_wconf 80' lang='grc' dir='ltr'>καὶ</span> <span class='ocrx_word' id='word_1_348' title='bbox 607 3236 812 3303; x_wconf 81' lang='grc' dir='ltr'>ταύτης</span> <span class='ocrx_word' id='word_1_349' title='bbox 868 3235 1004 3288; x_wconf 87' lang='grc' dir='ltr'>αίτῶ</span> <span class='ocrx_word' id='word_1_350' title='bbox 1062 3238 1249 3306; x_wconf 87' lang='grc' dir='ltr'>τυχεῖν</span> <span class='ocrx_word' id='word_1_351' title='bbox 1297 3238 1395 3308; x_wconf 84' lang='grc' dir='ltr'>τῆς</span> <span class='ocrx_word' id='word_1_352' title='bbox 1441 3239 1784 3310; x_wconf 83' lang='grc' dir='ltr'>εὐεργεσίας,</span> 
     </span>
    </p>
   </div>
   <div class='ocr_carea' id='block_1_51' title="bbox 215 3322 1833 3403">
    <p class='ocr_par' dir='ltr' id='par_1_51' title="bbox 215 3322 1833 3403">
     <span class='ocr_line' id='line_1_51' title="bbox 215 3322 1833 3403; baseline 0.009 -30"><span class='ocrx_word' id='word_1_353' title='bbox 215 3322 491 3387; x_wconf 68' lang='grc' dir='ltr'>ἐλάττονος</span> <span class='ocrx_word' id='word_1_354' title='bbox 528 3323 780 3393; x_wconf 82' lang='grc' dir='ltr'>οὐδαμῶς</span> <span class='ocrx_word' id='word_1_355' title='bbox 801 3324 929 3394; x_wconf 73' lang='grc' dir='ltr'>ἐμοὶ</span> <span class='ocrx_word' id='word_1_356' title='bbox 959 3325 1068 3380; x_wconf 85' lang='grc' dir='ltr'><strong>τῶν</strong></span> <span class='ocrx_word' id='word_1_357' title='bbox 1098 3327 1274 3382; x_wconf 79' lang='grc' dir='ltr'>ἄλλων</span> <span class='ocrx_word' id='word_1_358' title='bbox 1315 3329 1704 3403; x_wconf 81' lang='grc' dir='ltr'>νομιζομένης,</span> <span class='ocrx_word' id='word_1_359' title='bbox 1726 3334 1787 3387; x_wconf 83' lang='grc' dir='ltr'>τὸ</span> <span class='ocrx_word' id='word_1_360' title='bbox 1821 3333 1833 3345; x_wconf 90' lang='grc'><em>’</em></span> 
     </span>
    </p>
   </div>
   <div class='ocr_carea' id='block_1_52' title="bbox 217 3416 1784 3497">
    <p class='ocr_par' dir='ltr' id='par_1_52' title="bbox 217 3416 1784 3497">
     <span class='ocr_line' id='line_1_52' title="bbox 217 3416 1784 3497; baseline 0.009 -28"><span class='ocrx_word' id='word_1_361' title='bbox 217 3416 290 3487; x_wconf 84' lang='grc' dir='ltr'>μὴ</span> <span class='ocrx_word' id='word_1_362' title='bbox 329 3418 467 3487; x_wconf 79' lang='grc' dir='ltr'>πρὸς</span> <span class='ocrx_word' id='word_1_363' title='bbox 494 3418 901 3486; x_wconf 80' lang='grc' dir='ltr'>Πελοπόννησον</span> <span class='ocrx_word' id='word_1_364' title='bbox 946 3421 1201 3475; x_wconf 85' lang='grc' dir='ltr'>ἀπελθεῖν</span> <span class='ocrx_word' id='word_1_365' title='bbox 1227 3440 1242 3455; x_wconf 80' lang='grc' dir='ltr'><strong><em>ο</em></strong></span> <span class='ocrx_word' id='word_1_366' title='bbox 1275 3423 1376 3477; x_wconf 85' lang='grc' dir='ltr'><strong>ούκ</strong></span> <span class='ocrx_word' id='word_1_367' title='bbox 1421 3423 1565 3497; x_wconf 81' lang='grc' dir='ltr'>ὄκνῳ</span> <span class='ocrx_word' id='word_1_368' title='bbox 1599 3427 1784 3495; x_wconf 85' lang='grc' dir='ltr'>είκων,</span> 
     </span>
    </p>
   </div>
   <div class='ocr_carea' id='block_1_53' title="bbox 212 3504 1784 3586">
    <p class='ocr_par' dir='ltr' id='par_1_53' title="bbox 212 3504 1784 3586">
     <span class='ocr_line' id='line_1_53' title="bbox 212 3504 1784 3586; baseline 0.008 -27"><span class='ocrx_word' id='word_1_369' title='bbox 212 3504 363 3578; x_wconf 61' lang='grc' dir='ltr'>ἢτὴν</span> <span class='ocrx_word' id='word_1_370' title='bbox 387 3505 565 3580; x_wconf 78' lang='grc' dir='ltr'>ἀρχὴν</span> <span class='ocrx_word' id='word_1_371' title='bbox 598 3509 744 3577; x_wconf 75' lang='grc' dir='ltr'>ἥττω</span> <span class='ocrx_word' id='word_1_372' title='bbox 772 3511 872 3579; x_wconf 81' lang='grc' dir='ltr'>τῆς</span> <span class='ocrx_word' id='word_1_373' title='bbox 914 3512 1053 3582; x_wconf 75' lang='grc' dir='ltr'>ἐμῆς</span> <span class='ocrx_word' id='word_1_374' title='bbox 1080 3512 1239 3579; x_wconf 76' lang='grc' dir='ltr'>ἀξίας</span> <span class='ocrx_word' id='word_1_375' title='bbox 1267 3515 1525 3586; x_wconf 77' lang='grc' dir='ltr'>νομίζων,</span> <span class='ocrx_word' id='word_1_376' title='bbox 1564 3518 1677 3571; x_wconf 81' lang='grc' dir='ltr'>ἀλλ’</span> <span class='ocrx_word' id='word_1_377' title='bbox 1712 3519 1784 3583; x_wconf 84' lang='grc' dir='ltr'><strong>ὡς</strong></span> 
     </span>
    </p>
   </div>
   <div class='ocr_carea' id='block_1_54' title="bbox 208 3600 1787 3676">
    <p class='ocr_par' dir='ltr' id='par_1_54' title="bbox 208 3600 1787 3676">
     <span class='ocr_line' id='line_1_54' title="bbox 208 3600 1787 3676; baseline 0.006 -25"><span class='ocrx_word' id='word_1_378' title='bbox 208 3601 328 3653; x_wconf 78' lang='grc' dir='ltr'>ἐκεῖ</span> <span class='ocrx_word' id='word_1_379' title='bbox 355 3600 451 3654; x_wconf 86' lang='grc' dir='ltr'><strong>τοῦ</strong></span> <span class='ocrx_word' id='word_1_380' title='bbox 483 3600 617 3672; x_wconf 77' lang='grc' dir='ltr'>ἐμοῦ</span> <span class='ocrx_word' id='word_1_381' title='bbox 640 3603 848 3673; x_wconf 72' lang='grc' dir='ltr'>πατρὸς</span> <span class='ocrx_word' id='word_1_382' title='bbox 878 3604 1352 3676; x_wconf 81' lang='grc' dir='ltr'>τετελευτηκότος,</span> <span class='ocrx_word' id='word_1_383' title='bbox 1383 3608 1484 3663; x_wconf 81' lang='grc' dir='ltr'>οὐκ</span> <span class='ocrx_word' id='word_1_384' title='bbox 1521 3610 1589 3664; x_wconf 80' lang='grc' dir='ltr'>ἂν</span> <span class='ocrx_word' id='word_1_385' title='bbox 1623 3610 1787 3665; x_wconf 84' lang='grc' dir='ltr'>οίσων</span> 
     </span>
    </p>
   </div>
   <div class='ocr_carea' id='block_1_55' title="bbox 208 3692 1788 3775">
    <p class='ocr_par' dir='ltr' id='par_1_55' title="bbox 208 3692 1788 3775">
     <span class='ocr_line' id='line_1_55' title="bbox 208 3692 1788 3775; baseline 0.008 -30"><span class='ocrx_word' id='word_1_386' title='bbox 208 3695 323 3757; x_wconf 77' lang='grc' dir='ltr'>τοῖς</span> <span class='ocrx_word' id='word_1_387' title='bbox 347 3692 573 3763; x_wconf 81' lang='grc' dir='ltr'>χωρίοις</span> <span class='ocrx_word' id='word_1_388' title='bbox 606 3693 833 3759; x_wconf 70' lang='grc' dir='ltr'>ἐκείνοις</span> <span class='ocrx_word' id='word_1_389' title='bbox 871 3697 1252 3769; x_wconf 71' lang='grc' dir='ltr'>ἐνδιατρίϐειν.</span> <span class='ocrx_word' id='word_1_390' title='bbox 1288 3697 1459 3756; x_wconf 78' lang='grc' dir='ltr'>Οἶσθα</span> <span class='ocrx_word' id='word_1_391' title='bbox 1487 3702 1596 3775; x_wconf 84' lang='grc' dir='ltr'><strong>γὰρ</strong></span> <span class='ocrx_word' id='word_1_392' title='bbox 1622 3704 1788 3770; x_wconf 74' lang='grc' dir='ltr'>αὐτὸς</span> 
     </span>
    </p>
   </div>
   <div class='ocr_carea' id='block_1_56' title="bbox 212 3780 1787 3858">
    <p class='ocr_par' dir='ltr' id='par_1_56' title="bbox 212 3780 1787 3858">
     <span class='ocr_line' id='line_1_56' title="bbox 212 3780 1787 3858; baseline 0.009 -22"><span class='ocrx_word' id='word_1_393' title='bbox 212 3784 348 3853; x_wconf 79' lang='grc' dir='ltr'>ἐμοῦ</span> <span class='ocrx_word' id='word_1_394' title='bbox 378 3785 610 3854; x_wconf 79' lang='grc' dir='ltr'>βέλτιον,</span> <span class='ocrx_word' id='word_1_395' title='bbox 637 3780 682 3840; x_wconf 82' lang='grc' dir='ltr'>ὧ</span> <span class='ocrx_word' id='word_1_396' title='bbox 715 3786 960 3857; x_wconf 88' lang='grc' dir='ltr'>βασιλεῦ,</span> <span class='ocrx_word' id='word_1_397' title='bbox 987 3790 1064 3853; x_wconf 85' lang='grc' dir='ltr'>ὡς</span> <span class='ocrx_word' id='word_1_398' title='bbox 1105 3789 1227 3856; x_wconf 78' lang='grc' dir='ltr'>ἔτος</span> <span class='ocrx_word' id='word_1_399' title='bbox 1258 3791 1316 3845; x_wconf 81' lang='grc' dir='ltr'>ἓν</span> <span class='ocrx_word' id='word_1_400' title='bbox 1342 3794 1437 3848; x_wconf 74' lang='grc' dir='ltr'>ἐπὶ</span> <span class='ocrx_word' id='word_1_401' title='bbox 1468 3797 1580 3858; x_wconf 86' lang='grc' dir='ltr'>τοῖς</span> <span class='ocrx_word' id='word_1_402' title='bbox 1613 3797 1787 3851; x_wconf 85' lang='grc' dir='ltr'>είκοσι</span> 
     </span>
    </p>
   </div>
   <div class='ocr_carea' id='block_1_57' title="bbox 214 3878 1785 3961">
    <p class='ocr_par' dir='ltr' id='par_1_57' title="bbox 214 3878 1785 3961">
     <span class='ocr_line' id='line_1_57' title="bbox 214 3878 1785 3961; baseline 0.01 -33"><span class='ocrx_word' id='word_1_403' title='bbox 214 3878 579 3949; x_wconf 80' lang='grc' dir='ltr'>γεγενημένος</span> <span class='ocrx_word' id='word_1_404' title='bbox 599 3879 699 3946; x_wconf 81' lang='grc' dir='ltr'>τῆς</span> <span class='ocrx_word' id='word_1_405' title='bbox 718 3881 936 3951; x_wconf 81' lang='grc' dir='ltr'>ἡλικίας</span> <span class='ocrx_word' id='word_1_406' title='bbox 966 3883 1131 3953; x_wconf 55' lang='grc' dir='ltr'>οὑμδις</span> <span class='ocrx_word' id='word_1_407' title='bbox 1157 3887 1365 3956; x_wconf 85' lang='grc' dir='ltr'>πατὴρ,</span> <span class='ocrx_word' id='word_1_408' title='bbox 1394 3887 1484 3941; x_wconf 83' lang='grc' dir='ltr'>ὅτε</span> <span class='ocrx_word' id='word_1_409' title='bbox 1507 3890 1662 3961; x_wconf 86' lang='grc' dir='ltr'><strong>παρά</strong></span> <span class='ocrx_word' id='word_1_410' title='bbox 1687 3890 1785 3944; x_wconf 88' lang='grc' dir='ltr'><strong>σοῦ</strong></span> 
     </span>
    </p>
   </div>
   <div class='ocr_carea' id='block_1_58' title="bbox 214 3968 1787 4056">
    <p class='ocr_par' dir='ltr' id='par_1_58' title="bbox 214 3968 1787 4056">
     <span class='ocr_line' id='line_1_58' title="bbox 214 3968 1787 4056; baseline 0.01 -36"><span class='ocrx_word' id='word_1_411' title='bbox 214 3968 350 4039; x_wconf 72' lang='grc' dir='ltr'>πρδς</span> <span class='ocrx_word' id='word_1_412' title='bbox 374 3969 479 4039; x_wconf 79' lang='grc' dir='ltr'>τὴν</span> <span class='ocrx_word' id='word_1_413' title='bbox 506 3969 676 4040; x_wconf 76' lang='grc' dir='ltr'>ἀρχὴν</span> <span class='ocrx_word' id='word_1_414' title='bbox 704 3970 1019 4043; x_wconf 78' lang='grc' dir='ltr'>ἐξεπέμφθη</span> <span class='ocrx_word' id='word_1_415' title='bbox 1039 3975 1471 4056; x_wconf 85' lang='grc' dir='ltr'>Πελοποννήσου,</span> <span class='ocrx_word' id='word_1_416' title='bbox 1494 3978 1639 4033; x_wconf 86' lang='grc' dir='ltr'>ὀκτὼ</span> <span class='ocrx_word' id='word_1_417' title='bbox 1659 3983 1787 4046; x_wconf 70' lang='grc' dir='ltr'>τοὺς</span> 
     </span>
    </p>
   </div>
   <div class='ocr_carea' id='block_1_59' title="bbox 212 4059 1785 4141">
    <p class='ocr_par' dir='ltr' id='par_1_59' title="bbox 212 4059 1785 4141">
     <span class='ocr_line' id='line_1_59' title="bbox 212 4059 1785 4141; baseline 0.01 -31"><span class='ocrx_word' id='word_1_418' title='bbox 212 4059 410 4129; x_wconf 71' lang='grc' dir='ltr'>ἑφεξῆς</span> <span class='ocrx_word' id='word_1_419' title='bbox 445 4063 539 4113; x_wconf 75' lang='grc' dir='ltr'><strong>ἐπὶ</strong></span> <span class='ocrx_word' id='word_1_420' title='bbox 569 4060 779 4127; x_wconf 89' lang='grc' dir='ltr'>τούτοις</span> <span class='ocrx_word' id='word_1_421' title='bbox 817 4062 1184 4135; x_wconf 59' lang='grc' dir='ltr'>ἐπιδιατρίψας,</span> <span class='ocrx_word' id='word_1_422' title='bbox 1208 4066 1299 4120; x_wconf 84' lang='grc' dir='ltr'>τὸν</span> <span class='ocrx_word' id='word_1_423' title='bbox 1339 4066 1456 4139; x_wconf 78' lang='grc' dir='ltr'>βίον</span> <span class='ocrx_word' id='word_1_424' title='bbox 1493 4070 1785 4141; x_wconf 77' lang='grc' dir='ltr'>ἐτελεύτη-</span> 
     </span>
    </p>
   </div>
   <div class='ocr_carea' id='block_1_60' title="bbox 213 4145 1784 4234">
    <p class='ocr_par' dir='ltr' id='par_1_60' title="bbox 213 4145 1784 4234">
     <span class='ocr_line' id='line_1_60' title="bbox 213 4145 1784 4234; baseline 0.008 -31"><span class='ocrx_word' id='word_1_425' title='bbox 213 4168 305 4204; x_wconf 80' lang='grc' dir='ltr'><strong>σεν</strong></span> <span class='ocrx_word' id='word_1_426' title='bbox 338 4153 477 4207; x_wconf 68' lang='grc' dir='ltr'>ἐκεῖ.</span> <span class='ocrx_word' id='word_1_427' title='bbox 509 4145 583 4208; x_wconf 67' lang='lat' dir='ltr'><strong>Ub</strong></span> <span class='ocrx_word' id='word_1_428' title='bbox 622 4153 686 4226; x_wconf 80' lang='grc' dir='ltr'><strong>δή</strong></span> <span class='ocrx_word' id='word_1_429' title='bbox 721 4153 880 4225; x_wconf 64' lang='grc' dir='ltr'>χάριν</span> <span class='ocrx_word' id='word_1_430' title='bbox 918 4157 1173 4229; x_wconf 73' lang='grc' dir='ltr'>καὶπρὸς</span> <span class='ocrx_word' id='word_1_431' title='bbox 1212 4158 1313 4231; x_wconf 82' lang='grc' dir='ltr'>τὴν</span> <span class='ocrx_word' id='word_1_432' title='bbox 1338 4162 1563 4233; x_wconf 83' lang='grc' dir='ltr'>μνήμην</span> <span class='ocrx_word' id='word_1_433' title='bbox 1613 4164 1784 4234; x_wconf 85' lang='grc' dir='ltr'>μόνην</span> 
     </span>
    </p>
   </div>
   <div class='ocr_carea' id='block_1_61' title="bbox 211 4245 1787 4328">
    <p class='ocr_par' dir='ltr' id='par_1_61' title="bbox 211 4245 1787 4328">
     <span class='ocr_line' id='line_1_61' title="bbox 211 4245 1787 4328; baseline 0.008 -30"><span class='ocrx_word' id='word_1_434' title='bbox 211 4245 391 4316; x_wconf 83' lang='grc' dir='ltr'>ἀηδῶς</span> <span class='ocrx_word' id='word_1_435' title='bbox 417 4246 698 4318; x_wconf 77' lang='grc' dir='ltr'>διάκειμαι</span> <span class='ocrx_word' id='word_1_436' title='bbox 721 4249 1133 4321; x_wconf 86' lang='grc' dir='ltr'>Πελοποννήσου</span> <span class='ocrx_word' id='word_1_437' title='bbox 1159 4269 1174 4283; x_wconf 79' lang='grc' dir='ltr'><strong>ο</strong></span> <span class='ocrx_word' id='word_1_438' title='bbox 1211 4253 1384 4307; x_wconf 85' lang='grc' dir='ltr'>πολλά</span> <span class='ocrx_word' id='word_1_439' title='bbox 1417 4257 1513 4309; x_wconf 76' lang='grc' dir='ltr'>καὶ</span> <span class='ocrx_word' id='word_1_440' title='bbox 1538 4256 1640 4327; x_wconf 82' lang='grc' dir='ltr'>τῆς</span> <span class='ocrx_word' id='word_1_441' title='bbox 1683 4275 1787 4328; x_wconf 82' lang='grc' dir='ltr'>μη-</span> 
     </span>
    </p>
   </div>
   <div class='ocr_carea' id='block_1_62' title="bbox 214 4338 1782 4415">
    <p class='ocr_par' dir='ltr' id='par_1_62' title="bbox 214 4338 1782 4415">
     <span class='ocr_line' id='line_1_62' title="bbox 214 4338 1782 4415; baseline 0.008 -25"><span class='ocrx_word' id='word_1_442' title='bbox 214 4339 340 4411; x_wconf 78' lang='grc' dir='ltr'>τρὸς</span> <span class='ocrx_word' id='word_1_443' title='bbox 401 4338 665 4403; x_wconf 77' lang='grc' dir='ltr'>πολλάκις</span> <span class='ocrx_word' id='word_1_444' title='bbox 704 4342 841 4411; x_wconf 77' lang='grc' dir='ltr'>πρὸς</span> <span class='ocrx_word' id='word_1_445' title='bbox 884 4342 985 4413; x_wconf 55' lang='lat' dir='ltr'><strong>sp.)</strong></span> <span class='ocrx_word' id='word_1_446' title='bbox 1038 4343 1439 4415; x_wconf 75' lang='grc' dir='ltr'>διειλεγμένης,</span> <span class='ocrx_word' id='word_1_447' title='bbox 1473 4346 1548 4410; x_wconf 82' lang='grc' dir='ltr'><strong>ὡς</strong></span> <span class='ocrx_word' id='word_1_448' title='bbox 1587 4349 1690 4402; x_wconf 84' lang='grc' dir='ltr'>οὐκ</span> <span class='ocrx_word' id='word_1_449' title='bbox 1715 4348 1782 4402; x_wconf 80' lang='grc' dir='ltr'>ἂν</span> 
     </span>
    </p>
   </div>
   <div class='ocr_carea' id='block_1_63' title="bbox 212 4431 1782 4514">
    <p class='ocr_par' dir='ltr' id='par_1_63' title="bbox 212 4431 1782 4514">
     <span class='ocr_line' id='line_1_63' title="bbox 212 4431 1782 4514; baseline 0.015 -31"><span class='ocrx_word' id='word_1_450' title='bbox 212 4436 348 4503; x_wconf 78' lang='grc' dir='ltr'>αὐτῇ</span> <span class='ocrx_word' id='word_1_451' title='bbox 370 4431 580 4501; x_wconf 80' lang='grc' dir='ltr'>γένοιτο</span> <span class='ocrx_word' id='word_1_452' title='bbox 608 4433 728 4487; x_wconf 88' lang='grc' dir='ltr'>καθ’</span> <span class='ocrx_word' id='word_1_453' title='bbox 760 4434 954 4505; x_wconf 79' lang='grc' dir='ltr'>ήδονὴν</span> <span class='ocrx_word' id='word_1_454' title='bbox 989 4436 1092 4506; x_wconf 73' lang='grc' dir='ltr'><strong>ἐμὲ</strong></span> <span class='ocrx_word' id='word_1_455' title='bbox 1129 4436 1231 4502; x_wconf 78' lang='grc' dir='ltr'>τῆς</span> <span class='ocrx_word' id='word_1_456' title='bbox 1258 4436 1444 4506; x_wconf 79' lang='grc' dir='ltr'>χώρας</span> <span class='ocrx_word' id='word_1_457' title='bbox 1483 4439 1722 4511; x_wconf 75' lang='grc' dir='ltr'>ἐκείνης,</span> <span class='ocrx_word' id='word_1_458' title='bbox 1750 4444 1782 4514; x_wconf 80' lang='grc' dir='ltr'><strong>ἥ</strong></span> 
     </span>
    </p>
   </div>
   <div class='ocr_carea' id='block_1_64' title="bbox 1889 1946 3485 2020">
    <p class='ocr_par' dir='ltr' id='par_1_64' title="bbox 1889 1946 3485 2020">
     <span class='ocr_line' id='line_1_64' title="bbox 1889 1946 3485 2020; baseline 0.004 -21"><span class='ocrx_word' id='word_1_459' title='bbox 1889 1946 2067 2001; x_wconf 80' lang='lat' dir='ltr'><strong>vicem</strong></span> <span class='ocrx_word' id='word_1_460' title='bbox 2096 1946 2329 2017; x_wconf 84' lang='lat' dir='ltr'><strong>digressi</strong></span> <span class='ocrx_word' id='word_1_461' title='bbox 2377 1958 2527 2004; x_wconf 91' lang='lat' dir='ltr'><strong>sunt.</strong></span> <span class='ocrx_word' id='word_1_462' title='bbox 2550 1949 2631 2004; x_wconf 84' lang='lat' dir='ltr'><strong>Ad</strong></span> <span class='ocrx_word' id='word_1_463' title='bbox 2667 1966 2928 2020; x_wconf 82' lang='lat' dir='ltr'><strong>magnum</strong></span> <span class='ocrx_word' id='word_1_464' title='bbox 2958 1966 3090 2007; x_wconf 88' lang='lat' dir='ltr'><strong>vero</strong></span> <span class='ocrx_word' id='word_1_465' title='bbox 3116 1950 3485 2006; x_wconf 87' lang='lat' dir='ltr'><strong>domesticum</strong></span> 
     </span>
    </p>
   </div>
   <div class='ocr_carea' id='block_1_65' title="bbox 1892 2037 3489 2113">
    <p class='ocr_par' dir='ltr' id='par_1_65' title="bbox 1892 2037 3489 2113">
     <span class='ocr_line' id='line_1_65' title="bbox 1892 2037 3489 2113; baseline 0.004 -21"><span class='ocrx_word' id='word_1_466' title='bbox 1892 2037 2187 2095; x_wconf 89' lang='lat' dir='ltr'><strong>hesternus</strong></span> <span class='ocrx_word' id='word_1_467' title='bbox 2216 2041 2446 2096; x_wconf 89' lang='lat' dir='ltr'><strong>nuntius</strong></span> <span class='ocrx_word' id='word_1_468' title='bbox 2475 2050 2784 2109; x_wconf 86' lang='lat' dir='ltr'><strong>revertens,</strong></span> <span class='ocrx_word' id='word_1_469' title='bbox 2824 2059 3155 2113; x_wconf 88' lang='lat' dir='ltr'><strong>responsum</strong></span> <span class='ocrx_word' id='word_1_470' title='bbox 3198 2044 3265 2098; x_wconf 87' lang='lat' dir='ltr'><strong>ad</strong></span> <span class='ocrx_word' id='word_1_471' title='bbox 3315 2044 3489 2113; x_wconf 82' lang='lat' dir='ltr'><strong>impe-</strong></span> 
     </span>
    </p>
   </div>
   <div class='ocr_carea' id='block_1_66' title="bbox 1890 2129 3486 2202">
    <p class='ocr_par' dir='ltr' id='par_1_66' title="bbox 1890 2129 3486 2202">
     <span class='ocr_line' id='line_1_66' title="bbox 1890 2129 3486 2202; baseline 0.004 -22"><span class='ocrx_word' id='word_1_472' title='bbox 1890 2129 2095 2183; x_wconf 88' lang='lat' dir='ltr'><strong>ratoris</strong></span> <span class='ocrx_word' id='word_1_473' title='bbox 2128 2129 2282 2199; x_wconf 89' lang='lat' dir='ltr'><strong>jussa</strong></span> <span class='ocrx_word' id='word_1_474' title='bbox 2311 2131 2508 2202; x_wconf 77' lang='lat' dir='ltr'><strong>exegit.</strong></span> <span class='ocrx_word' id='word_1_475' title='bbox 2539 2131 2847 2202; x_wconf 87' lang='lat' dir='ltr'><strong>Respondit</strong></span> <span class='ocrx_word' id='word_1_476' title='bbox 2877 2133 2932 2187; x_wconf 91' lang='lat' dir='ltr'><strong>in</strong></span> <span class='ocrx_word' id='word_1_477' title='bbox 2961 2134 3077 2189; x_wconf 69' lang='lat' dir='ltr'><strong>haec</strong></span> <span class='ocrx_word' id='word_1_478' title='bbox 3114 2133 3283 2188; x_wconf 88' lang='lat' dir='ltr'><strong>verba</strong></span> <span class='ocrx_word' id='word_1_479' title='bbox 3310 2134 3486 2189; x_wconf 88' lang='lat' dir='ltr'><strong>:Cum</strong></span> 
     </span>
    </p>
   </div>
   <div class='ocr_carea' id='block_1_67' title="bbox 1891 2223 3489 2296">
    <p class='ocr_par' dir='ltr' id='par_1_67' title="bbox 1891 2223 3489 2296">
     <span class='ocr_line' id='line_1_67' title="bbox 1891 2223 3489 2296; baseline 0.003 -21"><span class='ocrx_word' id='word_1_480' title='bbox 1891 2223 2148 2291; x_wconf 72' lang='lat' dir='ltr'><strong>propensi</strong></span> <span class='ocrx_word' id='word_1_481' title='bbox 2189 2223 2309 2294; x_wconf 84' lang='lat' dir='ltr'><strong>ejus</strong></span> <span class='ocrx_word' id='word_1_482' title='bbox 2337 2224 2391 2278; x_wconf 91' lang='lat' dir='ltr'><strong>in</strong></span> <span class='ocrx_word' id='word_1_483' title='bbox 2422 2239 2482 2279; x_wconf 90' lang='lat' dir='ltr'><strong>se</strong></span> <span class='ocrx_word' id='word_1_484' title='bbox 2506 2225 2676 2279; x_wconf 90' lang='lat' dir='ltr'><strong>animi</strong></span> <span class='ocrx_word' id='word_1_485' title='bbox 2711 2227 3043 2282; x_wconf 87' lang='lat' dir='ltr'><strong>documenta</strong></span> <span class='ocrx_word' id='word_1_486' title='bbox 3083 2227 3370 2296; x_wconf 88' lang='lat' dir='ltr'><strong>complura</strong></span> <span class='ocrx_word' id='word_1_487' title='bbox 3396 2228 3489 2281; x_wconf 87' lang='lat' dir='ltr'><strong>ha-</strong></span> 
     </span>
    </p>
   </div>
   <div class='ocr_carea' id='block_1_68' title="bbox 1890 2314 3488 2389">
    <p class='ocr_par' dir='ltr' id='par_1_68' title="bbox 1890 2314 3488 2389">
     <span class='ocr_line' id='line_1_68' title="bbox 1890 2314 3488 2389; baseline 0.003 -21"><span class='ocrx_word' id='word_1_488' title='bbox 1890 2314 2036 2376; x_wconf 80' lang='lat' dir='ltr'><strong>bent,</strong></span> <span class='ocrx_word' id='word_1_489' title='bbox 2072 2323 2133 2370; x_wconf 91' lang='lat' dir='ltr'><strong>ut</strong></span> <span class='ocrx_word' id='word_1_490' title='bbox 2158 2325 2287 2371; x_wconf 88' lang='lat' dir='ltr'><strong>ante</strong></span> <span class='ocrx_word' id='word_1_491' title='bbox 2319 2315 2502 2373; x_wconf 84' lang='lat' dir='ltr'><strong>fassus</strong></span> <span class='ocrx_word' id='word_1_492' title='bbox 2530 2317 2624 2381; x_wconf 90' lang='lat' dir='ltr'><strong>sit,</strong></span> <span class='ocrx_word' id='word_1_493' title='bbox 2656 2318 2887 2387; x_wconf 87' lang='lat' dir='ltr'><strong>insuper</strong></span> <span class='ocrx_word' id='word_1_494' title='bbox 2920 2319 3027 2373; x_wconf 89' lang='lat' dir='ltr'><strong>ista</strong></span> <span class='ocrx_word' id='word_1_495' title='bbox 3062 2318 3362 2389; x_wconf 68' lang='lat' dir='ltr'><strong>provincia:</strong></span> <span class='ocrx_word' id='word_1_496' title='bbox 3391 2318 3488 2373; x_wconf 86' lang='lat' dir='ltr'><strong>de-</strong></span> 
     </span>
    </p>
   </div>
   <div class='ocr_carea' id='block_1_69' title="bbox 1888 2407 3480 2481">
    <p class='ocr_par' dir='ltr' id='par_1_69' title="bbox 1888 2407 3480 2481">
     <span class='ocr_line' id='line_1_69' title="bbox 1888 2407 3480 2481; baseline 0.001 -20"><span class='ocrx_word' id='word_1_497' title='bbox 1888 2407 2096 2464; x_wconf 88' lang='lat' dir='ltr'><strong>latione</strong></span> <span class='ocrx_word' id='word_1_498' title='bbox 2139 2411 2205 2464; x_wconf 87' lang='lat' dir='ltr'><strong>ad</strong></span> <span class='ocrx_word' id='word_1_499' title='bbox 2254 2411 2460 2481; x_wconf 78' lang='lat' dir='ltr'><strong>gratias</strong></span> <span class='ocrx_word' id='word_1_500' title='bbox 2508 2411 2798 2467; x_wconf 84' lang='lat' dir='ltr'><strong>uberiores</strong></span> <span class='ocrx_word' id='word_1_501' title='bbox 2846 2409 3087 2481; x_wconf 83' lang='lat' dir='ltr'><strong>agendas</strong></span> <span class='ocrx_word' id='word_1_502' title='bbox 3117 2425 3178 2465; x_wconf 85' lang='lat' dir='ltr'><strong>se</strong></span> <span class='ocrx_word' id='word_1_503' title='bbox 3200 2409 3480 2481; x_wconf 88' lang='lat' dir='ltr'><strong>compelli.</strong></span> 
     </span>
    </p>
   </div>
   <div class='ocr_carea' id='block_1_70' title="bbox 1889 2497 3487 2575">
    <p class='ocr_par' dir='ltr' id='par_1_70' title="bbox 1889 2497 3487 2575">
     <span class='ocr_line' id='line_1_70' title="bbox 1889 2497 3487 2575; baseline -0.001 -21"><span class='ocrx_word' id='word_1_504' title='bbox 1889 2497 2061 2555; x_wconf 88' lang='lat' dir='ltr'><strong>Orare</strong></span> <span class='ocrx_word' id='word_1_505' title='bbox 2095 2507 2303 2565; x_wconf 88' lang='lat' dir='ltr'><strong>tamen,</strong></span> <span class='ocrx_word' id='word_1_506' title='bbox 2335 2511 2460 2571; x_wconf 86' lang='lat' dir='ltr'><strong>post</strong></span> <span class='ocrx_word' id='word_1_507' title='bbox 2484 2502 2670 2557; x_wconf 89' lang='lat' dir='ltr'><strong>omnia</strong></span> <span class='ocrx_word' id='word_1_508' title='bbox 2694 2501 2865 2556; x_wconf 85' lang='lat' dir='ltr'><strong>etiam</strong></span> <span class='ocrx_word' id='word_1_509' title='bbox 2892 2501 3034 2556; x_wconf 91' lang='lat' dir='ltr'><strong>istuc</strong></span> <span class='ocrx_word' id='word_1_510' title='bbox 3062 2501 3273 2575; x_wconf 79' lang='lat' dir='ltr'><strong>sineret</strong></span> <span class='ocrx_word' id='word_1_511' title='bbox 3309 2498 3487 2569; x_wconf 88' lang='lat' dir='ltr'><strong>impe-</strong></span> 
     </span>
    </p>
   </div>
   <div class='ocr_carea' id='block_1_71' title="bbox 1891 2591 3479 2664">
    <p class='ocr_par' dir='ltr' id='par_1_71' title="bbox 1891 2591 3479 2664">
     <span class='ocr_line' id='line_1_71' title="bbox 1891 2591 3479 2664; baseline 0 -19"><span class='ocrx_word' id='word_1_512' title='bbox 1891 2593 2026 2646; x_wconf 84' lang='lat' dir='ltr'><strong>trari</strong></span> <span class='ocrx_word' id='word_1_513' title='bbox 2089 2592 2159 2647; x_wconf 83' lang='lat' dir='ltr'><strong>ab</strong></span> <span class='ocrx_word' id='word_1_514' title='bbox 2202 2608 2262 2649; x_wconf 87' lang='lat' dir='ltr'><strong>se</strong></span> <span class='ocrx_word' id='word_1_515' title='bbox 2310 2593 2669 2659; x_wconf 78' lang='lat' dir='ltr'><strong>beneﬁcium,</strong></span> <span class='ocrx_word' id='word_1_516' title='bbox 2701 2595 2847 2664; x_wconf 86' lang='lat' dir='ltr'><strong>quod</strong></span> <span class='ocrx_word' id='word_1_517' title='bbox 2888 2593 3122 2664; x_wconf 87' lang='lat' dir='ltr'><strong>reliquis</strong></span> <span class='ocrx_word' id='word_1_518' title='bbox 3152 2591 3479 2663; x_wconf 88' lang='lat' dir='ltr'><strong>neutiquam</strong></span> 
     </span>
    </p>
   </div>
   <div class='ocr_carea' id='block_1_72' title="bbox 1891 2683 3486 2757">
    <p class='ocr_par' dir='ltr' id='par_1_72' title="bbox 1891 2683 3486 2757">
     <span class='ocr_line' id='line_1_72' title="bbox 1891 2683 3486 2757; baseline -0.001 -15"><span class='ocrx_word' id='word_1_519' title='bbox 1891 2683 2126 2742; x_wconf 78' lang='lat' dir='ltr'><strong>inferius</strong></span> <span class='ocrx_word' id='word_1_520' title='bbox 2179 2686 2431 2751; x_wconf 89' lang='lat' dir='ltr'><strong>duceret,</strong></span> <span class='ocrx_word' id='word_1_521' title='bbox 2464 2697 2522 2743; x_wconf 88' lang='lat' dir='ltr'><strong>ut</strong></span> <span class='ocrx_word' id='word_1_522' title='bbox 2569 2702 2637 2742; x_wconf 90' lang='lat' dir='ltr'><strong>ne</strong></span> <span class='ocrx_word' id='word_1_523' title='bbox 2668 2687 2722 2741; x_wconf 90' lang='lat' dir='ltr'><strong>in</strong></span> <span class='ocrx_word' id='word_1_524' title='bbox 2757 2687 3204 2757; x_wconf 59' lang='lat' dir='ltr'><strong>Pelorionncsum</strong></span> <span class='ocrx_word' id='word_1_525' title='bbox 3240 2685 3486 2740; x_wconf 89' lang='lat' dir='ltr'><strong>mittere-</strong></span> 
     </span>
    </p>
   </div>
   <div class='ocr_carea' id='block_1_73' title="bbox 1894 2776 3483 2850">
    <p class='ocr_par' dir='ltr' id='par_1_73' title="bbox 1894 2776 3483 2850">
     <span class='ocr_line' id='line_1_73' title="bbox 1894 2776 3483 2850; baseline 0 -19"><span class='ocrx_word' id='word_1_526' title='bbox 1894 2783 1982 2832; x_wconf 87' lang='lat' dir='ltr'><strong>tur</strong></span> <span class='ocrx_word' id='word_1_527' title='bbox 2013 2795 2026 2831; x_wconf 90' lang='lat'><strong>:</strong></span> <span class='ocrx_word' id='word_1_528' title='bbox 2059 2793 2168 2832; x_wconf 91' lang='lat' dir='ltr'><strong>non</strong></span> <span class='ocrx_word' id='word_1_529' title='bbox 2201 2776 2348 2849; x_wconf 89' lang='lat' dir='ltr'><strong>quod</strong></span> <span class='ocrx_word' id='word_1_530' title='bbox 2372 2779 2604 2850; x_wconf 69' lang='lat' dir='ltr'><strong>ignaviae</strong></span> <span class='ocrx_word' id='word_1_531' title='bbox 2635 2779 3045 2845; x_wconf 88' lang='lat' dir='ltr'><strong>succumberet,</strong></span> <span class='ocrx_word' id='word_1_532' title='bbox 3070 2789 3167 2834; x_wconf 85' lang='lat' dir='ltr'><strong>aut</strong></span> <span class='ocrx_word' id='word_1_533' title='bbox 3189 2776 3483 2849; x_wconf 75' lang='lat' dir='ltr'><strong>praefectu-</strong></span> 
     </span>
    </p>
   </div>
   <div class='ocr_carea' id='block_1_74' title="bbox 1891 2868 3482 2944">
    <p class='ocr_par' dir='ltr' id='par_1_74' title="bbox 1891 2868 3482 2944">
     <span class='ocr_line' id='line_1_74' title="bbox 1891 2868 3482 2944; baseline 0 -21"><span class='ocrx_word' id='word_1_534' title='bbox 1891 2884 2009 2924; x_wconf 89' lang='lat' dir='ltr'><strong>ram</strong></span> <span class='ocrx_word' id='word_1_535' title='bbox 2066 2874 2208 2927; x_wconf 88' lang='lat' dir='ltr'><strong>hanc</strong></span> <span class='ocrx_word' id='word_1_536' title='bbox 2259 2871 2514 2941; x_wconf 82' lang='lat' dir='ltr'><strong>dignitati</strong></span> <span class='ocrx_word' id='word_1_537' title='bbox 2571 2887 2684 2929; x_wconf 81' lang='lat' dir='ltr'><strong>suae</strong></span> <span class='ocrx_word' id='word_1_538' title='bbox 2734 2875 3002 2944; x_wconf 88' lang='lat' dir='ltr'><strong>imparem</strong></span> <span class='ocrx_word' id='word_1_539' title='bbox 3052 2879 3329 2936; x_wconf 89' lang='lat' dir='ltr'><strong>censeret,</strong></span> <span class='ocrx_word' id='word_1_540' title='bbox 3387 2868 3482 2924; x_wconf 82' lang='lat' dir='ltr'><strong>sed</strong></span> 
     </span>
    </p>
   </div>
   <div class='ocr_carea' id='block_1_75' title="bbox 1890 2956 3482 3030">
    <p class='ocr_par' dir='ltr' id='par_1_75' title="bbox 1890 2956 3482 3030">
     <span class='ocr_line' id='line_1_75' title="bbox 1890 2956 3482 3030; baseline 0.001 -21"><span class='ocrx_word' id='word_1_541' title='bbox 1890 2956 2040 3025; x_wconf 92' lang='lat' dir='ltr'><strong>quod</strong></span> <span class='ocrx_word' id='word_1_542' title='bbox 2068 2958 2179 3014; x_wconf 90' lang='lat' dir='ltr'><strong>illis</strong></span> <span class='ocrx_word' id='word_1_543' title='bbox 2205 2959 2262 3013; x_wconf 92' lang='lat' dir='ltr'><strong>in</strong></span> <span class='ocrx_word' id='word_1_544' title='bbox 2301 2960 2436 3014; x_wconf 90' lang='lat' dir='ltr'><strong>locis</strong></span> <span class='ocrx_word' id='word_1_545' title='bbox 2466 2960 2677 3014; x_wconf 89' lang='lat' dir='ltr'><strong>versari</strong></span> <span class='ocrx_word' id='word_1_546' title='bbox 2711 2969 2969 3029; x_wconf 87' lang='lat' dir='ltr'><strong>nequeat,</strong></span> <span class='ocrx_word' id='word_1_547' title='bbox 2990 2959 3081 3015; x_wconf 87' lang='lat' dir='ltr'><strong>ubi</strong></span> <span class='ocrx_word' id='word_1_548' title='bbox 3103 2968 3314 3030; x_wconf 87' lang='lat' dir='ltr'><strong>patrem</strong></span> <span class='ocrx_word' id='word_1_549' title='bbox 3340 2956 3482 3013; x_wconf 80' lang='lat' dir='ltr'><strong>ami-</strong></span> 
     </span>
    </p>
   </div>
   <div class='ocr_carea' id='block_1_76' title="bbox 1891 3046 3482 3119">
    <p class='ocr_par' dir='ltr' id='par_1_76' title="bbox 1891 3046 3482 3119">
     <span class='ocr_line' id='line_1_76' title="bbox 1891 3046 3482 3119; baseline 0 -18"><span class='ocrx_word' id='word_1_550' title='bbox 1891 3046 2029 3101; x_wconf 89' lang='lat' dir='ltr'><strong>serit</strong></span> <span class='ocrx_word' id='word_1_551' title='bbox 2057 3046 2192 3117; x_wconf 73' lang='lat'><strong>(22).</strong></span> <span class='ocrx_word' id='word_1_552' title='bbox 2230 3046 2383 3104; x_wconf 89' lang='lat' dir='ltr'><strong>Scire</strong></span> <span class='ocrx_word' id='word_1_553' title='bbox 2417 3049 2567 3103; x_wconf 92' lang='lat' dir='ltr'><strong>enim</strong></span> <span class='ocrx_word' id='word_1_554' title='bbox 2600 3049 2800 3104; x_wconf 81' lang='lat' dir='ltr'><strong>melius</strong></span> <span class='ocrx_word' id='word_1_555' title='bbox 2834 3050 3036 3119; x_wconf 88' lang='lat' dir='ltr'><strong>ipsum,</strong></span> <span class='ocrx_word' id='word_1_556' title='bbox 3068 3062 3181 3119; x_wconf 89' lang='lat' dir='ltr'><strong>quo</strong></span> <span class='ocrx_word' id='word_1_557' title='bbox 3212 3055 3370 3117; x_wconf 87' lang='lat' dir='ltr'><strong>pacto</strong></span> <span class='ocrx_word' id='word_1_558' title='bbox 3391 3062 3482 3116; x_wconf 52' lang='lat' dir='ltr'><strong>pa.</strong></span> 
     </span>
    </p>
   </div>
   <div class='ocr_carea' id='block_1_77' title="bbox 1891 3134 3485 3206">
    <p class='ocr_par' dir='ltr' id='par_1_77' title="bbox 1891 3134 3485 3206">
     <span class='ocr_line' id='line_1_77' title="bbox 1891 3134 3485 3206; baseline 0.003 -20"><span class='ocrx_word' id='word_1_559' title='bbox 1891 3148 2019 3189; x_wconf 88' lang='lat' dir='ltr'><strong>rens</strong></span> <span class='ocrx_word' id='word_1_560' title='bbox 2041 3134 2183 3203; x_wconf 79' lang='lat' dir='ltr'><strong>ejus,</strong></span> <span class='ocrx_word' id='word_1_561' title='bbox 2216 3151 2386 3189; x_wconf 90' lang='lat' dir='ltr'><strong>unum</strong></span> <span class='ocrx_word' id='word_1_562' title='bbox 2429 3145 2484 3190; x_wconf 87' lang='lat' dir='ltr'><strong>et</strong></span> <span class='ocrx_word' id='word_1_563' title='bbox 2523 3136 2721 3206; x_wconf 76' lang='lat' dir='ltr'><strong>viginti</strong></span> <span class='ocrx_word' id='word_1_564' title='bbox 2746 3146 2910 3192; x_wconf 90' lang='lat' dir='ltr'><strong>natus</strong></span> <span class='ocrx_word' id='word_1_565' title='bbox 2940 3152 3137 3204; x_wconf 84' lang='lat' dir='ltr'><strong>annos,</strong></span> <span class='ocrx_word' id='word_1_566' title='bbox 3170 3136 3240 3191; x_wconf 90' lang='lat' dir='ltr'><strong>ab</strong></span> <span class='ocrx_word' id='word_1_567' title='bbox 3282 3149 3351 3191; x_wconf 88' lang='lat' dir='ltr'><strong>eo</strong></span> <span class='ocrx_word' id='word_1_568' title='bbox 3384 3137 3485 3191; x_wconf 68' lang='lat' dir='ltr'><strong>Pe—</strong></span> 
     </span>
    </p>
   </div>
   <div class='ocr_carea' id='block_1_78' title="bbox 1890 3226 3486 3298">
    <p class='ocr_par' dir='ltr' id='par_1_78' title="bbox 1890 3226 3486 3298">
     <span class='ocr_line' id='line_1_78' title="bbox 1890 3226 3486 3298; baseline 0 -16"><span class='ocrx_word' id='word_1_569' title='bbox 1890 3226 2197 3298; x_wconf 89' lang='lat' dir='ltr'><strong>loponneso</strong></span> <span class='ocrx_word' id='word_1_570' title='bbox 2229 3229 2543 3297; x_wconf 63' lang='lat' dir='ltr'><strong>praefectus,</strong></span> <span class='ocrx_word' id='word_1_571' title='bbox 2603 3239 2730 3285; x_wconf 90' lang='lat' dir='ltr'><strong>octo</strong></span> <span class='ocrx_word' id='word_1_572' title='bbox 2779 3230 3062 3286; x_wconf 84' lang='lat' dir='ltr'><strong>continuis</strong></span> <span class='ocrx_word' id='word_1_573' title='bbox 3114 3229 3323 3285; x_wconf 90' lang='lat' dir='ltr'><strong>ibidem</strong></span> <span class='ocrx_word' id='word_1_574' title='bbox 3348 3243 3486 3284; x_wconf 88' lang='lat' dir='ltr'><strong>con-</strong></span> 
     </span>
    </p>
   </div>
   <div class='ocr_carea' id='block_1_79' title="bbox 1890 3320 3482 3393">
    <p class='ocr_par' dir='ltr' id='par_1_79' title="bbox 1890 3320 3482 3393">
     <span class='ocr_line' id='line_1_79' title="bbox 1890 3320 3482 3393; baseline -0.001 -19"><span class='ocrx_word' id='word_1_575' title='bbox 1890 3321 2145 3390; x_wconf 76' lang='lat' dir='ltr'><strong>sumptis,</strong></span> <span class='ocrx_word' id='word_1_576' title='bbox 2196 3321 2366 3378; x_wconf 87' lang='lat' dir='ltr'><strong>vitam</strong></span> <span class='ocrx_word' id='word_1_577' title='bbox 2413 3322 2725 3393; x_wconf 84' lang='lat' dir='ltr'><strong>reliquerit.</strong></span> <span class='ocrx_word' id='word_1_578' title='bbox 2755 3322 2877 3389; x_wconf 85' lang='lat' dir='ltr'><strong>Quo</strong></span> <span class='ocrx_word' id='word_1_579' title='bbox 2910 3321 3118 3378; x_wconf 82' lang='lat' dir='ltr'><strong>factum</strong></span> <span class='ocrx_word' id='word_1_580' title='bbox 3161 3320 3384 3385; x_wconf 88' lang='lat' dir='ltr'><strong>deinde,</strong></span> <span class='ocrx_word' id='word_1_581' title='bbox 3423 3331 3482 3373; x_wconf 87' lang='lat' dir='ltr'><strong>ut</strong></span> 
     </span>
    </p>
   </div>
   <div class='ocr_carea' id='block_1_80' title="bbox 1889 3412 3480 3486">
    <p class='ocr_par' dir='ltr' id='par_1_80' title="bbox 1889 3412 3480 3486">
     <span class='ocr_line' id='line_1_80' title="bbox 1889 3412 3480 3486; baseline -0.003 -17"><span class='ocrx_word' id='word_1_582' title='bbox 1889 3412 2255 3483; x_wconf 84' lang='lat' dir='ltr'><strong>Peloponnesi</strong></span> <span class='ocrx_word' id='word_1_583' title='bbox 2285 3415 2606 3471; x_wconf 89' lang='lat' dir='ltr'><strong>memoriam</strong></span> <span class='ocrx_word' id='word_1_584' title='bbox 2633 3431 2918 3486; x_wconf 86' lang='lat' dir='ltr'><strong>nunquam</strong></span> <span class='ocrx_word' id='word_1_585' title='bbox 2941 3415 3062 3470; x_wconf 88' lang='lat' dir='ltr'><strong>sine</strong></span> <span class='ocrx_word' id='word_1_586' title='bbox 3092 3414 3282 3470; x_wconf 90' lang='lat' dir='ltr'><strong>dolore</strong></span> <span class='ocrx_word' id='word_1_587' title='bbox 3317 3428 3480 3468; x_wconf 86' lang='lat' dir='ltr'><strong>usur-</strong></span> 
     </span>
    </p>
   </div>
   <div class='ocr_carea' id='block_1_81' title="bbox 1889 3505 3479 3585">
    <p class='ocr_par' dir='ltr' id='par_1_81' title="bbox 1889 3505 3479 3585">
     <span class='ocr_line' id='line_1_81' title="bbox 1889 3505 3479 3585; baseline 0.003 -24"><span class='ocrx_word' id='word_1_588' title='bbox 1889 3517 2003 3576; x_wconf 88' lang='lat' dir='ltr'><strong>pet.</strong></span> <span class='ocrx_word' id='word_1_589' title='bbox 2040 3507 2184 3574; x_wconf 86' lang='lat' dir='ltr'><strong>Quin</strong></span> <span class='ocrx_word' id='word_1_590' title='bbox 2225 3517 2282 3563; x_wconf 89' lang='lat' dir='ltr'><strong>et</strong></span> <span class='ocrx_word' id='word_1_591' title='bbox 2318 3519 2547 3563; x_wconf 88' lang='lat' dir='ltr'><strong>matrem</strong></span> <span class='ocrx_word' id='word_1_592' title='bbox 2573 3524 2719 3580; x_wconf 86' lang='lat' dir='ltr'><strong>saepe</strong></span> <span class='ocrx_word' id='word_1_593' title='bbox 2747 3525 2812 3565; x_wconf 88' lang='lat' dir='ltr'><strong>ac</strong></span> <span class='ocrx_word' id='word_1_594' title='bbox 2841 3508 3075 3564; x_wconf 89' lang='lat' dir='ltr'><strong>multum</strong></span> <span class='ocrx_word' id='word_1_595' title='bbox 3109 3506 3218 3564; x_wconf 88' lang='lat' dir='ltr'><strong>sibi</strong></span> <span class='ocrx_word' id='word_1_596' title='bbox 3248 3505 3479 3585; x_wconf 75' lang='lat' dir='ltr'><strong>dixisse.</strong></span> 
     </span>
    </p>
   </div>
   <div class='ocr_carea' id='block_1_82' title="bbox 1888 3598 3482 3671">
    <p class='ocr_par' dir='ltr' id='par_1_82' title="bbox 1888 3598 3482 3671">
     <span class='ocr_line' id='line_1_82' title="bbox 1888 3598 3482 3671; baseline -0.001 -19"><span class='ocrx_word' id='word_1_597' title='bbox 1888 3598 2220 3667; x_wconf 77' lang='lat' dir='ltr'><strong>permoleste</strong></span> <span class='ocrx_word' id='word_1_598' title='bbox 2271 3599 2533 3664; x_wconf 83' lang='lat' dir='ltr'><strong>laturam,</strong></span> <span class='ocrx_word' id='word_1_599' title='bbox 2574 3601 2618 3656; x_wconf 91' lang='lat' dir='ltr'><strong>si</strong></span> <span class='ocrx_word' id='word_1_600' title='bbox 2650 3601 2703 3655; x_wconf 91' lang='lat' dir='ltr'><strong>ei</strong></span> <span class='ocrx_word' id='word_1_601' title='bbox 2755 3599 2969 3670; x_wconf 80' lang='lat' dir='ltr'><strong>regioni</strong></span> <span class='ocrx_word' id='word_1_602' title='bbox 3022 3607 3308 3671; x_wconf 76' lang='lat' dir='ltr'><strong>praeesset,</strong></span> <span class='ocrx_word' id='word_1_603' title='bbox 3358 3611 3482 3667; x_wconf 65' lang='lat' dir='ltr'><strong>quae</strong></span> 
     </span>
    </p>
   </div>
   <div class='ocr_carea' id='block_1_83' title="bbox 1890 3690 3475 3769">
    <p class='ocr_par' dir='ltr' id='par_1_83' title="bbox 1890 3690 3475 3769">
     <span class='ocr_line' id='line_1_83' title="bbox 1890 3690 3475 3769; baseline -0.001 -24"><span class='ocrx_word' id='word_1_604' title='bbox 1890 3690 2068 3761; x_wconf 90' lang='lat' dir='ltr'><strong>ipsum</strong></span> <span class='ocrx_word' id='word_1_605' title='bbox 2096 3693 2187 3757; x_wconf 84' lang='lat' dir='ltr'><strong>tali</strong></span> <span class='ocrx_word' id='word_1_606' title='bbox 2219 3702 2369 3762; x_wconf 85' lang='lat' dir='ltr'><strong>patre</strong></span> <span class='ocrx_word' id='word_1_607' title='bbox 2400 3694 2670 3750; x_wconf 90' lang='lat' dir='ltr'><strong>orbasset.</strong></span> <span class='ocrx_word' id='word_1_608' title='bbox 2698 3694 2840 3769; x_wconf 86' lang='lat' dir='ltr'><strong>Iluic</strong></span> <span class='ocrx_word' id='word_1_609' title='bbox 2879 3694 3049 3765; x_wconf 79' lang='lat' dir='ltr'><strong>igitur</strong></span> <span class='ocrx_word' id='word_1_610' title='bbox 3093 3691 3475 3749; x_wconf 82' lang='lat' dir='ltr'><strong>detrectatioui</strong></span> 
     </span>
    </p>
   </div>
   <div class='ocr_carea' id='block_1_84' title="bbox 1888 3784 3482 3857">
    <p class='ocr_par' dir='ltr' id='par_1_84' title="bbox 1888 3784 3482 3857">
     <span class='ocr_line' id='line_1_84' title="bbox 1888 3784 3482 3857; baseline -0.001 -19"><span class='ocrx_word' id='word_1_611' title='bbox 1888 3798 2001 3857; x_wconf 76' lang='lat' dir='ltr'><strong>suae</strong></span> <span class='ocrx_word' id='word_1_612' title='bbox 2017 3786 2232 3840; x_wconf 88' lang='lat' dir='ltr'><strong>veniam</strong></span> <span class='ocrx_word' id='word_1_613' title='bbox 2244 3785 2428 3855; x_wconf 76' lang='lat' dir='ltr'><strong>daret.</strong></span> <span class='ocrx_word' id='word_1_614' title='bbox 2452 3785 2555 3841; x_wconf 88' lang='lat' dir='ltr'><strong>Sed</strong></span> <span class='ocrx_word' id='word_1_615' title='bbox 2575 3786 2722 3842; x_wconf 90' lang='lat' dir='ltr'><strong>enim</strong></span> <span class='ocrx_word' id='word_1_616' title='bbox 2761 3789 2865 3843; x_wconf 91' lang='lat' dir='ltr'><strong>hoc</strong></span> <span class='ocrx_word' id='word_1_617' title='bbox 2901 3787 3269 3842; x_wconf 83' lang='lat' dir='ltr'><strong>velamentum</strong></span> <span class='ocrx_word' id='word_1_618' title='bbox 3306 3784 3482 3854; x_wconf 87' lang='lat' dir='ltr'><strong>quod—</strong></span> 
     </span>
    </p>
   </div>
   <div class='ocr_carea' id='block_1_85' title="bbox 1886 3871 3478 3946">
    <p class='ocr_par' dir='ltr' id='par_1_85' title="bbox 1886 3871 3478 3946">
     <span class='ocr_line' id='line_1_85' title="bbox 1886 3871 3478 3946; baseline -0.003 -16"><span class='ocrx_word' id='word_1_619' title='bbox 1886 3875 2013 3930; x_wconf 87' lang='lat' dir='ltr'><strong>dam</strong></span> <span class='ocrx_word' id='word_1_620' title='bbox 2037 3883 2176 3940; x_wconf 89' lang='lat' dir='ltr'><strong>erat,</strong></span> <span class='ocrx_word' id='word_1_621' title='bbox 2200 3891 2309 3931; x_wconf 91' lang='lat' dir='ltr'><strong>non</strong></span> <span class='ocrx_word' id='word_1_622' title='bbox 2327 3891 2452 3931; x_wconf 88' lang='lat' dir='ltr'><strong>vera</strong></span> <span class='ocrx_word' id='word_1_623' title='bbox 2471 3891 2635 3931; x_wconf 90' lang='lat' dir='ltr'><strong>causa</strong></span> <span class='ocrx_word' id='word_1_624' title='bbox 2663 3876 3017 3946; x_wconf 74' lang='lat' dir='ltr'><strong>repudiandae</strong></span> <span class='ocrx_word' id='word_1_625' title='bbox 3039 3874 3360 3945; x_wconf 84' lang='lat' dir='ltr'><strong>provinciae.</strong></span> <span class='ocrx_word' id='word_1_626' title='bbox 3381 3871 3478 3927; x_wconf 85' lang='lat' dir='ltr'><strong>His</strong></span> 
     </span>
    </p>
   </div>
   <div class='ocr_carea' id='block_1_86' title="bbox 1886 3967 3477 4043">
    <p class='ocr_par' dir='ltr' id='par_1_86' title="bbox 1886 3967 3477 4043">
     <span class='ocr_line' id='line_1_86' title="bbox 1886 3967 3477 4043; baseline -0.003 -17"><span class='ocrx_word' id='word_1_627' title='bbox 1886 3971 2183 4028; x_wconf 86' lang='lat' dir='ltr'><strong>intellectis</strong></span> <span class='ocrx_word' id='word_1_628' title='bbox 2204 3973 2507 4043; x_wconf 85' lang='lat' dir='ltr'><strong>imperator</strong></span> <span class='ocrx_word' id='word_1_629' title='bbox 2523 3972 2765 4027; x_wconf 88' lang='lat' dir='ltr'><strong>molliter</strong></span> <span class='ocrx_word' id='word_1_630' title='bbox 2785 3971 3061 4026; x_wconf 89' lang='lat' dir='ltr'><strong>hominem</strong></span> <span class='ocrx_word' id='word_1_631' title='bbox 3100 3969 3354 4040; x_wconf 79' lang='lat' dir='ltr'><strong>castigat,</strong></span> <span class='ocrx_word' id='word_1_632' title='bbox 3380 3967 3477 4039; x_wconf 90' lang='lat' dir='ltr'><strong>qui</strong></span> 
     </span>
    </p>
   </div>
   <div class='ocr_carea' id='block_1_87' title="bbox 1887 4062 3479 4137">
    <p class='ocr_par' dir='ltr' id='par_1_87' title="bbox 1887 4062 3479 4137">
     <span class='ocr_line' id='line_1_87' title="bbox 1887 4062 3479 4137; baseline -0.004 -15"><span class='ocrx_word' id='word_1_633' title='bbox 1887 4066 2271 4137; x_wconf 89' lang='lat' dir='ltr'><strong>imprudenter</strong></span> <span class='ocrx_word' id='word_1_634' title='bbox 2287 4067 2663 4122; x_wconf 82' lang='lat' dir='ltr'><strong>locutusesset</strong></span> <span class='ocrx_word' id='word_1_635' title='bbox 2684 4083 2700 4120; x_wconf 87' lang='lat'><strong>:</strong></span> <span class='ocrx_word' id='word_1_636' title='bbox 2723 4064 2930 4136; x_wconf 91' lang='lat' dir='ltr'><strong>quique</strong></span> <span class='ocrx_word' id='word_1_637' title='bbox 2946 4065 3201 4119; x_wconf 88' lang='lat' dir='ltr'><strong>timorem</strong></span> <span class='ocrx_word' id='word_1_638' title='bbox 3218 4063 3342 4118; x_wconf 87' lang='lat' dir='ltr'><strong>viro</strong></span> <span class='ocrx_word' id='word_1_639' title='bbox 3379 4062 3479 4117; x_wconf 90' lang='lat' dir='ltr'><strong>mi-</strong></span> 
     </span>
    </p>
   </div>
   <div class='ocr_carea' id='block_1_88' title="bbox 1888 4152 3478 4224">
    <p class='ocr_par' dir='ltr' id='par_1_88' title="bbox 1888 4152 3478 4224">
     <span class='ocr_line' id='line_1_88' title="bbox 1888 4152 3478 4224; baseline -0.004 -14"><span class='ocrx_word' id='word_1_640' title='bbox 1888 4157 2035 4210; x_wconf 88' lang='lat' dir='ltr'><strong>nime</strong></span> <span class='ocrx_word' id='word_1_641' title='bbox 2054 4155 2314 4210; x_wconf 86' lang='lat' dir='ltr'><strong>decorum</strong></span> <span class='ocrx_word' id='word_1_642' title='bbox 2332 4155 2700 4224; x_wconf 89' lang='lat' dir='ltr'><strong>concepisset,</strong></span> <span class='ocrx_word' id='word_1_643' title='bbox 2728 4153 2860 4208; x_wconf 91' lang='lat' dir='ltr'><strong>dum</strong></span> <span class='ocrx_word' id='word_1_644' title='bbox 2883 4161 3111 4223; x_wconf 87' lang='lat' dir='ltr'><strong>propter</strong></span> <span class='ocrx_word' id='word_1_645' title='bbox 3130 4152 3302 4223; x_wconf 87' lang='lat' dir='ltr'><strong>patris</strong></span> <span class='ocrx_word' id='word_1_646' title='bbox 3329 4164 3478 4205; x_wconf 89' lang='lat' dir='ltr'><strong>mor-</strong></span> 
     </span>
    </p>
   </div>
   <div class='ocr_carea' id='block_1_89' title="bbox 1889 4241 3479 4312">
    <p class='ocr_par' dir='ltr' id='par_1_89' title="bbox 1889 4241 3479 4312">
     <span class='ocr_line' id='line_1_89' title="bbox 1889 4241 3479 4312; baseline -0.001 -13"><span class='ocrx_word' id='word_1_647' title='bbox 1889 4253 1996 4299; x_wconf 90' lang='lat' dir='ltr'><strong>tem</strong></span> <span class='ocrx_word' id='word_1_648' title='bbox 2017 4242 2131 4299; x_wconf 90' lang='lat' dir='ltr'><strong>illic</strong></span> <span class='ocrx_word' id='word_1_649' title='bbox 2153 4243 2384 4309; x_wconf 84' lang='lat' dir='ltr'><strong>ubitam,</strong></span> <span class='ocrx_word' id='word_1_650' title='bbox 2405 4259 2435 4299; x_wconf 88' lang='lat' dir='ltr'><strong>a</strong></span> <span class='ocrx_word' id='word_1_651' title='bbox 2450 4243 2687 4312; x_wconf 62' lang='lat' dir='ltr'><strong>regione</strong></span> <span class='ocrx_word' id='word_1_652' title='bbox 2713 4241 3043 4296; x_wconf 87' lang='lat' dir='ltr'><strong>abhorreret</strong></span> <span class='ocrx_word' id='word_1_653' title='bbox 3064 4256 3300 4311; x_wconf 86' lang='lat' dir='ltr'><strong>;perque</strong></span> <span class='ocrx_word' id='word_1_654' title='bbox 3320 4254 3479 4297; x_wconf 84' lang='lat' dir='ltr'><strong>eum-.-</strong></span> 
     </span>
    </p>
   </div>
   <div class='ocr_carea' id='block_1_90' title="bbox 1887 4334 3473 4407">
    <p class='ocr_par' dir='ltr' id='par_1_90' title="bbox 1887 4334 3473 4407">
     <span class='ocr_line' id='line_1_90' title="bbox 1887 4334 3473 4407; baseline -0.003 -15"><span class='ocrx_word' id='word_1_655' title='bbox 1887 4340 2012 4392; x_wconf 88' lang='lat' dir='ltr'><strong>dem</strong></span> <span class='ocrx_word' id='word_1_656' title='bbox 2035 4336 2291 4390; x_wconf 89' lang='lat' dir='ltr'><strong>nuntium</strong></span> <span class='ocrx_word' id='word_1_657' title='bbox 2312 4334 2362 4391; x_wconf 92' lang='lat' dir='ltr'><strong>ei</strong></span> <span class='ocrx_word' id='word_1_658' title='bbox 2401 4335 2697 4407; x_wconf 80' lang='lat' dir='ltr'><strong>significat,</strong></span> <span class='ocrx_word' id='word_1_659' title='bbox 2720 4334 2830 4406; x_wconf 78' lang='lat'><strong>56</strong></span> <span class='ocrx_word' id='word_1_660' title='bbox 2861 4335 3174 4390; x_wconf 91' lang='lat' dir='ltr'><strong>consultius</strong></span> <span class='ocrx_word' id='word_1_661' title='bbox 3204 4334 3473 4388; x_wconf 80' lang='lat' dir='ltr'><strong>facturum</strong></span> 
     </span>
    </p>
   </div>
   <div class='ocr_carea' id='block_1_91' title="bbox 1888 4426 3472 4499">
    <p class='ocr_par' dir='ltr' id='par_1_91' title="bbox 1888 4426 3472 4499">
     <span class='ocr_line' id='line_1_91' title="bbox 1888 4426 3472 4499; baseline -0.001 -15"><span class='ocrx_word' id='word_1_662' title='bbox 1888 4429 2078 4493; x_wconf 82' lang='lat' dir='ltr'><strong>fuisse,</strong></span> <span class='ocrx_word' id='word_1_663' title='bbox 2098 4428 2141 4483; x_wconf 93' lang='lat' dir='ltr'><strong>si</strong></span> <span class='ocrx_word' id='word_1_664' title='bbox 2162 4444 2270 4484; x_wconf 90' lang='lat' dir='ltr'><strong>non</strong></span> <span class='ocrx_word' id='word_1_665' title='bbox 2294 4439 2662 4499; x_wconf 83' lang='lat' dir='ltr'><strong>repugnanter</strong></span> <span class='ocrx_word' id='word_1_666' title='bbox 2687 4428 2956 4483; x_wconf 86' lang='lat' dir='ltr'><strong>mandatis</strong></span> <span class='ocrx_word' id='word_1_667' title='bbox 2971 4426 3156 4483; x_wconf 77' lang='lat' dir='ltr'><strong>statim</strong></span> <span class='ocrx_word' id='word_1_668' title='bbox 3180 4427 3472 4495; x_wconf 77' lang='lat' dir='ltr'><strong>paruisset.</strong></span> 
     </span>
    </p>
   </div>
   <div class='ocr_carea' id='block_1_92' title="bbox 213 4510 1788 4601">
    <p class='ocr_par' dir='ltr' id='par_1_92' title="bbox 213 4510 1781 4601">
     <span class='ocr_line' id='line_1_92' title="bbox 213 4510 1781 4601; baseline 0.003 -22"><span class='ocrx_word' id='word_1_669' title='bbox 213 4524 454 4579; x_wconf 71' lang='grc' dir='ltr'>τοιούτου</span> <span class='ocrx_word' id='word_1_670' title='bbox 492 4525 696 4596; x_wconf 75' lang='grc' dir='ltr'>πατρὸς</span> <span class='ocrx_word' id='word_1_671' title='bbox 714 4524 992 4591; x_wconf 81' lang='grc' dir='ltr'>ἀπέδειξεν</span> <span class='ocrx_word' id='word_1_672' title='bbox 1020 4527 1278 4601; x_wconf 75' lang='grc' dir='ltr'>ὀρφανὸν,</span> <span class='ocrx_word' id='word_1_673' title='bbox 1310 4528 1495 4601; x_wconf 79' lang='grc' dir='ltr'>ἄρξαι.</span> <span class='ocrx_word' id='word_1_674' title='bbox 1528 4533 1629 4585; x_wconf 87' lang='grc' dir='ltr'>Διά</span> <span class='ocrx_word' id='word_1_675' title='bbox 1651 4510 1781 4586; x_wconf 55' lang='grc' dir='ltr'>ταῦέ</span> 
     </span>
    </p>
   </div>
   <div class='ocr_carea' id='block_1_93' title="bbox 1891 4510 3557 4601">
    <p class='ocr_par' dir='ltr' id='par_1_93' title="bbox 1891 4510 3557 4598">
     <span class='ocr_line' id='line_1_93' title="bbox 1891 4510 3557 4598; baseline -0.004 -26"><span class='ocrx_word' id='word_1_676' title='bbox 1891 4518 2026 4585; x_wconf 85' lang='lat' dir='ltr'><strong>Quia</strong></span> <span class='ocrx_word' id='word_1_677' title='bbox 2055 4534 2184 4572; x_wconf 81' lang='lat' dir='ltr'><strong>vero</strong></span> <span class='ocrx_word' id='word_1_678' title='bbox 2202 4510 2609 4572; x_wconf 76' lang='lat' dir='ltr'><strong>excitsationem</strong></span> <span class='ocrx_word' id='word_1_679' title='bbox 2634 4518 2700 4572; x_wconf 87' lang='lat' dir='ltr'><strong>de</strong></span> <span class='ocrx_word' id='word_1_680' title='bbox 2720 4517 3096 4587; x_wconf 85' lang='lat' dir='ltr'><strong>Peloponneso</strong></span> <span class='ocrx_word' id='word_1_681' title='bbox 3121 4531 3227 4569; x_wconf 90' lang='lat' dir='ltr'><strong>non</strong></span> <span class='ocrx_word' id='word_1_682' title='bbox 3248 4510 3485 4584; x_wconf 82' lang='lat' dir='ltr'><strong>quidem</strong></span> <span class='ocrx_word' id='word_1_683' title='bbox 3552 4593 3557 4598; x_wconf 31' lang='lat'>&#39;</span> 
     </span>
    </p>
   </div>
   <div class='ocr_carea' id='block_1_94' title="bbox 211 4613 1785 4690">
    <p class='ocr_par' dir='ltr' id='par_1_94' title="bbox 211 4613 1785 4690">
     <span class='ocr_line' id='line_1_94' title="bbox 211 4613 1785 4690; baseline 0.006 -25"><span class='ocrx_word' id='word_1_684' title='bbox 211 4631 275 4666; x_wconf 79' lang='grc' dir='ltr'><strong>τα</strong></span> <span class='ocrx_word' id='word_1_685' title='bbox 297 4613 631 4685; x_wconf 68' lang='grc' dir='ltr'>συγγνώμης</span> <span class='ocrx_word' id='word_1_686' title='bbox 648 4615 781 4668; x_wconf 85' lang='grc' dir='ltr'>αίτῶ</span> <span class='ocrx_word' id='word_1_687' title='bbox 805 4619 987 4688; x_wconf 84' lang='grc' dir='ltr'>τυχεῖν</span> <span class='ocrx_word' id='word_1_688' title='bbox 1016 4620 1132 4671; x_wconf 76' lang='grc' dir='ltr'>ἐκεῖ</span> <span class='ocrx_word' id='word_1_689' title='bbox 1166 4616 1244 4690; x_wconf 75' lang='grc' dir='ltr'>μὴ</span> <span class='ocrx_word' id='word_1_690' title='bbox 1266 4618 1594 4690; x_wconf 84' lang='grc' dir='ltr'>βουλόμενος</span> <span class='ocrx_word' id='word_1_691' title='bbox 1616 4622 1785 4676; x_wconf 83' lang='grc' dir='ltr'>ἀπελ-</span> 
     </span>
    </p>
   </div>
   <div class='ocr_carea' id='block_1_95' title="bbox 211 4700 1783 4784">
    <p class='ocr_par' dir='ltr' id='par_1_95' title="bbox 211 4700 1783 4784">
     <span class='ocr_line' id='line_1_95' title="bbox 211 4700 1783 4784; baseline 0.004 -26"><span class='ocrx_word' id='word_1_692' title='bbox 211 4706 339 4761; x_wconf 76' lang='grc' dir='ltr'>θεῖν.</span> <span class='ocrx_word' id='word_1_693' title='bbox 378 4703 553 4758; x_wconf 84' lang='grc' dir='ltr'>Τοῦτο</span> <span class='ocrx_word' id='word_1_694' title='bbox 572 4706 618 4757; x_wconf 85' lang='grc' dir='ltr'>δ’</span> <span class='ocrx_word' id='word_1_695' title='bbox 638 4700 707 4778; x_wconf 85' lang='grc' dir='ltr'>ἦν</span> <span class='ocrx_word' id='word_1_696' title='bbox 727 4707 946 4778; x_wconf 75' lang='grc' dir='ltr'>σκῆψις,</span> <span class='ocrx_word' id='word_1_697' title='bbox 967 4709 1067 4762; x_wconf 81' lang='grc' dir='ltr'>οὐκ</span> <span class='ocrx_word' id='word_1_698' title='bbox 1105 4709 1313 4781; x_wconf 81' lang='grc' dir='ltr'>ἀληθὴς</span> <span class='ocrx_word' id='word_1_699' title='bbox 1347 4711 1497 4765; x_wconf 84' lang='grc' dir='ltr'>αἰτία</span> <span class='ocrx_word' id='word_1_700' title='bbox 1545 4711 1640 4767; x_wconf 85' lang='grc' dir='ltr'><strong>τοῦ</strong></span> <span class='ocrx_word' id='word_1_701' title='bbox 1680 4712 1783 4784; x_wconf 81' lang='grc' dir='ltr'>τὴν</span> 
     </span>
    </p>
   </div>
   <div class='ocr_carea' id='block_1_96' title="bbox 214 4796 1783 4871">
    <p class='ocr_par' dir='ltr' id='par_1_96' title="bbox 214 4796 1783 4871">
     <span class='ocr_line' id='line_1_96' title="bbox 214 4796 1783 4871; baseline 0.006 -19"><span class='ocrx_word' id='word_1_702' title='bbox 214 4796 381 4870; x_wconf 70' lang='grc' dir='ltr'>ἀρχὴν</span> <span class='ocrx_word' id='word_1_703' title='bbox 406 4796 515 4867; x_wconf 85' lang='grc' dir='ltr'>τῆς</span> <span class='ocrx_word' id='word_1_704' title='bbox 559 4797 798 4863; x_wconf 87' lang='grc' dir='ltr'>Πέλοπος</span> <span class='ocrx_word' id='word_1_705' title='bbox 841 4799 1175 4859; x_wconf 85' lang='grc' dir='ltr'>διωθεῖσθαι.</span> <span class='ocrx_word' id='word_1_706' title='bbox 1225 4800 1443 4858; x_wconf 82' lang='grc' dir='ltr'>Τούτων</span> <span class='ocrx_word' id='word_1_707' title='bbox 1469 4805 1722 4871; x_wconf 71' lang='grc' dir='ltr'>ἀκούσαςῖ</span> <span class='ocrx_word' id='word_1_708' title='bbox 1754 4808 1783 4861; x_wconf 94' lang='lat'><strong>6</strong></span> 
     </span>
    </p>
   </div>
   <div class='ocr_carea' id='block_1_97' title="bbox 213 4888 1781 4966">
    <p class='ocr_par' dir='ltr' id='par_1_97' title="bbox 213 4888 1781 4966">
     <span class='ocr_line' id='line_1_97' title="bbox 213 4888 1781 4966; baseline 0.007 -24"><span class='ocrx_word' id='word_1_709' title='bbox 213 4888 484 4958; x_wconf 62' lang='grc' dir='ltr'>βασιλεὺς,</span> <span class='ocrx_word' id='word_1_710' title='bbox 515 4890 610 4943; x_wconf 75' lang='grc' dir='ltr'>καὶ</span> <span class='ocrx_word' id='word_1_711' title='bbox 647 4890 836 4961; x_wconf 81' lang='grc' dir='ltr'>πράως</span> <span class='ocrx_word' id='word_1_712' title='bbox 864 4893 944 4955; x_wconf 82' lang='grc' dir='ltr'><strong>είς</strong></span> <span class='ocrx_word' id='word_1_713' title='bbox 986 4893 1151 4947; x_wconf 83' lang='grc' dir='ltr'>αὐτὸν</span> <span class='ocrx_word' id='word_1_714' title='bbox 1195 4895 1534 4966; x_wconf 77' lang='grc' dir='ltr'>ἀποσκώψας</span> <span class='ocrx_word' id='word_1_715' title='bbox 1572 4897 1648 4958; x_wconf 76' lang='grc' dir='ltr'><strong>ὡς</strong></span> <span class='ocrx_word' id='word_1_716' title='bbox 1680 4898 1781 4953; x_wconf 84' lang='grc' dir='ltr'>οὐκ</span> 
     </span>
    </p>
   </div>
   <div class='ocr_carea' id='block_1_98' title="bbox 210 4980 1780 5061">
    <p class='ocr_par' dir='ltr' id='par_1_98' title="bbox 210 4980 1780 5061">
     <span class='ocr_line' id='line_1_98' title="bbox 210 4980 1780 5061; baseline 0.008 -28"><span class='ocrx_word' id='word_1_717' title='bbox 210 4980 400 5051; x_wconf 76' lang='grc' dir='ltr'>ἀνδρὸς</span> <span class='ocrx_word' id='word_1_718' title='bbox 458 4980 687 5035; x_wconf 81' lang='grc' dir='ltr'>συνετοῦ</span> <span class='ocrx_word' id='word_1_719' title='bbox 737 4984 1079 5054; x_wconf 77' lang='grc' dir='ltr'>κεχρημένον</span> <span class='ocrx_word' id='word_1_720' title='bbox 1138 4985 1338 5055; x_wconf 88' lang='grc' dir='ltr'>λόγοις,</span> <span class='ocrx_word' id='word_1_721' title='bbox 1405 4989 1515 5043; x_wconf 78' lang='grc' dir='ltr'>οὐδ’</span> <span class='ocrx_word' id='word_1_722' title='bbox 1554 4990 1780 5061; x_wconf 83' lang='grc' dir='ltr'>ἀνδράσι</span> 
     </span>
    </p>
   </div>
   <div class='ocr_carea' id='block_1_99' title="bbox 214 5071 1783 5152">
    <p class='ocr_par' dir='ltr' id='par_1_99' title="bbox 214 5071 1783 5152">
     <span class='ocr_line' id='line_1_99' title="bbox 214 5071 1783 5152; baseline 0.008 -29"><span class='ocrx_word' id='word_1_723' title='bbox 214 5071 495 5143; x_wconf 75' lang='grc' dir='ltr'>πρέποντα</span> <span class='ocrx_word' id='word_1_724' title='bbox 530 5071 694 5142; x_wconf 81' lang='grc' dir='ltr'>φόϐον</span> <span class='ocrx_word' id='word_1_725' title='bbox 743 5075 1142 5146; x_wconf 85' lang='grc' dir='ltr'>πεφοϐημένον,</span> <span class='ocrx_word' id='word_1_726' title='bbox 1174 5077 1262 5132; x_wconf 88' lang='grc' dir='ltr'><strong>διά</strong></span> <span class='ocrx_word' id='word_1_727' title='bbox 1309 5079 1411 5150; x_wconf 82' lang='grc' dir='ltr'>τὴν</span> <span class='ocrx_word' id='word_1_728' title='bbox 1443 5079 1538 5134; x_wconf 91' lang='grc' dir='ltr'><strong>τοῦ</strong></span> <span class='ocrx_word' id='word_1_729' title='bbox 1570 5081 1783 5152; x_wconf 81' lang='grc' dir='ltr'>πατρὸς</span> 
     </span>
    </p>
   </div>
   <div class='ocr_carea' id='block_1_100' title="bbox 212 5163 1783 5238">
    <p class='ocr_par' dir='ltr' id='par_1_100' title="bbox 212 5163 1783 5238">
     <span class='ocr_line' id='line_1_100' title="bbox 212 5163 1783 5238; baseline 0.004 -21"><span class='ocrx_word' id='word_1_730' title='bbox 212 5163 467 5237; x_wconf 73' lang='grc' dir='ltr'>τελευτὴν</span> <span class='ocrx_word' id='word_1_731' title='bbox 498 5164 557 5218; x_wconf 78' lang='grc' dir='ltr'>τὸ</span> <span class='ocrx_word' id='word_1_732' title='bbox 579 5164 776 5238; x_wconf 88' lang='grc' dir='ltr'>χωρίον</span> <span class='ocrx_word' id='word_1_733' title='bbox 800 5166 1163 5237; x_wconf 72' lang='grc' dir='ltr'>ὀρρωδοῦντα,</span> <span class='ocrx_word' id='word_1_734' title='bbox 1188 5169 1277 5224; x_wconf 87' lang='grc' dir='ltr'><strong>διά</strong></span> <span class='ocrx_word' id='word_1_735' title='bbox 1305 5169 1398 5225; x_wconf 88' lang='grc' dir='ltr'><strong>τοῦ</strong></span> <span class='ocrx_word' id='word_1_736' title='bbox 1429 5171 1597 5227; x_wconf 84' lang='grc' dir='ltr'>ἀὺτοῦ</span> <span class='ocrx_word' id='word_1_737' title='bbox 1617 5172 1783 5227; x_wconf 85' lang='grc' dir='ltr'>πάλιν</span> 
     </span>
    </p>
   </div>
   <div class='ocr_carea' id='block_1_101' title="bbox 1889 4608 3474 4679">
    <p class='ocr_par' dir='ltr' id='par_1_101' title="bbox 1889 4608 3474 4679">
     <span class='ocr_line' id='line_1_101' title="bbox 1889 4608 3474 4679; baseline -0.003 -12"><span class='ocrx_word' id='word_1_738' title='bbox 1889 4613 2254 4667; x_wconf 87' lang='lat' dir='ltr'><strong>necessariam</strong></span> <span class='ocrx_word' id='word_1_739' title='bbox 2282 4618 2627 4679; x_wconf 64' lang='lat' dir='ltr'><strong>prtetexeret,</strong></span> <span class='ocrx_word' id='word_1_740' title='bbox 2644 4610 2741 4666; x_wconf 91' lang='lat' dir='ltr'><strong>sed</strong></span> <span class='ocrx_word' id='word_1_741' title='bbox 2764 4621 2944 4665; x_wconf 87' lang='lat' dir='ltr'><strong>tamen</strong></span> <span class='ocrx_word' id='word_1_742' title='bbox 2965 4619 3310 4679; x_wconf 76' lang='lat' dir='ltr'><strong>praetexeret,</strong></span> <span class='ocrx_word' id='word_1_743' title='bbox 3332 4622 3390 4662; x_wconf 82' lang='lat' dir='ltr'><strong>se</strong></span> <span class='ocrx_word' id='word_1_744' title='bbox 3409 4608 3474 4663; x_wconf 91' lang='lat' dir='ltr'><strong>il-</strong></span> 
     </span>
    </p>
   </div>
   <div class='ocr_carea' id='block_1_102' title="bbox 1888 4700 3475 4758">
    <p class='ocr_par' dir='ltr' id='par_1_102' title="bbox 1888 4700 3475 4758">
     <span class='ocr_line' id='line_1_102' title="bbox 1888 4700 3475 4758; baseline -0.002 -1"><span class='ocrx_word' id='word_1_745' title='bbox 1888 4702 2002 4758; x_wconf 92' lang='lat' dir='ltr'><strong>lum</strong></span> <span class='ocrx_word' id='word_1_746' title='bbox 2033 4717 2100 4757; x_wconf 92' lang='lat' dir='ltr'><strong>eo</strong></span> <span class='ocrx_word' id='word_1_747' title='bbox 2133 4717 2360 4757; x_wconf 87' lang='lat' dir='ltr'><strong>munere</strong></span> <span class='ocrx_word' id='word_1_748' title='bbox 2392 4702 2685 4757; x_wconf 88' lang='lat' dir='ltr'><strong>liberatum</strong></span> <span class='ocrx_word' id='word_1_749' title='bbox 2714 4702 2853 4757; x_wconf 90' lang='lat' dir='ltr'><strong>velle</strong></span> <span class='ocrx_word' id='word_1_750' title='bbox 2878 4717 2891 4755; x_wconf 88' lang='lat'><strong>:</strong></span> <span class='ocrx_word' id='word_1_751' title='bbox 2918 4701 2974 4756; x_wconf 87' lang='lat' dir='ltr'><strong>in</strong></span> <span class='ocrx_word' id='word_1_752' title='bbox 3003 4700 3341 4756; x_wconf 82' lang='lat' dir='ltr'><strong>Thessaliam</strong></span> <span class='ocrx_word' id='word_1_753' title='bbox 3373 4714 3475 4754; x_wconf 82' lang='lat' dir='ltr'><strong>au-</strong></span> 
     </span>
    </p>
   </div>
   <div class='ocr_carea' id='block_1_103' title="bbox 1893 4792 3472 4865">
    <p class='ocr_par' dir='ltr' id='par_1_103' title="bbox 1893 4792 3472 4865">
     <span class='ocr_line' id='line_1_103' title="bbox 1893 4792 3472 4865; baseline 0 -16"><span class='ocrx_word' id='word_1_754' title='bbox 1893 4804 2001 4851; x_wconf 86' lang='lat' dir='ltr'><strong>tem</strong></span> <span class='ocrx_word' id='word_1_755' title='bbox 2019 4796 2215 4865; x_wconf 87' lang='lat' dir='ltr'><strong>jubere</strong></span> <span class='ocrx_word' id='word_1_756' title='bbox 2250 4792 2546 4864; x_wconf 83' lang='lat' dir='ltr'><strong>proﬁcisci.</strong></span> <span class='ocrx_word' id='word_1_757' title='bbox 2576 4810 2700 4865; x_wconf 82' lang='lat' dir='ltr'><strong>quae</strong></span> <span class='ocrx_word' id='word_1_758' title='bbox 2731 4795 3041 4850; x_wconf 86' lang='lat' dir='ltr'><strong>vicinorum</strong></span> <span class='ocrx_word' id='word_1_759' title='bbox 3082 4796 3472 4851; x_wconf 84' lang='lat' dir='ltr'><strong>Catalanorum</strong></span> 
     </span>
    </p>
   </div>
   <div class='ocr_carea' id='block_1_104' title="bbox 1891 4886 3475 4957">
    <p class='ocr_par' dir='ltr' id='par_1_104' title="bbox 1891 4886 3475 4957">
     <span class='ocr_line' id='line_1_104' title="bbox 1891 4886 3475 4957; baseline 0.001 -16"><span class='ocrx_word' id='word_1_760' title='bbox 1891 4886 2300 4943; x_wconf 89' lang='lat' dir='ltr'><strong>incursionibus</strong></span> <span class='ocrx_word' id='word_1_761' title='bbox 2397 4886 2652 4943; x_wconf 82' lang='lat' dir='ltr'><strong>aﬂlictata</strong></span> <span class='ocrx_word' id='word_1_762' title='bbox 2742 4887 2934 4957; x_wconf 74' lang='lat'><strong>(23),</strong></span> <span class='ocrx_word' id='word_1_763' title='bbox 3025 4888 3351 4949; x_wconf 82' lang='lat' dir='ltr'><strong>exercitati,</strong></span> <span class='ocrx_word' id='word_1_764' title='bbox 3412 4903 3475 4943; x_wconf 83' lang='lat' dir='ltr'><strong>ac</strong></span> 
     </span>
    </p>
   </div>
   <div class='ocr_carea' id='block_1_105' title="bbox 1889 4977 3469 5052">
    <p class='ocr_par' dir='ltr' id='par_1_105' title="bbox 1889 4977 3469 5052">
     <span class='ocr_line' id='line_1_105' title="bbox 1889 4977 3469 5052; baseline 0.001 -21"><span class='ocrx_word' id='word_1_765' title='bbox 1889 4978 2180 5050; x_wconf 89' lang='lat' dir='ltr'><strong>prudentis</strong></span> <span class='ocrx_word' id='word_1_766' title='bbox 2220 4977 2456 5051; x_wconf 86' lang='lat' dir='ltr'><strong>alicujus</strong></span> <span class='ocrx_word' id='word_1_767' title='bbox 2487 4979 2644 5033; x_wconf 90' lang='lat' dir='ltr'><strong>ducis</strong></span> <span class='ocrx_word' id='word_1_768' title='bbox 2680 4979 2887 5034; x_wconf 82' lang='lat' dir='ltr'><strong>auxilio</strong></span> <span class='ocrx_word' id='word_1_769' title='bbox 2919 4979 3189 5051; x_wconf 83' lang='lat' dir='ltr'><strong>indigeat.</strong></span> <span class='ocrx_word' id='word_1_770' title='bbox 3221 4979 3469 5052; x_wconf 80' lang='lat' dir='ltr'><strong>Suscepit</strong></span> 
     </span>
    </p>
   </div>
   <div class='ocr_carea' id='block_1_106' title="bbox 1890 5078 3463 5153">
    <p class='ocr_par' dir='ltr' id='par_1_106' title="bbox 1890 5078 3463 5153">
     <span class='ocr_line' id='line_1_106' title="bbox 1890 5078 3463 5153; baseline 0.001 -19"><span class='ocrx_word' id='word_1_771' title='bbox 1890 5092 2122 5150; x_wconf 82' lang='lat' dir='ltr'><strong>magnus</strong></span> <span class='ocrx_word' id='word_1_772' title='bbox 2171 5078 2512 5135; x_wconf 90' lang='lat' dir='ltr'><strong>domesticus</strong></span> <span class='ocrx_word' id='word_1_773' title='bbox 2546 5079 2911 5150; x_wconf 90' lang='lat' dir='ltr'><strong>provinciam,</strong></span> <span class='ocrx_word' id='word_1_774' title='bbox 2939 5083 3246 5153; x_wconf 87' lang='lat' dir='ltr'><strong>cumquod</strong></span> <span class='ocrx_word' id='word_1_775' title='bbox 3298 5097 3463 5152; x_wconf 79' lang='lat' dir='ltr'><strong>oppo-</strong></span> 
     </span>
    </p>
   </div>
   <div class='ocr_carea' id='block_1_107' title="bbox 1890 5170 3471 5245">
    <p class='ocr_par' dir='ltr' id='par_1_107' title="bbox 1890 5170 3471 5245">
     <span class='ocr_line' id='line_1_107' title="bbox 1890 5170 3471 5245; baseline 0.001 -17"><span class='ocrx_word' id='word_1_776' title='bbox 1890 5181 2071 5236; x_wconf 77' lang='lat' dir='ltr'><strong>heret,</strong></span> <span class='ocrx_word' id='word_1_777' title='bbox 2121 5187 2233 5227; x_wconf 89' lang='lat' dir='ltr'><strong>non</strong></span> <span class='ocrx_word' id='word_1_778' title='bbox 2289 5170 2537 5228; x_wconf 86' lang='lat' dir='ltr'><strong>haberet.</strong></span> <span class='ocrx_word' id='word_1_779' title='bbox 2578 5170 2855 5228; x_wconf 81' lang='lat' dir='ltr'><strong>Caeterum</strong></span> <span class='ocrx_word' id='word_1_780' title='bbox 2884 5183 2944 5245; x_wconf 81' lang='lat' dir='ltr'><strong>ut</strong></span> <span class='ocrx_word' id='word_1_781' title='bbox 2975 5173 3324 5245; x_wconf 84' lang='lat' dir='ltr'><strong>inopinatum</strong></span> <span class='ocrx_word' id='word_1_782' title='bbox 3375 5175 3471 5229; x_wconf 80' lang='lat' dir='ltr'><strong>ali</strong></span> 
     </span>
    </p>
   </div>
   <div class='ocr_carea' id='block_1_108' title="bbox 1483 5342 2220 5407">
    <p class='ocr_par' dir='ltr' id='par_1_108' title="bbox 1483 5342 2220 5407">
     <span class='ocr_line' id='line_1_108' title="bbox 1483 5342 2220 5407; baseline 0.003 -3"><span class='ocrx_word' id='word_1_783' title='bbox 1483 5342 1705 5407; x_wconf 84' lang='lat' dir='ltr'><strong>Jacobi</strong></span> <span class='ocrx_word' id='word_1_784' title='bbox 1730 5342 2001 5407; x_wconf 82' lang='lat' dir='ltr'><strong>Pontani</strong></span> <span class='ocrx_word' id='word_1_785' title='bbox 2030 5351 2220 5407; x_wconf 76' lang='lat' dir='ltr'><strong>noue.</strong></span> 
     </span>
    </p>
   </div>
   <div class='ocr_carea' id='block_1_109' title="bbox 279 5482 1785 5558">
    <p class='ocr_par' dir='ltr' id='par_1_109' title="bbox 279 5482 1785 5558">
     <span class='ocr_line' id='line_1_109' title="bbox 279 5482 1785 5558; baseline 0.005 -17"><span class='ocrx_word' id='word_1_786' title='bbox 279 5484 393 5558; x_wconf 69' lang='lat'><strong>(22)</strong></span> <span class='ocrx_word' id='word_1_787' title='bbox 442 5482 647 5558; x_wconf 73' lang='lat' dir='ltr'><strong>Mirum</strong></span> <span class='ocrx_word' id='word_1_788' title='bbox 701 5492 808 5541; x_wconf 87' lang='lat' dir='ltr'><strong>tam</strong></span> <span class='ocrx_word' id='word_1_789' title='bbox 854 5487 1030 5545; x_wconf 79' lang='lat' dir='ltr'><strong>levem</strong></span> <span class='ocrx_word' id='word_1_790' title='bbox 1082 5491 1473 5556; x_wconf 85' lang='lat' dir='ltr'><strong>recusationis,</strong></span> <span class='ocrx_word' id='word_1_791' title='bbox 1504 5500 1561 5550; x_wconf 88' lang='lat' dir='ltr'><strong>et</strong></span> <span class='ocrx_word' id='word_1_792' title='bbox 1596 5491 1785 5549; x_wconf 86' lang='lat' dir='ltr'><strong>detre-</strong></span> 
     </span>
    </p>
   </div>
   <div class='ocr_carea' id='block_1_110' title="bbox 214 5554 1785 5632">
    <p class='ocr_par' dir='ltr' id='par_1_110' title="bbox 214 5554 1785 5632">
     <span class='ocr_line' id='line_1_110' title="bbox 214 5554 1785 5632; baseline 0.006 -23"><span class='ocrx_word' id='word_1_793' title='bbox 214 5554 378 5632; x_wconf 53' lang='lat' dir='ltr'><strong>ga&#39;tg</strong></span> <span class='ocrx_word' id='word_1_794' title='bbox 396 5554 699 5632; x_wconf 67' lang='lat' dir='ltr'><strong>provinciae</strong></span> <span class='ocrx_word' id='word_1_795' title='bbox 715 5570 935 5632; x_wconf 78' lang='lat' dir='ltr'><strong>causam</strong></span> <span class='ocrx_word' id='word_1_796' title='bbox 949 5561 1017 5615; x_wconf 90' lang='lat' dir='ltr'><strong>ab</strong></span> <span class='ocrx_word' id='word_1_797' title='bbox 1032 5559 1257 5615; x_wconf 85' lang='lat' dir='ltr'><strong>homine</strong></span> <span class='ocrx_word' id='word_1_798' title='bbox 1274 5554 1547 5632; x_wconf 87' lang='lat' dir='ltr'><strong>prudente</strong></span> <span class='ocrx_word' id='word_1_799' title='bbox 1571 5561 1785 5619; x_wconf 79' lang='lat' dir='ltr'><strong>aﬂ&#39;erri‘.</strong></span> 
     </span>
    </p>
   </div>
   <div class='ocr_carea' id='block_1_111' title="bbox 215 5623 1784 5700">
    <p class='ocr_par' dir='ltr' id='par_1_111' title="bbox 215 5623 1784 5700">
     <span class='ocr_line' id='line_1_111' title="bbox 215 5623 1784 5700; baseline 0.004 -19"><span class='ocrx_word' id='word_1_800' title='bbox 215 5623 317 5681; x_wconf 79' lang='lat' dir='ltr'><strong>Sed</strong></span> <span class='ocrx_word' id='word_1_801' title='bbox 365 5623 622 5681; x_wconf 77' lang='lat' dir='ltr'><strong>idoneam</strong></span> <span class='ocrx_word' id='word_1_802' title='bbox 664 5625 974 5700; x_wconf 18' lang='lat' dir='ltr'><strong>bo_n_usivir</strong></span> <span class='ocrx_word' id='word_1_803' title='bbox 1018 5645 1130 5686; x_wconf 90' lang='lat' dir='ltr'><strong>non</strong></span> <span class='ocrx_word' id='word_1_804' title='bbox 1184 5623 1521 5700; x_wconf 75' lang='lat' dir='ltr'><strong>reperiebat.</strong></span> <span class='ocrx_word' id='word_1_805' title='bbox 1558 5632 1784 5688; x_wconf 87' lang='lat' dir='ltr'><strong>Certum</strong></span> 
     </span>
    </p>
   </div>
   <div class='ocr_carea' id='block_1_112' title="bbox 215 5698 1790 5767">
    <p class='ocr_par' dir='ltr' id='par_1_112' title="bbox 215 5698 1790 5767">
     <span class='ocr_line' id='line_1_112' title="bbox 215 5698 1790 5767; baseline 0.005 -16"><span class='ocrx_word' id='word_1_806' title='bbox 215 5706 296 5767; x_wconf 73' lang='lat' dir='ltr'><strong>est</strong></span> <span class='ocrx_word' id='word_1_807' title='bbox 331 5705 519 5767; x_wconf 79' lang='lat' dir='ltr'><strong>tamen</strong></span> <span class='ocrx_word' id='word_1_808' title='bbox 577 5710 677 5767; x_wconf 84' lang='lat' dir='ltr'><strong>nos</strong></span> <span class='ocrx_word' id='word_1_809' title='bbox 731 5698 824 5752; x_wconf 80' lang='lat' dir='ltr'><strong>illa</strong></span> <span class='ocrx_word' id='word_1_810' title='bbox 865 5699 988 5755; x_wconf 86' lang='lat' dir='ltr'><strong>loca</strong></span> <span class='ocrx_word' id='word_1_811' title='bbox 1027 5709 1222 5756; x_wconf 88' lang='lat' dir='ltr'><strong>natura</strong></span> <span class='ocrx_word' id='word_1_812' title='bbox 1253 5698 1501 5758; x_wconf 82' lang='lat' dir='ltr'><strong>horrere</strong></span> <span class='ocrx_word' id='word_1_813' title='bbox 1523 5744 1537 5767; x_wconf 92' lang='lat'><strong>,</strong></span> <span class='ocrx_word' id='word_1_814' title='bbox 1573 5718 1790 5759; x_wconf 85' lang='lat' dir='ltr'><strong>aversa-</strong></span> 
     </span>
    </p>
   </div>
   <div class='ocr_carea' id='block_1_113' title="bbox 217 5765 1788 5846">
    <p class='ocr_par' dir='ltr' id='par_1_113' title="bbox 217 5765 1788 5846">
     <span class='ocr_line' id='line_1_113' title="bbox 217 5765 1788 5846; baseline 0.004 -25"><span class='ocrx_word' id='word_1_815' title='bbox 217 5765 391 5846; x_wconf 66' lang='lat' dir='ltr'><strong>rique,</strong></span> <span class='ocrx_word' id='word_1_816' title='bbox 436 5766 513 5846; x_wconf 7' lang='lat' dir='ltr'><strong>in;</strong></span> <span class='ocrx_word' id='word_1_817' title='bbox 547 5765 751 5846; x_wconf 70' lang='lat' dir='ltr'><strong>quibus</strong></span> <span class='ocrx_word' id='word_1_818' title='bbox 794 5782 922 5834; x_wconf 89' lang='lat' dir='ltr'><strong>nos,</strong></span> <span class='ocrx_word' id='word_1_819' title='bbox 953 5770 1198 5846; x_wconf 82' lang='lat' dir='ltr'><strong>nostrive</strong></span> <span class='ocrx_word' id='word_1_820' title='bbox 1228 5771 1428 5846; x_wconf 81' lang='lat' dir='ltr'><strong>damno</strong></span> <span class='ocrx_word' id='word_1_821' title='bbox 1455 5765 1788 5846; x_wconf 73' lang='lat' dir='ltr'><strong>aliquoina-</strong></span> 
     </span>
    </p>
   </div>
   <div class='ocr_carea' id='block_1_114' title="bbox 218 5834 1788 5925">
    <p class='ocr_par' dir='ltr' id='par_1_114' title="bbox 218 5834 1788 5925">
     <span class='ocr_line' id='line_1_114' title="bbox 218 5834 1788 5925; baseline 0.002 -30"><span class='ocrx_word' id='word_1_822' title='bbox 218 5834 327 5905; x_wconf 71' lang='lat' dir='ltr'><strong>iure</strong></span> <span class='ocrx_word' id='word_1_823' title='bbox 374 5834 597 5893; x_wconf 72' lang='lat' dir='ltr'><strong>multati</strong></span> <span class='ocrx_word' id='word_1_824' title='bbox 642 5846 770 5894; x_wconf 89' lang='lat' dir='ltr'><strong>sunt</strong></span> <span class='ocrx_word' id='word_1_825' title='bbox 826 5856 841 5893; x_wconf 91' lang='lat'><strong>:</strong></span> <span class='ocrx_word' id='word_1_826' title='bbox 893 5839 1066 5897; x_wconf 86' lang='lat' dir='ltr'><strong>multo</strong></span> <span class='ocrx_word' id='word_1_827' title='bbox 1100 5842 1294 5925; x_wconf 74' lang='lat' dir='ltr'><strong>magis,</strong></span> <span class='ocrx_word' id='word_1_828' title='bbox 1325 5843 1372 5900; x_wconf 92' lang='lat' dir='ltr'><strong>si</strong></span> <span class='ocrx_word' id='word_1_829' title='bbox 1394 5834 1567 5920; x_wconf 76' lang='lat' dir='ltr'><strong>etiam</strong></span> <span class='ocrx_word' id='word_1_830' title='bbox 1592 5843 1672 5900; x_wconf 87' lang='lat' dir='ltr'><strong>ibi</strong></span> <span class='ocrx_word' id='word_1_831' title='bbox 1692 5856 1788 5899; x_wconf 87' lang='lat' dir='ltr'><strong>aut</strong></span> 
     </span>
    </p>
   </div>
   <div class='ocr_carea' id='block_1_115' title="bbox 1882 5493 2904 5566">
    <p class='ocr_par' dir='ltr' id='par_1_115' title="bbox 1882 5493 2904 5566">
     <span class='ocr_line' id='line_1_115' title="bbox 1882 5493 2904 5566; baseline 0 -17"><span class='ocrx_word' id='word_1_832' title='bbox 1882 5493 2185 5566; x_wconf 77' lang='lat' dir='ltr'><strong>interfecti,</strong></span> <span class='ocrx_word' id='word_1_833' title='bbox 2218 5503 2313 5549; x_wconf 89' lang='lat' dir='ltr'><strong>aut</strong></span> <span class='ocrx_word' id='word_1_834' title='bbox 2345 5494 2546 5550; x_wconf 89' lang='lat' dir='ltr'><strong>morbo</strong></span> <span class='ocrx_word' id='word_1_835' title='bbox 2569 5496 2904 5566; x_wconf 89' lang='lat' dir='ltr'><strong>consumpti.</strong></span> 
     </span>
    </p>
   </div>
   <div class='ocr_carea' id='block_1_116' title="bbox 1957 5562 3467 5645">
    <p class='ocr_par' dir='ltr' id='par_1_116' title="bbox 1957 5562 3467 5645">
     <span class='ocr_line' id='line_1_116' title="bbox 1957 5562 3467 5645; baseline -0.001 -27"><span class='ocrx_word' id='word_1_836' title='bbox 1957 5562 2071 5645; x_wconf 47' lang='lat' dir='ltr'><strong>(fi-3)</strong></span> <span class='ocrx_word' id='word_1_837' title='bbox 2126 5564 2200 5645; x_wconf 59' lang='lat' dir='ltr'><strong>De</strong></span> <span class='ocrx_word' id='word_1_838' title='bbox 2244 5566 2461 5645; x_wconf 74' lang='lat' dir='ltr'><strong>origine</strong></span> <span class='ocrx_word' id='word_1_839' title='bbox 2511 5574 2573 5645; x_wconf 68' lang='lat' dir='ltr'><strong>et</strong></span> <span class='ocrx_word' id='word_1_840' title='bbox 2626 5562 2864 5645; x_wconf 72' lang='lat' dir='ltr'><strong>nomine</strong></span> <span class='ocrx_word' id='word_1_841' title='bbox 2896 5564 3311 5645; x_wconf 53' lang='lat' dir='ltr'><strong>gatalanorlim,</strong></span> <span class='ocrx_word' id='word_1_842' title='bbox 3342 5562 3467 5645; x_wconf 74' lang='lat' dir='ltr'><strong>vide</strong></span> 
     </span>
    </p>
   </div>
   <div class='ocr_carea' id='block_1_117' title="bbox 1885 5635 3462 5709">
    <p class='ocr_par' dir='ltr' id='par_1_117' title="bbox 1885 5635 3462 5709">
     <span class='ocr_line' id='line_1_117' title="bbox 1885 5635 3462 5709; baseline -0.001 -21"><span class='ocrx_word' id='word_1_843' title='bbox 1885 5635 2016 5709; x_wconf 70' lang='lat' dir='ltr'><strong>quid</strong></span> <span class='ocrx_word' id='word_1_844' title='bbox 2054 5635 2271 5709; x_wconf 63' lang='lat' dir='ltr'><strong>scribat</strong></span> <span class='ocrx_word' id='word_1_845' title='bbox 2310 5636 2473 5709; x_wconf 77' lang='lat' dir='ltr'><strong>initio</strong></span> <span class='ocrx_word' id='word_1_846' title='bbox 2511 5637 2641 5693; x_wconf 87' lang='lat' dir='ltr'><strong>libri</strong></span> <span class='ocrx_word' id='word_1_847' title='bbox 2685 5638 2866 5709; x_wconf 90' lang='lat' dir='ltr'><strong>quinti</strong></span> <span class='ocrx_word' id='word_1_848' title='bbox 2899 5636 3147 5709; x_wconf 63' lang='lat' dir='ltr'><strong>Hister-ire</strong></span> <span class='ocrx_word' id='word_1_849' title='bbox 3174 5635 3462 5709; x_wconf 66' lang='lat' dir='ltr'><strong>Genuensis</strong></span> 
     </span>
    </p>
   </div>
   <div class='ocr_carea' id='block_1_118' title="bbox 1887 5704 3464 5765">
    <p class='ocr_par' dir='ltr' id='par_1_118' title="bbox 1887 5704 3464 5765">
     <span class='ocr_line' id='line_1_118' title="bbox 1887 5704 3464 5765; baseline -0.001 -6"><span class='ocrx_word' id='word_1_850' title='bbox 1887 5705 2083 5761; x_wconf 86' lang='lat' dir='ltr'><strong>Petrus</strong></span> <span class='ocrx_word' id='word_1_851' title='bbox 2124 5706 2371 5761; x_wconf 81' lang='lat' dir='ltr'><strong>Bizarus.</strong></span> <span class='ocrx_word' id='word_1_852' title='bbox 2419 5707 2560 5763; x_wconf 82' lang='lat' dir='ltr'><strong>Malo</strong></span> <span class='ocrx_word' id='word_1_853' title='bbox 2593 5704 2776 5763; x_wconf 77' lang='lat' dir='ltr'><strong>autem</strong></span> <span class='ocrx_word' id='word_1_854' title='bbox 2816 5721 2942 5761; x_wconf 86' lang='lat' dir='ltr'><strong>cum</strong></span> <span class='ocrx_word' id='word_1_855' title='bbox 2973 5704 3162 5760; x_wconf 83' lang='lat' dir='ltr'><strong>multis</strong></span> <span class='ocrx_word' id='word_1_856' title='bbox 3190 5704 3464 5765; x_wconf 80' lang='lat' dir='ltr'><strong>Calalaui,</strong></span> 
     </span>
    </p>
   </div>
   <div class='ocr_carea' id='block_1_119' title="bbox 1886 5774 3466 5847">
    <p class='ocr_par' dir='ltr' id='par_1_119' title="bbox 1886 5774 3466 5847">
     <span class='ocr_line' id='line_1_119' title="bbox 1886 5774 3466 5847; baseline 0.011 -20"><span class='ocrx_word' id='word_1_857' title='bbox 1886 5790 2052 5845; x_wconf 87' lang='lat' dir='ltr'><strong>quam</strong></span> <span class='ocrx_word' id='word_1_858' title='bbox 2106 5793 2232 5833; x_wconf 90' lang='lat' dir='ltr'><strong>cum</strong></span> <span class='ocrx_word' id='word_1_859' title='bbox 2274 5776 2466 5833; x_wconf 75' lang='lat' dir='ltr'><strong>Graeco</strong></span> <span class='ocrx_word' id='word_1_860' title='bbox 2518 5778 2798 5835; x_wconf 77' lang='lat' dir='ltr'><strong>Catelmu&#39;:</strong></span> <span class='ocrx_word' id='word_1_861' title='bbox 2844 5777 3042 5847; x_wconf 60' lang='lat' dir='ltr'><strong>prin”,</strong></span> <span class='ocrx_word' id='word_1_862' title='bbox 3092 5774 3340 5844; x_wconf 63' lang='lat' dir='ltr'><strong>inquam:</strong></span> <span class='ocrx_word' id='word_1_863' title='bbox 3368 5788 3466 5830; x_wconf 53' lang='grc' dir='ltr'><strong>νίν</strong></span> 
     </span>
    </p>
   </div>
   <div class='ocr_carea' id='block_1_120' title="bbox 1889 5847 2510 5918">
    <p class='ocr_par' dir='ltr' id='par_1_120' title="bbox 1889 5847 2510 5918">
     <span class='ocr_line' id='line_1_120' title="bbox 1889 5847 2510 5918; baseline 0.005 -17"><span class='ocrx_word' id='word_1_864' title='bbox 1889 5847 2017 5914; x_wconf 84' lang='lat' dir='ltr'><strong>cali,</strong></span> <span class='ocrx_word' id='word_1_865' title='bbox 2045 5862 2213 5918; x_wconf 78' lang='lat' dir='ltr'><strong>quam</strong></span> <span class='ocrx_word' id='word_1_866' title='bbox 2246 5850 2510 5904; x_wconf 81' lang='lat' dir='ltr'><strong>secunda.</strong></span> 
     </span>
    </p>
   </div>
  </div>
