3962 6438
274 371 368 437 153

1384 371 1392 377 ’
1481 376 2029 451 IIISTORIARUM
2074 381 2308 441 LIBER
2351 380 2395 441 Ι.

3459 380 3563 447 154

266 494 324 560 τῇ
353 490 400 542 δ’
428 491 673 562 ἐπιούσῃ
708 491 982 561 μηνύεται
1025 492 1173 564 παρὰ
1224 490 1490 562 βασιλέως
1518 491 1594 554 ὡς
1630 492 1861 562 τάχιστα

1967 507 2072 546 non
2096 501 2225 547 ante
2255 493 2310 546 id
2341 506 2524 562 posse,
2573 506 2736 561 quam
2791 491 3028 561 pecunia
3060 491 3165 546 sibi
3202 493 3256 547 in
3286 493 3558 563 stipendia

263 583 516 646 ἐξελθεῖν.
566 581 631 637 Ὁ
677 583 723 635 δ’
759 584 1100 655 ἀπεκρίνατο
1158 585 1234 654 μὴ
1275 584 1545 654 πρότερον
1577 582 1860 650 δύνασθαι,

261 676 382 744 πρὶν
420 674 490 726 ἄν
518 674 593 726 τά
626 676 905 744 χρήματα
931 675 1055 745 δοθῇ
1090 675 1228 743 πρὸς
1271 674 1453 740 αὐτὸν,
1488 669 1571 737 οἷς
1621 674 1690 728 ἂν
1727 675 1866 745 πρός

256 783 304 818 τε
329 767 389 818 τὸ
414 767 840 836 μισθοφορικὸν
867 769 1142 838 χρήσηται
1163 768 1260 836 τῆς
1289 769 1576 837 στρατιᾶς,
1605 769 1699 821 καὶ
1728 767 1866 837 πρὸς

251 860 340 919 τάς
368 858 489 909 τῶν
516 858 834 927 πολιχνίων
858 858 967 912 τῶν
992 860 1047 910 ὲν
1070 858 1340 929 Θετταλίᾳ
1365 859 1628 929 φρουράς.
1658 861 1720 912 ΕΞ
1754 859 1864 930 γὰρ

247 948 401 1001 τοῦτο
434 949 696 1016 γένοιτο,
731 950 1014 1020 μηδεμίαν
1048 951 1314 1020 ἀναϐολὴν
1347 951 1423 1004 ἔτ’
1450 947 1597 1005 εἶναι
1636 952 1775 1020 πρὸς
1805 951 1865 1005 τὸ

245 1040 439 1109 τειχῶν
485 1040 609 1105 ἔξω
636 1041 761 1093 τῶν
797 1040 1106 1102 Βυζαντίων
1142 1044 1221 1105 εἰς
1269 1042 1367 1113 τὴν
1407 1042 1668 1096 ἐπιοῦσαν
1699 1043 1868 1113 ὀφθῆ-

244 1148 343 1184 ναι.
375 1130 460 1183 Τά
499 1130 617 1199 μὲν
677 1128 780 1183 οὖν
820 1133 1082 1202 χρήματα
1113 1132 1382 1203 βασιλέως
1430 1133 1861 1203 προστάξαντος,

241 1210 573 1294 αὐθημερὸν
632 1225 931 1296 παρέσχον
971 1226 1020 1277 οἱ
1070 1226 1180 1279 τῶν
1217 1225 1515 1296 βασιλικῶν
1561 1226 1865 1298 χρημάτων

238 1316 452 1385 ταμίαι,
494 1316 809 1387 μυριάδας
842 1317 972 1370 ὄντα
1012 1320 1243 1390 χρυσίου
1285 1319 1467 1372 πέντε’
1492 1319 1529 1374 ἃ
1560 1322 1654 1374 καὶ
1680 1336 1864 1384 παρα-

239 1409 498 1473 λαϐόντες
554 1411 613 1462 οἱ
654 1408 761 1462 τοῦ
811 1411 1050 1479 μεγάλου
1079 1412 1402 1482 δομεστίκου
1432 1413 1656 1482 ταμίαι,
1704 1412 1866 1467 πάλιν

237 1504 424 1555 εἴασαν
460 1502 621 1574 πρὸς
661 1502 753 1572 τῷ
778 1503 1046 1574 βασιλικῷ
1068 1504 1281 1574 ταμείῳ
1312 1503 1675 1573 φρουρεῖσθαι
1701 1503 1866 1574 (οὕτω

235 1596 766 1667 προστεταγμένον
801 1598 989 1660 αὐτοῖς
1034 1598 1187 1668 παρὰ
1234 1597 1329 1671 τοῦ
1360 1597 1670 1667 δεσπότου),
1696 1615 1866 1668 προσ-

234 1689 410 1749 θέντες
448 1688 668 1741 αἰτίαν
705 1689 818 1757 τῆς
884 1688 1281 1758 καταλείψεως,
1307 1689 1381 1750 ὡς
1406 1690 1467 1741 ἓν
1498 1690 1605 1743 τῶν
1634 1690 1868 1760 ξυστρα-

230 1781 402 1834 τεύειν
443 1782 667 1850 τάγμα
704 1780 791 1850 τῷ
829 1781 1051 1853 μεγάλῳ
1075 1781 1576 1852 προστεταγμένων
1607 1783 1864 1852 δομεστί-

231 1890 305 1942 κῳ
338 1876 405 1925 ἐκ
436 1871 750 1939 στρατιᾶς
778 1870 977 1940 ἑτέρας
1011 1869 1286 1938 ἐπανῆκον
1310 1871 1458 1941 ἄρτι,
1488 1871 1581 1923 καὶ
1614 1871 1867 1938 δεόμενον

231 1964 400 2035 μικρὰ
436 1965 582 2026 ταῖς
626 1962 862 2025 οίκίαις
894 1961 1343 2033 προσδιατρίψαι,
1383 1961 1504 2014 ἐπεὶ
1529 1961 1700 2015 πολλὰ
1737 1974 1869 2013 κατ-

1970 584 2441 640 mercenariorum
2516 599 2579 639 ac
2647 584 3114 654 przesidiariorum
3195 602 3294 656 per
3356 580 3556 656 oppida

1969 675 2268 731 Thessalia:
2299 683 2611 743 praestetur.
2659 672 2712 728 id
2748 674 2791 729 si
2828 674 2939 737 ﬁat,
2973 675 3111 730 citra
3145 676 3556 746 tergiversatio-

1967 785 2090 822 nem
2123 767 2395 838 postridie
2422 777 2576 822 extra
2611 768 2813 822 moenia
2846 783 2905 822 se
2957 768 3357 837 appariturum.
3387 768 3563 821 Pecu-

1969 864 2113 919 niam
2160 880 2228 918 eo
2263 865 2380 934 ipso
2415 863 2506 918 die
2549 864 2705 934 jussu
2745 863 3118 933 imperatoris.
3157 862 3558 931 quinquaginta

1968 970 2256 1011 nummum
2313 972 2627 1044 aureorum,
2663 955 2832 1009 millia
2895 964 3204 1026 quiestorcs
3248 964 3558 1031 numerant.

1966 1049 2139 1117 Quam
2167 1064 2438 1103 summam
2456 1049 2793 1118 accipientes
2814 1045 2997 1118 magni
3024 1048 3309 1101 domi-stici
3330 1058 3565 1116 quaestu-

1968 1158 2078 1206 res,
2126 1159 2349 1197 rursum
2401 1142 2599 1196 aerario
2645 1141 2999 1211 imperatoris
3027 1141 3563 1203 asservandam,do-

1968 1234 2120 1290 mino
2175 1234 2250 1288 ita
2303 1233 2682 1304 praecipiente,
2714 1232 3062 1300 relinquunt,
3097 1232 3367 1283 rationem
3431 1230 3562 1282 l‘acti

1969 1325 2113 1380 banc
2149 1326 2464 1388 aiierentes,
2501 1340 2663 1377 unam
2692 1338 2881 1377 earum
2909 1322 3247 1387 cohortium,
3278 1338 3401 1391 quze
3437 1337 3561 1374 cum

1970 1431 2170 1486 magno
2230 1414 2539 1469 domestico
2598 1413 2891 1466 militatum
2945 1412 3099 1465 abire
3148 1411 3434 1471 deberent,
3497 1427 3561 1465 ex

1969 1507 2072 1561 alia
2117 1506 2469 1576 expeditione
2528 1520 2722 1559 recens
2779 1519 3057 1557 reversam
3113 1517 3318 1563 orasse.
3355 1514 3412 1556 ut
3457 1502 3561 1557 sibi

1969 1598 2214 1669 pauxillo
2269 1609 2517 1667 tempore
2576 1594 2726 1650 domi
2782 1595 2993 1648 haerere
3041 1592 3399 1647 concedatur.
3434 1591 3561 1645 Eam

1970 1690 2224 1762 quamvis
2282 1690 2423 1745 duce
2491 1687 2794 1761 impensius
2858 1695 3110 1756 urgente,
3149 1701 3255 1738 non
3318 1684 3563 1753 potuisse

1971 1782 2269 1840 domiciliis
2298 1784 2436 1848 suis,
2461 1783 2584 1837 aliis
2619 1781 2752 1836 alias
2812 1780 3055 1833 latebras
3084 1777 3482 1848 quwrentibus,
3509 1785 3565 1829 et

1974 1895 2033 1935 se
2079 1875 2506 1941 occultantibus,
2563 1873 2795 1944 expelli.
2827 1872 2987 1927 Unde
3024 1871 3252 1923 invitum
3289 1869 3452 1923 etiam
3482 1867 3563 1919 eis

1972 1968 2215 2031 dedisse,
2263 1975 2323 2020 ut
2359 1965 2504 2019 diem
2557 1962 2778 2016 Pascha:
2817 1960 2965 2013 domi
3021 1965 3432 2017 consumentes,
3463 1971 3562 2023 po-

1972 2070 2127 2117 stero
2155 2059 2366 2114 lumine
2398 2055 2684 2111 confestim
2720 2052 3140 2122 egrederentur,
3162 2058 3219 2102 et
3247 2050 3300 2102 in
3334 2048 3475 2101 viam
3503 2062 3562 2100 se

1970 2152 2205 2211 darent;
2238 2165 2378 2219 quos
2408 2161 2634 2201 necesse
2679 2157 2846 2205 esset,
2876 2146 3167 2197 num‘erato
3212 2141 3317 2194 sibi
3349 2139 3560 2207 stipen-

1973 2245 2088 2307 dio,
2124 2243 2190 2297 ad
2223 2248 2421 2295 ducem
2480 2238 2790 2308 pervenire.
2823 2235 2931 2290 Sed
2985 2236 3126 2289 istnc
3158 2248 3370 2286 merum
3410 2242 3563 2284 com-

1971 2347 2217 2391 mentum
2252 2341 2396 2388 erat.
2454 2332 2584 2386 Ideo
2622 2343 2857 2398 namque
2888 2328 3176 2396 pecuniam
3233 2324 3555 2392 reliquerat,

1969 2434 2031 2480 ut
2066 2433 2122 2479 et
2174 2421 2319 2493 apud
2352 2418 2678 2490 Byzantium
2731 2418 2995 2486 temporis
3038 2412 3275 2469 ducendi
3328 2411 3560 2465 honesta

1968 2525 2117 2573 esset
2169 2514 2388 2570 occasio
2423 2511 2600 2579 (trivit
2648 2522 2833 2567 autem
2889 2508 3005 2563 illic
3043 2507 3160 2561 dies
3203 2505 3402 2576 quinos
3437 2512 3562 2573 post

1968 2622 2276 2680 egressum,
2329 2605 2719 2675 imperatorem
2764 2601 3042 2672 iuniorem
3094 2596 3476 2669 prmstoians);
3508 2602 3565 2649 et

1968 2701 2097 2771 quia
2160 2698 2304 2753 baud
2360 2697 2610 2762 liberale,
2671 2695 2889 2764 sibique
2949 2692 3174 2762 p’enitus
3236 2688 3560 2743 indecorum

1970 2791 2351 2854 existimabat,
2407 2786 2586 2842 videri
2622 2796 2841 2857 captum
2873 2782 3131 2855 pecunia,
3161 2794 3326 2849 quam
3368 2778 3435 2832 ab
3461 2778 3565 2830 im-

1970 2894 2226 2958 peratore
2255 2898 2387 2939 sene
2422 2880 2661 2944 fallacia,
2696 2890 2754 2933 et
2789 2878 2938 2933 furto
2967 2862 3371 2946 propemodum
3405 2887 3565 2926 aver-

224 2056 558 2119 αναγκάσας
616 2056 654 2107 ὁ
707 2056 1028 2125 στρατηγὸς
1074 2056 1178 2108 οὐκ
1225 2054 1464 2126 ἠδυνήθη
1514 2054 1623 2107 τῶν
1676 2055 1865 2107 οἰκιῶν

217 2150 481 2215 ἐξελάσαι
516 2148 721 2204 ἄλλον
752 2147 955 2202 ἄλλοσε
979 2148 1481 2217 διαδιδράσκοντας,
1511 2148 1863 2219 συνεχώρησε

216 2246 301 2299 καὶ
329 2246 496 2298 ἄκων
526 2244 649 2313 τὴν
686 2241 797 2295 τοῦ
839 2242 1032 2311 Πάσχα
1065 2243 1257 2313 ἑορτὴν
1290 2244 1427 2295 οἴκοι
1453 2242 1864 2312 διατρίψαντας,

219 2337 327 2406 μετ’
352 2337 550 2406 αὐτὴν
589 2334 796 2397 εὐθὺς
830 2334 1054 2403 ἔχεσθαι
1102 2337 1202 2404 τῆς
1244 2333 1389 2387 ὀδοῦ·
1427 2334 1522 2398 οὓς
1558 2336 1642 2388 δεῖ
1671 2335 1767 2389 καὶ
1796 2335 1866 2388 τά

217 2430 484 2500 χρήματα
528 2427 687 2497 μεθ’
726 2426 951 2479 ἑαυτῶν
986 2426 1228 2497 ἔχοντας,
1266 2428 1403 2497 πρὸς
1434 2428 1526 2480 τὸν
1560 2426 1865 2497 στρατηγὸν

220 2525 545 2592 ἀσικέσθαι.
598 2522 696 2574 Τὸ
730 2520 781 2573 δ’
816 2517 888 2592 ἦν
920 2521 1193 2589 πρόφασις
1226 2521 1611 2590 πεπλασμένη·
1642 2521 1869 2574 κατελέ-

217 2617 397 2668 λειπτο
424 2615 491 2668 δὲ
532 2615 619 2667 τὰ
660 2613 975 2684 χρήματα,
1010 2612 1129 2681 άμα
1166 2613 1265 2682 μὲν
1296 2613 1445 2675 ὅπως
1474 2610 1559 2681 εἴη
1588 2612 1863 2682 πρόφασις

219 2707 504 2777 εὐπρεπὴς
528 2704 648 2757 τοῦ
682 2702 838 2772 περὶ
869 2701 929 2753 τὸ
962 2700 1253 2765 Βυζάντιον
1276 2699 1574 2771 διατρίϐειν
1598 2700 1865 2771 (διέτριψε

222 2802 315 2869 γὰρ
347 2800 503 2871 μετὰ
529 2798 658 2867 τὴν
700 2795 900 2861 ἔξοδον
935 2796 1146 2866 ἡμέρας
1191 2794 1356 2848 πέντε
1391 2795 1520 2863 περὶ
1556 2794 1732 2859 αὐτὸ),
1766 2794 1868 2864 τὴν

228 2893 303 2945 τοῦ
327 2893 461 2946 νέου
512 2888 838 2961 βασιλέως
866 2887 1053 2957 ἄφιξιν
1102 2886 1484 2957 ἐκδεχόμενος,
1528 2887 1646 2956 ἅμα
1675 2887 1749 2940 δέ³
1770 2886 1867 2940 καὶ

244 2986 441 3052 ἀγεννὲς
480 2984 599 3038 καὶ
670 2979 965 3053 μηδαμῶς
1019 2978 1169 3049 αὐτῷ
1222 2980 1501 3050 προσῆκον
1554 2979 1865 3049 ’χρημάτων

241 3078 497 3148 ἡσσῆσθαι
527 3077 781 3137 δοκεῖν,
819 3072 1063 3141 νομίζων
1084 3072 1160 3134 ὡς
1189 3072 1375 3142 ἀπάτῃ
1408 3072 1501 3126 καὶ
1527 3071 1700 3141 κλοπῇ
1736 3089 1864 3141 σχε-

1972 2987 2130 3042 teret,
2151 2975 2296 3047 quod
2316 2968 3103 3046 glorize,celebritatique.58
3119 2982 3232 3020 sua:
3255 2965 3479 3029 (cedant,
3501 2976 3565 3016 ac

1970 3068 2369 3138 sempiternam
2391 3064 2570 3118 labem
2590 3068 2929 3132 aspergeret.
2960 3057 3017 3112 ld
3052 3054 3238 3110 multis
3303 3054 3564 3127 quodque

236 3173 306 3221 δὸν
338 3146 811 3239 ἀφαιρούμενος
865 3162 1130 3234 βασιλέως
1150 3179 1163 3191 '
1207 3162 1237 3216 ὃ
1276 3163 1512 3233 μάλιστα
1543 3163 1696 3234 αὑτῷ
1727 3165 1862 3234 πρὸς

1969 3161 2221 3234 pecuniae
2301 3156 2697 3215 servientibus
2731 3168 2896 3239 supra
2964 3150 3189 3206 modum
3241 3146 3565 3202 admirabile

237 3262 321 3330 τὴν
352 3260 643 3314 εὔκλειαν
684 3257 797 3308 καὶ
829 3254 928 3325 τὴν
967 3253 1214 3320 εὐδοξίαν
1236 3254 1328 3307 τδν
1362 3254 1644 3308 εἰσέπειτα
1673 3255 1865 3326 χρόνον

237 3357 403 3407 πάντα
434 3354 548 3406 οὐκ
581 3349 776 3416 ὀλίγα
802 3347 1163 3416 λυμανεῖσθαι
1192 3345 1350 3416 ᾤετο.
1397 3346 1463 3399 Ὃ
1494 3346 1564 3418 δὴ
1610 3348 1705 3401 καὶ
1734 3346 1866 3400 πολ-

234 3446 335 3507 λοῖς
348 3446 464 3499 τῶν
495 3443 647 3513 περὶ
687 3439 968 3511 χρήματα
998 3440 1321 3511 ἡττημένων
1346 3438 1528 3505 ἔδοξεν
1557 3441 1860 3512 ὑπερφυὲς,

232 3541 289 3592 τὸ
314 3539 621 3593 τοσούτων
663 3532 1008 3604 χρημάτων,
1046 3533 1143 3586 καὶ
1176 3532 1349 3613 οὕτως
1385 3535 1443 3587 ὲν
1472 3534 1742 3605 ἐπικαίρῳ
1765 3536 1864 3603 τῆς

234 3631 422 3701 Isaia;
457 3629 684 3700 ῥᾳδίως
722 3624 808 3687 ὡς
843 3625 1075 3678 οὖδενῶν
1117 3625 1559 3696 καταφρονῆσαι,
1609 3626 1748 3692 ἐξὸν,
1784 3626 1864 3678 εἴα

238 3741 339 3791 περ
362 3722 669 3783 εϐοὗλετο,
699 3719 806 3771 σὺν
830 3716 1086 3790 ῥᾳστώνῃ
1114 3719 1265 3791 πάσῃ
1292 3717 1502 3773 λαϐεῖν.
1547 3718 1609 3771 '0
1645 3717 1739 3788 μὲν
1769 3714 1864 3772 οὖν

246 3814 413 3881 μέγας
439 3811 802 3880 δομέστικος
828 3810 895 3878 τῇ
920 3809 1158 3881 τετάρτῃ
1189 3809 1289 3878 τῆς
1332 3808 1583 3879 μεγάλης
1629 3808 1865 3879 ἑϐδομά-

246 3908 328 3969 δος
359 3906 564 3977 ἐξῆλθε
627 3903 745 3972 τῆς
793 3902 1236 3965 Κωνσταντίνου,
1290 3903 1387 3956 καὶ
1436 3902 1677 3973 διέτριϐε
1731 3901 1864 3973 περὶ

254 3998 447 4067 αὑτὴν,
481 3996 625 4056 τοὺς
681 3987 1029 4058 στρατιώτας
1082 3989 1441 4060 ἐκδεχόμενος
1490 3992 1586 4042 καὶ
1622 3989 1692 4043 τὰ
1730 3990 1865 4059 χρή-

266 4106 405 4155 ματα
436 4086 640 4155 δῆθεν.
678 4081 846 4137 Κατὰ
895 4080 953 4133 δὲ
1005 4082 1100 4150 τὴν
1121 4081 1303 4151 ’ἕκτην
1332 4080 1432 4150 τῆς
1473 4080 1646 4149 αὐτῆς
1706 4083 1800 4134 καὶ
1834 4081 1861 4133 ὀ

271 4178 731 4247 πρωτοστράτωρ
759 4175 1075 4243 ἡνάγκαστο
1101 4173 1343 4238 ἐξιέναι·
1374 4175 1437 4226 οὐ
1473 4173 1582 4242 μὴν
1614 4172 1859 4244 ἐξῆλθεν·

274 4270 405 4323 ἀλλὰ
428 4271 492 4323 τό
535 4285 599 4321 τε
622 4266 1017 4338 ἀπαράσκευον
1039 4263 1384 4334 αἰτιώμενος,
1407 4267 1503 4318 καὶ
1520 4265 1684 4328 ἄλλας
1712 4267 1863 4328 τινὰς

278 4363 443 4424 αἰτίας
466 4359 770 4428 συνείρων,
823 4356 1188 4427 ἐπηγγείλατο
1242 4356 1381 4425 μετὰ
1410 4356 1607 4427 τρίτην
1641 4357 1858 4427 ἡμέραν

279 4450 370 4503 καὶ
399 4450 567 4512 αὐτὸς
597 4447 863 4514 ἐξελθεῖν.
919 4449 998 4519 Τῇ
1036 4448 1082 4500 δ’
1112 4449 1250 4520 αὐτῇ
1283 4448 1383 4517 τῆς
1416 4450 1663 4519 μεγάλης
1705 4448 1860 4502 ἐϐδοο

1969 3254 2097 3321 fuit,
2137 3262 2248 3307 tam
2301 3250 2579 3320 ingentem
2632 3247 2753 3318 ejus
2792 3243 2927 3305 vim,
2951 3252 3007 3298 et
3037 3243 3102 3297 ad
3137 3254 3294 3294 nsum
3324 3254 3565 3309 praesen-

1969 3357 2079 3403 tem
2113 3344 2252 3400 adeo
2286 3348 2656 3412 Opportunum
2696 3337 2905 3406 (quam,
2937 3333 2982 3388 si
3026 3332 3308 3395 voluisset,
3363 3330 3565 3383 habere

1964 3437 2228 3494 facillime
2263 3431 2500 3507 poterat)
2533 3428 2770 3501 perinde
2802 3442 2866 3483 ac
2890 3428 2935 3481 si
2965 3426 3113 3479 nulla
3140 3432 3285 3478 esset
3314 3430 3564 3476 contem-

1972 3545 2132 3586 nere.
2156 3528 2383 3598 Magnus
2412 3524 2601 3593 itaque
2627 3521 2970 3575 domesticus
3001 3528 3201 3585 quarto
3237 3516 3326 3570 die
3356 3528 3565 3584 magna:

1965 3620 2332 3679 hebdomadis
2387 3613 2866 3684 Constantinopoli
2915 3613 3215 3671 excedens,
3250 3607 3317 3664 ad
3366 3606 3563 3661 urbem

1967 3715 2194 3778 mansit,
2231 3712 2440 3767 milites
2470 3710 2749 3771 videlicet,
2780 3686 2834 3760 δι
2865 3704 3155 3776 pecuniam
3209 3707 3563 3770 exspectans.

1965 3807 2065 3862 Die
2117 3814 2271 3861 sexto
2334 3802 2455 3875 [seu
2506 3796 2896 3870 Parasceves],
2950 3799 3119 3851 etiam
3197 3800 3566 3864 protostrator

1965 3902 2118 3959 exire
2180 3897 2622 3969 compellebatur
2652 3913 2667 3950 :
2699 3910 3019 3966 quanquam
3068 3906 3175 3945 non
3230 3888 3426 3950 exivit,
3466 3884 3564 3940 sed

1968 4004 2083 4051 tum
2122 3994 2457 4065 imparatum
2489 4006 2570 4055 se,
2601 3998 2715 4043 tum
2742 3988 2849 4043 alia
2882 3985 3134 4057 quaedam
3169 3981 3562 4053 impedimenta

1965 4096 2244 4154 causatus,
2300 4100 2359 4140 se
2428 4084 2740 4152 item'post
2791 4080 2939 4136 diem
3000 4077 3224 4132 tertium
3281 4073 3558 4127 exiturun.

1965 4179 2334 4249 conﬁrmavit.
2386 4178 2658 4232 Caeterum
2716 4174 2808 4229 die
2860 4174 2956 4226 illo
2988 4180 3167 4234 sexto,
3205 4175 3429 4238 propter
3450 4164 3566 4218 lect-

1964 4284 2080 4331 tum
2129 4271 2373 4345 junioris
2449 4267 2806 4339 imperatoris
2862 4264 3084 4320 libellus
3141 4262 3400 4316 inventus
3453 4267 3559 4321 est,

1964 4367 2315 4437 conscriptus
2379 4363 2464 4419 his
2518 4362 2747 4417 verbis:
2794 4358 2901 4427 Qui
2953 4358 3076 4421 sim,
3111 4364 3206 4410 aut
3232 4353 3358 4423 quis
3395 4365 3565 4405 vocer

1963 4462 2058 4533 qui
2088 4460 2196 4515 hoc
2225 4455 2470 4519 exaravi,
2499 4470 2607 4510 non
2657 4462 2960 4525 cognosces
2990 4448 3175 4504 modo.
3206 4446 3339 4500 Dico
3380 4452 3562 4497 autem

284 4542 444 4608 μὰδος
480 4542 647 4611 ἕκτῃ,
695 4539 898 4607 εὕρητο
944 4540 1080 4608 πρὸς
1130 4542 1202 4609 τῇ
1248 4540 1406 4613 κλίνῃ
1462 4539 1726 4611 βασιλέως
1763 4540 1858 4594 τοῦ

1967 4566 2118 4616 vere,
2151 4549 2317 4605 hodie
2352 4546 2571 4618 impleri
2612 4544 2747 4600 illud
2782 4563 2796 4599 :
2841 4544 2985 4598 Venit
3032 4542 3184 4606 hora,
3212 4548 3268 4591 ut
3294 4538 3570 4605 disperga-
3600 4536 3601 4539 “

278 4633 397 4683 νέου
447 4630 684 4700 βιϐλίον,
711 4630 838 4684 τάδε
872 4628 995 4699 ἕχον
1020 4632 1411 4701 γεγραμμένα·
1456 4631 1545 4697 Ὦς
1591 4634 1692 4703 μὲν
1714 4634 1855 4704 γρά-

276 4722 380 4793 ψας
428 4724 617 4785 ὁποῖος
656 4722 722 4775 ἂν
756 4721 840 4792 εἴη
872 4738 977 4789 τις,
1038 4721 1070 4789 ἢ
1099 4724 1126 4776 ὃ
1156 4740 1208 4777 τι
1262 4722 1606 4794 ὀνομάζοιτο,
1659 4726 1761 4778 οὐκ
1791 4724 1859 4779 ἂν

278 4815 476 4883 μάθοις
516 4816 578 4867 ὲν
604 4812 681 4885 τῷ
717 4814 967 4884 παρόντι·
1006 4814 1150 4884 λέγω
1193 4815 1380 4885 μέντοι.
1411 4816 1548 4887 πρὸς
1578 4815 1860 4886 ἀλήθειαν,

272 4905 351 4968 ὡς
380 4908 626 4976 σήμερον
678 4904 1044 4977 ἐκπληροῦται
1072 4909 1133 4960 τὸ
1181 4909 1476 4978 εἰρημένον
1514 4909 1598 4974 τὸ,
1638 4910 1863 4981 ῃἘλή-

273 4996 439 5051 ὶυθεν
468 5000 505 5069 ἡ
552 4998 673 5067 ὥρα
725 4998 812 5054 ἵνα
862 5001 1231 5073 σκορπισθῆτε
1290 5001 1547 5068 ἕκαστος,
1597 5004 1696 5057 καὶ
1752 5002 1856 5074 ἐμὲ

276 5092 441 5157 μόνον
468 5090 701 5159 ἀφῆτε»
731 5092 952 5155 συνετὸς
972 5092 1016 5145 δ’
1035 5092 1132 5160 ὢν,
1160 5093 1261 5147 οὐκ
1288 5093 1578 5165 ἀγνοήσεις
1600 5095 1669 5149 τὰ
1697 5095 1856 5165 λεγό-

275 5198 422 5250 μενα
458 5184 652 5254 δήπου.
696 5183 753 5236 '0
781 5183 880 5254 μὲν
907 5182 999 5239 οὖν
1034 5186 1171 5240 ἐνόει
1198 5187 1261 5240 τὸ
1295 5188 1555 5257 γράμμα,
1579 5188 1727 5241 τοῦτ’
1776 5185 1845 5260 ἦν

273 5274 417 5343 ὅπερ
446 5276 544 5327 καὶ
574 5275 736 5337 αὐτὸς
768 5275 1089 5345 δστοχάξετο
1120 5275 1399 5348 βασιλεὺς,
1430 5278 1507 5341 ὼς
1532 5280 1560 5331 ὁ
1588 5279 1698 5331 τῶν
1726 5278 1858 5350 περὶ

277 5365 469 5435 αὐτῶν
495 5368 910 5440 διασκεδασμὸξ,
938 5369 1152 5433 οὐδενὸς
1185 5371 1374 5441 ἐτέρου
1421 5370 1599 5442 χάριν,
1637 5371 1671 5444 ἢ
1707 5373 1857 5436 ὅπως

275 5458 445 5523 αὐτὸς
474 5460 704 5528 γένηται
750 5461 1193 5533 εὐεπιχείρητος,
1226 5461 1337 5533 εῐη.
1384 5460 1489 5517 Τὸν
1530 5464 1719 5535 μέντοι
1751 5481 1853 5533 -γε-

355 5604 371 5634 ⁸
397 5601 552 5658 Joau.
586 5620 696 5670 xvi,
727 5590 821 5662 32:

1954 4643 2088 4697 mini
2110 4641 2487 4711 umnquisque,
2509 4647 2558 4692 et
2583 4654 2662 4691 me
2677 4634 2847 4690 solum
2878 4632 3192 4704 relinquatis
3214 4631 3251 4694 ‘,
3278 4629 3331 4682 ni
3355 4628 3562 4682 stultus

1964 4735 2063 4799 sis,
2119 4733 2440 4804 assequeris
2497 4731 2691 4800 utique
2743 4727 2874 4798 quid
2932 4726 3173 4781 dicatur.
3206 4722 3339 4793 Ejus
3368 4716 3562 4788 scripti

1960 4825 2236 4882 sententia
2261 4824 2378 4879 haec
2403 4831 2542 4890 erat,
2570 4836 2735 4893 quam
2757 4828 2813 4875 et
2848 4832 3018 4888 nepos
3043 4816 3160 4886 ipse
3190 4809 3520 4882 conjiciebat
3545 4825 3561 4862 :

1965 4922 2273 4978 amicorum
2326 4932 2556 4972 suorum
2615 4912 3020 4986 dispersionem
3074 4923 3183 4963 non
3215 4906 3357 4961 alius
3388 4903 3562 4974 gratia

1964 5012 2108 5075 ﬁeri,
2143 5025 2310 5082 quam
2345 5018 2406 5065 ut
2436 5009 2555 5081 ipse
2585 5006 2935 5064 commodius
2969 5001 3156 5057 invadi
3213 4997 3563 5070 opprimique

1962 5114 2171 5177 posset.
2225 5106 2526 5159 Auctorem
2562 5103 2858 5172 scripturae
2902 5097 3070 5169 hujus
3117 5091 3470 5166 postmodum
3505 5088 3559 5141 in

1959 5208 2096 5268 pace
2131 5208 2354 5264 quoque
2408 5192 2505 5246 diu
2540 5191 2862 5261 indagatum
2898 5203 3008 5242 non
3067 5186 3318 5241 invenit:
3348 5183 3560 5267 interea

1960 5258 2196 5338 mortem
2249 5258 2457 5338 abiisse
2488 5258 2737 5336 creditus
2777 5287 2881 5334 est.
2909 5277 2981 5334 Et
3013 5276 3130 5333 haec
3161 5258 3385 5345 quidem
3414 5269 3570 5339 ejus,

1962 5376 2110 5431 modi
2168 5374 2415 5430 fuerunt.
2479 5374 2691 5429 Eodem
2748 5388 2877 5428 vere
2931 5387 3029 5427 xm
3091 5370 3206 5441 (25)
3286 5361 3559 5421 Kalendas

1962 5467 2133 5524 Maias
2198 5467 2504 5523 indictione
2576 5475 2774 5539 quarta
2839 5466 2969 5522 anni
3038 5462 3220 5519 sexies
3277 5452 3557 5512 millesimi

1533 5683 1747 5744 Jacobi
1787 5685 2061 5748 Pontani
2102 5694 2292 5749 notae.

353 5777 469 5856 (25)
512 5778 587 5835 De
630 5780 1028 5840 indictionibus
1094 5783 1189 5856 qui
1258 5784 1427 5851 volet,
1460 5783 1603 5853 legat
1631 5782 2027 5844 Covarruviam
2087 5787 2379 5844 Variarum
2422 5787 2805 5847 resolutiomtm
2834 5764 2937 5842 lib.
2971 5799 3009 5851 I,
3059 5794 3179 5851 cap.
3242 5774 3327 5844 ιο,
3398 5789 3553 5831 llum-

279 5842 315 5902 Β
352 5842 405 5904 et
436 5842 487 5904 7.
