3962 6438
291 326 390 388 157

1463 338 1830 400 HISTORIA
1845 341 2004 403 RUM
2048 345 2284 407 LIBER
2313 345 2378 410 ’I.

3446 357 3546 423 159

291 436 566 491 ἀναλαϐὼν
584 439 802 510 ἑαυτὸν,
835 442 930 498 καὶ
960 440 1022 498 οὗ
1052 445 1195 516 μέγα
1220 448 1380 520 ἔργον
1416 453 1763 522 ἡγησάμενος
1793 458 1853 510 τὸ

1957 462 2043 529 tis,
2075 474 2132 518 et
2165 467 2531 536 imperatoriae
2567 468 2855 538 cujusdam
2909 471 3122 539 peritia:
3157 471 3399 528 facinora
3428 476 3549 530 edi-

287 529 378 582 τὶν
412 529 638 598 ἔγγονον
664 535 1058 604 χειρώσασθαι,
1090 539 1186 593 ἅτε
1216 543 1313 594 καὶ
1345 547 1606 613 στρατιᾶς
1634 551 1727 604 καὶ
1757 552 1856 620 τῆς

289 619 456 688 ἀρχῆς
496 621 719 692 ἀπάσης
747 625 840 680 ὑπ’
878 628 1026 694 αὑτῷ
1047 631 1238 704 οὔσης,
1285 635 1384 690 ἕνα
1422 637 1531 690 τῶν
1566 619 1859 710 συγκλητι-

289 711 394 763 κῶν
421 713 680 784 Μανουὴλ
725 717 973 788 Τάγαριν
1006 722 1098 774 τὸν
1131 725 1306 792 μέγαν
1339 732 1854 804 στρατοπεδάρχην,

291 805 475 870 γένους
507 807 605 874 μὲν
627 807 958 880 ὡρμημένον
993 813 1056 866 ὲκ
1087 815 1298 881 φαύλου
1331 820 1428 872 καὶ
1471 821 1738 890 ἀφανοῦς,
1764 827 1858 881 ἀν-

287 894 406 965 δρίᾳ
440 895 498 948 δὲ
531 898 622 950 καὶ
653 900 830 974 τόλμῃ
861 905 926 974 τῇ
956 906 1086 977 περὶ
1115 909 1216 970 τάς
1254 911 1432 980 μάχας
1459 914 1552 966 ἐπὶ
1601 917 1855 972 πλεῖστον

287 986 438 1056 δόξης
466 989 630 1042 αὑτὸν
661 993 756 1060 ἀφ’
782 995 976 1050 ἑαυτοῦ
1001 1000 1332 1066 προελθόντα
1361 1005 1440 1072 (ἐν
1463 1007 1572 1076 γὰρ
1595 1009 1854 1061 Φιλαδελ-

288 1079 412 1147 φείᾳ
442 1082 510 1150 τῇ
543 1083 684 1135 κατὰ
706 1085 908 1138 Λυδίαν
945 1088 1121 1142 πολλὰ
1164 1092 1260 1145 καὶ
1289 1095 1475 1163 χειρὸς
1524 1099 1621 1151 καὶ
1648 1099 1857 1169 τόλμης

288 1170 374 1218 καὶ
405 1173 776 1243 στρατηγικῆς
807 1177 1101 1248 ἐμπειρίας
1134 1183 1275 1235 κατὰ
1303 1186 1530 1254 Περσῶν
1552 1188 1856 1254 ἐνεδείξατο

288 1255 439 1326 ἔργα.
478 1259 553 1322 ὡς
585 1263 650 1313 ὲκ
677 1263 885 1317 τούτων
921 1267 1306 1336 θαυμασθέντα
1337 1275 1434 1326 καὶ
1463 1275 1646 1346 γάμου
1672 1280 1856 1348 τυχεῖν

285 1352 586 1418 ἐπιφανοῦς
615 1375 627 1386 ·
663 1359 729 1426 τῇ
781 1357 893 1428 γὰρ
948 1360 1150 1434 ἀνεψιᾷ
1206 1366 1538 1430 συνέζευκτο
1588 1369 1856 1442 βασιλέως

285 1442 538 1518 Θεοδὼρᾳ
575 1451 638 1518 τῇ
683 1450 985 1524 ’Δσανίνῃ),
1017 1455 1212 1510 τοῦτον
1239 1457 1302 1528 δὴ
1340 1464 1860 1534 μετακαλεσάμενος

285 1534 618 1601 Ββασιλεῦς,
665 1541 724 1593 Ὀ
759 1542 891 1610 ἐμὸς
940 1544 1204 1613 ἔγγονος,
1254 1548 1382 1620 ἔφη,
1434 1552 1631 1616 νυκτὸς
1682 1552 1858 1624 ᾤχετο

285 1627 530 1698 ἀποδρᾶς
578 1631 676 1699 τῆς
709 1633 916 1698 πόλεως
949 1638 1234 1708 ταυτησίν.
1291 1642 1466 1694 Ὅπου
1515 1643 1618 1713 μὲν
1662 1643 1755 1698 οὖν
1789 1646 1856 1699 ἀν

285 1715 560 1790 διατρίϐῃ,
610 1721 710 1774 οὐκ
746 1722 898 1777 ἔστιν
946 1726 1144 1782 εἰδέναι
1178 1730 1392 1798 σαφῶς.
1451 1733 1625 1788 Τοῦτο
1656 1735 1712 1788 δὲ
1759 1737 1860 1789 πέ-

286 1825 514 1878 πεισμαι
547 1813 810 1883 ἀκριϐῶς,
854 1815 932 1880 ῶς
968 1819 1169 1893 ὀλίγων
1211 1809 1533 1893 ἀχθήσεταί
1573 1825 1859 1898 δεσμώτης
1891 1805 1932 1860 Β

285 1901 509 1971 ἡμερῶν
539 1905 685 1958 εἵσω.
720 1907 794 1960 Τὸ
812 1908 870 1962 δὲ
893 1909 989 1964 νῦν
1012 1910 1139 1981 ἔχον
1169 1914 1333 1978 αὐτὸς
1368 1916 1658 1972 ἀναλαϐὼν
1691 1936 1830 1990 στροι

282 1991 407 2046 τιάν
456 1993 590 2064 ὅσην
645 1995 747 2050 οῐει
799 1998 936 2067 πρὸς
979 2000 1042 2053 τὸ
1087 2001 1250 2073 ἔργον
1285 2006 1563 2074 ἀρκέσειν,
1599 2009 1860 2079 ἐπιστρά-

280 2100 473 2137 τευσον
520 2086 702 2150 αὐτοῖς
748 2091 1066 2154 καταπόδας
1095 2107 1110 2122 ⁸
1170 2094 1280 2148 κᾶν
1344 2099 1510 2166 μόνον
1561 2101 1855 2171 ἐγγένηται

288 2181 596 2248 συντυχεῖν,
627 2181 780 2234 οὐδέν
814 2181 998 2236 λοιπὸν
1039 2186 1074 2252 ἢ
1122 2187 1484 2258 δοριαλώτους
1510 2193 1855 2264 ὑποστρέψαι

280 2268 520 2324 λαϐόντα
547 2273 778 2336 πάντας·
831 2277 1065 2341 ἐκείνοις
1103 2280 1214 2350 γάρ
1243 2283 1344 2352 οὐχ
1391 2285 1473 2338 ὅτι
1502 2285 1851 2355 ἀμύνασθαι,

283 2361 401 2416 ἀλλ’
428 2364 540 2416 οὐδ’
565 2365 882 2438 ἀντιϐλέψαι
901 2369 966 2424 άν
993 2387 1126 2425 ποτε
1158 2376 1503 2448 παρασταίη.
1520 2377 1581 2432 Ὀ
1608 2379 1855 2449 Τάγαρις

288 2454 474 2523 μέντοι
529 2458 748 2522 συνετὸς
776 2457 852 2513 ῶν
887 2463 980 2516 καὶ
1029 2465 1168 2535 πρὸς
1227 2467 1408 2537 μάχας
1454 2470 1855 2542 ἐξησκημένος,

287 2549 379 2601 Σοὶ
409 2549 530 2620 μὲν,
556 2543 600 2609 ὦ
626 2553 886 2621 κράτιστε
916 2557 1166 2627 βασιλεῦ,
1189 2559 1318 2631 ἔφη,
1343 2563 1453 2616 τῶν
1477 2564 1660 2635 ὀλίγου
1691 2567 1854 2622 πόνου

284 2641 559 2710 δεομένων
612 2643 790 2713 ἔργων
843 2642 984 2702 εἶναι
1023 2649 1174 2704 δοκεῖ
1222 2653 1284 2707 τδ
1335 2655 1430 2708 τδν
1481 2656 1576 2710 σὺν
1631 2657 1855 2727 ἔγγονον

284 2733 520 2817 ἀχθῆναι
553 2737 926 2808 συλληφθέντα
955 2741 1266 2815 δεσμώτηνο
1293 2747 1418 2817 ὲμδὶ
1455 2749 1512 2803 δὲ
1539 2751 1854 2808 τούναντίον

286 2815 453 2890 δέειν·
484 2828 746 2918 βούλομαι
773 2833 838 2905 δὴ
881 2835 980 2905 ἐμὲ
1022 2815 1339 2907 ψεύσασθαι
1379 2843 1474 2896 καὶ
1526 2844 1600 2914 μὴ
1664 2847 1723 2898 σὲ
1753 2847 1854 2918 τῆς

291 2922 514 2988 ὶλπίδος,
553 2917 598 2977 ὦ
633 2925 873 2996 βασιλεῦ.
907 2930 1079 2984 Τοῦτο
1113 2934 1213 3003 μὲν
1259 2934 1355 2992 οὖν
1394 2936 1578 2990 ὁποῖον
1623 2940 1690 2994 άν
1721 2917 1852 2995 ποτε

294 3015 546 3088 ἁποϐαίη,
576 3017 708 3072 αὑτό
746 3037 878 3088 φασι
905 3022 1089 3090 δείξει.
1132 3027 1288 3080 Ἐπεὶ
1313 3029 1359 3082 δ’
1389 3030 1656 3098 ἐπέταξας
1687 3051 1854 3105 στρα-

1959 559 2132 622 derat,
2169 569 2227 614 et
2274 560 2346 614 ob
2392 561 2812 618 admirationem
2864 563 2991 638 inde
3042 573 3283 635 partam,
3315 582 3544 621 uxorem

1957 646 2158 702 illustri
2207 651 2332 704 loco
2381 653 2724 720 progenitam
2761 652 3104 708 Theodoram
3132 654 3405 709 Asaninen
3439 655 3546 708 im-

1956 741 2226 809 peratoris
2276 743 2664 798 consobrinam
2717 746 3047 814 acceperat),
3093 748 3256 801 hunc.
3294 747 3543 815 inquam,

1954 831 2259 887 Manuelem
2316 848 2646 889 accersens:
2680 834 2833 890 Meus
2885 852 3076 905 nepos,
3123 838 3221 899 ait,
3269 839 3546 907 prasterita

1956 935 2121 978 nocte
2173 925 2406 996 aufugit.
2463 924 2563 980 Ubi
2598 937 2864 990 moretur,
2914 944 3014 996 pro
3041 940 3194 983 certo
3224 929 3367 983 haud
3405 931 3543 984 scio.

1956 1017 2071 1072 Hoc
2102 1018 2324 1087 quidem
2350 1018 2482 1072 mihi
2508 1019 3012 1087 exploratissimum
3045 1031 3150 1084 est,
3174 1022 3315 1074 intra
3345 1037 3549 1090 paucos

1956 1109 2072 1163 dies
2132 1109 2187 1162 in
2251 1110 2483 1164 vinculis
2524 1110 2592 1162 ad
2641 1126 2727 1165 me
2777 1113 3072 1167 adductum
3117 1114 3184 1166 iri
3232 1113 3549 1184 (55).Nunc

1956 1200 2234 1268 adjunctis
2288 1199 2387 1252 tibi
2456 1200 2750 1266 militibus,
2811 1213 2940 1272 quot
2997 1204 3251 1258 sufﬁcere
3303 1205 3544 1274 putabis,

1956 1290 2220 1356 fugitores
2264 1305 2362 1359 per
2389 1292 2616 1363 vestigia
2669 1292 2982 1362 insequere.
3007 1293 3064 1346 In
3089 1310 3226 1362 quas
3265 1293 3430 1346 simul
3459 1294 3549 1347 in-

1958 1382 2184 1445 cideris,
2227 1383 2364 1436 nihil
2427 1385 2532 1438 erit
2587 1385 2732 1454 quod
2787 1401 2917 1455 agas
2969 1386 3227 1455 amplius,
3275 1401 3442 1455 quam
3487 1393 3550 1439 ut

1959 1476 2136 1545 captis
2161 1477 2421 1531 omnibus
2452 1477 2679 1531 domum
2735 1487 3017 1532 revertare
3053 1497 3066 1533 :
3104 1479 3304 1548 quippe
3341 1479 3550 1548 quibus

1961 1582 2069 1621 non
2105 1567 2279 1621 solum
2319 1584 2377 1623 se
2422 1568 2742 1634 defendere,
2791 1571 2884 1625 sed
2932 1585 3026 1624 vos
3072 1580 3264 1624 contra
3297 1571 3548 1639 aspicere

1959 1676 2241 1729 nunquam
2267 1660 2321 1714 in
2358 1673 2597 1716 mentem
2631 1662 2833 1716 veniet.
2855 1663 2925 1718 At
2947 1664 3091 1717 enim
3123 1662 3350 1733 Tagaris
3383 1663 3548 1716 homo

1960 1754 2226 1824 prudens,
2260 1763 2317 1809 et
2366 1755 2599 1808 bellator
2647 1756 2872 1810 minime
2910 1757 3107 1810 rudis:
3139 1755 3236 1809 tibi
3293 1754 3546 1824 quidem,

1963 1845 2264 1915 imperator
2313 1847 2543 1916 Optime,
2583 1846 2784 1916 inquit,
2815 1847 3042 1901 minime
3083 1847 3428 1916 negotiosum
3463 1843 3548 1896 vi-

1962 1937 2147 2004 detur,
2196 1948 2454 2010 nepotem
2511 1941 3003 2009 comprehendere,
3049 1940 3410 2009 vinctumque
3449 1939 3548 1992 ad-

1961 2030 2168 2086 ducere
2202 2047 2218 2088 :
2251 2047 2351 2102 ego
2386 2047 2517 2087 vero
2562 2032 2842 2087 diversum
2874 2033 3034 2103 plane
3065 2032 3249 2086 sentio
3282 2051 3295 2086 ι
3331 2030 3548 2086 tametsi

1959 2125 2122 2194 cupio
2149 2140 2394 2187 sane,me
2414 2125 2672 2195 opinione
2700 2126 2882 2194 potius
2911 2127 3364 2194 aberrare,quam
3397 2139 3548 2193 spem

1959 2227 2111 2272 tuam
2161 2217 2363 2286 decipi.
2399 2215 2504 2270 Sed
2557 2217 2722 2289 hujus
2763 2216 2980 2271 consilii
3013 2226 3272 2270 eventum
3307 2232 3394 2271 res
3432 2217 3547 2285 ip<a

1961 2308 2186 2364 docebit
2210 2309 2346 2380 (54).
2374 2308 2646 2375 Quoniam
2676 2318 2861 2362 autem
2910 2309 3204 2373 mandasti,
3245 2318 3306 2362 ut
3337 2307 3547 2362 delecta

1958 2415 2125 2454 manu
2162 2415 2259 2454 eos
2304 2415 2672 2470 persequerer
2701 2418 2714 2455 :
2746 2415 2870 2454 nam
2909 2400 2953 2454 si
2989 2415 3085 2454 eos
3133 2413 3416 2468 assequar,
3447 2413 3550 2452 nec

1959 2492 2240 2557 resistere,
2262 2507 2368 2547 nec
2401 2508 2499 2546 nos
2539 2493 2786 2563 aspicere
2828 2507 3102 2556 ausuros;
3149 2492 3316 2545 etiam
3353 2491 3406 2543 in
3445 2491 3551 2544 huc

1957 2583 2088 2654 quid
2144 2583 2254 2639 mei
2297 2583 2496 2653 judicii
2555 2585 2650 2648 sit,
2701 2585 2952 2655 eloquar.
3001 2581 3232 2647 Quantas
3269 2583 3358 2636 hic
3391 2582 3550 2638 nobis

1956 2678 2151 2746 copiae,
2185 2692 2348 2748 quam
2410 2679 2727 2733 exercitatae
2765 2688 2822 2732 et
2873 2678 3137 2731 animosze
3185 2680 3316 2740 sint,
3378 2689 3548 2747 nepos

1958 2777 2108 2834 tuus,
2138 2777 2194 2823 et
2220 2767 2385 2823 amici
2441 2767 2564 2838 ejus
2612 2768 2927 2822 luculenter
2963 2767 3225 2833 scientes,
3259 2784 3368 2820 non
3403 2783 3461 2822 se
3494 2769 3548 2822 in

1955 2858 2138 2930 fugam
2167 2858 2548 2924 tradidissent,
2575 2858 2631 2911 ni
2688 2858 2842 2928 prius
2873 2857 2984 2911 vita
3017 2857 3071 2910 in
3118 2857 3399 2910 hastarum
3430 2871 3553 2909 mu-

1956 2951 2218 3008 cronibus
2251 2967 2518 3021 suspensa
2556 2950 2696 3022 (35),
2747 2951 2891 3004 adeo
2926 2951 3254 3018 semetipsos
3297 2949 3551 3004 execuis-

1955 3053 2099 3112 sent,
2121 3056 2181 3099 ut
2205 3045 2468 3100 adversus
2515 3042 2891 3113 quorumlibet
2925 3043 3346 3113 impressionem
3377 3057 3552 3111 usque

286 3107 397 3162 τιάν
430 3107 772 3165 ἀναλαϐόντα
821 3113 1182 3170 καταδιώκειν
1216 3118 1447 3186 αὐτοὺς,
1510 3123 1586 3188 ὡς
1653 3125 1719 3178 ἂν
1765 3128 1853 3194 ὲγ-

1957 3137 2022 3193 ad
2056 3145 2287 3192 mortem
2332 3135 2632 3206 praeliaturi
2665 3135 3055 3192 sint..Norunt
3099 3134 3247 3188 enim
3281 3133 3550 3204 perbene,

282 3201 500 3270 γένηται
534 3207 846 3275 συντυχεῖν,
872 3206 933 3260 οὐ
966 3208 1128 3278 μόνον
1165 3213 1266 3265 οὐκ
1289 3213 1708 3285 ἀμυνουμένων,
1737 3217 1853 3272 ἀλλ’

281 3295 388 3348 οὔδ’
421 3295 741 3366 ἀντιϐλέψαι
772 3299 1180 3371 τολμησόντων,
1205 3305 1280 3369 ὡς
1307 3305 1419 3378 ἔχω
1451 3312 1549 3364 κοιλ⁸
1572 3327 1637 3363 πε
1648 3313 1702 3379 p‘t
1727 3310 1854 3365 τού-

280 3403 386 3440 των
430 3387 676 3458 γνώμης,
716 3390 848 3460 ὲρῶ.
885 3392 988 3447 Τὸν
1031 3394 1269 3467 ἀριθμὶν
1298 3399 1399 3468 τῆς
1436 3402 1723 3475 παρούσης
1769 3405 1855 3464 ὲν-

281 3479 472 3533 τιυθοῖ
499 3484 782 3551 στρατιᾶς,
815 3485 873 3538 οὐ
936 3486 1043 3557 μὴν
1092 3489 1234 3543 ἀλλά
1271 3492 1371 3544 καὶ
1415 3492 1514 3559 τὴν
1557 3494 1855 3566 ἐμπειρίαν

279 3577 373 3624 καὶ
405 3573 608 3642 τολμαν
641 3576 668 3627 ό
703 3574 791 3637 σὸς
819 3575 1046 3646 ἔγγονος
1076 3581 1172 3633 καὶ
1203 3583 1250 3634 οἱ
1289 3582 1421 3654 περὶ
1461 3584 1627 3638 αὐτὸν
1664 3587 1852 3657 σαφῶς

279 3663 506 3728 εἰδότες,
538 3665 638 3718 οὐκ
676 3666 743 3719 ἂν
773 3668 1081 3740 ἐτόλμησαν
1110 3673 1424 3743 τραπέσθαι
1451 3677 1591 3747 πρὸς
1620 3679 1720 3750 τὴν
1751 3697 1852 3749 φυ-

278 3756 403 3826 γὴν,
439 3757 487 3810 εί
521 3757 595 3827 μὴ
625 3760 894 3830 πρότερον
925 3761 1013 3815 ἐπ’
1042 3764 1236 3836 ἄκροις
1259 3765 1482 3838 δόρασιν
1513 3769 1855 3842 ἐξαρτήσαν-

278 3864 370 3909 τες
402 3848 501 3918 τὴν
532 3848 696 3922 ζωὴν,
731 3852 875 3907 οὕτω
931 3856 1250 3928 παρέθηξαν
1294 3861 1544 3926 ἑαυτοὺς,
1576 3865 1651 3928 ὡς
1687 3867 1853 3920 πᾶσιν

276 3937 328 3990 οἶ
355 3939 422 3993 ἀν
453 3940 676 3995 ἐπίωσιν
705 3944 1075 4016 ἀμυνούμενοι
1111 3947 1276 4019 μέχρι
1307 3951 1402 4004 τοῦ
1431 3955 1643 4010 πεσεῖν.
1671 3957 1852 4011 Ἱσασι

277 4031 386 4097 γάρ
425 4032 609 4100 σαφῶς
649 4033 724 4098 ὡς
774 4036 841 4088 ἂν
885 4037 1108 4105 ἁλῶσιν,
1162 4039 1370 4110 ἥκιστα
1419 4042 1515 4096 τοῦ
1559 4045 1852 4100 ἀποθανεῖν

275 4123 557 4182 πείσονται
593 4127 963 4198 μετριώτερα,
995 4130 1203 4202 Διόπερ
1227 4132 1302 4196 ὡς
1332 4134 1717 4206 τεθνηξόμενοι
1751 4155 1854 4210 μα·-

276 4214 496 4284 χοῦνται
556 4218 651 4271 καὶ
717 4219 856 4290 ὑπὲρ
917 4221 1151 4294 δύναμιν
1201 4226 1556 4294 ἀφειδοῦντες
1616 4231 1848 4286 ἑαυτῶν.

276 4309 592 4363 Θανατῶσιν
615 4309 709 4371 οὖν
740 4313 1054 4384 ἀνθρώποις
1087 4317 1146 4381 ἐξ
1181 4317 1297 4372 ἴσου
1326 4319 1420 4373 τοῦ
1446 4323 1686 4393 ἀριθμοῦ
1715 4343 1855 4397 cup..-

1956 3229 2002 3284 si
2055 3228 2109 3282 in
2143 3235 2474 3297 potestatem
2515 3229 2792 3289 venerint,
2846 3227 2956 3296 ϐο
3005 3226 3183 3280 nihilo
3229 3241 3288 3280 se
3329 3225 3550 3278 mitiora

1960 3319 2076 3390 ipsa
2133 3329 2310 3374 morte
2371 3334 2756 3390 perpessuros.
2813 3317 3182 3384 Quamobrem
3238 3315 3550 3370 animarum

1956 3429 2182 3470 suarum
2217 3411 2456 3482 prodigi,
2497 3419 2555 3466 et
2577 3420 2838 3480 tanquam
2893 3409 3176 3468 morituri.
3204 3423 3372 3476 supra
3403 3407 3552 3462 vires

1954 3507 2120 3560 etiam
2146 3502 2489 3574 pugnabunt.
2517 3502 2655 3558 Cum
2683 3500 3001 3556 hominibus
3031 3500 3196 3569 igitur
3225 3499 3350 3553 vitae
3375 3499 3550 3553 aleam

1956 3596 2326 3653 subeuntibus
2353 3611 2509 3664 aqua
2546 3610 2709 3649 manu
2737 3609 2977 3666 pugnam
3005 3609 3324 3658 conserere,
3355 3608 3548 3663 parum

1955 3688 2128 3746 distat
2158 3688 2226 3742 ab
2254 3688 2509 3743 insania:
2541 3688 2714 3741 multo
2745 3687 3020 3758 siquidem
3054 3688 3263 3755 majore
3295 3701 3551 3749 numero,

1954 3781 2187 3852 parique
2245 3779 2533 3836 alacritate
2599 3781 2657 3835 in
2709 3795 2806 3835 eos
2857 3779 3214 3851 pugnandum
3270 3788 3554 3849 est:qnze

1953 3875 2115 3929 ambo
2175 3873 2334 3928 nobis
2394 3873 2448 3926 in
2499 3873 2708 3928 incerto
2756 3881 2908 3928 sunt.
2959 3871 3107 3927 Nam
3157 3881 3361 3941 quanta
3389 3886 3448 3926 se
3481 3870 3548 3925 ad

1957 3966 2080 4021 illos
2130 3965 2430 4020 multitudo
2484 3965 2884 4035 aggregaverit,
2907 3966 3280 4035 ignoramus:
3342 3975 3398 4017 et
3453 3977 3554 4016 no-

1954 4068 2200 4115 strorum
2243 4059 2481 4113 militum
2514 4059 2682 4112 animi
2730 4059 2783 4112 in
2815 4066 2888 4122 te,
2921 4073 2988 4112 an
3024 4057 3080 4112 in
3115 4057 3271 4112 illum
3306 4071 3550 4127 propen-

1956 4150 2144 4217 deant,
2197 4149 2606 4220 incompertum
2672 4148 2966 4204 habemus.
2999 4149 3278 4204 Praeterea
3313 4163 3438 4202 cum
3469 4147 3547 4200 illi

1957 4243 2061 4300 sub
2093 4241 2435 4314 gallicinium
2470 4255 2591 4295 sese
2635 4239 2938 4294 extulerint
2969 4239 3048 4311 (id
3085 4239 3232 4308 quod
3266 4250 3548 4308 portarum

1955 4335 2212 4394 custodes
2253 4333 2614 4403 retulerunt),
2656 4348 2758 4388 nos
2787 4346 2969 4388 autem
3003 4330 3346 4402 insequendo
3374 4344 3550 4399 usque

275 4401 575 4493 πλέκεσθαί
602 4421 744 4468 τινα,
773 4408 895 4460 οὐδὲ
922 4409 1114 4481 πόρρω
1151 4413 1348 4482 μανίας
1378 4415 1588 4481 δόξειεν
1618 4418 1706 4477 ἄν.
1725 4423 1850 4476 Ἐπὶ

1957 4429 2022 4484 ad
2054 4427 2709 4484 conticininminsistere
2741 4440 2849 4480 non
2887 4425 3191 4492 possimus,
3227 4423 3364 4493 ipsis
3389 4436 3549 4476 secu-

272 4491 384 4561 γὰρ
437 4493 547 4546 τῶν
589 4495 849 4550 τοιούτων
903 4500 1028 4562 τοὺς
1073 4503 1575 4574 ἀντιτεταγμένους
1627 4513 1724 4564 καὶ
1769 4513 1848 4584 τῷ

1957 4522 2034 4577 ris
2084 4537 2186 4577 nos
2224 4519 2578 4592 captabimus
2627 4534 2752 4589 qua:
2814 4532 3018 4588 capere
3069 4491 3550 4599 nequibimusch

271 4584 474 4656 πλήθει
513 4587 697 4657 πολλῷ
729 4588 808 4661 τῷ
840 4591 1025 4664 μέτρῳ
1050 4595 1228 4665 χρεὼν
1251 4598 1566 4672 ὑπερέχειν,
1604 4606 1700 4658 καὶ
1729 4609 1848 4670 ταῖς

272 4679 609 4748 προθυμίαις
657 4679 806 4744 ἴσους
843 4680 1008 4740 εἶναι’
1046 4686 1084 4742 ἆ
1129 4688 1194 4760 δὴ
1234 4691 1330 4743 καὶ
1369 4693 1661 4766 ἀμφότερα
1712 4700 1849 4768 ἡμῖν

268 4773 330 4826 ὲν
365 4772 658 4846 ἀμφιϐόλῳ
687 4779 888 4832 κεῖται.
934 4779 1055 4835 Τῶν
1097 4799 1160 4835 τε
1195 4785 1307 4851 γάρ
1356 4789 1628 4844 συνόντων
1661 4793 1849 4856 αὐτοῖς

268 4867 371 4921 οὐκ
400 4868 560 4940 ίσμεν
584 4871 644 4924 τὸ
670 4871 896 4944 πλῆθος,
923 4875 1019 4928 καὶ
1052 4875 1161 4929 τῶν
1187 4877 1290 4951 etp"
1310 4881 1444 4952 ἡμῖν
1468 4887 1846 4955 τεταγμένων,

1957 4615 2157 4669 horum
2211 4614 2447 4670 alterum
2476 4613 2782 4681 continget,
2816 4619 2876 4664 ut
2919 4619 3016 4666 aut
3043 4624 3139 4665 eos
3165 4624 3276 4664 non
3309 4601 3547 4663 assecut'

1956 4709 2183 4764 domum
2232 4705 2441 4760 frustra
2490 4703 2780 4759 redeamus
2845 4702 3014 4774 (quod
3057 4703 3236 4774 ipsum
3275 4715 3374 4757 nos
3406 4701 3550 4756 infe-

1955 4799 2132 4860 riores
2161 4796 2401 4866 arguet),
2429 4801 2528 4848 aut
2577 4793 2622 4846 si
2650 4807 2747 4847 eos
2780 4791 2962 4862 adepti
2988 4793 3330 4856 adoriamur,
3364 4801 3550 4847 certa-

1956 4891 2107 4945 mine
2131 4887 2263 4943 victi
2292 4885 2674 4944 concidamus.
2703 4884 2801 4940 His
2857 4900 2959 4956 ego
2989 4883 3080 4958 .de
3111 4882 3296 4939 causis
3342 4898 3452 4938 non
3491 4882 3548 4937 in

1547 5003 1766 5066 Jacobi
1795 5005 2062 5068 Pontani
2096 5011 2284 5067 nota),

347 5105 461 5174 (35)
509 5105 779 5179 Grcgoras
813 5111 1204 5187 traditkante
1226 5115 1409 5187 fugam
1449 5119 1696 5175 voluisse
1725 5136 1853 5176 eum

273 5189 510 5256 capere,
565 5191 621 5234 et
674 5182 966 5238 consilium
1016 5182 1313 5240 Gerasimo
1348 5190 1678 5260 patriarchae
1721 5205 1854 5260 ape-

272 5261 474 5326 ruisse:
501 5247 656 5314 Quod
691 5252 784 5306 ille
799 5253 883 5326 ad
926 5263 1180 5326 nepotem
1215 5257 1488 5324 deferens,
1523 5259 1665 5326 fuga:
1695 5277 1850 5317 acce-

272 5277 474 5302 auuac.
501 5277 656 5314 quuu
693 5277 784 5306 me
815 5277 883 5308 au
927 5277 1180 5326 nepotem
1215 5277 1488 5324 ueterens,
1523 5277 1616 5331 Iug

270 5315 512 5372 ierandae
543 5334 734 5376 auctor
760 5323 811 5377 ei
845 5323 1030 5380 fuerit.

273 5453 287 5473 ε
341 5388 472 5473 ςᾷιὶΔ
502 5391 783 5473 Pro_verhii
831 5397 1066 5473 speciem
1101 5397 1287 5465 habet,
1329 5400 1462 5454 αὐτὸ
1487 5398 1672 5468 δείξει,
1703 5401 1850 5473 quod

273 5462 480 5531 indicat
497 5462 733 5531 verbum
763 5462 918 5531 φασὶ,
949 5468 1128 5523 aiunt.

343 5529 452 5614 (ὂψ
485 5529 785 5614 Sum'mum‘
818 5529 1097 5614 conatum.
1141 5548 1199 5594 ct
1246 5538 1692 5614 desperationem
1746 5559 1852 5614 pu-

272 5601 575 5681 gnantium_
610 5603 751 5681 haec,
806 5614 868 5681 ut
905 5608 1168 5681 _videtur,
1233 5601 1501 5680 parthmia
1559 5601 1845 5681 declarat;

273 5671 489 5748 quando
519 5672 783 5748 nimirum
813 5674 921 5748 dici
956 5671 1194 5748 potest:

358 5809 370 5820 .
395 5811 406 5820 _
437 5741 554 5820 Ungi
593 5743 746 5800 salus
775 5746 920 5820 pictis
955 5741 1162 5820 ἱιιιίιαηι
1189 5768 1407 5820 sperare
1426 5754 1677 5809 salutem.

273 5804 409 5876 Quid
449 5813 597 5871 enim
625 5824 734 5872 tam
765 5815 926 5876 facile
957 5819 1118 5876 militi
1158 5804 1845 5896 ptines?éiéid‘éiéfquam

1967 5120 2114 5193 quod
2173 5119 2242 5174 ab
2285 5129 2536 5193 extrema
2561 5117 2716 5193 hasta
2751 5110 3068 5193 dependet?
3096 5117 3188 5193 Sic
3215 5117 3385 5193 ρωιά
3419 5132 3550 5187 per-

1966 5188 2132 5260 petuo
2181 5205 2245 5247 se
2286 5193 2340 5243 in
2371 5189 2701 5260 discrimine,
2737 5190 2938 5260 mortis
2960 5191 3189 5251 versari,
3229 5188 3394 5244 Saule
3422 5203 3548 5252 per-

1961 5259 2256 5338 sequente,
2285 5260 2598 5338 signiﬁcare
2622 5259 2800 5338 voluit
2822 5259 3166 5338 illisyerbis.
3201 5261 3394 5316 Anima
3421 5274 3538 5338 mea

1959 5332 2015 5384 in
2044 5327 2295 5387 inanibus
2337 5327 2464 5384 meis
2495 5345 2724 5401 semper.
2757 5330 2892 5385 Nam
2927 5330 3175 5385 Hebraeis
3199 5344 3404 5400 ponere
3428 5327 3549 5401 a_ni-

1959 5417 2105 5456 mam
2148 5402 2203 5455 in
2235 5401 2512 5465 manibus,
2543 5395 2626 5454 est
2662 5415 2942 5469 exponere
2963 5416 3023 5455 se
3061 5395 3328 5470 periculo,
3354 5409 3414 5453 ut
3440 5395 3544 5470 Ju-

1958 5473 2142 5526 dicum
2196 5485 2272 5525 xn
2319 5479 2376 5524 et
2420 5470 2441 5524 l
2497 5471 2608 5540 Reg
2666 5466 2857 5526 xxvm.
2919 5466 3148 5526 Portare
3194 5478 3378 5523 autem
3427 5466 3548 5540 ani-

1955 5558 2101 5598 mam
2148 5543 2202 5597 in
2249 5543 2541 5605 manibus,
2584 5539 2682 5596 aut
2724 5541 2928 5597 habere
2976 5541 3030 5595 in
3077 5541 3352 5596 manibus.
3391 5539 3542 5592 acci-

1957 5617 2118 5684 piunt
2165 5628 2267 5684 pro
2293 5628 2381 5676 eo,
2415 5610 2564 5684 quod
2597 5620 2703 5684 est,
2738 5614 2944 5668 versari
2962 5611 3031 5684 _in
3063 5608 3467 5684 amictionibus
3487 5617 3546 5661 et

1957 5678 2028 5757 de
2071 5678 2183 5757 vita
2226 5678 2755 5757 periclitari_._Plnra
2804 5698 2920 5757 non
2961 5680 3222 5757 ignobilis
3251 5678 3548 5748 theologus

1952 5750 2251 5813 Jansenius
2276 5769 2442 5826 super
2475 5753 2774 5811 adductum
2805 5750 3002 5824 psalnii
3039 5750 3248 5809 locum.
