3962 6450
450 423 554 487 Ιίέἶὶ
1625 409 1949 476 JUANNIS
1990 404 2520 468 CANTACUZENI
3577 397 3668 465 164

437 535 678 593 secunda
736 534 958 589 fortuna
1008 524 1398 592 intni’nescere,
1426 536 1479 582 et
1526 527 1758 582 nimium
1799 537 2016 593 sapere,

2141 521 2314 588 ιένης,
2347 522 2373 570 ὁ
2404 517 2658 588 βασιλεὺς
2707 516 2834 579 τοὺς
2875 514 3136 587 πρέσϐεις
3170 513 3277 584 ἰδίᾳ
3333 513 3669 583 παραλαϐὼν,

439 627 819 695 imperitorum
871 631 928 676 et
983 619 1274 674 audacium
1321 633 1335 672 :
1396 616 1721 686 rquabilem
1772 630 1902 666 vero
1957 611 2011 664 in

2141 611 2213 664 ιαὶ
2243 611 2370 680 περὶ
2429 603 2502 661 ὧν
2547 608 2775 676 ἥκουσιν
2824 602 3085 674 ἐκμαθὼν
3129 604 3467 673 ἀντεμήνυσε
3495 602 3560 656 δι’
3587 606 3674 656 αὐ-

439 717 721 788 prosperis
771 726 828 770 et
898 711 1145 766 adversis
1208 723 1427 762 servare
1488 706 1873 765 constantiam,
1907 703 2017 756 for-

2141 702 2226 754 :ch
2257 703 2335 772 τῷ
2374 700 2586 771 βασιλεῖ
2617 700 2708 753 καὶ
2743 697 2957 766 πάππῳ
2987 697 3191 750 τοιάδεο
3217 696 3291 749 Τὸ
3317 695 3674 749 καταπίπτειν

443 786 584 863 tium
618 818 782 875 atque
815 803 1173 865 prudentium
1206 799 1311 854 sibi
1341 798 1535 852 videri.
1574 797 1647 852 Se
1689 810 1865 863 neque
1891 807 2014 847 cum

2141 813 2176 845 ,ν
2205 797 2316 857 τοῖς
2349 794 2562 856 δεινοῖς,
2605 793 2700 844 καὶ
2729 790 2930 859 ἀγεννῆ
2985 805 3111 843 τινα
3160 788 3253 840 καὶ
3287 786 3546 856 πράττειν
3582 786 3673 840 καὶ

439 899 584 971 apud
642 874 818 967 ipsum
869 909 1090 950 causam
1138 893 1369 954 diceret,
1401 891 1595 943 timore
1663 889 1849 955 aliquo
1887 877 2018 939 alle-

2141 876 2472 951 ρθέγγεσοαι,
2506 880 2728 950 φαύλων
2746 878 2909 930 τινῶν
2945 879 3040 929 καὶ
3069 875 3426 946 μικροψύχων
3457 875 3548 926 καὶ
3576 874 3668 926 αύο

439 1003 610 1050 cmm,
654 989 1024 1056 simulataque
1076 985 1312 1041 veritate
1365 983 1569 1036 dixisse
1591 994 1712 1049 qua:
1758 977 1958 1032 dixerit
1997 991 2012 1028 :

438 1099 620 1152 neque
673 1096 838 1145 nunc,
870 1078 1091 1149 quando
1141 1092 1200 1130 se
1234 1085 1414 1128 tutum
1440 1074 1738 1131 existimet,
1770 1070 2018 1141 priorum

440 1175 617 1228 aliena
668 1173 988 1226 dicturum:
1022 1167 1117 1224 sed
1156 1179 1352 1221 rursus
1394 1166 1561 1218 Deum
1609 1172 1804 1216 testetn
1836 1159 2021 1229 appcl-

443 1265 578 1326 lare,
612 1262 820 1315 nullius
854 1259 1136 1313 conscium
1182 1271 1326 1320 esse,
1359 1268 1479 1323 qua:
1529 1250 1633 1305 sibi
1666 1249 1880 1318 objecta
1910 1248 2022 1301 sint

441 1355 734 1406 criminum
799 1368 814 1408 :
872 1365 1057 1418 neque
1117 1359 1226 1403 tam
1288 1347 1525 1400 immane
1575 1345 1747 1398 ullum
1811 1341 2022 1395 facinus

441 1446 750 1506 admisisse.
806 1451 865 1496 ut
914 1445 992 1496 ira
1027 1453 1136 1496 tam
1177 1438 1464 1493 insanabili
1495 1438 1613 1507 ejus
1664 1435 2020 1490 serenitatem

2119 976 2209 1039 τὸς
2237 971 2378 1028 εἶναι
2405 971 2579 1044 κρίνω
2607 987 2623 1004 ·
2664 973 2726 1024 τὸ
2751 971 2796 1023 δ’
2826 971 2885 1023 ἐν
2915 972 3038 1030 ταῖς
3082 969 3362 1036 εὐτυχίαις
3394 965 3678 1032 φυσᾶσθαι,

2121 1069 2215 1120 καὶ
2257 1065 2442 1137 μεῖζον
2494 1065 2528 1133 ἢ
2583 1065 2851 1133 προσήκει
2886 1063 3125 1132 φρονεῖν,
3158 1059 3389 1128 ἀμαθῶν
3425 1059 3516 1110 καὶ
3549 1057 3676 1125 θρα-

2124 1159 2284 1212 σέων.
2328 1157 2580 1226 Ὀμοίους
2608 1156 2664 1209 δὲ
2706 1153 2763 1206 εν
2790 1169 2850 1206 τε
2881 1155 2996 1214 τοῖς
3044 1152 3238 1213 δεινοῖς
3286 1146 3428 1202 εἶναι
3462 1148 3680 1208 καὶτοῖς

2122 1243 2404 1306 ἐναντίοις,
2451 1243 2716 1312 ἀνδρείων
2766 1242 2862 1294 καὶ
2909 1238 3033 1292 νοῦν
3085 1237 3378 1309 ἐχούντων.
3437 1235 3562 1291 Οὕθ⁸
3609 1235 3683 1288 ὅτ’

2123 1333 2454 1404 ἐδικαζόμην
2505 1332 2656 1401 παρά
2704 1333 2787 1384 σοι.
2839 1334 3025 1401 κριτῇ,
3064 1329 3313 1399 βασιλεῦ,
3368 1328 3538 1399 δειλία
3582 1327 3685 1380 τινὶ

2122 1425 2347 1496 ληφθεὶς
2377 1425 2564 1493 ἔλεγον
2594 1424 2737 1494 ᾇπερ
2771 1419 2949 1488 εἷπον,
2982 1423 3414 1492 ὑποκρινόμενος
3437 1421 3538 1489 τὴν
3563 1418 3686 1486 ἀλή-

2125 1519 2298 1581 θειαν,
2328 1515 2453 1570 οὔτε
2487 1517 2603 1579 νῦν,
2641 1515 2719 1569 ὅτ’
2745 1517 2803 1570 ὲν
2842 1515 2920 1584 τῷ
2953 1515 3188 1583 ἀσφαλεῖ
3238 1512 3381 1566 δοκῶ
3429 1509 3685 1563 καθεστάο

2136 1627 2248 1673 ναι,
2283 1610 2448 1678 ἕτερα
2489 1607 2798 1676 φθέγξομαι
2827 1607 2936 1660 τῶν
2957 1605 3260 1676 προτέρων,
3293 1603 3406 1656 ἀλλ’
3437 1601 3528 1655 ἐπὶ
3553 1601 3685 1670 μάρ-

442 1549 774 1605 exasperare
822 1533 1080 1604 potuerit.
1116 1531 1298 1596 Quare
1351 1526 1704 1582 concordiam
1741 1525 2019 1587 resarcirl,

445 1637 842 1696 paternatnque
913 1621 1353 1676 benevolentiam
1440 1617 1697 1680 restitui,
1775 1623 2020 1683 Optatum

459 1718 564 1771 sibi
595 1726 650 1771 et
693 1717 919 1769 charum
948 1713 1220 1767 accidere.
1260 1712 1459 1766 Verum
1512 1709 1638 1778 quia
1691 1709 1745 1762 in
1786 1717 2026 1776 praasens

2141 1719 2252 1771 rupt
2279 1701 2442 1754 πάλιν
2483 1699 2785 1770 φθέγξομαι
2833 1697 2911 1768 τῷ
2959 1698 3100 1767 Θεῷ,
3154 1697 3230 1760 ὡς
3279 1695 3431 1749 οὐδὲν
3476 1690 3685 1762 ἐμαυτῷ

448 1808 588 1862 adeo
646 1808 1018 1860 tumultuante
1072 1805 1268 1865 milite,
1323 1806 1698 1871 opportunum
1750 1798 1880 1861 dici,
1931 1807 2027 1852 aut

2141 1792 2344 1847 τύνοιδα
2374 1791 2484 1845 τῶν
2510 1791 2955 1858 ἐγκαλουμένων,
2981 1790 3105 1844 οὐδὲ
3143 1807 3197 1842 τι
3241 1788 3483 1841 τοιοῦτον
3516 1787 3688 1855 ήμαρ-

449 1899 534 1967 agi
573 1899 710 1952 nihil
756 1906 944 1966 queat,
971 1906 1027 1949 nt
1067 1896 1287 1966 ipsimet
1324 1866 1483 1962 legati
1531 1891 1780 1946 testaturi
1809 1889 1940 1951 sint,
1967 1902 2024 1942 se

2141 1885 2340 1954 ιηκότι,
2363 1873 2496 1937 dicit"
2522 1887 2602 1946 είς
2629 1883 2898 1951 τοσαύτην
2928 1881 3236 1952 ὑπερϐολήν
3267 1882 3438 1949 ὀργῆς
3465 1879 3562 1950 τὴν
3597 1877 3688 1947 σὴν

445 1989 568 2057 ejus
616 1987 899 2038 voluntate
946 1984 1056 2053 jam
1116 1991 1424 2050 perspecta,
1472 1987 1528 2033 et
1581 1978 1765 2032 animo
1816 1992 1917 2030 suo
1971 1977 2024 2030 in

2141 1979 2474 2048 γαληνότητα
2535 1975 2800 2045 ἐρεθίσαι.
2860 1975 2935 2028 Τὸ
2971 1974 3069 2045 μὲν
3123 1971 3220 2026 οὖν
3272 1973 3354 2034 είς
3409 1969 3690 2036 διαλλαγὲς

449 2077 744 2134 consilium
835 2075 1120 2137 adhibito,
1195 2088 1256 2124 ea
1315 2072 1622 2134 facturum,
1674 2084 1795 2139 qua;
1844 2067 2023 2130 ipsum

2141 2073 2400 2140 (ωρῆσαι,
2434 2069 2527 2122 καὶ
2555 2067 2656 2138 την
2690 2065 2966 2137 πατρικὴν
2989 2065 3281 2135 εὐμένειαν
3311 2059 3466 2126 αὖθις
3497 2062 3690 2114 ἀνακα-

448 2184 667 2238 quoque
713 2182 873 2221 avum
937 2180 1148 2219 summa
1192 2161 1898 2235 iucunditatecompleant.
1933 2159 2027 2214 llis

2141 2161 2406 2218 ιέσασθαι.
2438 2159 2606 2229 εὐχῆς
2630 2158 2790 2229 ἔργον
2818 2158 2964 2227 ἐμοί.
2998 2157 3112 2210 Νῦν
3135 2156 3191 2210 δὲ
3223 2155 3490 2208 ἀδυνάτου
3516 2165 3691 2222 φαινοδ

445 2259 629 2321 dictis,
664 2254 869 2326 legatos
914 2269 1010 2323 spe
1065 2254 1205 2308 bona
1235 2261 1450 2307 erectos
1491 2251 1809 2320 Byzantium
1834 2249 2026 2303 remit-

2141 2253 2296 2320 μένου
2327 2251 2422 2306 τοῦ
2454 2254 2628 2305 εἰπεῖν
2663 2268 2716 2303 τι
2773 2252 2989 2318 καίριον
3030 2249 3063 2319 ἢ
3103 2247 3567 2318 καταπράξασθαι
3611 2243 3694 2297 διά

453 2349 542 2402 tit.
569 2347 675 2412 Qui
711 2357 770 2400 ut
811 2347 929 2399 seni
974 2345 1250 2399 exercitus
1291 2343 1532 2397 universi
1583 2342 1944 2404 alacritatem,
1971 2348 2029 2394 et

2141 2342 2228 2413 τὴν
2255 2343 2483 2406 ἀταξίαν
2504 2342 2601 2411 τῆς
2633 2342 2896 2411 στρατιᾶς
2924 2339 3128 2409 πολλήν
3153 2355 3284 2392 τινα
3305 2337 3690 2408 γεγενημένην,

449 2439 692 2492 studium
741 2453 869 2507 erga
925 2437 1228 2506 iuniorem,
1275 2435 1329 2486 in
1377 2433 1526 2500 ipsos
1566 2447 1698 2486 vero
1741 2432 2028 2485 itu-intum

2141 2433 2198 2493 b;
2227 2433 2334 2485 ἀπὸ
2355 2432 2464 2484 τῶν
2494 2431 2780 2502 πρέσϐεων
2814 2430 3062 2500 μαθήσῃ,
3080 2431 3204 2482 κατ’
3230 2429 3475 2498 ἐμαυτὸν
3495 2429 3697 2480 διασκεο

448 2529 731 2592 furorem,
792 2539 849 2581 ct
905 2526 1168 2580 insaniam
1235 2527 1628 2586 narrat-erunt,
1676 2522 2032 2576 vehementer

2141 2523 2389 2592 peiusve;
2411 2523 2534 2576 ἐπεὶ
2562 2523 2656 2576 καὶ
2676 2523 2774 2591 τὴν
2794 2521 2892 2591 σήν
2912 2521 3166 2592 βούλησιν
3201 2521 3510 2590 ἐπυθόμην,
3533 2517 3696 2572 ταῦτα

452 2622 607 2674 illum
649 2620 1075 2681 conturbarunt,
1111 2631 1349 2685 moxque
1389 2630 1656 2685 responso
1683 2615 1900 2684 nepotis
1936 2630 2030 2668 ex-

2141 2615 2558 2684 ιιαταπρὰξομαι
2588 2614 2731 2683 ἀπερ
2751 2612 2816 2666 ἀν
2843 2614 3038 2683 ἥδιστα
3069 2614 3162 2665 καὶ
3191 2612 3352 2682 αὐτῷ
3381 2619 3464 2664 σοι
3493 2610 3695 2680 φανείη.

453 2711 674 2778 plicata,
701 2709 767 2762 ad
803 2711 1028 2764 meliora
1077 2707 1348 2777 speranda
1393 2715 1805 2777 permoverunt.
1850 2707 2022 2760 Porro

2141 2707 2252 2767 l‘oi;
2272 2706 2370 2775 μὶν
2397 2706 2460 2774 δὴ
2491 2705 2754 2770 πρέσϐεσι.
2780 2705 3008 2757 τοιαῦτα
3035 2704 3256 2774 διαλεχο
3269 2692 3358 2768 εὶς
3379 2708 3407 2758 ό
3433 2702 3697 2774 βασιλεὺς,

453 2802 509 2854 in
541 2803 656 2869 ipsa
685 2816 904 2870 quoque
962 2802 1098 2854 urbe
1146 2799 1406 2870 Byzantio
1459 2809 1638 2868 partes
1683 2799 1920 2868 jnnioris
1968 2807 2026 2852 et

2141 2797 2224 2848 καὶ
2257 2797 2520 2865 χρησταῖς
2551 2794 2735 2846 ἐλπίσι
2771 2793 3135 2863 μετεωρίσας,
3178 2795 3238 2856 ἐς
3267 2792 3567 2858 Βυζάντιον
3593 2791 3702 2842 tui»

451 2892 796 2960 augebantur
842 2893 1095 2956 mirifice,
1139 2903 1195 2946 et
1239 2890 1744 2944 corroborabantur
1775 2889 1970 2943 eximie
2007 2907 2022 2944 :

2141 2894 2285 2943 λευιν
2319 2889 2704 2959 ἀναστρέφειν.
2745 2886 2810 2940 Οἳ
2833 2887 2898 2955 δη
2933 2888 3029 2940 καὶ
3063 2886 3405 2955 ἀφικόμενοι
3444 2885 3577 2954 πρὸς
3610 2881 3686 2950 βα·

452 2983 688 3037 senioris
746 2996 935 3037 contra
987 2984 1191 3037 sensim
1238 2981 1724 3042 minuebantur,et
1773 2980 2028 3035 debilita-

2141 2982 2308 3046 σιλέα,
2365 2982 2460 3033 καὶ
2511 2980 2612 3049 τήν
2661 2996 2721 3032 τε
2775 2979 2874 3047 τῆς
2929 2979 3192 3046 στρατιᾶς
3240 2978 3400 3049 ὑπὲρ
3448 2976 3539 3030 τοῦ
3591 2974 3704 3025 νέον

454 3073 673 3128 bantur.
705 3075 948 3146 Byzantii
983 3085 1162 3129 status
1192 3089 1375 3128 rerum
1405 3083 1521 3128 erat
1551 3073 1953 3143 hujuscemodi.

2141 3071 2408 3142 βασιλέως
2459 3070 2698 3141 σπουδήν
2736 3085 2797 3122 τε
2827 3073 2922 3121 καὶ⁵
2952 3069 3278 3139 προθυμίαν
3328 3068 3422 3122 καὶ
3453 3068 3549 3136 τὴν
3594 3078 3691 3118 κατ

453 3165 634 3218 αὐτῶν
692 3167 870 3236 ὁρμὴν
928 3167 1023 3219 καὶ
1086 3166 1280 3236 μανίαν
1335 3165 1773 3234 ἀπηγγελκότες,
1807 3165 1907 3217 οὐκ
1938 3164 2127 3234 ὀλίγην
2163 3164 2488 3232 ἐνεποίησαν
2519 3162 2789 3232 ταραχήν.
2833 3157 2948 3214 Εἶτ’
2994 3156 3150 3223 αὖθις
3181 3160 3285 3212 καὶ
3314 3163 3430 3224 τοῖς
3471 3161 3561 3211 τοῦ
3591 3155 3701 3208 νέου

459 3257 724 3324 βασιλέως
749 3258 1089 3326 χρησάμενοι
1122 3257 1323 3325 λόγοις,
1393 3257 1819 3326 παρεσκεύασαν
1871 3255 2519 3326 χρηστότεραρέλπῐζειν.
2560 3253 2752 3307 Ἔνδον
2785 3254 2968 3324 μέντοι
3007 3253 3104 3307 καὶ
3162 3254 3335 3308 αὐτοῦ
3397 3251 3698 3316 Βυζαντίου,

453 3351 525 3417 τά
567 3354 667 3421 μὲν
703 3352 797 3405 τοῦ
830 3353 952 3404 νέου
987 3352 1252 3421 βασιλέως
1284 3350 1482 3420 ηὔξανε
1514 3352 1716 3422 σφόδρα
1749 3357 1843 3406 καὶ
1875 3354 2028 3422 ἰσχὺν
2069 3353 2519 3424 προσελάμϐανεν
2546 3349 2608 3404 οὕ
2642 3365 2724 3404 τοι
2767 3349 2994 3422 μετρίαν
3027 3365 3042 3382 ⁸
3083 3349 3152 3403 τὰ
3187 3350 3248 3404 δέ
3284 3351 3381 3404 τοῦ
3407 3348 3700 3420 πρεσϐυτέ-

456 3463 554 3515 ρου
587 3447 816 3518 ὑπέρρει
849 3463 906 3498 τε
937 3447 1078 3500 κατά
1115 3446 1336 3518 μικρὸν,
1373 3447 1468 3500 καὶ⁴
1499 3448 1870 3518 ἀσθενέστερα
1911 3447 2286 3504 ἀπεδείκνυτο.
2335 3447 2500 3501 Ἀλλά
2528 3447 2598 3502 τὰ
2631 3449 2730 3518 μὲν
2761 3449 2902 3502 κατά
2937 3448 3234 3512 Βυζάντιον
3268 3449 3518 3503 τοιαῦτα.

1887 3560 2114 3617 CAPUT
2152 3560 2274 3616 XX.

453 3651 626 3720 Nepos
658 3653 709 3705 in
739 3652 960 3727 consilio
991 3653 1054 3706 de
1080 3655 1320 3727 hesterno
1354 3655 1584 3727 tumultu
1615 3655 1954 3724 conqueritur
1980 3671 1998 3707 :
2034 3656 2336 3727 petitionem
2369 3659 2453 3709 avi
2487 3658 2752 3727 proponit.
2778 3669 2939 3726 quam
2971 3663 3149 3727 omnes
3179 3671 3289 3709 uno
3321 3673 3412 3709 ore
3437 3655 3700 3727 respuunt.

525 3727 594 3776 Et
634 3725 883 3792 quoniam
924 3741 1049 3776 avus
1075 3726 1340 3794 {acturum
1372 3725 1624 3792 spondeat
1661 3742 1778 3794 qua:
1824 3741 1984 3792 nepos
2031 3724 2170 3787 velit,
2206 3725 2339 3778 velle
2379 3724 2594 3789 debere,
2621 3727 2719 3780 sibi
2750 3724 2968 3794 imperio
3006 3725 3137 3786 cedi,
3171 3734 3265 3777 aut
3297 3729 3463 3779 armis
3495 3724 3693 3794 Byzan-

526 3795 655 3845 tium
683 3795 1054 3865 invadendum.
1085 3794 1280 3847 Concio
1314 3795 1620 3858 dimittitur,
1652 3805 1700 3848 et
1731 3813 1847 3846 eum
1883 3795 2047 3847 tribus
2079 3796 2262 3848 amicis
2295 3796 2526 3865 amplius
2549 3797 2890 3848 deliberatur.
2927 3795 3114 3848 Placet
3139 3797 3255 3848 seni
3287 3800 3418 3849 dare
3444 3796 3690 3864 spatium,

527 3879 629 3932 quo
657 3864 816 3982 sedad
851 3865 1197 3982 resisterdum
1231 3875 1525 3934 comparet,
1584 3881 1644 3917 ne
1678 3867 1960 3934 improviso
1991 3865 2344 3934 opprimatur.
2377 3864 2569 3920 Junior
2598 3868 2846 3919 exercitui
2888 3865 3260 3936 profectionem
3303 3867 3358 3919 in
3385 3866 3696 3920 occidentem

527 3948 717 3982 nersua
761 3947 847 3982 ere
875 3948 1030 3982 neaur
1058 3970 1072 3982 .

526 3941 847 4000 persuadere
875 3941 1072 4001 nequit.

529 4047 754 4101 Postera
802 4047 928 4101 luce
978 4044 1168 4116 iunior
1213 4045 1512 4114 imperator
1549 4047 1881 4126 primoribus
1913 4048 2032 4101 uni-

2220 4049 2282 4103 '0
2334 4050 2454 4112 νέος
2501 4049 2558 4103 εέ
2586 4049 2844 4121 βασιλεὺς
2900 4052 2981 4115 είς
3017 4051 3117 4121 τὴν
3169 4052 3473 4125 ὑστεραίαν
3502 4052 3626 4116 τοὺς
3651 4051 3705 4102 ἐν

460 4137 656 4202 versis,
711 4147 767 4192 et
813 4137 1069 4192 ordinum
1129 4136 1363 4191 ducibus
1419 4140 1760 4202 convocatis,
1823 4140 1915 4192 ubi
1966 4141 2032 4193 de

2141 4140 2285 4195 τέλει.
2328 4142 2539 4206 πάντας
2587 4143 2682 4196 καὶ
2729 4143 2858 4206 τοὺς
2910 4141 3022 4196 τῶν
3071 4144 3384 4213 ταγμάτων
3434 4143 3711 4214 ἡγεμόνας

455 4231 732 4292 exercitu,
779 4236 834 4282 ct
891 4227 1166 4282 hesternis
1224 4227 1438 4291 turbis,
1501 4238 1562 4282 ut
1608 4228 1676 4282 de
1730 4246 1788 4282 re
1840 4244 2034 4298 parum

459 4319 722 4376 laudabili
784 4328 840 4372 et
879 4320 1077 4373 decora
1120 4320 1399 4388 querelam
1436 4320 1626 4375 habuit
1654 4322 1854 4391 (neque
1885 4322 2032 4375 enim

457 4429 496 4468 e
530 4416 674 4469 malo
708 4413 836 4466 boni
870 4412 1156 4482 quidpiam
1185 4413 1454 4467 exsistere
1505 4429 1666 4481 posse
1699 4411 1860 4483 [μυ.
1889 4423 1944 4466 et
1979 4429 2039 4469 se

461 4519 616 4558 nunc
655 4503 878 4573 quidem
919 4503 1208 4558 turbarum
1270 4503 1380 4572 63
1432 4502 1649 4556 illarum
1722 4504 2042 4557 auctoribus

463 4597 774 4666 ignoscere,
825 4605 1084 4665 tanquam
1138 4594 1364 4654 nesciis,
1389 4593 1494 4647 sibi
1548 4594 1676 4647 talia
1706 4593 2036 4663 displicere:

463 4688 511 4741 si
576 4687 706 4756 quid
759 4688 815 4740 in
870 4696 1148 4756 posterum
1208 4685 1390 4738 simile
1451 4687 1884 4751 attentaverint,
1940 4701 2040 4756 pro

462 4775 732 4843 dignitate
779 4775 836 4829 in
896 4787 992 4828 eos
1037 4773 1548 4826 animadversurum
1607 4772 1890 4840 professus
1933 4784 2038 4839 est,

464 4889 576 4944 quo
608 4874 674 4928 de
699 4873 1120 4929 consultandum
1151 4880 1318 4935 esset,
1352 4871 1625 4939 exposuit.
1653 4873 1801 4928 Arus
1835 4887 2040 4943 noster,

469 4965 672 5034 inquit,
715 4979 906 5035 pacem
959 4979 1018 5018 se
1052 4961 1434 5032 amplexurum
1483 4962 1802 5028 declaravit,
1837 4967 2045 5034 pollici-

473 5066 561 5110 tus
603 5071 681 5118 se,
735 5055 880 5124 quod
931 5053 1314 5119 voluerimus,
1359 5053 1593 5108 libenter
1648 5057 2040 5125 priestilurum.

471 5143 661 5200 Restat
706 5152 765 5198 ut
809 5144 1043 5213 quisque
1091 5151 1334 5197 vestrum
1399 5141 1564 5208 dicat,
1596 5146 1742 5215 quod
1800 5147 2042 5201 futurum

2143 4234 2648 4304 συγκαλεσάμενος,
2684 4233 2765 4287 ἔτι
2795 4235 2852 4288 δὲ
2889 4235 2986 4288 καὶ
3014 4233 3114 4302 τὴν
3164 4237 3439 4304 στρατιὰν
3489 4236 3585 4288 καὶ
3618 4234 3712 4301 τὴν

2142 4326 2269 4396 χθὲς
2297 4325 2526 4390 ἀταξίαν
2569 4326 3105 4396 καταμεμψάμενος,
3139 4325 3216 4386 ὡς
3265 4328 3329 4379 ού
3369 4327 3554 4389 καλῶς
3595 4325 3711 4378 οὐδὲ

2142 4419 2538 4487 προσηκόντως
2589 4419 2973 4489 γεγενημένην
3031 4419 3190 4489 (μηδὲ
3239 4419 3353 4490 γὰρ
3387 4423 3452 4474 ἐκ
3511 4419 3713 4489 φαύλου

2142 4508 2348 4576 ἀγαθόν
2377 4526 2432 4562 τι
2468 4509 2732 4563 δύνασθαι
2760 4509 3037 4580 ἐκϐῆναι),
3066 4505 3186 4563 εἶτα
3217 4511 3489 4576 ἐπειπὼν,
3519 4511 3594 4575 ὡς
3625 4507 3715 4562 νῦν

2145 4598 2244 4668 μὲν
2287 4597 2354 4650 ἂν
2408 4600 2672 4669 συγγνοίη
2703 4602 2817 4662 τοῖς
2853 4599 3054 4661 αίτίοις
3077 4600 3175 4668 τῆς
3207 4601 3476 4672 παραχῆς
3521 4601 3596 4664 ὡς
3621 4599 3718 4652 οὐκ

2141 4691 2340 4743 εἰδόσιν
2374 4693 2540 4745 αὐτὸν
2565 4694 2750 4763 ἀηδῶς
2785 4693 2980 4763 ἔχοντα
3011 4694 3152 4763 πρὸς
3177 4692 3245 4745 τά
3274 4694 3508 4748 τοιαῦτα
3536 4710 3551 4726 ο
3583 4693 3650 4747 ἀν
3672 4688 3714 4744 δ’

2141 4779 2300 4846 αὖθις
2343 4787 2705 4856 παραπλήσια
2757 4786 3020 4856 τολμῶσι,
3072 4787 3231 4858 δίκην
3277 4788 3540 4858 ἐπιθήσει
3590 4785 3720 4857 πρέ-

2148 4893 2357 4931 πουσαν
2388 4880 2501 4941 τοῖς
2537 4879 2905 4933 ἀτακτούσιν·
2939 4882 3022 4942 είς
3055 4879 3254 4948 μέσους
3304 4884 3594 4951 παρέθηκε
3622 4882 3720 4944 τὴν

2152 4967 2371 5037 βουλήν,
2401 4972 2602 5038 φήσας,
2633 4960 2708 5034 ὥς
2740 4972 2790 5024 οἱ
2840 4973 2939 5040 μὲν
2984 4973 3138 5042 παρὰ
3167 4971 3444 5042 βασιλέως
3492 4971 3589 5025 τοῦ
3618 4967 3715 5039 μού

2150 5059 2376 5114 πάππου
2407 5061 2557 5130 λόγοι
2609 5065 2705 5118 καὶ
2751 5065 2785 5133 ἡ
2836 5063 3084 5130 ἀξίωσις,
3124 5064 3201 5128 ὡς
3251 5065 3421 5128 αὑτός
3449 5081 3508 5117 τε
3541 5061 3719 5116 ἀσπά-

2151 5150 2299 5210 ζοιτό
2355 5153 2464 5206 εἰσι
2499 5152 2634 5224 (45),
2687 5155 2787 5225 τὴν
2819 5157 3064 5227 εἰρήνην,
3113 5157 3205 5208 καὶ
3239 5155 3393 5224 ἡμᾶς
3433 5155 3677 5226 βούλοιτο
3701 5165 3717 5183 ⁸

1645 5287 1648 5291 λ
1735 5265 1954 5328 Jacobi
1980 5269 2249 5332 Pontani
2277 5281 2466 5342 noue.

541 5387 653 5454 (Η)
693 5381 976 5438 Sententia
1007 5391 1092 5436 est
1127 5381 1244 5437 hinc
1277 5382 1527 5439 fortasse.
1553 5383 1689 5440 Cum
1713 5385 1786 5439 ita
1827 5389 2034 5442 tumul-
2063 5393 2113 5452 ι)
2137 5407 2297 5447 causa
2321 5394 2459 5446 mala
2483 5394 2858 5450 commerdari
2895 5410 3003 5449 non
3038 5396 3199 5451 solet.

474 5456 616 5509 tuari
658 5456 1000 5520 miscereque
1027 5454 1211 5506 omnia
1239 5455 1441 5508 malum
1469 5455 1562 5518 sit,
1588 5471 1694 5509 non
1722 5472 1882 5523 posse
1908 5459 2036 5512 inde

471 5524 751 5594 quippiam
793 5524 920 5576 boni
950 5524 1290 5594 exspectari:
1327 5539 1447 5589 seu,
1481 5525 1636 5579 nihil-
1661 5526 2035 5594 profuturum,

471 5591 774 5646 cunnnala
803 5606 912 5663 non
945 5591 1080 5663 dent
1105 5592 1268 5656 bona,
1299 5595 1404 5648 nisi
1435 5609 1531 5663 per
1557 5591 1833 5661 accidens,
1867 5605 1926 5651 ut
1955 5597 2038 5650 lo-

473 5672 720 5730 quuntur
775 5661 1108 5731 philosophi.
1169 5663 1345 5731 Atque
1409 5661 1476 5718 ita
1528 5666 1725 5718 merito
1783 5681 1842 5719 se
1916 5666 2039 5722 illos

475 5731 901 5799 reprehendere.
940 5730 1081 5801 Mala
1131 5730 1352 5801 quidem
1409 5744 1558 5788 certe
1628 5734 1876 5788 facienda
1927 5751 2039 5790 non

473 5813 622 5869 sunt,
661 5810 720 5856 ut
755 5801 882 5858 inde
937 5800 1083 5857 bona
1141 5800 1420 5857 eveniant.
1472 5803 1710 5858 Etfectus
1763 5806 1911 5858 enim
1969 5820 2037 5860 ex

2217 5463 2328 5530 (45)
2373 5463 2494 5517 Haec
2525 5479 2626 5517 vox
2656 5479 2760 5518 suo
2805 5466 2945 5528 loco,
3012 5477 3071 5519 ιιι
3135 5466 3358 5520 videtur
3413 5476 3561 5520 mota
3615 5472 3720 5527 cst,

2145 5531 2595 5604 subjiciendaqne
2619 5543 2702 5604 est
2735 5544 2856 5602 post
2883 5538 2915 5604 ή
2948 5534 3189 5600 ἀξίωσις,
3212 5545 3267 5589 et
3303 5539 3378 5589 ita
3405 5547 3557 5589 totus
3576 5536 3724 5589 locus

2145 5603 2442 5674 legendus:
2469 5603 2767 5666 ἀσπάζοιτο
2803 5605 2902 5671 τὴν
2925 5605 3171 5674 εἰρήνην.
3204 5605 3314 5657 Καὶ
3348 5609 3544 5658 τούτου
3569 5623 3622 5673 χ.
3667 5607 3717 5672 ή.

2149 5689 2188 5740 μ
2212 5671 2341 5746 ἀ-β.
2369 5675 2504 5736 αἰτ.,
2530 5682 2662 5746 e_tc.,
2696 5671 2990 5746 repudiato
3011 5671 3124 5746 illo,
3162 5675 3254 5746 uel.
3279 5677 3434 5746 ἡμᾶς
3455 5671 3721 5746 βούλοιτο,

2145 5741 2290 5810 quod
2327 5756 2425 5811 per
2457 5741 2802 5796 oscitantiain
2835 5743 3014 5798 forsan
3049 5745 3298 5816 irrepsit.
