3962 6468
253 443 342 506 165
1431 444 1484 504 Η
1494 442 1817 506 ISTORIA]

1951 446 1974 506 ι
2020 443 2256 505 LIBER
2300 443 2354 507 I.
2493 519 2504 527 ,
3409 445 3515 513 1-66

249 559 332 613 καὶ
358 557 558 612 τούτου
595 558 756 629 χάριν
819 559 965 629 ἡμᾶς
1016 559 1118 629 μὲν
1159 558 1196 614 ἃ
1249 559 1582 631 βουλοίμεθα
1609 562 1805 629 αίτεῖν,

2029 561 2255 633 publica
2277 559 2532 616 senserit.
2564 555 2662 616 llic
2697 576 2890 619 omnes
2920 561 3060 617 velut
3092 577 3157 616 ex
3182 566 3512 635 composito,
3577 603 3593 621 ρ

249 652 444 704 ἐκεῖνον
472 648 532 703 δὲ
569 651 736 722 ⁴ἡδέως
758 649 902 720 ἔχειν
924 653 1003 715 εἰς
1043 651 1219 724 πέρας
1247 653 1425 722 ἄγειν.
1459 652 1665 706 Λοιπὸν
1693 653 1806 707 τοί-

1946 665 1976 710 :t
2035 670 2147 709 uno
2192 669 2287 708 ore
2342 652 2605 718 clamare,
2667 669 2850 724 neque
2901 655 3154 725 accipere
3205 672 3263 710 se
3293 668 3510 726 pacem,

249 759 328 795 νυν
355 741 504 811 ὑμᾶς
531 739 760 794 ἕκαστον
779 739 814 795 ἃ
843 741 909 796 ἂν
935 741 1116 812 οἴηται
1136 743 1408 795 συνοίσειν
1434 743 1638 811 λέγειν.
1664 743 1811 815 Πρὸς

1947 762 2102 818 reque
2137 761 2306 816 super
2339 746 2447 802 hoc
2494 748 2721 816 negotio
2756 748 2970 802 consuli
2999 749 3165 803 velle.
3189 746 3329 803 Ecce
3359 751 3511 804 enim

249 834 390 888 ταῦθ’
419 834 664 896 ἅπαντες
697 833 892 904 ῶσπερ
914 833 1020 888 ἀπὸ
1056 833 1337 906 συνθήκης
1380 836 1482 906 μία
1521 838 1809 908 γενόμενοι

1953 856 1999 898 u.
2023 839 2345 907 imperator,
2372 826 2434 892 in‘
2472 846 2806 902 extremum,
2835 848 2895 892 ut
2921 836 3063 892 fama
3089 848 3196 902 est,
3221 839 3517 896 devolutus

252 928 486 997 γλῶσσα,
528 928 603 998 μὴ
639 927 894 996 δέχεσθαι
947 928 1159 997 ἔφασαν
1210 931 1309 999 τὴν
1364 932 1619 1002 εἰρήνην,
1672 932 1810 1003 μηδὲ

1959 932 2240 997 iscrimen,
2289 941 2345 984 et
2403 931 2490 984 vix
2521 929 2707 994 morti,
2735 931 2846 985 Deo
2889 931 3220 1000 opitulante,
3265 931 3514 1001 elapsus,

251 1020 529 1088 βούλεσθαι
561 1021 697 1082 ὅλως
722 1019 1074 1090 βουλεύεσθαι
1117 1021 1246 1089 περὶ
1276 1021 1500 1076 τούτου.
1519 1024 1650 1079 Ἰδοὺ
1676 1030 1807 1096 γὰρ,

1949 1039 1976 1076 n
2005 1021 2202 1077 eadem
2255 1032 2312 1078 et
2346 1020 2624 1077 deteriora
2652 1022 2801 1076 mala
2831 1033 2882 1077 te
2909 1024 3250 1092 praecipitare
3276 1034 3513 1078 eonten‘a

248 1113 311 1175 ὡς
342 1114 640 1183 ἀκούομεν,
674 1115 919 1185 βασιλεῦ,
953 1118 1034 1180 είς
1082 1117 1314 1188 ἔσχατον
1341 1118 1647 1190 ἀφιγμένος
1695 1137 1812 1172 κιν-

1947 1115 2024 1169 lis.
2055 1114 2238 1182 Quare
2287 1130 2565 1186 rogamus,
2611 1114 2691 1169 uti
2721 1115 3109 1186 cogitationem
3161 1116 3317 1168 istam
3353 1129 3385 1168 a
3417 1124 3511 1170 tua

250 1204 416 1269 δύνου,
450 1207 548 1258 καὶ
606 1208 769 1275 μόγις
799 1207 936 1262 Θεοῦ
984 1211 1380 1281 συναιρομένου
1408 1211 1469 1264 τὸ
1509 1211 1809 1264 ἀποθανεῖν

1948 1217 2106 1261 nente
2149 1206 2427 1276 repudies.
2485 1203 2884 1260 Verumtamen
2932 1206 3194 1275 quoniam
3240 1221 3404 1271 avus,
3452 1214 3512 1258 ut

250 1295 541 1365 διαφυγὼν,
581 1300 692 1362 τοῖς
716 1299 955 1370 αὐτοῖςῆ
988 1302 1084 1354 καὶ
1117 1303 1326 1372 χείροσι
1360 1305 1552 1366 κακοῖς
1581 1320 1812 1374 περιπε-

1955 1307 2200 1362 utumas,
2235 1308 2514 1368 vpra‘stare
2553 1297 2797 1368 “paratus
2847 1306 2934 1352 est
2977 1299 3121 1368 quod
3180 1298 3279 1352 tibi
3317 1308 3512 1368 petere

253 1392 355 1442 σεῖν
381 1389 732 1460 φιλονεικεῖς.
772 1393 1018 1464 Δεόμεθα
1047 1394 1110 1463 δή
1156 1411 1250 1448 σου
1280 1395 1378 1448 τοῦ
1411 1398 1636 1449 τοιαῦτα
1660 1395 1809 1463 λογί-

1951 1389 2217 1453 ιΙιιουει-ἰι,
2255 1404 2568 1456 censemus,
2605 1391 2682 1444 uti
2740 1405 2799 1444 se
2832 1389 3071 1450 abdicet,
3105 1398 3162 1444 et
3211 1389 3302 1443 ubi
3362 1389 3515 1443 loco-

253 1479 430 1542 ζεσθαι
458 1479 910 1551 ἀποτρέπεσθαι·
948 1484 1099 1554 ὅμως
1128 1486 1381 1556 ἐπείπερ,
1411 1485 1486 1550 ὡς
1523 1489 1587 1540 σὺ
1622 1487 1753 1558 φὴς,
1780 1488 1810 1540 ὁ

1949 1496 2039 1535 um
2067 1479 2332 1546 voluerit,
2381 1481 2485 1536 sibi
2539 1482 2684 1536 vivat
2713 1499 2728 1535 :
2761 1490 2820 1536 tu
2877 1481 3183 1536 Romanum
3216 1481 3513 1552 imperium

254 1574 332 1637 σδς
361 1574 590 1638 πάππος
621 1575 807 1646 ετρηκε
840 1578 937 1629 καὶ
970 1576 1230 1645 βασιλεὺς
1272 1576 1348 1639 ὡς
1377 1577 1516 1647 ὅπερ
1555 1575 1621 1631 ἂν
1647 1576 1810 1642 αὐτὸς

1954 1589 2190 1644 apessas.
2241 1572 2296 1629 Si
2367 1573 2788 1640 detrectaverit,
2839 1573 3167 1645 Byzantium
3241 1574 3518 1629 adversus

251 1665 439 1736 ἐθέλῃς
481 1668 656 1720 aher
712 1669 920 1722 ἐκεῖνον
972 1667 1285 1739 ἐκπληροῦν
1335 1670 1806 1739 παρεσκευάσθαι,

1954 1666 2073 1720 .lum
2109 1665 2327 1721 infestis
2371 1667 2542 1737 signis
2576 1666 3011 1737 procedendum.
3059 1666 3127 1720 Et
3178 1665 3518 1721 arbitramur

250 1757 339 1826 τῆς
362 1757 644 1828 βασιλείας
665 1758 899 1830 λέγομεν
933 1759 1268 1822 ἀποστάντα,
1305 1759 1430 1814 καθ’
1462 1762 1656 1816 ἑαυτὸν
1683 1763 1809 1818 ὅποι

1948 1760 2257 1830 lyzantinos
2305 1775 2481 1830 usque
2525 1761 2591 1815 ad
2653 1775 2846 1814 muros
2899 1760 3194 1814 adventum
3259 1767 3512 1813 nostrum

253 1851 488 1921 βούλοιτο
538 1851 784 1920 διάγεινο
831 1851 891 1905 σὲ
934 1852 981 1904 δ’
1017 1854 1114 1923 ὲᾷν
1166 1851 1266 1922 τὴν
1306 1852 1596 1923 Ῥωμαίων
1629 1854 1808 1927 ἀρχὴν

1947 1853 2064 1907 laud
2102 1865 2560 1923 exspeCtaturos:
2605 1853 2698 1909 sed
2745 1853 2940 1924 procul
2963 1854 3142 1909 adhuc
3174 1852 3511 1908 distantibus

253 1945 489 1998 ἰθύνεινο
531 1945 598 1998 ἂν
639 1944 696 1998 δὲ
739 1945 813 2015 μὴ
845 1943 1111 2015 βούλοιτο,
1158 1944 1296 2018 πρὸς
1336 1945 1638 2010 Βυζάντιον
1673 1949 1814 2002 ίτέον

1950 1959 2276 2009 προυτειιτοε,
2326 1947 2632 2015 urbemque
2681 1945 2984 2002 dedituros.
3013 1947 3070 2001 Si
3098 1945 3284 2015 itaque
3319 1955 3514 2000 nostro

249 2037 331 2091 ἐπ’
358 2038 548 2092 αὐτόν.
583 2037 820 2106 Οίόμεθα
842 2037 950 2107 γὰρ
982 2037 1107 2090 οὐδὲ
1153 2037 1322 2108 μέχρι
1347 2038 1548 2108 τειχῶν
1576 2055 1813 2110 περιμε-

1946 2038 2152 2092 ιοιιείιίο
2195 2037 2454 2102 flecteris,
2489 2054 2558 2093 ne
2605 2038 2950 2101 dill‘eramus,
2994 2039 3089 2094 sed
3121 2039 3188 2093 ad
3238 2054 3378 2104 opus
3424 2038 3510 2093 vel

250 2132 358 2182 νεῖν
397 2129 547 2198 ἡμᾶς
601 2128 727 2191 τοὺς
764 2127 1128 2194 Βυζαντίους·
1175 2128 1293 2182 ἀλλ’
1341 2129 1422 2182 ἔτι
1470 2131 1814 2202 πορρωτέρω

1945 2145 2025 2182 am
2060 2131 2468 2203 aggrediamur.
2498 2132 2594 2188 Sin
2635 2132 2740 2186 alia
2770 2133 2868 2187 tibi
2901 2148 3079 2200 mens,
3107 2144 3295 2201 aperte
3329 2149 3509 2186 enun-

250 2220 436 2284 ὄντων,
475 2221 556 2283 είς
584 2217 894 2289 ὑπάντησίν
923 2236 982 2272 τε
1015 2217 1114 2289 σὴν
1149 2217 1411 2286 ἐξελθεῖν,
1431 2218 1550 2279 ,καὶ
1581 2217 1683 2289 τὴν
1721 2217 1814 2272 πό-

1946 2220 2016 2284 ia,
2065 2231 2124 2274 ut
2168 2222 2402 2292 quisque
2455 2235 2706 2277 nostrum
2761 2224 3038 2294 quomodo
3086 2223 3292 2293 poterit
3345 2221 3509 2278 saluti

248 2313 328 2367 λιν
358 2314 428 2367 ἂν
456 2310 818 2380 παραδοῦναι.
854 2311 916 2364 El
953 2310 1051 2380 μὲν
1073 2310 1167 2364 οὖν
1206 2307 1404 2383 οἷσπερ
1441 2309 1812 2381 βουλευόμεθα

1951 2327 2032 2365 ua:
2087 2313 2393 2382 provideat.
2426 2313 2523 2370 His
2570 2315 2646 2369 ita
2697 2315 2765 2369 ab
2799 2314 3060 2369 omnibus
3107 2325 3368 2383 tanquam
3401 2331 3510 2369 una

250 2405 412 2477 πείθῃ
433 2406 532 2458 καὶ
569 2404 751 2465 αὐτὸς,
786 2395 831 2456 ὦ
856 2401 1098 2473 βασιλεῦ,
1133 2403 1332 2474 μηκέτι
1364 2402 1671 2472 μέλλωμεν,
1699 2400 1814 2455 ἀλλ’

1949 2402 2108 2474 ingua
2149 2405 2332 2470 dictis,
2374 2407 2718 2475 perspiciens
2769 2406 3090 2476 imperator,
3121 2392 3283 2459 valde
3316 2405 3513 2458 intem-

250 2499 408 2568 έργου
441 2495 696 2568 ἐχώμεθα
721 2495 846 2567 ἤδη.
877 2496 940 2548 Εί
973 2496 1018 2549 δ’
1043 2495 1219 2558 ἄλλως
1246 2496 1408 2555 αὐτὸς
1434 2495 1814 2565 βεϐούλευσαι,

1947 2495 2192 2548 ιρειὶνυηι
2231 2509 2374 2561 esse,
2413 2496 2678 2550 aliorsum
2711 2511 2806 2550 eos
2852 2495 3038 2552 conari
3085 2493 3362 2550 deducere
3394 2494 3511 2566 (co-

253 2591 361 2644 ἀλλ’
389 2592 525 2660 ἡμῖν
555 2605 616 2657 γε
657 2587 906 2658 φανερῶς
943 2589 1152 2659 φράσον
1181 2589 1331 2650 ὅπως
1359 2587 1591 2650 ἕκαστος
1636 2585 1712 2650 ὡς
1749 2586 1817 2642 ἂν

1945 2585 2100 2640 liberi
2137 2587 2284 2640 enim
2337 2587 2578 2641 militum
2618 2587 2774 2641 furor
2825 2602 2934 2641 non
2968 2594 3204 2657 poterat,
3230 2585 3509 2656 principuo

250 2675 358 2744 οἷός
387 2698 449 2732 τε
550 2678 788 2758 διαρώζῃ
841 2679 1052 2730 ἑαυτόν.
1079 2677 1299 2730 Τούτων
1334 2676 1510 2737 οὕτως
1540 2677 1648 2731 ἀπὸ
1669 2677 1814 2731 πάν-

1949 2678 2389 2733 onductitiornm
2419 2678 2744 2734 Latinorum
2781 2693 2812 2732 e
2847 2677 3160 2743 Germania,
3197 2678 3249 2731 in
3310 2677 3513 2747 quibus

251 2779 352 2827 των
389 2772 583 2840 ῶσπερ
617 2771 724 2824 ἀπὸ
775 2771 901 2840 μιᾶς
940 2769 1251 2840 εἰρημένων
1306 2769 1576 2838 γλώττης,
1614 2770 1815 2840 πολλὴν

1947 2766 2322 2836 ειοιιιιιιιίἀοῐη
2351 2767 2500 2821 domi
2535 2766 2750 2822 nobiles
2785 2783 2802 2821 :
2837 2775 2893 2821 et
2923 2767 3063 2836 ipse,
3109 2763 3302 2834 paucis
3351 2779 3511 2819 exce-

254 2866 387 2936 ὁρῶν
419 2865 683 2935 ἀκαιρίαν
717 2866 744 2917 ὁ
776 2861 1031 2934 βασιλεὺς
1067 2865 1151 2924 είς
1189 2862 1250 2914 τὺ
1303 2863 1658 2934 μεταπείθειν
1697 2863 1818 2916 ὲπιο

1948 2857 2052 2921 itis,
2102 2859 2350 2912 omnium
2405 2858 2587 2913 adhuc
2609 2868 2729 2914 erat
2784 2858 3046 2923 insolens,
3093 2872 3199 2912 nec
3255 2857 3512 2936 dabatur,

263 2961 457 3027 χειρεῖν
506 2957 566 3027 (ἦ
599 2972 659 3008 τε
699 2955 808 3026 γὰρ
851 2953 1085 3023 στρατιὰ
1116 2954 1411 3009 ἀκάθεκτοι
1446 2957 1568 3018 ταῖς
1615 2958 1816 3027 ὁρμαῖς

1949 2951 2386 3018 [σρωοόηιοᾱυω
2445 2963 2662 3022 tempus
2712 2951 3050 3021 postulabat,
3082 2948 3513 3021 Graecaelinguaa

269 3046 404 3119 ἦσαν,
445 3052 544 3103 καὶ
579 3049 817 3118 μάλιστα
843 3049 974 3101 οίὲκ
1004 3047 1302 3118 Γερμανῶν
1345 3047 1669 3120 μισθοφόροι
1704 3051 1816 3102 Λα-

1946 3059 2140 3114 gnaros
2174 3045 2402 3116 alloqui)
2434 3045 2628 3114 amplis
2658 3043 2726 3100 de
2757 3044 3024 3099 benevola
3062 3059 3192 3114 erga
3233 3059 3292 3098 se
3318 3058 3510 3098 eorum

262 3145 402 3208 τίν-οι,
437 3144 496 3196 ἐν
531 3137 615 3204 οἷς
655 3137 798 3212 ἦσαν
852 3140 944 3193 καί
977 3157 1121 3201 τινες
1166 3140 1278 3192 τῶν
1309 3139 1647 3210 εὐπατριδῶν
1687 3139 1816 3210 παρ’

1947 3135 2202 3190 'oluntate
2240 3136 2432 3205 gratiis
2480 3136 2640 3199 actis,
2671 3143 2729 3190 et
2764 3149 2880 3189 rem
2905 3134 3224 3189 accuratius
3255 3133 3511 3208 conside-

254 3235 453 3297 αὐτοῖς,
482 3233 646 3295 αὑτός
665 3248 720 3284 τε
745 3232 925 3302 ἁήθως
951 3231 1034 3283 ἔτι
1065 3227 1180 3302 εἶχε
1208 3231 1346 3300 πρὸς
1372 3230 1644 3296 ἅπαντας,
1669 3231 1812 3302 πλὴν

1949 3226 2168 3292 audam,
2212 3241 2315 3280 nec
2360 3227 2428 3282 ad
2490 3226 2627 3282 tanti
2683 3227 2945 3280 momenti
2995 3225 3276 3296 negotium
3320 3225 3513 3280 incon-

252 3327 446 3396 ὀλίγων
466 3324 649 3388 τινῶν,
679 3321 773 3378 καὶ
806 3323 906 3375 οὐκ
932 3319 1000 3394 ἦν
1026 3324 1090 3376 ἐκ
1117 3323 1210 3375 τοῦ
1243 3324 1448 3393 ῥᾴστου
1475 3324 1611 3393 πρὸς
1637 3324 1816 3391 ἁγνῶ-

1952 3317 2065 3371 ulto
2100 3317 2475 3373 accedendum
2525 3317 2820 3387 (siquidem
2867 3333 2978 3371 non
3012 3317 3080 3370 de
3105 3317 3284 3387 nugis,
3310 3316 3510 3398 sed.de

251 3438 342 3484 τας
372 3415 739 3484 διαλέγεσθαι,
774 3413 963 3485 ὥσπερ
1014 3409 1082 3484 ἦν
1137 3417 1412 3485 χρήσιμον
1453 3413 1532 3483 τῷ
1581 3413 1812 3485 καιρῷ),

1950 3426 2134 3465 umma
2177 3426 2362 3466 rerum
2413 3411 2821 3482 propemodum
2867 3411 3080 3482 agatur)
3129 3408 3408 3479 praefatus,
3453 3409 3509 3464 in

249 3508 451 3573 πολλὰς
484 3508 582 3578 τῆς
611 3507 692 3570 είς
717 3505 879 3559 αὑτὸν
906 3505 1119 3568 εὐνοίας
1156 3505 1340 3568 αὐτοῖς
1367 3505 1598 3575 χάριτας
1627 3507 1813 3576 ὁμολο-

1945 3501 2062 3556 liem
2094 3502 2329 3558 alterum
2371 3505 2572 3574 rejecta
2621 3500 2898 3556 sententia
2949 3501 3245 3556 concilium
3277 3501 3509 3556 dimisit.

247 3606 444 3672 γήσας,
481 3601 577 3655 καὶ
608 3601 718 3653 δεῖν
766 3594 904 3652 εἶναι
930 3597 1100 3651 εἰπὼν
1131 3597 1341 3651 πλείονι
1376 3598 1661 3668 διασκέψει
1692 3598 1811 3652 δοῦ-

1951 3597 2038 3659 [uo
2085 3594 2334 3658 dimisso,
2385 3610 2511 3648 cum
2567 3595 2742 3648 tribus
2777 3593 2887 3648 illis
2923 3609 3142 3660 rursum
3172 3595 3386 3649 consilii
3419 3611 3515 3650 ca-

247 3713 337 3749 ναι
368 3695 432 3746 τὸ
483 3695 733 3763 πρᾶγμα,
769 3689 864 3744 καὶ
915 3690 989 3761 μὴ
1051 3687 1140 3759 ἐφ’
1191 3687 1334 3741 οὕτω
1369 3689 1613 3759 μεγάλην
1673 3689 1811 3758 πρᾶ-

1949 3686 2102 3739 ιὶθηάἰ
2157 3686 2458 3750 deliberat;
2509 3695 2565 3740 et
2614 3685 2888 3756 praecipit,
2931 3695 2992 3740 ut
3049 3685 3196 3751 quod
3246 3686 3513 3757 expedire

246 3787 330 3851 ξιν
379 3785 806 3855 ἀπερισκέπτως
859 3785 1060 3854 χωρεῖν
1126 3780 1210 3853 (οὐ
1245 3782 1354 3850 γάρ
1411 3783 1540 3851 περὶ
1601 3781 1810 3852 μικρῶν

1957 3777 2190 3842 ideatur,
2240 3793 2308 3832 ne
2357 3787 2600 3846 taceant.
2629 3777 2847 3831 Primus
2879 3770 3212 3848 Syrgiannes
3245 3777 3327 3832 sic
3356 3779 3513 3831 ince-

246 3896 408 3930 τινων
483 3875 886 3946 βουλευόμεθα,
947 3874 1084 3928 ἀλλὰ
1148 3875 1279 3946 περὶ
1347 3875 1442 3927 τοῦ
1499 3875 1810 3944 σύμπαντος

1945 3872 1998 3923 lit
2027 3871 2198 3937 :Qua:
2221 3871 2329 3940 iam
2362 3879 2491 3924 ante
2543 3869 2787 3940 Byzantii
2827 3871 2882 3924 in
2914 3883 3211 3940 congressu
3245 3867 3509 3932 diximus,

251 3969 488 4040 σχεδὸν),
521 3969 734 4021 διέλυσε
793 3968 883 4022 τὸν
937 3967 1219 4036 σύλλογον,
1261 3970 1340 4031 είς
1371 3970 1470 4038 τὴν
1518 3969 1815 4039 ὑστεραίαν

1949 3978 2028 4018 ιοη
2091 3965 2306 4032 privato
2358 3965 2544 4034 aliquo
2600 3964 2654 4017 in
2707 3979 2870 4018 avum
2937 3973 3092 4018 tuum
3123 3963 3274 4028 odio,
3326 3977 3513 4031 neque

246 4067 309 4120 τὸ
340 4067 516 4137 πέρας
545 4064 643 4134 τῆς
677 4063 872 4135 βουλῆς
902 4063 1232 4134 ἐξαρτήσας.
1282 4063 1502 4116 Τούτων
1531 4063 1589 4117 δὲ
1633 4064 1810 4118 διαλυ-

1948 4056 2064 4126 quod
2106 4057 2162 4110 in
2213 4056 2452 4110 maximo
2508 4057 2664 4110 lucro
2718 4056 2839 4126 ejus
2871 4055 3240 4111 calamitatem
3269 4071 3512 4127 ponere-

244 4159 476 4223 θέντων,
502 4160 618 4227 ἃμα
647 4159 763 4220 τοῖς
791 4158 941 4228 τρισὶ
974 4156 1134 4211 πάλιν
1164 4157 1192 4208 ὁ
1223 4155 1474 4225 βασιλεὺς
1500 4155 1808 4210 ἐϐουλεύετο

1947 4165 2059 4215 nus,
2093 4149 2265 4203 locuti
2313 4163 2544 4213 sumus;
2573 4147 2670 4203 sed
2729 4147 2855 4218 quia
2891 4149 2958 4202 de
2990 4149 3185 4214 salute,
3215 4156 3272 4202 et
3297 4146 3511 4201 incolu-

245 4253 379 4320 περὶ
412 4249 520 4304 τῶν
550 4250 951 4320 προκειμένων,
983 4248 1018 4304 ἃ
1050 4251 1357 4320 συμφέρειν
1381 4248 1615 4314 ἕκαστος
1644 4251 1809 4304 οἴεται

1942 4239 2109 4294 nitate
2166 4249 2258 4293 t-ua
2293 4239 2511 4301 solliciti
2565 4254 2803 4301 eramus,
2833 4237 2944 4310 64.
2973 4254 3039 4293 eo
3067 4238 3381 4293 necessario
3407 4239 3506 4293 de-

246 4344 514 4404 κε).εύσας
541 4342 738 4394 εἰπεῖν.
771 4337 935 4394 Εἶπεν
987 4338 1082 4396 οὖν
1117 4342 1338 4412 πρῶτος
1363 4345 1390 4396 ὁ
1433 4343 1776 4414 Συργιάννης
1797 4359 1810 4375 ·

1946 4329 2280 4384 'eniebamus
2313 4345 2327 4382 :
2364 4327 2528 4383 unius
2593 4328 2738 4381 enim
2797 4327 3022 4382 claritas
3076 4334 3136 4380 et
3187 4325 3510 4395 illustratio,

212 4417 450 4504 ¹Ἡμεῖς
501 4434 536 4488 ἃ.
570 4435 664 4489 καὶ
722 4435 986 4506 πρότερον
1045 4435 1516 4503 ἐϐουλευσάμεθα,
1565 4435 1776 4506 βασιλεῖ

1945 4427 2149 4484 alterius
2190 4427 2411 4483 videtur
2440 4428 2655 4482 eversio
2703 4425 2816 4505 (46)
2848 4442 2862 4478 :
2896 4425 3044 4496 quod
3091 4433 3147 4482 et
3181 4440 3331 4481 nunc
3369 4440 3509 4480 usu-

240 4530 401 4591 ὅντες
424 4532 483 4581 ἐν
512 4528 813 4598 Βυζαντίῳ.
851 4529 950 4581 οὐκ
984 4528 1093 4600 ἰδία
1121 4546 1175 4581 τι
1203 4529 1583 4600 ἐχθραίνοντες
1617 4529 1804 4600 ἐφθεγ-

1946 4531 2096 4586 'enit.
2141 4529 2296 4597 Quod
2353 4530 2504 4584 enim
2563 4528 2840 4583 exercitus
2888 4527 3185 4583 universus
3240 4527 3357 4599 ejus
3409 4543 3510 4596 op—

244 4619 460 4688 ξάμεθα
495 4619 573 4690 τῷ
605 4618 681 4687 σῷ
722 4621 931 4690 πάππῳ
961 4620 1056 4672 καὶ
1086 4619 1318 4689 βασιλεῖ,
1358 4621 1480 4673 οὐδὲ
1510 4623 1640 4691 περὶ
1669 4621 1808 4674 πλεί·

1949 4631 2205 4702 ιυεηειηόί
2251 4631 2528 4685 desiderio
2574 4629 2772 4691 fervet,
2810 4645 3028 4700 aequum
3067 4629 3370 4695 desiderat,
3402 4645 3513 4685 nec

241 4733 378 4768 στου
411 4714 477 4767 τὸ
501 4712 688 4776 κακῶς
727 4712 896 4766 αὐτὸν
922 4714 1236 4783 ποιούμενοι
1275 4714 1489 4777 παθεῖν,
1532 4716 1674 4770 ἀλλά.
1717 4716 1805 4784 τῆς

1948 4743 2050 4781 tum
2095 4727 2392 4797 quisquam
2443 4726 2688 4795 prudens
2741 4726 3109 4794 reprehendet
3155 4735 3258 4780 :et
3293 4725 3340 4781 si
3372 4725 3512 4795 quid

244 4807 349 4876 σῆς
405 4805 698 4875 κηδόμενοι
752 4807 1068 4876 σωτηρίας,
1133 4808 1449 4876 ἀναγκαίως
1509 4809 1808 4880 ἐφερόμεθα

1947 4821 2201 4885 ιᾶίοευιη,
2239 4831 2404 4890 atque
2434 4836 2602 4890 grave
2638 4820 2716 4875 illi
2745 4821 3060 4891 contigerit,
3097 4836 3204 4875 non
3236 4821 3292 4876 id
3317 4831 3511 4876 nostra

248 4901 388 4969 πρὸς
411 4899 575 4954 τοῦτο
599 4912 614 4926 ⁸
643 4898 676 4970 ἠ
706 4897 812 4971 γὰρ
835 4900 927 4952 τοῦ
959 4900 1074 4964 ένδς
1098 4901 1481 4972 εὐδοκίμησις,
1507 4899 1601 4952 τοῦ
1627 4902 1812 4969 ἐτέρου

1945 4913 2019 4983 lui
2053 4912 2324 4981 cogimur,
2355 4910 2454 4966 sed
2490 4910 2713 4966 illorum
2745 4911 2840 4980 qui
2877 4920 3104 4981 cogunt,
3133 4911 3296 4981 culpa
3325 4912 3509 4967 conti-

241 4987 388 5044 εἷναι
417 4991 672 5074 φαίνεται
707 4995 1062 5062 καταστροφή
1089 5007 1104 5022 ’
1143 4990 1172 5044 ὃ
1202 4991 1268 5062 δὴ
1297 4995 1395 5045 καὶ
1431 4995 1548 5046 νυνὶ
1579 4991 1805 5060 συμεαί‹

1947 5003 2086 5070 gerit.
2116 5003 2354 5057 Proinde
2413 5001 2542 5071 quia
2587 5001 2960 5056 communiter
3004 5001 3266 5056 omnibus
3299 5015 3364 5056 ea
3389 5001 3511 5055 visa

241 5099 347 5136 νει.
382 5083 499 5153 Τῆς
527 5085 634 5154 γὰρ
661 5086 916 5155 στρατιᾶς
943 5085 1164 5154 ἁπάσης
1196 5085 1283 5137 ἐπ’
1318 5087 1482 5140 αὐτὸν
1511 5087 1653 5139 ἱέναι
1681 5103 1805 5158 προ·

1955 5103 2054 5148 unt
2083 5094 2416 5160 conducere,
2444 5103 2499 5148 et
2523 5109 2625 5148 nos
2653 5107 2846 5148 eorum
2875 5093 3168 5148 consilium
3187 5083 3513 5164 vituperare

241 5177 620 5248 θυμουμένης,
655 5178 890 5248 (ἔχονται
935 5177 990 5231 δὲ
1024 5177 1202 5250 ὀρθῶν
1233 5177 1536 5249 λογισμῶν,
1580 5178 1676 5231 καὶ
1715 5179 1805 5231 οὐκ

1943 5185 2074 5241 tullo
2124 5187 2288 5242 modo
2331 5203 2667 5257 possumus;
2698 5202 2822 5257 quae
2871 5186 3149 5242 universis
3181 5187 3507 5254 probantur,

241 5269 395 5323 ἔστιν
420 5270 614 5324 οὐδένα
637 5271 763 5324 νοῦν
795 5271 990 5340 ἔχοντα
1038 5269 1366 5336 ἅντειπεῖν,)
1392 5269 1446 5320 εί
1475 5287 1528 5322 τι
1559 5272 1654 5322 καὶ
1686 5270 1805 5340 napi

1942 5280 1990 5335 ιιι
2019 5297 2134 5335 rem
2172 5280 2504 5335 conferenda
2539 5291 2694 5336 sunt.
2726 5280 2785 5334 in
2819 5279 2962 5336 hanc
2991 5280 3322 5334 sententiam
3353 5277 3506 5346 pedi-

244 5365 460 5417 ἐκεῖνον
514 5364 762 5434 συμϐαίη
814 5367 927 5418 τῶν
984 5362 1289 5435 δυσχερῶν,
1353 5365 1453 5434 οὐχ
1490 5364 1652 5434 ἡμῶν
1705 5363 1808 5417 τῶν

1943 5382 2028 5423 ius
2087 5368 2187 5422 ivit
2226 5369 2392 5424 etiam
2461 5377 2850 5440 protostrator.
2907 5368 3159 5439 Cumque
3205 5367 3507 5423 addidisset

244 5455 706 5527 ἠναγκασμένων,
736 5457 852 5511 ἀλλ’
901 5458 1126 5511 ἐκείνων
1181 5456 1247 5511 ἂν
1285 5459 1372 5530 εἴη
1419 5459 1531 5512 τῶν
1581 5461 1660 5522 είς
1714 5459 1808 5531 τὴν

1942 5475 2149 5530 nagnus
2208 5461 2566 5529 domesticus,
2622 5479 2731 5518 non
2780 5477 2840 5519 se
2901 5460 3266 5533 intelligentia
3310 5473 3506 5515 omnes

1514 5577 1734 5640 Jacobi
1762 5577 2032 5639 Pontani
2069 5571 2261 5642 n‘otm.

308 5685 615 5766 μιῇ-ρυοά
641 5687 1132 5766 senis_po_tentiam,_
1160 5698 1218 5743 et
1235 5690 1626 5766 auctoritatem
1648 5689 1824 5766 bostis
1927 5691 1992 5766 tit
2026 5690 2176 5766 illius
2208 5691 2580 5766 imbecillitas,
2614 5701 2706 5766 tua
2739 5693 2916 5766 gloria
2947 5693 3095 5766 illius
3109 5699 3504 5766 comtemptus;

243 5758 332 5834 tui
364 5758 894 5834 videbamus,saluti
947 5767 1051 5834 tua:
1099 5759 1448 5834 timebamus,
1494 5769 1551 5834 et
1609 5759 1818 5834 ideirco
1925 5761 2241 5834 idquejure
2301 5764 2533 5833 optimo,
2593 5765 2722 5834 quia
2742 5758 2891 5834 'ipse
2923 5774 2976 5820 te
3026 5764 3095 5818 ad
3136 5763 3252 5834 llaec
3299 5758 3504 5833 coegit.

243 5826 514 5906 dabamus
539 5828 684 5906 illius
709 5830 796 5885 vel
821 5829 1362 5906 c9pstr_i_ngendi,_vel_
1395 5829 1706 5895 occidendi,
1728 5831 1813 5906 vel
1925 5826 2078 5906 Hanc
2105 5826 2362 5906 istorum;
2397 5841 2455 5906 et
2481 5826 2988 5906 mox'seque'ntium
3035 5831 3336 5891 verborum
3372 5826 3508 5891 35n-

244 5897 416 5952 etiam
448 5897 688 5968 fugiendi
715 5897 969 5957 consilia.
1002 5898 1158 5956 Nunc
1183 5899 1424 5956 vicissim
1452 5909 1544 5954 tua
1567 5903 1813 5972 potentia
1925 5903 2152 5957 tentiam
2181 5918 2306 5959 esse
2336 5904 2542 5972 iudico.
