3962 6438
174 367 252 491 ltiti
1365 424 1416 484 Il
1430 416 1904 482 [STORIARUM
1955 419 2123 480 [ΔΒΕ
2137 422 2181 479 ll
2227 421 2274 479 l.

3317 425 3417 488 1ῗο

171 543 210 593 εἰ
238 537 420 601 καλῶς
466 538 608 608 ἔχει,
656 535 990 609 δοκιμασθῇ.
1022 534 1176 605 Ἐμοὶ
1222 532 1358 604 πρὸς
1385 531 1486 602 τὴν
1520 531 1732 601 ’Δδρια-

1841 532 1972 586 mihi
2023 531 2526 598 commodantibus,
2581 548 2836 604 magnum
2889 549 2916 588 a
2951 550 3038 589 me
3083 537 3415 594 beneﬁcium

171 631 245 684 νοῦ
275 632 446 700 τήνδε
509 633 671 685 πόλιν
725 633 1038 701 ἀφιγμένῳ,
1069 627 1228 682 αὐτοί
1279 643 1339 679 τε
1367 626 1574 696 πολλὴν
1606 628 1736 679 έπε-

170 723 395 788 δείξαντο
430 723 538 794 τὴν
559 724 777 776 εὔνοιαν
806 719 964 792 κοινῇ
987 721 1192 784 πάντες
1223 722 1355 788 περὶ
1381 719 1506 788 ἐμὲ,
1548 718 1644 772 καὶ
1679 719 1736 772 αί

177 815 309 870 ἄλλαι
333 817 523 870 πᾶσαι
561 817 703 869 κατὰ
729 815 831 884 τὴν
853 814 1075 884 Θρᾴκην
1106 812 1237 883 ἄχρι
1280 811 1737 882 Χριστουπόλεως

181 905 603 977 προσεχώρησαν
657 905 862 966 πόλεις.
899 905 974 958 Οὐ
1013 903 1120 974 μὴν
1173 902 1312 956 ἀλλὰ
1373 904 1468 956 καὶ
1512 903 1636 954 ὅσον
1668 897 1738 972 ἦν

174 999 567 1064 στρατιωτικὸν
610 1000 668 1051 ἐν
709 999 834 1060 ταῖς
866 997 1181 1067 Θρᾳκικαῖς
1215 994 1430 1065 κώμαις
1481 993 1739 1064 καθιδρυ-

174 1087 320 1154 μένον
343 1100 358 1114 ·
394 1083 482 1150 οἷς
537 1091 630 1142 καὶ
653 1087 856 1156 πολλὴν
891 1085 1126 1156 ὀφείλειν
1162 1086 1262 1156 τὴν
1287 1084 1450 1155 χάριν
1485 1084 1738 1154 ὁμολογῶ

169 1181 236 1241 ὡς
299 1177 549 1246 ἀγαθοῖς
585 1180 714 1251 περὶ
775 1178 876 1248 ἐμὲ
941 1181 1142 1250 προῖκα
1209 1177 1618 1248 γεγενημένοις.
1668 1177 1736 1229 Αἱ

174 1274 346 1340 μέντοι
380 1271 682 1342 κατωτέρω
711 1271 1164 1341 Χριστουπόλεως
1198 1269 1394 1322 πολλαὶ
1427 1270 1524 1323 καὶ
1577 1287 1739 1341 περι-

174 1368 341 1431 φανεῖς
373 1363 533 1418 οὖσαι
568 1364 749 1427 πόλεις
779 1364 905 1434 ἄχρι
932 1364 1027 1416 καὶ
1067 1364 1434 1434 Ἀκαρνανίας
1464 1361 1561 1416 καὶ
1587 1363 1733 1415 Δαλ-

183 1457 363 1523 ματίας
385 1456 622 1524 ὑπήκοοι
657 1456 968 1525 Ῥωμαίοις,
1007 1455 1102 1509 καὶ
1133 1455 1397 1525 στρατιὰν
1444 1455 1543 1508 οὐκ
1573 1453 1739 1507 εὐκα-

171 1548 502 1618 ταφρόνητον
539 1549 762 1618 ἔχουσαι
796 1547 893 1600 καὶ
922 1547 1261 1618 στρατηγοὺς
1287 1541 1520 1609 πολλούς
1549 1562 1608 1598 τε
1643 1546 1739 1600 καὶ

176 1638 427 1704 ἀγαθοὺς,
481 1639 707 1710 οὐδεμία
763 1639 1190 1711 προσεχώρησεν
1236 1641 1391 1706 ἡμῖν.
1422 1638 1604 1708 Ὅπερ
1637 1636 1738 1706 ἐμὲ

174 1735 409 1802 ταραχῆς
456 1732 778 1802 ἐνέπλησεν,
815 1733 916 1787 οὐκ
949 1731 1276 1800 ἀπαντῆσαν
1305 1731 1447 1784 κατὰ
1475 1727 1727 1800 γιὶίιμην,

172 1828 272 1882 οὐδ’
300 1823 441 1880 εἷναι
467 1825 676 1895 νομίζω
704 1825 978 1887 λυσιτελὲς
1004 1824 1080 1887 ὡς
1112 1823 1347 1878 ούδενῶν
1377 1821 1733 1894 καταφρονῆ-

1839 622 2030 676 deberi
2119 624 2404 678 conﬁteor.
2463 624 2568 680 Sed
2642 642 2765 695 qua:
2842 627 2981 682 infra
3044 628 3418 700 ChristOpolin

1840 730 2017 784 usque
2068 715 2133 770 ad
2185 717 2550 772 Acarnaniam
2605 727 2660 772 et
2724 719 3040 774 Dalmatiam
3070 732 3218 788 sunt,
3253 727 3420 778 urbes

1840 806 2153 874 complures
2205 817 2261 861 et
2295 805 2575 872 ﬂorentes,
2610 809 2871 863 Romanis
2901 809 3182 880 subjectae.
3209 811 3265 865 in
3299 813 3424 881 qui-

1839 897 1946 953 bus
2014 899 2276 953 cohortes
2327 899 2556 954 minime
2607 901 2986 970 aspernanda,
3049 917 3174 956 cum
3229 904 3421 958 multis

1837 991 2191 1060 strenuisque
2223 990 2480 1057 ducibus,
2511 1008 2704 1046 earum
2751 993 2901 1047 nulla
2961 993 3229 1050 hactenus
3261 996 3421 1050 dedi-

1841 1084 2047 1137 tionem
2085 1082 2247 1137 nobis
2280 1083 2430 1139 fecit.
2466 1083 2623 1150 Quod
2656 1087 2787 1154 quia
2818 1101 2980 1141 secus
3007 1088 3228 1155 accidit,
3255 1104 3421 1161 quam

1840 1176 2150 1245 cupiebam,
2209 1175 2345 1229 mihi
2397 1193 2729 1247 magnopere
2787 1180 3080 1234 molestum
3143 1193 3248 1238 est.
3312 1181 3426 1235 Nec

1841 1264 2189 1321 fructuosum
2215 1264 2336 1319 fore
2377 1267 2563 1334 credo,
2600 1268 2722 1323 illas
2769 1276 2828 1322 ut
2867 1268 3119 1324 imbelles
3179 1281 3230 1325 et
3275 1271 3425 1341 abje-

1841 1363 1958 1410 etas
2001 1355 2320 1425 despicere;
2359 1357 2455 1412 sed
2509 1357 2826 1412 societatem
2877 1368 2934 1414 et
2973 1362 3423 1416 communionem

1838 1447 2057 1502 illarum
2111 1449 2488 1504 aestimandam
2539 1451 2787 1507 maximi.
2828 1453 3011 1519 Quare
3059 1469 3184 1510 meo
3208 1456 3424 1527 judicio

1838 1549 1967 1594 ante
2021 1541 2206 1595 omnia
2236 1541 2343 1597 iter
2401 1558 2468 1598 eo
2517 1544 2867 1600 intendamus
2909 1562 3136 1602 necesse
3187 1548 3422 1604 est.Ubi

1838 1641 1898 1681 se
1931 1626 2036 1682 illae
2059 1628 2348 1683 nobiscum
2383 1623 2793 1703 eonjunxerint,
2833 1644 2947 1689 tum
2981 1636 3221 1706 denique
3243 1653 3423 1707 neque

1840 1716 2002 1773 hoste
2035 1719 2148 1790 jam
2195 1737 2226 1775 a
2271 1730 2424 1792 tergo
2469 1725 2684 1790 relicto,
2713 1736 2771 1782 et
2809 1729 3024 1783 viribus
3061 1724 3235 1783 altero
3269 1738 3422 1784 tanto

1841 1816 2042 1880 auctis,
2068 1815 2133 1869 ad
2162 1814 2680 1888 Constantinopolin
2727 1823 3150 1890 oppugnandam
3191 1811 3425 1877 ﬁdenter

174 1937 276 1984 σαι,
305 1919 445 1973 ἀλλὰ
474 1918 603 1989 περὶ
642 1916 896 1970 πλείστου
934 1914 1267 1987 ποιήσασθαι
1307 1914 1404 1970 καὶ
1431 1915 1531 1985 τὴν
1588 1915 1732 1966 ὲκεί-

1841 1905 2184 1964 accedemus.
2213 1910 2492 1966 Hactenus
2527 1913 2856 1982 imperator,
2890 1917 3289 1984 profectionem
3317 1918 3425 1973 illis

172 2032 267 2066 ww
297 2013 619 2083 συμμαχίαν
655 2011 752 2064 καὶ
774 2011 1085 2064 κοινωνίαν.
1119 2009 1327 2062 Τούτου
1357 2008 1521 2077 χάριν
1561 2007 1732 2075 ἁναγ-

1841 1999 1893 2053 in
1937 1999 2293 2058 Occidentem
2329 2005 2663 2072 persuadere
2709 2005 2968 2063 laborans
3021 2010 3295 2065 videlicet.
3329 2014 3426 2066 Ast

173 2109 313 2158 καῖον
365 2101 507 2159 εἷναί
548 2121 638 2174 μοι
689 2104 838 2158 δοκεῖ
889 2103 990 2174 τὴν
1027 2106 1168 2175 πρὸς
1211 2103 1402 2155 ἐκεῖνα
1451 2101 1729 2171 φέρουσαν

1841 2091 1921 2147 illi
1955 2093 2012 2147 in
2047 2094 2320 2149 sententia
2346 2097 2577 2164 pristina
2603 2109 3048 2166 perseverantes.
3074 2101 3422 2173 Byzantium,

171 2197 375 2267 πρῶτον
415 2195 659 2250 ἑλέσθαι.
686 2194 1206 2266 Προσχωρησάντων
1232 2192 1288 2246 δὲ
1317 2191 1569 2254 ἐκείνων,
1593 2189 1729 2260 πρὸς

1841 2187 1947 2240 alio
1995 2201 2265 2256 nusquam
2322 2199 2428 2242 iter
2479 2191 2874 2246 conferendum
2932 2193 3136 2255 dicere,
3169 2196 3315 2264 quod
3355 2211 3423 2251 eo

173 2288 266 2357 τὴν
321 2284 740 2341 Κωνσταντίνου
791 2283 1122 2355 βαδιούμεθα
1176 2282 1535 2354 θαρροῦντες,
1612 2278 1730 2332 οὔτ’

1841 2277 2004 2347 potiri
2038 2277 2179 2331 nihil
2211 2279 2280 2334 sit
2328 2281 2557 2349 negotii,
2601 2282 2915 2353 bellumque
2959 2284 3288 2340 contrahere
3322 2300 3425 2357 po-

171 2380 334 2434 ὀπίσω
375 2379 672 2450 πολεμίους
716 2377 1136 2444 καταλιπόντες,
1180 2375 1276 2429 καὶ
1321 2375 1596 2429 διπλασίω
1629 2371 1729 2441 τὴν

1841 2370 1950 2423 tius
1977 2384 2141 2438 quam
2175 2371 2480 2440 producere
2515 2385 2793 2443 oportere.
3001 2409 3010 2418 -

169 2472 385 2542 δύναμιν
412 2471 914 2543 προσκτησάμενοι.
948 2469 1213 2532 Βασιλεὺς
1268 2469 1366 2538 μὲν
1401 2466 1494 2520 οὖν
1523 2463 1750 2518 τοιαῦτα
1791 2457 1934 2528 εἷπε,
1971 2464 2071 2532 τὴν
2132 2463 2272 2533 πρὸς
2337 2465 2435 2537 τὴν
2475 2467 2716 2540 ἑσπέραν
2771 2468 2990 2524 ἑλέσθαι
3053 2473 3262 2528 πείθειν
3305 2477 3426 2530 ἐπι-

169 2568 377 2642 χειρῶν.
435 2571 502 2624 Ol
568 2567 612 2621 δ’
650 2563 806 2630 αὖθις
897 2566 1007 2619 τῶν
1052 2569 1339 2634 προτέρων
1408 2564 1662 2634 ἐχόμενοι
1718 2559 2022 2630 λογισμῶν,
2078 2561 2214 2629 πρὸς
2272 2561 2568 2628 Βυζάντιον
2633 2563 2821 2636 ἔλεγον
2882 2567 3106 2623 ἀπιέναι
3165 2570 3275 2624 δεῖν
3328 2573 3425 2628 καὶ

172 2666 353 2721 ἄλλοσε
385 2666 641 2738 μηδαμῆ,
675 2666 750 2730 ὡς
782 2665 931 2719 οὑδὲν
961 2663 1019 2720 ὃν
1043 2663 1207 2735 ἔργον
1239 2659 1370 2716 αὖτὸ
1399 2661 1718 2732 κατασχεῖν,
1751 2661 1847 2712 καὶ
1872 2661 1948 2730 μὴ
1985 2661 2342 2730 παρατείνειν
2367 2662 2460 2716 τὸν
2505 2663 2762 2734 πόλεμον,
2821 2665 2959 2718 ἀλλὰ
3012 2669 3315 2737 συναιρεῖν.

1571 2778 1800 2836 CAPUT
1843 2778 1983 2832 XXI.

185 2883 372 2952 Magnus
401 2884 718 2938 domesticus
750 2897 976 2959 quoque,
1010 2883 1460 2959 oppugnationem
1503 2877 1753 2959 Byzantii
1799 2877 2139 2959 dissuadens.
2161 2878 2258 2959 ﬁad
2288 2878 2671 2959 occidentalem
2705 2881 3099 2959 expeditionem
3155 2884 3422 2959 hortatur.

250 2948 404 3019 Quare
437 2963 668 3024 uterque
694 2948 1129 3031 simulauerit,'_in
1152 2948 1389 3031 Extremo
1417 2948 1776 3031 capitecausa
1811 2948 2111 3031 disseritur.
2150 2948 2443 3031 Exercitus
2483 2965 2538 3002 se
2583 2966 2648 3031 ea:
2681 2961 2833 3031 pprte
2869 2951 3053 3021 aliqua
3075 2955 3423 3031 parituram,

245 3015 591 3094 ﬁdingratis:
619 3024 863 3076 ostendit.
897 3015 1291 3076 Permittuntur
1320 3023 1400 3074 ire
1441 3015 1968 3094 Constantinopolin.
2016 3015 2232 3072 Occutte
2281 3020 2514 3072 mittitur
2541 3015 2768 3089 epistola
2807 3015 3122 3092 purgatoria
3166 3023 3238 3075 ad
3267 3015 3425 3077 ιιυιιηι

244 3111 272 3148 a
290 3092 488 3165 nepote,
524 3110 630 3160 qua
658 3094 818 3146 etiam
846 3101 1042 3157 monet,
1077 3095 1154 3146 uti
1182 3108 1237 3146 se
1261 3092 1609 3146 communiat.

245 3209 324 3261 Ἐν
349 3207 568 3269 τούτοις
593 3203 686 3258 τοῦ
718 3203 956 3275 μεγάλου
980 3203 1306 3274 δομεστίκου
1340 3199 1726 3272 φθεγγομένου

1906 3199 2054 3254 Inter
2092 3200 2210 3254 haec
2258 3207 2472 3256 tacente
2527 3216 2726 3271 magno
2771 3202 3100 3273 domestico,
3151 3207 3291 3274 Quid
3339 3217 3422 3278 tu,

172 3301 352 3372 μηδὲν,
383 3301 460 3354 Σὺ
494 3299 566 3364 δ’,
598 3297 832 3365 ἔφασαν,
877 3294 997 3350 ἀνθ’
1022 3298 1146 3350 ὅτου
1183 3293 1257 3366 μὴ
1282 3297 1377 3347 καὶ
1402 3293 1565 3357 αὐτὸς
1601 3291 1734 3364 περὶ

169 3395 264 3446 τῶν
291 3393 582 3462 παρόντων
607 3387 835 3458 γνώμην
863 3387 1128 3454 εἰσάγεις,
1167 3385 1282 3440 an?
1317 3384 1492 3449 οὕτως
1511 3383 1588 3447 ώς
1615 3401 1736 3438 και-

165 3484 246 3539 νοῦ
287 3483 520 3555 μηδενὸς
567 3479 854 3552 γινομένου
909 3481 1124 3552 σιωπὴν
1181 3481 1417 3546 ἀσκεῖςς
1451 3477 1576 3530 Ὅτι
1644 3495 1730 3545 γε,

163 3575 329 3644 εἶπεν,
362 3577 428 3629 οὐ
481 3573 930 3644 βουλευομένους,
965 3573 1104 3626 ἀλλὰ
1155 3573 1255 3642 τὴν
1311 3569 1508 3641 βουλὴν
1540 3573 1734 3621 ἐπικυ-

165 3670 386 3739 ροῦντας
409 3667 542 3738 ὁρῶ.
575 3665 637 3719 Et
663 3665 771 3735 γὰρ
793 3664 1168 3728 ἐϐουλεύεσθε,
1191 3662 1315 3733 τάχ’
1341 3661 1407 3715 ἄν
1436 3677 1486 3713 τι
1517 3663 1612 3714 καὶ
1633 3660 1729 3712 αὑ·-

162 3763 245 3824 τὸς
300 3757 459 3814 εἷπον
505 3761 616 3812 τῶν
649 3758 1055 3828 συμφερόντων.
1088 3756 1165 3809 Ού
1205 3754 1312 3826 μὴν
1337 3752 1456 3809 ἀλλ’
1499 3752 1731 3823 ἐπείπερ

165 3852 455 3915 ἐπύθεσθε,
497 3851 532 3906 ἃ
567 3849 771 3922 νομίζω
803 3850 1156 3920 συμφέροντα
1199 3847 1334 3918 ἐρῶ.
1376 3846 1485 3900 Καὶ
1511 3845 1733 3916 πρῶτον

169 3947 262 4014 μὲν
294 3944 479 3997 ἔπεισί
509 3960 600 4013 μοι
631 3943 934 4013 θαυμάζειν
959 3941 1083 3993 ὅθεν
1107 3938 1249 3992 οὕτω
1278 3939 1581 3991 πεπείκατε
1608 3937 1732 3990 έαυ-

162 4039 282 4100 τοῦς
314 4038 414 4089 σὺν
441 4035 621 4088 οὐδενὶ
649 4035 797 4104 πόνῳ
831 4031 1248 4102 καταλήψεσθαι
1286 4029 1387 4100 τὴν
1439 4032 1732 4082 Κώνσταν-

161 4132 309 4182 τίνοι)
341 4129 504 4199 μόνον
549 4127 828 4196 ὀφθέντες.
861 4127 924 4179 El
963 4129 1062 4197 μὲν
1112 4124 1223 4194 γάρ
1267 4141 1318 4177 τι
1354 4122 1521 4176 πλέον
1552 4124 1666 4175 ίστε
1695 4121 1728 4192 ἢ

162 4221 429 4275 ἐπύθεσθε
457 4213 531 4274 ὧν
576 4219 670 4271 καὶ
720 4216 882 4281 αὐτὸς
909 4218 1233 4284 ἐπίσταμαι,
1270 4215 1297 4268 ὃ
1323 4213 1377 4266 τί
1404 4215 1521 4267 ποτ’
1549 4215 1614 4268 ἂν
1643 4214 1727 4282 εἴη

167 4312 357 4379 μαθεῖν
388 4309 714 4378 ἐϐουλόμην.
755 4307 819 4362 Εἰ
852 4308 897 4361 δ’
926 4307 1104 4371 οὐδὲν,
1143 4304 1408 4360 τάναντία
1446 4305 1732 4358 παντάπα-

167 4421 245 4455 σιν
276 4404 403 4473 ἐμοὶ
430 4405 702 4472 φρονεῖτε.
751 4401 893 4471 Ἐγὼ
935 4403 1046 4472 γὰρ
1081 4401 1242 4453 πόλιν
1295 4397 1440 4452 οὕτω
1481 4397 1731 4468 μεγάλην

165 4495 252 4545 ut
293 4492 749 4563 πολυάνθρωπον,
787 4495 880 4547 καὶ
935 4496 1186 4563 χρήμασι
1245 4491 1339 4544 καὶ
1395 4489 1585 4552 ὅπλοις
1636 4488 1729 4541 καὶ

1839 3291 2124 3368 inquiunt,
2162 3309 2264 3347 cur
2304 3309 2414 3347 non
2446 3293 2613 3348 etiam
2654 3295 2890 3364 profers,
2939 3297 3006 3352 de
3043 3301 3327 3368 proposita
3365 3317 3425 3357 re

1837 3385 1972 3455 quid
2013 3386 2259 3440 sentias?
2288 3401 2407 3449 cur,
2441 3386 2599 3454 quasi
2642 3387 2778 3441 nihil
2822 3399 3018 3459 agatur
3051 3391 3200 3457 novi,
3240 3393 3314 3446 ita
3349 3395 3425 3448 si-

1834 3477 1961 3532 les?
1989 3476 2146 3543 Quod
2171 3492 2288 3540 vos.
2317 3477 2563 3533 occurrit
2593 3479 2707 3544 ille,
2733 3496 2844 3535 non
2865 3482 3098 3536 consilia
3122 3483 3421 3554 agitantes.

1843 3568 1940 3625 sed
1997 3569 2250 3627 consulta
2275 3570 2389 3640 jam
2437 3579 2554 3624 rata
2589 3571 2857 3626 facientes
2901 3573 3081 3629 video.
3124 3576 3340 3630 Etenim
3375 3577 3422 3632 si

1834 3662 2259 3725 consultaretis,
2307 3663 2542 3718 forsitan
2579 3681 2680 3735 ego
2712 3682 2936 3736 quoque
2974 3668 3110 3722 utile
3153 3670 3420 3739 quiddam

1835 3752 1890 3807 in
1927 3753 2170 3808 medium
2212 3756 2593 3825 protulissem.
2625 3758 2813 3813 Nihilo
2851 3760 3036 3815 minus
3077 3763 3205 3832 quia
3238 3764 3426 3818 scisci-

1837 3841 2031 3898 tamini
2062 3883 2078 3908 .
2134 3860 2244 3898 non
2307 3846 2538 3910 celabo.
2599 3862 2723 3917 qua:
2770 3849 3113 3906 conductura
3161 3853 3420 3910 decerno.

1836 3935 2122 4006 Principio
2156 3937 2350 4001 miror.
2385 3939 2531 3993 unde
2566 3939 2620 3993 in
2667 3955 2790 3994 eam
2843 3943 3164 4012 opinionem
3204 3949 3425 4002 veneri-

1835 4027 1926 4092 tis,
1966 4027 2156 4082 labore
2189 4030 2365 4093 nullo,
2394 4031 2490 4085 sed
2523 4045 2827 4102 conspectu
2862 4036 2974 4107 66
3001 4038 3121 4091 solo
3150 4037 3425 4094 Constan-

1836 4117 2109 4188 tinopolin
2145 4135 2268 4176 esse
2313 4132 2598 4190 capturos.
2651 4125 2788 4182 Nam
2832 4109 2877 4182 si
2910 4143 3010 4183 vos
3041 4131 3279 4200 amplius
3314 4132 3422 4185 ali-

1833 4211 1967 4282 quid
2030 4207 2249 4277 ndstis,
2309 4216 2666 4272 auditioneve
2711 4221 3006 4290 accepistis
3039 4262 3054 4287 ,
3103 4238 3270 4291 quam
3318 4237 3426 4294 ego

1832 4303 1970 4367 scio,
2003 4305 2135 4374 quid
2174 4305 2307 4360 illud
2338 4307 2558 4362 tandem
2587 4309 2682 4371 sit,
2713 4325 2875 4365 nosse
2903 4312 3092 4367 velim.
3122 4313 3218 4368 Sin
3248 4314 3419 4380 nihil,

1834 4403 1950 4449 tum
1997 4411 2095 4450 vos
2139 4397 2461 4468 longissime
2513 4399 2582 4455 ab
2620 4401 2908 4470 opinione»
2939 4417 3060 4458 mea
3110 4404 3422 4480 disceditis.

1832 4485 1948 4556 Ego
1983 4487 2258 4557 siquidem
2295 4489 2578 4544 civitatem
2630 4491 2772 4546 adeo
2807 4493 3043 4563 amplam
3078 4505 3132 4550 et
3163 4495 3421 4565 ireqnenv

165 4585 524 4654 στρατιώταις
547 4551 1081 4655 ’δυνατωτάτηνῖ-καὶ
1118 4583 1344 4655 βασιλέα
1379 4583 1610 4652 ἔχουσαν
1640 4583 1732 4649 ὲγ·

1841 4588 1973 4646 tem,
2036 4581 2309 4650 pecuniis.
2376 4582 2567 4649 armis,
2635 4584 2908 4640 militibus
2957 4586 3422 4655 potentissimam.
3487 4625 3494 4630 κ

165 4678 486 4732 καθεστῶτα
523 4677 669 4732 οὕτω
699 4678 799 4747 μὲν
858 4679 1100 4744 συνετὸν,
1127 4679 1221 4731 ἐπὶ
1249 4676 1528 4740 τοσούτοις
1555 4675 1599 4728 δ’
1627 4673 1732 4744 ἄρ-

175 4768 328 4830 ξαντα
358 4771 602 4842 χρόνοις,
633 4771 729 4824 καὶ
754 4770 949 4825 πολλδν
982 4770 1178 4840 ἔχοντα
1200 4769 1330 4838 περὶ
1363 4769 1529 4822 αύτδν
1557 4767 1733 4820 εὐνοῐο

176 4863 264 4924 πῶς
285 4862 675 4932 διακειμένων,
700 4864 795 4916 καὶ
815 4865 1098 4934 χρήμασιν
1120 4863 1455 4934 ἐρρωμένον,
1479 4857 1560 4924 οἷς
1581 4861 1732 4932 αὐτῷ

171 4956 338 5008 πείσει
391 4954 691 5025 προσέχειν
726 4954 824 5025 τὴν
886 4955 1171 5026 στρατιὰν,
1207 4955 1272 5007 οὐ
1326 4955 1436 5007 τῶν
1488 4955 1730 5026 ῥᾴστων,

165 5049 293 5102 ἀλλὰ
327 5050 438 5102 τῶν
477 5048 906 5102 δυσκολωτάτων
959 5043 1098 5101 εἶναι
1150 5047 1358 5116 νομίζω
1414 5048 1730 5117 κατασχεῖν.

168 5144 266 5195 Kal.
327 5143 498 5213 χωρὶς
530 5141 588 5194 δὲ
634 5141 863 5204 τούτων,
892 5140 999 5193 τῶν
1045 5140 1296 5194 παλαιῶν
1329 5157 1414 5201 τις
1464 5139 1736 5208 Ἐλλήνων

171 5234 322 5301 σοφὸς
359 5234 436 5303 μὴ
464 5234 534 5287 τὰ
568 5231 792 5285 τοιαῦτα
819 5231 1016 5300 ῥᾳδίως
1050 5229 1298 5295 ἐλπίζειν
1335 5229 1738 5296 πείθει,’πολλὰ

175 5327 229 5375 τΞι
261 5325 473 5396 μεταξὺ
505 5324 729 5395 χειλέων
781 5325 874 5377 καὶ
905 5323 1130 5384 κύλικος
1175 5319 1314 5376 εἶναι
1347 5324 1542 5376 εἰπών.
1580 5323 1739 5376 Ἐστι

177 5416 219 5468 δέ
246 5436 330 5480 τις
364 5419 462 5471 καὶ
493 5420 824 5487 στρατηγοῖς
853 5418 1036 5486 νόμος,
1075 5417 1277 5485 ἐπίσης
1305 5417 1427 5478 ταῖς
1458 5415 1738 5483 εὐτυχίαις

1844 4672 2238 4742 imperatorem
2274 4673 2401 4728 sinu
2443 4690 2548 4730 suo
2594 4677 2996 4743 continentem,
3034 4694 3272 4749 eumque
3313 4689 3424 4735 tam

1841 4764 2202 4832 prudentem,
2269 4775 2351 4820 tot
2409 4767 2572 4822 annis
2636 4767 3066 4839 imperitantem,
3124 4772 3424 4827 multorum

1844 4859 2236 4914 benevolentia
2284 4871 2529 4930 septum,
2581 4863 2819 4932 pecunia
2869 4865 3270 4930 abundantem,
3315 4883 3424 4937 qua

1843 4952 2151 5006 exercitum
2185 4951 2291 5007 sibi
2328 4953 2617 5024 obligabit,
2651 4970 2952 5026 occupare,
2995 4958 3172 5011 multo
3206 4957 3425 5014 dillicil~

1845 5045 2040 5098 limum
2078 5059 2199 5100 esse
2238 5046 2543 5100 constituo.
2587 5047 2862 5103 Prmterea
2900 5066 2930 5104 ε
2969 5050 3250 5106 veteribus
3279 5051 3430 5107 Grae-

1843 5137 1925 5191 cis
1960 5139 2046 5191 vir
2088 5138 2311 5207 sapiens
2343 5137 2455 5210 (50)
2485 5148 2698 5204 monet,
2742 5157 2810 5194 ne
2843 5142 3165 5212 hujusmodi
3217 5153 3424 5198 temere

1847 5243 2143 5299 speremus
2174 5245 2188 5294 ;
2220 5232 2300 5283 ait
2340 5229 2514 5296 enim,
2559 5233 2732 5286 multa
2770 5238 2970 5288 cadere
3013 5235 3168 5289 inter
3197 5237 3425 5292 calicem

1842 5337 2214 5393 supremaque
2243 5323 2420 5379 labra.
2455 5324 2552 5379 Est
2583 5336 2764 5381 autem
2791 5339 2848 5381 et
2877 5327 3084 5383 ducum
3119 5329 3230 5391 lex,
3273 5345 3426 5384 com-

1847 5414 2008 5469 moda
2044 5416 2274 5484 paribus
2302 5430 2596 5485 exaequare
2636 5420 3001 5474 incommodis
3025 5421 3137 5491 (5i)
3175 5437 3188 5472 :
3221 5421 3426 5491 illeque

3181 5496 3200 5518 Ρ

1401 5547 1622 5611 Jacobi
1653 5549 1923 5610 Pentani
1959 5555 2154 5611 notas.

229 5651 340 5719 (50)
375 5652 508 5719 Quis
531 5653 604 5707 sit
638 5652 733 5706 ille
763 5651 848 5705 vir
875 5652 1110 5722 sapiens,
1155 5665 1242 5706 me
1273 5651 1428 5708 latet.
1469 5648 1730 5706 Refertur

167 5737 192 5774 a
214 5723 383 5777 Gellio
415 5725 518 5778 hoc
548 5723 804 5793 adagium
842 5722 929 5776 his
953 5723 1172 5776 verbis:
1667 5755 1672 5759 -

172 5793 338 5864 limiti
383 5795 582 5861 μεταξὺ
610 5795 767 5846 πελει
805 5793 1026 5864 κύλικος
1063 5794 1155 5846 καὶ
1189 5793 1400 5863 χείλεος
1431 5793 1630 5864 ἄκρου.

175 5862 334 5918 Multa
367 5866 559 5916 cadunt
598 5865 736 5917 inter
770 5863 986 5916 calicem
1015 5862 1364 5933 supremaque
1387 5862 1546 5918 libari.

428 5958 698 6019 Ριτιιοι..
729 5959 848 6016 Gn.
891 5956 1092 6020 Cl.lll.

1839 5649 1958 5718 Quo
2005 5667 2318 5714 monemur,
2350 5651 2436 5706 vix
2469 5653 2633 5708 etiam
2671 5655 2737 5710 iis
2766 5654 3244 5722 credendumque:
3274 5653 3428 5708 vide-

1853 5738 1998 5787 mus,
2030 5734 2086 5778 et
2108 5723 2367 5795 manibus
2402 5733 2658 5780 tenemus
2695 5743 2709 5780 :
2748 5741 2919 5795 usque
2950 5723 3086 5795 adeo
3105 5722 3302 5795 _futura
3346 5726 3430 5778 in-

1852 5803 2002 5846 certa
2025 5807 2167 5848 esse.
2185 5794 2396 5857 Simile,
2421 5795 2563 5849 inter
2583 5811 2645 5850 os
2662 5806 2717 5851 et
2736 5793 2920 5851 etiam.
2941 5793 3074 5850 Vide
3092 5793 3422 5849 Cbiliastcu.

1926 5864 2039 5933 (5|)
2083 5863 2291 5919 Sensus
2320 5873 2422 5928 est,
2446 5866 2503 5919 ni
2535 5867 2730 5921 fallor:
2769 5867 2973 5922 debere
3009 5865 3178 5918 duces
3205 5875 3426 5934 paratos

2902 5960 2935 6020 6
