3962 6446
434 387 526 448 lii
1618 380 1943 440 JOANNIS
1985 381 2510 442 CANTACL'ZEXI

3573 376 3679 441 172

431 493 718 548 habendus
739 492 1004 563 optimus,
1031 494 1126 563 qui
1152 501 1245 548 aut
1267 494 1375 547 voti
1409 507 1635 562 compos
1660 471 1870 557 'vincit,
1909 501 2003 547 aut

2113 498 2202 550 καὶ
2251 493 2349 557 τὰς
2394 492 2736 562 δυσπραγῖας
2797 491 3042 562 μετρεῖν,
3077 489 3173 546 καὶ
3231 481 3386 552 οὗτος
3453 489 3680 560 ἀριστος

428 598 559 642 voto
593 587 909 651 frustratus,
956 601 1077 656 qua:
1109 593 1281 650 tenet,
1326 600 1434 638 non
1463 583 1688 638 amittit.
1735 582 2002 637 Animad-

430 679 632 735 vertite
679 679 846 748 igitur
877 719 892 743 ,
944 677 988 731 si
1044 674 1563 744 Constantinopolin
1618 674 1998 739 moverimus,

429 783 607 838 eaque
631 768 796 838 potiri
824 767 1262 836 nequiverimus.
1295 767 1348 820 iu
1378 775 1512 836 quot
1533 783 1633 822 nos
1655 767 2003 823 difﬁcultates

439 861 761 915 induemus.
795 859 946 913 lllico
975 858 1124 914 enim
1153 858 1455 928 oportebit,
1489 867 1698 913 stantes
1729 875 1760 914 a
1782 860 2003 915 seniore

435 953 767 1022 imperatore
803 950 964 1005 nobis
1010 950 1355 1006 obsidionem
1391 950 1730 1006 solventibus
1775 951 2004 1021 spiritus

431 1056 673 1105 sumere,
710 1050 766 1096 et
796 1055 892 1110 spe
942 1041 1189 1096 victoria:
1228 1041 1428 1106 elatos,
1477 1041 1801 1098 recedentes
1844 1042 2003 1112 cupi-

430 1137 558 1191 dius
601 1134 887 1200 invadere,
931 1149 1056 1190 cum
1090 1135 1193 1206 ipsi
1237 1149 1454 1192 nosmet
1490 1137 1559 1191 de
1591 1135 1822 1190 consilio
1863 1136 2003 1190 male

429 1237 592 1296 capto
630 1227 1036 1282 accusabimus.
1092 1227 1367 1283 Habentes
1393 1237 1578 1284 autem
1619 1228 1875 1297 utrinque
1907 1227 2006 1282 ho-

431 1329 571 1371 stem
602 1318 687 1388 (ex
725 1318 960 1371 urbibus
984 1319 1190 1387 quippe
1213 1318 1482 1377 Romanis
1511 1318 1562 1370 in
1589 1316 1833 1380 Oriente.
1857 1325 1913 1370 et
1935 1331 2004 1370 ex

435 1408 554 1475 ipso
611 1406 871 1476 Byzantio
907 1406 1222 1476 comparari
1271 1408 1552 1460 exercitus
1596 1414 1788 1459 nostro
1829 1403 2006 1458 nihilo

435 1498 660 1552 inferior
692 1506 897 1568 potest,
925 1505 982 1552 et
1014 1514 1078 1552 ex
1105 1496 1404 1552 Occidente
1431 1498 1572 1551 alius
1603 1512 1757 1566 teque
1783 1495 2002 1564 similis)

425 1603 535 1642 nos
569 1589 623 1641 in
657 1590 839 1642 medio
860 1587 1108 1642 conclusi
1142 1597 1235 1643 aut
1268 1587 1642 1651 interibiinus,
1673 1603 1737 1641 ex
1774 1596 2007 1657 utraque

433 1688 586 1746 parte
619 1693 727 1746 non
759 1679 1012 1733 valentes
1044 1677 1330 1740 resistere,
1385 1686 1482 1730 aut
1516 1677 1772 1731 hostibus
1795 1676 1925 1731 hinc
1950 1685 2007 1731 et

431 1770 558 1824 inde
609 1769 1090 1832 incumbentibus,
1127 1767 1297 1823 sociis
1335 1778 1518 1822 autem
1563 1778 1711 1823 metu
1747 1768 2006 1824 interitus

2111 584 2458 655 στρατηγῶν.
2513 585 2663 646 ὅστις
2702 583 3086 654 ἐπιτυγχάνων
3119 583 3268 654 νικᾷ,
3305 582 3684 654 ἢάποτυγχά·

2108 695 2216 730 νων
2252 677 2353 730 οὐκ
2383 675 2679 730 ἀποϐάλλει
2709 675 2778 730 τὰ
2804 676 2956 730 ὄντα.
2979 675 3264 747 Σκέψασθε
3297 675 3383 747 δὴ,
3416 673 3472 728 εῐ
3493 691 3558 743 γε
3584 674 3686 727 νῦν

2109 767 2644 840 ἐπιστρατεύσαντες
2683 771 2748 842 τῇ
2778 767 3196 823 Κωνσταντίνου
3242 767 3341 836 οὐχ
3371 759 3475 819 οἷοί
3503 783 3560 818 τε
3591 782 3687 834 γε-

2109 859 2328 931 νώμεθα
2360 859 2518 924 ἐλεῖν,
2548 860 2723 914 ὁπόσα
2752 861 3101 931 συμϐήσεται
3132 860 3198 912 τὰ
3221 857 3474 927 δυσχερῆ.
3504 858 3687 918 Εύθῦς

2112 953 2210 1023 μέν
2235 955 2344 1021 γέρ
2376 953 2588 1024 ἀνάγκη
2621 953 2748 1015 τοὺς
2778 952 2857 1024 τῷ
2895 952 3257 1024 πρεσϐυτέρῳ
3283 949 3496 1020 βασιλεῖ
3515 965 3692 1018 προσ-

2109 1046 2397 1116 κειμένους
2423 1045 2580 1116 ήμῶν
2613 1044 2912 1116 ἀπράκτων
2951 1042 3387 1102 ἐπανελθόντων,
3443 1038 3693 1109 ἀναθαρ-

2112 1137 2278 1208 σῆσαί
2309 1155 2371 1190 τε
2406 1137 2503 1193 καὶ
2552 1140 2632 1200 εἰς
2669 1137 2865 1190 ἐλπίδα
2913 1137 3293 1205 τοῦονικήσειν
3329 1133 3690 1202 γενομένους,

2085 1227 2526 1299 ’προθυμότερον
2558 1228 2623 1281 ἂν
2675 1229 2808 1297 ἡμῖν
2834 1227 3110 1289 ἐπελθεῖν,
3147 1220 3319 1297 οὗπερ
3360 1225 3516 1278 αὐτοὶ
3554 1223 3690 1275 ἐαυ·

2109 1319 2224 1379 τοῖς
2255 1317 2415 1386 ἡμεῖς
2446 1317 2513 1371 ἂν
2559 1319 2868 1388 φανείημεν
2909 1318 3222 1370 αἰτιώτατοι
3256 1315 3696 1384 βουλευσάμενοι

2112 1408 2316 1469 κακῶς.
2347 1409 2604 1478 Ἔχοντες
2635 1409 2691 1462 δέ
2719 1408 3068 1479 ἑκατέρωθεν
3100 1408 3226 1471 τοὺς
3258 1405 3554 1476 πολεμίους
3599 1405 3700 1474 (ἐκ

2110 1515 2170 1552 τε
2185 1499 2290 1570 γὰρ
2308 1499 2417 1552 τῶν
2436 1501 2576 1554 κατὰ
2604 1500 2703 1573 τὴν
2723 1500 2798 1554 ἐω
2815 1504 2927 1560 τοῖς
2972 1499 3270 1572 Ῥωμαίοις
3300 1497 3557 1567 ὑπηκόων
3585 1495 3664 1548 πό
3679 1526 3718 1536 --

2114 1589 2273 1656 λεων,
2308 1592 2402 1645 καὶ
2426 1591 2590 1645 αὐτοῦ
2619 1591 2938 1656 Βυζαντίου,
2962 1591 3188 1645 δυνατὸν
3217 1590 3516 1662 ἀξιόμαχον
3553 1590 3699 1658 ἡμῖν

2113 1681 2470 1751 ἀθροισθῆναι
2516 1683 2781 1754 στρατιάν
2813 1682 2909 1736 καὶ
2961 1685 3028 1736 ἐκ
3062 1683 3162 1751 τῆς
3213 1681 3455 1751 ἑσπέρας
3490 1680 3702 1750 ἑτέραν

2113 1775 2356 1844 ὁμοίαν),
2380 1775 2533 1828 αὐτοὶ
2566 1774 3031 1846 ἐναπειλημμένοι
3061 1776 3238 1844 μέσοι,
3261 1772 3701 1846 ἢδιαφθαρησό-

430 1861 607 1916 nostri
653 1861 1046 1915 deficientibus
1094 1861 1230 1931 (52),
1284 1861 1522 1930 pessima
1579 1861 1738 1916 clade
1787 1861 2006 1916 multati

2113 1867 2254 1936 μεθα
2309 1865 2385 1937 μὴ
2434 1866 2726 1934 δυνάμενοι
2774 1866 3025 1935 ἀντέχειν
3055 1864 3194 1936 πρὸς
3247 1861 3556 1933 ἀμφίϐολον
3595 1862 3703 1919 τὸν

427 1953 746 2006 evademus.
801 1951 957 2006 Adde
1008 1951 1155 2021 quod
1207 1951 1377 2006 arntis
1443 1960 1499 2005 et
1546 1961 1767 2022 sumptu
1813 1953 2004 2022 egebi-

430 2060 555 2100 mus
585 2061 598 2097 :
628 2045 759 2107 illis,
791 2054 852 2098 ut
891 2043 1210 2100 desertores
1239 2058 1626 2113 oppugnemus
1654 2061 1667 2098 :
1699 2045 1825 2109 hoc,
1858 2054 1918 2098 ut
1949 2043 2006 2097 in

430 2135 537 2191 fide
570 2136 949 2201 manentibus,
984 2151 1054 2190 ne
1078 2136 1180 2206 ipsi
1210 2150 1432 2206 quoque
1460 2135 1789 2200 desciscant,
1816 2135 2036 2204 praesi-'

426 2227 518 2284 dia
579 2227 951 2296 imponamus.
1003 2226 1131 2281 "ac
1189 2228 1246 2281 in
1289 2235 1527 2295 quantas
1575 2227 1856 2297 angustias
1905 2239 2009 2281 nos

424 2320 747 2390 conjectura
796 2320 932 2385 sint,
984 2317 1411 2387 intelligendum
1454 2327 1561 2372 est.
1600 2317 1741 2372 illud
1779 2317 2008 2386 insuper

428 2427 642 2466 mecum
706 2411 958 2473 revolvi,
1022 2420 1079 2466 et
1128 2410 1501 2464 'l‘riballorum
1550 2410 1894 2480 principem,
1954 2418 2008 2464 et

429 2501 730 2555 Moesorum
768 2516 952 2571 regem
987 2500 1509 2572 Sphentisthlabum
1543 2500 1892 2572 imperatoris
1919 2499 2009 2554 avi

427 2591 665 2646 alterum
721 2607 1016 2660 generum,
1050 2591 1286 2645 alterum
1338 2607 1731 2662 progenerum,
1769 2590 2012 2662 privatas

429 2695 554 2734 cum
586 2695 653 2734 eo
685 2680 1000 2735 simultates
1025 2679 1188 2735 modo
1218 2695 1502 2735 exercere.
1529 2679 1684 2746 Quod
1710 2680 1758 2735 si
1786 2689 2012 2750 propter

429 2770 631 2826 bellum
679 2772 823 2826 istuc
871 2775 1178 2842 composita
1234 2773 1357 2836 lite,
1412 2772 1478 2826 ad
1518 2788 1576 2827 se
1629 2773 2010 2844 adjuvandum

431 2861 554 2915 illos
588 2861 933 2924 invitaverit,
976 2861 1166 2916 hostes
1193 2877 1290 2917 eos
1330 2863 1384 2918 in
1411 2863 1610 2934 primis
1638 2863 2013 2920 formidabiles

431 2963 726 3030 patiemur.
793 2963 900 3018 lsta
939 2971 996 3019 et
1042 2964 1148 3018 alia
1193 2964 1635 3021 intolerabiliora
1677 2967 1819 3022 mala
1849 2965 2014 3022 nobis

2113 1954 2377 2024 πόλεμον,
2405 1954 2438 2026 ἢ
2477 1955 2664 2020 κακῶς
2687 1954 3100 2026 ἀπαλλάξομεν.
3131 1954 3242 2008 τῶν
3272 1953 3373 2024 μὲν
3413 1953 3702 2022 πολεμίων

2109 2044 2452 2116 ἑκατέρωθεν
2499 2047 2894 2117 ἐπικειμένων,
2925 2046 3035 2100 τῶν
3068 2043 3592 2116 προσχωρησάντων
3625 2044 3698 2097 δὲ

2109 2135 2524 2205 ἀφισταμένων,
2558 2136 2647 2191 διά
2678 2137 2738 2191 τὸ
2766 2138 2824 2191 ἐν
2855 2136 3069 2192 ἐλπίσιν
3101 2137 3248 2207 ἡμᾶς
3289 2131 3430 2189 εἶναι
3457 2135 3702 2204 διαφθα-

2112 2228 2397 2300 ρήσεσθαι.
2435 2229 2547 2284 Καὶ
2606 2232 2836 2300 προσέτι
2885 2230 3122 2296 τούτοις,
3163 2231 3345 2284 ὅπλων
3378 2226 3702 2296 δεησόμεθα

2111 2321 2203 2374 καὶ
2259 2321 2562 2391 χρημάτων
2587 2336 2602 2354 ο
2648 2323 2764 2387 τοῖς
2798 2322 2898 2393 μὲν
2927 2322 3027 2392 ἤδη
3057 2319 3335 2390 ἀφεστῶσι
3384 2317 3704 2390 πολεμοῦν-

2109 2431 2225 2479 τες,
2277 2416 2390 2478 τοῖς
2443 2415 2487 2467 δ’
2535 2413 2618 2468 ἔτι
2683 2414 2907 2485 μένουσι
2935 2413 3185 2486 φρουρὰς
3233 2411 3699 2483 ἐγκαθιστάντες,

2111 2505 2260 2562 ὅπως
2298 2506 2374 2576 μὴ
2403 2503 2741 2560 ἀποστῶσιν.
2780 2505 2849 2557 Ἀ
2875 2505 2932 2568 ἐς
2962 2505 3092 2567 ὅσας
3123 2503 3370 2570 ἀνάγκας
3404 2502 3552 2572 ἡμᾶς
3584 2515 3702 2552 κα-

2111 2598 2397 2667 ταστήσει,
2427 2596 2662 2667 συνορᾷν
2687 2597 2828 2666 χρή·
2861 2595 2942 2648 ἐτι
2977 2593 3033 2648 δέ
3067 2595 3290 2647 κάκεῖνο
3322 2589 3698 2662 ἐνεθυμήθην,

2109 2687 2186 2751 ὡς
2226 2689 2255 2742 δ
2289 2705 2346 2740 τε
2382 2688 2489 2741 τῶν
2513 2686 2806 2758 Τριϐαλῶν
2867 2685 3119 2758 ἡγεμὼν,
3153 2687 3246 2739 καὶ
3292 2684 3321 2736 δ
3349 2683 3460 2737 τῶν
3485 2683 3701 2737 Μυσῶν

2116 2767 2371 2850 βασιλεὺς
2403 2779 2858 2848 Σφεντισθλάϐος,
2903 2779 3168 2850 κηδεσταὶ
3199 2777 3469 2847 βασιλέως
3510 2775 3697 2838 ὄντες,

2113 2873 2210 2926 νῦν
2249 2873 2347 2942 μὲν
2377 2873 2732 2942 διαφέρονται
2780 2872 2917 2944 πρὸς
2945 2871 3110 2924 αὑτὸν
3149 2870 3298 2922 ίδίων
3330 2867 3495 2923 τινῶν
3523 2867 3698 2921 ἓνεκα

2114 2966 2306 3022 αἰτιῶν
2331 2983 2346 2998 ’
2389 2966 2455 3021 ἂν
2489 2966 2544 3019 δὲ
2579 2967 2665 3020 διὰ
2689 2965 2780 3020 τὸν
2813 2967 2949 3036 πρ³λς
2976 2965 3127 3038 ἡμᾶς
3153 2964 3394 3036 πόλεμον
3429 2962 3697 3031 διαλύσηο

429 3066 770 3129 exorientur,
812 3066 940 3130 nisi,
983 3066 1453 3136 quemadmodum
1489 3082 1587 3122 vos
1627 3067 1883 3123 futurum
1925 3068 2008 3122 di-

2114 3075 2203 3113 ται
2239 3059 2377 3130 πρὸς
2417 3058 2616 3120 αὐτοὺς
2648 3059 2745 3111 καὶ
2795 3055 3031 3128 κελεύσῃ
3088 3056 3328 3127 βοηθεῖν,
3402 3053 3696 3125 πολεμίοις

438 3154 586 3216 ritis,
621 3155 812 3208 urbem
847 3155 1027 3224 primo
1072 3157 1256 3210 statim
1306 3159 1512 3228 impetu
1542 3157 1653 3228 (53)
1696 3159 2001 3229 capiamus.

2115 3151 2298 3214 αὐτοῖς
2350 3149 2672 3221 χρησόμεθα
2707 3144 3135 3220 φοϐερωτάτοις.
3170 3145 3412 3201 Τοιαῦτα
3448 3147 3548 3218 μὲν
3596 3145 3698 3199 xz!

431 3249 500 3302 At
547 3262 677 3301 vero
711 3247 758 3300 si
791 3246 857 3301 ad
905 3246 1261 3302 Occidentem
1309 3263 1412 3303 nos
1440 3259 1848 3316 convertamus,
1892 3250 2008 3319 pri-

2113 3242 2276 3314 hspa
2329 3240 2734 3312 δυσχερέστερα
2770 3239 3155 3310 ἀναφυήσεται
3195 3240 3328 3312 ἡμῖν
3389 3238 3562 3304 κακὰ,
3625 3238 3696 3292 ἂν

429 3354 576 3392 mum
625 3339 764 3392 nihil
797 3339 1025 3406 vetabit,
1075 3339 1374 3409 quominus
1409 3340 1563 3396 brevi
1598 3350 1774 3395 totum
1816 3343 1873 3396 in
1912 3357 2008 3410 po-

2117 3335 2191 3404 μὴ
2222 3333 2474 3387 αὐτοϐοεὶ
2505 3332 2603 3403 τὴν
2629 3331 2784 3385 πόλιν
2813 3330 3047 3402 ἐλωμεν,
3067 3331 3319 3404 καθάπερ
3351 3330 3508 3385 αὐτοί
3526 3349 3692 3400 φατε.

435 3439 691 3484 testatem
746 3430 1060 3500 redigamus
1091 3446 1105 3482 :
1133 3430 1240 3502 67
1269 3431 1646 3498 occidentales
1690 3432 1837 3487 enim
1884 3448 2008 3487 suo-

2117 3428 2216 3480 ’Δν
2244 3426 2299 3480 δέ
2338 3422 2690 3496 τραπώμεθα
2725 3423 2863 3493 πρὸς
2888 3423 2990 3494 τὴν
3022 3424 3295 3494 ἑσπέραν,
3332 3423 3551 3495 πρῶτον
3588 3424 3696 3494 μὲν

438 3533 527 3591 pte
591 3522 816 3592 ingenio
879 3522 947 3577 ad
993 3522 1360 3578 defectionem
1419 3524 1791 3594 propendent,
1843 3533 1898 3582 et
1951 3533 2008 3580 ut

2116 3519 2180 3573 τὸ
2204 3517 2451 3572 κωλῦσον
2485 3516 2664 3580 οὐδὲν,
2689 3516 2912 3570 ἃπασαν
2943 3516 3036 3586 ὑφ’
3078 3516 3310 3580 ἑαυτοὺς
3347 3516 3694 3587 ποιήσασθαι

431 3617 598 3670 rebus
628 3615 787 3670 nov-is
819 3615 1146 3683 gaudentes,
1187 3632 1297 3672 non
1331 3617 1626 3673 diﬂiculter
1663 3618 1870 3688 juniori
1901 3618 2010 3672 im-

340 3717 346 3725 '
423 3707 669 3775 peratori
733 3721 855 3762 sesc
920 3708 1163 3762 tradent.
1228 3707 1460 3764 Urbium
1529 3723 1660 3764 vero
1719 3709 2009 3778 praefecti,

431 3799 812 3868 unusquisque
861 3813 890 3852 a
941 3798 1158 3853 civibus
1205 3799 1322 3853 suis
1379 3797 1559 3853 coacti
1589 3837 1604 3861 ,
1657 3797 2012 3868 incertosque

421 3904 590 3944 casus
623 3899 956 3956 metuentes,
990 3906 1093 3946 nec
1125 3889 1339 3960 liquido
1363 3891 1627 3955 scientes,
1653 3891 1831 3946 utrius
1860 3890 2012 3945 futu-

419 3998 551 4035 rum
590 3982 662 4039 sit
713 3983 1031 4054 imperium,
1067 3982 1246 4053 quiin
1277 3997 1522 4052 praesens
1562 3982 1836 4050 potentior
1863 3984 2013 4059 vide-

428 4074 598 4140 bitur,
629 4084 686 4130 et
713 4076 847 4146 ipsis
884 4076 1177 4138 institerit,
1215 4075 1268 4128 ei
1304 4075 1471 4130 urbes
1501 4075 1782 4130 addicent.
1824 4075 2012 4147 Neque

427 4167 520 4221 hic
569 4168 915 4222 eonsistetur
955 4167 1093 4222 :sed
1147 4167 1452 4236 imperator
1500 4177 1764 4237 praeterea
1812 4171 2011 4240 partim

425 4267 675 4330 argento,
705 4261 910 4329 partim
944 4260 1280 4324 honoribus,
1309 4260 1515 4329 partim
1553 4261 1682 4317 aliis
1717 4263 2014 4334 congiariis

419 4348 493 4402 ad
527 4364 585 4403 se
631 4359 986 4404 transeuntes
1030 4365 1418 4414 remunerans,
1450 4351 1616 4406 etiam
1671 4353 1826 4421 prius
1879 4369 1909 4406 a
1952 4369 2013 4407 se

428 4439 643 4494 alienos
690 4440 921 4495 alliciet.
974 4441 1180 4496 Deinde
1209 4457 1431 4512 quoque
1477 4442 1834 4497 finitimarum
1877 4458 2009 4512 geu-

429 4532 566 4583 tium
621 4531 924 4601 principes,
982 4546 1122 4600 quos
1165 4532 1432 4595 diximus,
1500 4541 1596 4586 aut
1637 4547 1751 4602 prae
1797 4533 2012 4603 ignavia

429 4624 692 4678 resistere
739 4623 923 4685 nobis,
978 4633 1038 4678 ut
1075 4624 1222 4679 bello
1268 4623 1610 4694 potentibus,
1663 4640 1775 4679 non
1833 4625 2011 4681 aude-

429 4713 587 4775 bunt,
619 4721 715 4765 aut
754 4727 906 4766 arma
929 4713 1336 4778 consociantes,
1369 4715 1531 4770 nobis
1567 4715 2011 4786 opitulabuntur.

429 4803 519 4856 Sic
549 4803 695 4856 enim
732 4802 1098 4858 Barbarorum
1129 4814 1215 4859 est
1251 4804 1531 4877 ingenium
1569 4823 1582 4860 :
1621 4822 1730 4876 quo
1757 4807 2014 4862 adversa-

431 4895 570 4948 rium
628 4894 694 4949 ad
733 4909 792 4949 se
845 4893 1221 4950 ulciscendum
1269 4897 1746 4966 praevalentiorem
1797 4900 2009 4968 vident,

2113 3611 2172 3665 ἐν
2201 3611 2431 3681 βραχεῖ·
2489 3609 2542 3662 οἵ
2577 3627 2636 3662 τε
2689 3609 2796 3680 γὰρ
2839 3609 3110 3680 ἑσπέριοι,
3143 3610 3491 3679 αύθόρμητοι
3550 3608 3697 3678 πρὸς

2113 3704 2210 3768 τὰς
2271 3701 2638 3767 ἀποστασίας,
2682 3704 2778 3756 καὶ
2835 3705 3301 3773 προσχωρήσουσι
3351 3702 3553 3774 ῥαδίως
3609 3703 3696 3772 τῷ

2113 3794 2220 3865 νέῳ
2261 3793 2501 3864 βασιλεῖ,
2546 3795 2832 3864 χαίροντες
2887 3794 3023 3864 πρὸς
3071 3796 3200 3858 τοὺς
3257 3795 3696 3866 νεωτερισμοὺς,

2113 3887 2166 3940 οῖ
2203 3886 2252 3938 τ’
2307 3887 2680 3956 ἐφεστηκότες
2717 3890 2837 3952 ταῖς
2879 3888 3101 3942 πόλεσιν
3141 3889 3428 3958 ἡγεμόνες,
3469 3888 3575 3940 ὑπό
3627 3908 3694 3944 τε

2113 3977 2224 4032 τῶν
2267 3977 2417 4032 ίδίων
2454 3978 2692 4043 ἕκαστος
2731 3979 2973 4033 πολιτῶν
3001 3980 3420 4052 ἐκϐιαζόμενος,
3461 3980 3556 4033 καὶ
3586 3983 3694 4053 τὴν

2113 4069 2342 4142 ἀδηλίαν
2392 4070 2695 4134 δεδοικότες
2731 4071 2834 4140 τῆς
2893 4072 3088 4143 τύχης,
3120 4077 3222 4126 οὐκ
3280 4075 3488 4140 εἰδότες
3551 4075 3696 4144 πρὸς

2111 4165 2378 4233 ὁπότερον
2407 4162 2518 4217 τῶν
2566 4163 2838 4233 βασιλέων
2864 4163 2928 4216 τὸ
2951 4164 3156 4236 κράτος
3189 4167 3450 4236 χωρήσει,
3486 4164 3566 4235 τῷ
3589 4167 3694 4218 δυ-

2112 4257 2409 4326 νατωτέρῳ
2442 4257 2505 4310 τὸ
2540 4257 2632 4310 νῦν
2666 4257 2790 4326 ἕχον
2825 4258 3143 4328 φαινομένῳ
3177 4261 3272 4313 καὶ
3320 4259 3510 4322 αὐτοῖς
3573 4262 3699 4314 επι-

2114 4350 2358 4419 κειμένῳ
2386 4347 2776 4418 παραδώσουσι
2800 4351 2899 4413 τὰς
2932 4351 3139 4413 πόλεις.
3169 4351 3243 4404 Οὐ
3288 4353 3399 4423 μὴν
3427 4352 3568 4406 ἀλλά
3595 4354 3698 4407 καὶ

2119 4440 2377 4510 βασιλεὺς
2419 4443 2514 4493 καὶ
2546 4443 2798 4512 χρήμασι
2829 4443 2925 4497 καὶ⁵
2969 4446 3164 4512 τιμαῖς
3199 4444 3295 4498 καὶ
3325 4445 3560 4515 δωρεαῖς
3598 4446 3700 4500 ἀλ-

2117 4535 2239 4599 λαις
2279 4534 2652 4606 ἀμειϐόμενος
2709 4539 2837 4600 τοὺς
2893 4549 3224 4608 προσιόντας
3275 4540 3413 4610 πρὸς
3469 4542 3696 4608 ἑαυτὸν,

2116 4629 2210 4678 καὶ
2237 4627 2362 4690 τοὺς
2385 4626 2462 4699 μὴ
2490 4627 2854 4699 βουλομένους
2883 4631 3154 4702 πρότερον
3183 4632 3250 4686 ἀν
3277 4633 3655 4706 ἐφελκύσηται
3678 4651 3695 4665 ·

2118 4717 2316 4773 ἔπειτα
2354 4719 2414 4774 δὲ
2456 4723 2550 4774 κα)⁸
2585 4719 2681 4784 οὓς
2731 4720 2964 4791 εἴπομεν
2996 4725 3274 4795 ἡγεμόνας
3324 4727 3433 4779 τῶν
3471 4727 3698 4796 ὁμόρων

2118 4812 2253 4880 ἡμῖν
2285 4809 2481 4874 ἐθνῶν,
2524 4810 2935 4881 ἀποκνήσουσιν
2962 4815 3098 4884 ἡμῖν
3143 4815 3218 4878 ώς
3248 4815 3499 4876 δυνατοῖς
3545 4819 3697 4870 ἀντι-

2120 4903 2493 4960 καθίστασθαι
2537 4906 2677 4979 πρὸς
2723 4907 2966 4978 πόλεμον
3001 4908 3059 4980 ’ἢ
3116 4911 3564 4982 συμμαχήσουσι.
3617 4910 3697 4962 Τὸ

1653 5097 1664 5102 -
1707 5039 1920 5101 Jacobi
1957 5044 2227 5106 Pontani
2254 5051 2441 5107 notua.

430 5164 571 5212 esse,
607 5158 663 5202 ut
691 5153 1302 5220 mqualiler_secundam
1323 5166 1379 5211 et
1423 5159 1710 5214 adversam
1729 5160 2002 5217 fortunam

432 5221 627 5299 ferant.
667 5220 1073 5299 Propemodum
1101 5227 1207 5281 huc
1248 5228 1391 5282 valet
1434 5228 1567 5283 illud
1611 5239 1840 5284 notum:
1902 5232 2005 5297 Qui

435 5291 590 5343 alteri
619 5291 840 5344 exitium
872 5297 1050 5358 struit,
1091 5311 1210 5349 eum
1230 5301 1375 5352 .scire
1398 5309 1622 5369 oportet,
1659 5301 1756 5354 sibi

436 5370 928 5437 parutuntpestem,
964 5375 1017 5418 ut
1035 5369 1334 5437 participat,
1375 5384 1576 5436 parem.

509 5431 621 5510 (5a)
666 5429 776 5512 Vox
808 5432 980 5496 ἐλπὶς,
1009 5429 1468 5503 quemadmodum
1493 5447 1551 5512 ef
1581 5440 1819 5506 ἐλπίζειν
1846 5443 2009 5512 poni-

440 5507 778 5580 tur'inJvrtio
809 5517 1049 5572 quoque,
1076 5521 1186 5580 pro
1229 5517 1376 5561 metu
1426 5509 1637 5564 scilicet
1684 5527 1747 5566 ac
1789 5507 2008 5577 timore,

438 5579 500 5651 Et
533 5567 750 5651 Latinis
782 5567 1024 5651 sperare.
1073 5567 1170 5651 Est
1219 5587 1400 5651 autem
1446 5594 1640 5651 sensus
1697 5567 2008 5651 ambiguus;

438 5636 630 5722 Utrum
660 5641 784 5722 quia
813 5636 916 5712 ipsi
935 5643 1228 5700 formident
1259 5664 1359 5722 nos
1385 5649 1744 5722 interittrros;
1773 5636 2007 5722 auvquia

435 5722 538 5761 nos
574 5706 959 5789 fort—nideiiiu‘s,
1007 5732 1135 5789 nos,
1169 5717 1535 5789 interituros?
1587 5720 1701 5789 Ego
1731 5706 2005 5788 'prioiem

433 5785 658 5850 secutus
710 5795 853 5836 sum.
893 5783 1178 5849 Quomodo
1212 5788 1356 5840 enim
1389 5789 1588 5842 auxilia
1627 5783 2002 5856 perseverent,

1804 5317 2008 5372 quoque

2112 5166 2158 5220 si
2188 5173 2435 5221 metuant
2462 5181 2662 5223 cassum
2691 5165 2782 5247 iri,
2812 5169 3016 5291 quibus
3041 5185 3197 5240 Opem
3223 5169 3515 5226 ferebant?
3537 5169 3690 5224 Valet

2114 5245 2297 5291 tamen
2331 5237 2522 5291 eadem
2553 5237 2694 5291 ratio
2714 5254 2768 5291 In
2789 5257 2815 5290 ὃ
2846 5248 3020 5291 terum
3047 5255 3265 5291 (“100118
3288 5253 3531 5291 sensum.
3551 5239 3687 5291 Nam

2114 5245 2297 5312 tamen
2331 5237 2522 5312 eadem
2553 5237 3020 5312 ratioinalterum
3047 5237 3265 5312 quoque
3288 5253 3531 5312 sensum,
3551 5239 3687 5312 Nam

2114 5307 2244 5430 ﬂuid
2268 5307 2513 5431 cordi?sit
2534 5307 2862 5374 auxiliariis,
2883 5313 2952 5377 si,
2979 5307 3216 5381 quorum
3242 5321 3372 5365 sunt
3387 5310 3690 5376 auxiliarii,

2153 5387 2412 5431 esnerent

2153 5387 2412 5444 esperent

2191 5446 2300 5526 (5;)
2341 5448 2626 5520 Αύτοϐοεὶ,
2653 5474 2774 5512 cum
2817 5458 2934 5526 ipso
2969 5450 3220 5526 clamore.
3277 5450 3394 5526 Hoc
3440 5449 3577 5505 nihil
3605 5460 3694 5526 est

2118 5515 2289 5580 aliud,
2320 5533 2506 5595 “quam
2567 5515 2746 5592 primo
2809 5515 3040 5595 impetu,
3090 5523 3573 5595 _primo_incursu,
3614 5522 3692 5574 im

2118 5596 2290 5662 ersten
2311 5587 2532 5662 Slurm:
2563 5587 2842 5662 quomodo
2867 5587 3031 5650 u'rbes
3056 5587 3350 5662 aliquando
3373 5594 3688 5662 capiuntur.

2113 5657 2508 5732 Ad_cujus_que
2561 5657 2798 5726 actionis
2849 5657 3189 5722 celeritatem
3249 5657 3690 5732 significandam,

2116 5727 2344 5785 verbum
2371 5727 2619 5790 Graecum
2649 5747 2734 5792 est
2765 5736 3046 5792 idoneum.
