3962 6448
547 420 676 490 175,

540 628 670 682 bere
721 630 1036 696 opinantes,
1084 625 1192 680 iter
1249 632 1468 694 parant.
1521 625 1667 694 Ergo
1714 623 1977 694 quoniam
2038 621 2107 676 ab

487 771 490 776 .
535 720 786 776 exercitu
818 720 1118 790 impetrare
1144 718 1546 788 nequivissent,
1571 728 1633 773 ut
1658 718 2104 774 Thessalonicam

535 813 664 867 duci
697 811 906 874 mallet,
937 810 1438 884 intelligebantque
1480 811 1758 866 seniorem
1805 811 2104 880 imperato-

537 919 652 959 rem
687 903 878 959 venire
925 903 980 956 in
1017 903 1353 972 periculum,
1387 903 1507 971 ipse
1537 911 1594 957 et
1645 917 1876 973 magnus
1915 901 2106 956 dome-

536 995 713 1050 sticus
742 995 884 1048 clam
931 994 1089 1049 illum
1133 1008 1234 1064 per
1282 993 1574 1064 epistolam
1621 994 1690 1050 de
1725 995 1830 1049 hoc
1861 993 2104 1049 adventu

532 1087 832 1141 admonere
896 1084 1227 1141 decernunt.
1287 1083 1344 1138 ld
1393 1085 1441 1141 si
1491 1086 1650 1139 miles
1702 1084 2102 1155 comperisset,

533 1186 794 1245 tanquam
849 1188 882 1228 a
928 1173 1276 1244 principibus
1326 1174 1443 1230 suis
1483 1174 1758 1244 proditus,
1812 1188 1950 1245 quas
1991 1189 2102 1230 non

525 1266 727 1322 turbas
755 1265 1088 1320 excitasset?
1109 1265 1244 1319 Eam
1269 1265 1560 1334 epistolam
1589 1265 1833 1321 dictante
1860 1266 2100 1336 impera-

518 1369 648 1413 «tore
688 1357 914 1428 iuniore
946 1357 1289 1414 domesticus
1318 1369 1508 1414 exarat
1547 1359 1603 1414 in
1641 1359 1759 1414 haec
1786 1359 1996 1415 verba:
2033 1359 2100 1415 Ut

525 1452 763 1504 antehac
805 1449 1030 1520 saepius,
1077 1450 1159 1504 sic
1193 1465 1341 1505 nunc
1377 1450 1548 1504 Deum
1594 1449 1868 1505 dictorum
1903 1459 2098 1506 testem

521 1542 766 1612 appello,
801 1541 1179 1596 sacratissime
1228 1540 1552 1610 imperator,
1599 1555 1780 1609 neque
1824 1555 1950 1596 cum
1987 1540 2100 1595 illic

522 1637 808 1706 degerem,
848 1634 1194 1689 stimulatum
1236 1649 1324 1688 me
1354 1632 1693 1688 conscientia
1728 1633 1955 1688 admissi
1994 1634 2098 1688 ali-

506 1728 709 1798 cujus,
743 1742 854 1796 quo
899 1735 1055 1781 tuum
1105 1725 1296 1780 odium
1326 1723 1674 1795 provocarim
1707 1741 1722 1778 :
1754 1740 1937 1794 neque
1974 1725 2098 1779 ideo

391 1805 408 1816 ’
510 1817 656 1872 inde
707 1817 952 1881 abiisse,
1005 1825 1067 1871 ut
1126 1818 1280 1871 omni
1336 1818 1553 1872 ratione
1609 1812 1960 1871 detrimenta"
1995 1813 2095 1870 tibi

1725 415 1854 475 J0.\
1866 414 2049 476 NNlS
2088 411 2617 475 CANTACUZENI
3671 414 3754 478 176

536 547 594 591 et
619 535 940 606 Byzantium
977 540 1189 588 tantum
1223 548 1332 588 non
1371 531 1426 587 in
1462 532 1732 588 manibus
1755 533 1864 604 jam
1899 546 1958 588 se
2001 531 2092 584 ha-

2211 529 2529 593 εὐπειθείας
2559 529 2856 593 ἐπαινέσας
2877 527 3104 595 αὐτοὺς,
3137 528 3222 584 ὅτι
3252 527 3349 583 καὶ
3381 527 3417 584 ἃ
3446 527 3519 600 μὴ
3547 527 3760 598 βούλοιν·
3873 584 3877 588 .

2214 637 2279 674 το
2328 621 2416 675 διὰ
2465 621 2567 690 τὴν
2593 622 2674 685 είς
2721 620 2884 676 αὐτὸν
2935 622 3256 677 εὐπείθειαν
3297 622 3574 678 συνέθεντο
3616 625 3754 696 δρᾷν,

2214 714 2315 783 τὴν
2346 715 2429 778 είς
2459 713 2561 785 τὴν
2601 715 3186 770 Κωνσταντινούπολιν
3225 717 3401 786 ἐφῆκε
3437 718 3671 788 πορείαν.
3699 720 3756 772 Ol.

2213 805 2271 860 δὲ
2297 805 2531 876 ἄσμενοι
2559 805 2846 876 δεξάμενοι
2883 805 2976 860 τδν
2999 806 3184 877 λόγον,
3216 808 3314 862 καὶ
3364 810 3642 880 μονονουχὶ
3663 810 3756 862 Βυ-

2213 898 2438 962 ζαντίου
2491 898 2742 962 δόξαντες
2791 900 3235 970 κεκρατηκέναι,
3298 902 3760 970 παρεσκευάζοντο

2217 989 2361 1058 πρὸς
2385 988 2483 1059 τὴν
2534 990 2786 1060 πορείαν.
2834 989 3082 1044 Ἐπεὶδέ
3136 993 3236 1046 οὐκ
3286 991 3628 1063 ἠδυνήθησαν
3669 995 3758 1063 τὴν

2211 1070 2353 1141 πρὸς
2381 1071 2786 1144 Θεσσαλονίκην
2848 1073 3070 1128 ἑλέσθαι.
3120 1078 3310 1130 πεῖσαι
3357 1077 3457 1147 τὴν
3489 1077 3755 1148 στρατιὰν,

2213 1163 2506 1234 συνεώρων
2528 1181 2588 1218 τε
2622 1165 2726 1236 ἤδη
2769 1165 2850 1236 τῷ
2878 1165 3238 1238 πρεσϐυτέρῳ
3272 1167 3487 1237 βασιλεῖ
3519 1168 3575 1232 ἐς
3596 1168 3759 1221 κίνδυ-

2211 1271 2302 1308 νον
2329 1257 2400 1308 τὰ
2428 1255 2735 1327 πράγματα
2779 1259 3126 1328 χωρήσοντα,
3159 1260 3280 1330 ἀμα
3322 1259 3400 1330 τῷ
3432 1260 3656 1332 μεγάλῳ
3681 1261 3760 1312 δο-

2212 1347 2462 1420 μεστίκῳ
2493 1351 2521 1402 6
2555 1349 2814 1419 βασιλεὺς
2856 1349 3254 1404 ἐϐουλεύσαντο
3300 1352 3380 1422 τῷ
3421 1351 3759 1422 πρεσϐυτέρῳ

2211 1440 2423 1511 βασιλεῖ
2468 1441 2560 1494 διά
2613 1441 2963 1512 γραμμάτων
2993 1444 3182 1514 κρύφα
3233 1444 3335 1513 τὴν
3377 1442 3565 1511 ἔφοδον
3593 1443 3758 1495 αὐτῶν

2207 1531 2474 1602 δηλῶσαι.
2496 1533 2678 1604 Ὅπερ
2702 1534 2751 1586 εί
2784 1533 3088 1604 κατάδηλον
3115 1535 3419 1606 συνηνέχθη
3436 1535 3681 1602 γενέσθαι
3698 1537 3756 1605 τῇ

2207 1626 2461 1696 στρατιᾷ,
2479 1625 2716 1695 τάραχον
2738 1623 2804 1679 ἂν
2820 1626 3075 1696 ἐποίησεν
3093 1628 3194 1681 οὐκ
3221 1627 3429 1697 ὀλίγον,
3447 1629 3520 1691 ὡς
3545 1629 3643 1682 ὑπὸ
3663 1630 3760 1682 τῶν

2207 1717 2490 1786 σφετέρων
2505 1717 2784 1787 ἀρχόντων
2797 1719 3158 1790 καταπροδιδο
3165 1721 3346 1790 μένοις
3363 1720 3530 1794 [κατα
3540 1720 3761 1792 προδιδοο

2207 1806 2606 1879 μένη].Γράφει
2623 1808 2688 1880 δὴ
2709 1807 2961 1878 βασιλεὺς
2977 1813 3005 1864 ὁ
3021 1814 3138 1875 νέος
3158 1813 3253 1866 τοῦ
3273 1815 3510 1884 μεγάλου
3527 1813 3760 1884 δομεστί-

515 1909 868 1972 inveberem,
917 1910 1012 1964 sed
1055 1908 1128 1963 ob
1173 1907 1229 1962 id
1277 1909 1486 1974 solum,
1519 1916 1581 1963 ut
1615 1908 1944 1978 impendens
1978 1924 2092 1963 cer-

2205 1916 2300 1953 κου
2337 1900 2407 1953 τὰ
2441 1900 2750 1971 γράμματα
2807 1899 3248 1972 ἐγχαράττοντος
3300 1902 3380 1973 τῷ
3415 1904 3621 1973 πάππῳ
3661 1919 3759 1954 τοι·

518 2004 734 2059 vicibus
784 2003 924 2058 meis
965 2002 1266 2057 discrimen
1301 2001 1629 2072 ell‘ugerem,
1679 1999 1826 2071 quod
1872 1999 2096 2071 quidem

518 2095 642 2149 loco
692 2109 898 2148 securo
951 2094 1294 2148 constitutus
1355 2091 1558 2161 eﬁugi,
1616 2102 1669 2146 te
1721 2098 1950 2157 contra,
2007 2106 2096 2147 me

513 2185 770 2256 quamvis
797 2185 1021 2256 penitus
1051 2185 1299 2250 nolente,
1331 2183 1632 2240 discrimen
1662 2183 1920 2239 involvit.
1953 2183 2095 2240 Ecce

513 2278 690 2344 enim,
725 2274 852 2334 cum
899 2277 1041 2332 nihil
1097 2291 1208 2332 non
1267 2275 1552 2340 tentarim,
1601 2284 1662 2330 ut
1710 2275 1980 2333 exercitui
2038 2275 2092 2330 in

517 2371 875 2427 Occidentem
908 2369 1206 2425 transitum
1233 2367 1652 2438 persuaderem,
1683 2366 1822 2421 nihil
1849 2367 1953 2439 egi.
1984 2367 2096 2424 Nos

517 2463 688 2534 igitur
715 2471 911 2518 contra
942 2472 996 2518 te
1021 2461 1216 2516 venire
1253 2475 1483 2515 necesse
1508 2470 1594 2514 est
1617 2459 1869 2514 omnino.
1899 2459 1970 2514 At
1991 2473 2092 2529 ego

515 2551 877 2608 excusatione
929 2551 1270 2607 valetudinis
1322 2550 1581 2606 simulate
1641 2558 1827 2613 utens,
1884 2550 2094 2605 lentius

515 2643 976 2707 castramelabor,
1032 2650 1089 2697 et
1138 2651 1267 2712 post
1316 2622 1558 2712 primum
1615 2641 1901 2697 incursum
1947 2641 2092 2697 dabo

518 2749 766 2805 operam,
810 2743 872 2788 ut
905 2733 1173 2788 citissime
1213 2734 1496 2789 recedam.
1533 2733 1654 2788 Tibi
1696 2733 1911 2790 interea
1940 2735 2091 2804 pala-

516 2829 652 2883 tium
679 2827 938 2898 prtesidio
969 2827 1193 2881 ﬁrmare
1223 2826 1435 2892 licebit,
1459 2826 1572 2898 69
1589 2827 1887 2898 portisque
1913 2827 2087 2893 urbis,

513 2935 658 2990 quos
685 2920 859 2976 habes
887 2920 965 2974 tui
1010 2919 1453 2975 studiosissimos
1493 2921 1810 2990 praeﬁcere;
1849 2921 2092 2977 attribu-

509 3013 585 3070 tis
611 3013 816 3083 cuique
841 3021 924 3068 tot
958 3011 1332 3068 mercenariis
1365 3013 1649 3085 militibus_
1667 3013 1810 3069 bene
1840 3014 2086 3078 armatis,

510 3112 649 3178 quot
683 3101 753 3156 ad
790 3103 1196 3158 retundendam
1243 3103 1574 3158 irruentium
1614 3104 1724 3159 vim
1752 3103 1866 3174 (55)
1898 3105 2085 3174 requi-

511 3201 724 3248 rentur.
761 3192 923 3248 Modo
958 3191 1230 3263 ingressui
1263 3203 1454 3247 nostro
1477 3193 1662 3248 obstet
1691 3193 1924 3262 aliquid,
1958 3209 2088 3248 con-
2116 3223 2161 3280 ο

511 3285 670 3340 tinuo
715 3282 1046 3346 exercitum,
1081 3291 1145 3338 ut
1190 3282 1259 3337 ab
1291 3283 1428 3337 urbe
1474 3283 1890 3354 inexpugnabili
1930 3300 2090 3338 revo-

508 3377 668 3431 cabo.
709 3375 902 3445 itaque
929 3373 1066 3446 rogo
1106 3384 1180 3439 te,
1216 3392 1287 3430 ne
1318 3376 1488 3430 verba
1519 3393 1662 3441 mea,
1701 3377 1854 3430 velut
1896 3377 1995 3431 abs
2037 3386 2090 3432 te

507 3469 676 3524 alieni
705 3475 1056 3538 suspectans,
1093 3467 1148 3521 in
1182 3469 1356 3523 tutela
1388 3469 1706 3538 apparanda
1737 3469 1958 3540 segnior
1991 3469 2089 3525 sis.

509 3559 646 3614 Nam
679 3575 791 3628 quo
827 3559 1015 3614 animo
1044 3559 1196 3614 cives
1221 3568 1344 3614 tuos
1379 3573 1502 3614 esse
1533 3560 1721 3624 audio,
1755 3561 2090 3632 simulatque

509 3667 610 3706 nos
636 3651 815 3706 oculis
847 3651 1194 3720 usurparint,
1229 3651 1390 3721 plane
1433 3651 1859 3706 intromissuros
1897 3651 2087 3707 credo.

509 3744 637 3798 lla:c
672 3757 844 3812 nepos
887 3755 1013 3805 avo,
1049 3741 1342 3812 quemdam
1384 3741 1453 3795 de
1495 3740 1720 3796 famulis
1775 3743 1956 3812 magni
1991 3742 2090 3796 do-

507 3835 722 3890 mestici
756 3834 1138 3890 ﬁdelissimum
1171 3833 1447 3888 adhibens
1478 3833 1849 3888 tabellarium.
1881 3834 2088 3889 Dehinc

506 3943 574 3981 ex
608 3925 835 3997 Odrysis
887 3924 1186 3990 excedens,
1233 3941 1359 3979 cum
1395 3924 1794 3994 quinquaginta
1833 3926 2086 3995 equitum

512 4017 756 4072 millibus
779 4017 915 4089 (56),
947 4026 1044 4072 aut
1065 4016 1360 4085 aliquanto
1388 4016 1766 4086 paucioribus,
1807 4027 1868 4071 ut
1906 4018 2086 4088 conji-

511 4125 638 4166 cere
669 4110 870 4164 licebat
907 4115 1032 4178 (nec
1076 4108 1322 4163 enimad
1363 4125 1600 4180 unguem
1648 4109 1774 4163 iniri
1820 4123 2086 4164 numerus

497 4211 748 4270 poterat,
800 4200 949 4270 quod
997 4200 1156 4254 multi
1211 4217 1322 4256 non
1374 4201 1705 4271 conscripti,
1762 4199 2083 4270 imperatori

504 4293 900 4364 gratiﬁcantes,
941 4309 1050 4348 una
1100 4293 1456 4360 militabant),
1502 4292 1830 4362 Byzantium
1887 4293 2085 4348 castris

503 4400 670 4455 quam
697 4385 1079 4471 creberrimis,
1119 4399 1184 4439 ac
1227 4386 1274 4440 si
1310 4385 1451 4439 male
1498 4384 1732 4448 valeret,
1776 4384 2083 4452 procedere

505 4478 768 4548 perrexit.

2200 1990 2348 2046 αῦτα
2372 2006 2389 2024 ο
2419 1987 2493 2045 *Ω
2547 1992 2800 2046 θειότατε
2839 1992 3087 2064 βασιλεῦ,
3121 1993 3316 2067 ὥσπερ
3357 1996 3637 2058 πολλάκις,
3673 1994 3758 2047 καὶ

2199 2086 2295 2142 νῦν
2321 2086 2457 2142 Θεὸν
2483 2087 2949 2159 ἐπιμαρτύρομαι
2984 2091 3098 2153 τοῖς
3155 2089 3503 2162 λεγομένοις,
3545 2091 3614 2153 ὡς
3658 2089 3757 2143 οὔτ’

2199 2179 2394 2234 αὐτόθι
2428 2179 2622 2250 παρὼν
2680 2180 2906 2252 ἐμαυτῷ
2933 2198 2986 2234 τι
3017 2181 3239 2236 σύνοιδα
3267 2183 3406 2254 πρὸς
3437 2182 3534 2253 σὴν
3572 2182 3757 2250 ἔχθραν

2199 2272 2641 2346 ἐξειργασμένῳ,
2674 2273 2791 2327 οὔτ’
2825 2275 2919 2328 ἐπὶ
2950 2279 3162 2340 τούτοις
3205 2277 3457 2348 ἀπέστην
3487 2277 3562 2340 ὼς
3586 2276 3755 2346 τρόπῳ

2198 2371 2365 2420 παντὶ
2399 2366 2674 2421 κακώσων
2706 2367 2776 2422 τὰ
2807 2367 2874 2421 σά
2894 2383 2908 2400 ο
2935 2367 3053 2422 ἀλλ’
3086 2369 3176 2422 ίνα
3211 2371 3377 2439 μόνον
3407 2371 3496 2424 τὸν
3530 2373 3754 2439 ἐπηρτη-

2200 2458 2364 2529 μένον
2415 2459 2546 2530 ἐμοὶ
2587 2458 2836 2514 κίνδυνον
2885 2461 3102 2532 δυνηθῶ
3141 2463 3434 2532 διαφυγεῖν
3488 2480 3504 2496 ο
3565 2463 3675 2515 νυνὶ
3703 2460 3752 2513 δέ

2193 2551 2358 2604 τοῦτο
2392 2551 2494 2622 μέν
2519 2551 2645 2622 ἐμοὶ
2669 2551 2953 2622 περίεστιν
2987 2553 3044 2606 ἐν
3069 2553 3149 2624 τῷ
3182 2556 3424 2626 ἀσφαλεῖ
3447 2556 3559 2610 δντι
3585 2571 3600 2586 ·
3633 2554 3686 2606 σέ
3709 2551 3748 2603 δ’

2195 2645 2262 2697 ἐκ
2296 2641 2391 2696 τοῦ
2423 2643 2670 2697 ἐναντίου
2705 2642 2862 2714 παρὰ
2893 2645 3078 2699 πᾶσαν
3112 2645 3255 2718 ἐμὴν
3311 2646 3569 2719 βούλησιν
3596 2647 3622 2700 6
3649 2645 3752 2699 κίν-

2193 2735 2354 2807 δυνος
2408 2735 2802 2806 περιέστηκεν.
2845 2736 2976 2790 Ἰδοὺ
3033 2737 3142 2808 γάρ
3205 2740 3364 2814 πάσῃ
3426 2740 3752 2812 χρησάμενος

2198 2831 2418 2900 μηχανῇ
2451 2829 2528 2893 ὥς
2565 2846 2623 2883 τε
2661 2829 2761 2900 τὴν
2799 2830 3062 2900 στρατιὰν
3091 2832 3227 2901 πρὸς
3253 2835 3356 2905 τὴν
3379 2834 3614 2903 ἐσπέραν
3637 2847 3752 2900 τρα-

2199 2921 2403 2974 πέσθαι
2438 2924 2649 2987 πεῖσαι,
2691 2921 2970 2985 ἀδυνάτως
3008 2922 3188 2992 ἔσχον.
3233 2925 3480 2995 Ἀνάγκη
3525 2925 3586 2994 δὴ
3620 2923 3751 2976 πᾶσα

2199 3012 2332 3082 ύμῖν
2361 3013 2638 3066 ἐπελθεῖν.
2684 3011 2826 3080 Ἐγὼ
2871 3013 2972 3082 μὲν
3019 3013 3113 3066 οῦν
3161 3017 3523 3087 σχολαίτερον
3551 3011 3750 3086 βαδιοῦ-

2195 3121 2298 3171 μαι
2333 3106 2518 3159 νοσεῖν
2552 3104 2954 3175 πλαττόμενος.
3003 3105 3294 3163 Είσϐαλὼν
3339 3109 3397 3162 δέ
3435 3108 3748 3179 πειράσομαι

2192 3197 2293 3266 τὴν
2322 3198 2592 3268 ταχίστην
2620 3199 2956 3268 ἀναχωρεῖν.
2983 3197 3076 3250 Σοὶ
3114 3199 3162 3252 δ’
3193 3201 3251 3254 ἐν
3280 3201 3522 3272 τοσούτῳ
3552 3196 3747 3270 φρουρᾷ

2195 3301 2254 3337 τε
2280 3283 2502 3348 ἐξέσται
2538 3284 2950 3352 ἀσφαλίσασθαι
2979 3286 3048 3339 τά
3082 3287 3361 3358 βασίλεια,
3395 3291 3489 3346 καὶ
3525 3292 3642 3352 ταῖς
3665 3285 3747 3340 τοῦ

2195 3373 2496 3437 Βυζαντίου
2543 3375 2744 3436 πύλαις
2785 3378 2914 3442 τοὺς
2965 3379 3207 3448 μάλιστα
3255 3383 3643 3442 εὐνουστάτους
3673 3394 3744 3430 σοι

2192 3467 2489 3538 ἐπιστῆσαι
2565 3469 2935 3542 μισθοφόρους
2988 3473 3214 3542 ἔχοντας
3253 3476 3487 3539 ὁπλίτας
3546 3472 3745 3532 ἱκανοὺς

2191 3559 2312 3622 ταῖς
2338 3559 2448 3618 τῶν
2471 3559 2942 3616 ἐπιϐουλευόντων
2973 3565 3177 3635 ὁρμαῖς
3194 3569 3537 3640 ἀντιστῆναι.
3567 3566 3673 3621 Κάν
3699 3579 3746 3615 τι

2193 3650 2360 3720 μόνον
2397 3650 2537 3721 πρὸς
2586 3651 2647 3705 τὸ
2672 3653 3024 3718 είσδέξασθαι
3076 3659 3226 3726 ἡμᾶς
3279 3660 3509 3732 κώλυμα
3541 3655 3743 3725 εὑρεθῇ.
3826 3695 3830 3700 -

2187 3738 2265 3803 ὡς
2297 3741 2436 3810 πρὸς
2465 3741 2729 3796 ἀδύνατον
2751 3747 2850 3814 τὴν
2873 3749 3226 3819 ἐπιχείρησιν
3241 3753 3441 3818 ἀπάξω
3468 3753 3566 3824 τὴν
3595 3764 3746 3818 στρα-

2188 3832 2338 3888 τιάν.
2380 3833 2585 3905 Δέομαι
2617 3835 2682 3906 δὴ
2717 3838 2792 3908 μὴ
2824 3839 2954 3902 τοὺς
3003 3840 3198 3910 λόγους
3231 3844 3647 3899 ὑποπτεύσαντα
3677 3839 3744 3899 ὡς

2189 3922 2324 3993 ἐμοῦ
2381 3923 2782 3996 διαφερομένου
2845 3931 3324 4003 ἀπορραθυμῆσαι
3372 3937 3506 4007 πρὸς
3562 3935 3620 3987 τὸ
3654 3931 3741 3999 τὴν

2187 4014 2495 4084 ἀσφάλειαν
2554 4018 2989 4088 ἐξαρτύσασθαι.
3061 4025 3378 4098 Πὲπεισμαι
3444 4028 3551 4097 γὰρ
3593 4022 3741 4086 αὐτὸς

2188 4108 2434 4178 ἀκριϐῶς
2472 4111 2536 4164 ἐκ
2591 4111 2698 4164 τῶν
2743 4111 2955 4178 αὐτόθι,
3002 4115 3076 4181 ὡς
3109 4117 3226 4188 ἅμα
3251 4123 3333 4193 τῷ
3379 4121 3609 4190 φανῆναι
3641 4117 3741 4169 εἰσ-

2187 4203 2437 4266 δέξονται
2465 4204 2637 4274 ἡμᾶς.
2670 4206 2911 4260 Τοιαῦτα
2943 4210 3044 4275 μὲν
3097 4213 3126 4262 ό
3161 4215 3284 4276 νέος
3335 4212 3595 4287 βασιλεὺς
3627 4207 3740 4261 ἐπέ-

2189 4293 2375 4347 στελλε
2412 4293 2490 4364 τῷ
2524 4294 2758 4366 πάππῳ,
2792 4299 2901 4350 τῶν
2965 4303 3311 4358 πιστοτάτων
3374 4305 3600 4360 οἰκετῶν
3641 4313 3736 4352 τινι

2189 4384 2282 4438 τοῦ
2333 4385 2580 4455 μεγάλου
2624 4386 2954 4458 δομεστίκου
2995 4394 3350 4463 χρησάμενος
3403 4390 3736 4464 διακομιστῇ.

2194 4477 2369 4540 Αὐτὸς
2393 4477 2451 4530 δέ
2485 4477 2626 4548 ἄρας
2665 4477 2726 4543 ἐξ
2765 4478 3043 4549 Ὀδρυσῶν
3093 4484 3212 4555 ἅμα
3260 4484 3739 4554 πεντακισμυρίοις

507 4573 771 4628 ἱππεῦσιν
820 4573 854 4641 ἢ
886 4572 1055 4644 ὀλίγῳ
1085 4573 1322 4639 δέουσιν,
1367 4571 1444 4634 ὡς
1500 4572 1756 4636 εἰκάζετο
1808 4573 1890 4640 (οὐ
1941 4573 2052 4646 γὰρ
2092 4575 2219 4645 ἐξῆν
2287 4574 2534 4646 ἀκριϐῶς
2571 4575 2665 4628 τὸν
2731 4576 2967 4646 ἀριθμὸν
3018 4581 3246 4650 εἰδέναι,
3306 4583 3395 4639 οἷα
3434 4584 3496 4654 δὴ
3543 4575 3739 4634 πολλῶν

505 4668 732 4721 καὶτῶν
761 4667 836 4739 μὴ
859 4669 996 4737 πρὸς
1029 4667 1297 4737 στρατιὰν
1326 4667 1681 4736 τεταγμένων
1704 4671 2231 4739 συστρατευομένων
2258 4670 2395 4741 πρὸς
2421 4670 2584 4740 χάριν
2606 4668 2686 4740 τῷ
2744 4670 3004 4742 βασιλεῖ),
3059 4673 3146 4746 ᾔει
3207 4676 3307 4749 τὴν
3346 4683 3405 4743 ἐς
3463 4675 3740 4738 Βυζάντιον

504 4763 713 4824 πυκνὰς
743 4763 841 4815 καὶ
874 4759 1124 4830 συνεχεῖς
1150 4760 1248 4820 τὰς
1283 4759 1714 4830 στρατοπεδείας
1741 4761 2074 4830 ποιούμενος
2113 4757 2202 4816 οἶα
2229 4763 2294 4826 δὴ
2321 4763 2516 4818 νοσῶν.
3636 4767 3643 4774 ’

1907 4879 2132 4936 CAPUT
2171 4880 2336 4936 XXII.

507 4970 724 5047 Insidiq:
776 4968 1247 5047 ἰτέηάνοιιὶοιιῄιη
1297 4970 1567 5047 minamur
1604 4987 1636 5023 a
1682 4966 2122 5047 βριιεηιίξιίιιιιὺοΔ
2155 4973 2442 5047 Μωεοιοιιηι-
2491 4989 2632 5044 rege.
2687 4976 2902 5047 Legatio
2969 4981 3056 5034 avi
3113 4980 3176 5034 de
3213 4983 3438 5037 adventu
3467 4977 3536 5033 ad
3569 4973 3733 5047 urbem

575 5039 799 5112 paulum
833 5039 1357 5110 differendo.Concio
1392 5041 1594 5110 nepotis
1635 5041 1705 5094 ad
1751 5042 2040 5095 exercitum
2087 5043 2151 5096 de
2197 5045 2363 5097 armis
2407 5039 2843 5114 deponeudisfet
2875 5067 3002 5118 pace
3047 5050 3454 5121 complectenda.
3501 5044 3732 5099 υηιιιίιιηι

575 5126 841 5164 41888118³8.

579 5202 729 5293 inter
764 5200 882 5254 haec
913 5215 946 5255 a
982 5197 1462 5269 Spbentisthlabo,
1497 5197 1793 5255 Moesorum
1827 5216 1952 5272 rege
1991 5200 2076 5256 al-
2109 5205 2154 5261 υ

2267 5205 2356 5258 Ἐν
2383 5205 2595 5271 τούτοις
2638 5211 2692 5264 δὲ
2746 5212 3065 5280 ἀφικνεῖται
3096 5217 3232 5287 πρὸς
3257 5217 3419 5273 αὐτὸν
3464 5212 3554 5266 καὶ
3585 5199 3730 5274 παρὰ

1767 5313 1984 5374 Jacobi
2019 5313 2212 5376 Ponta
2224 5316 2286 5377 ni
2323 5326 2511 5380 notae.

577 5415 691 5484 ‘35)
730 5412 849 5468 Non
870 5413 1470 5487 ἐπιϐουλευόντων,-δει1
1517 5414 1886 5470 ἐπιϐαλόντων
1929 5417 2070 5487 lego,

509 5517 575 5526 —
606 5487 884 5555 Interpres
910 5483 1045 5555 legit
1085 5485 1474 5549 ἐπιϐαλόντων,
1505 5501 1815 5555 quanquam
1845 5487 1922 5539 nil
1947 5483 2072 5541 niu-

512 5555 760 5625 tandum.
778 5552 945 5625 Alntell
975 5552 1026 5621 gi
1046 5556 1194 5610 enim
1224 5563 1406 5625 potest
1431 5555 1498 5610 de
1523 5552 1603 5610 iis
1641 5552 1737 5624 q‘ui
1791 5557 1932 5609 intra
1982 5573 2074 5611 ur-

506 5626 628 5678 bem
661 5623 790 5692 quid
815 5622 1042 5677 moliren
1052 5635 1161 5680 tur.

2183 5422 2501 5502 quiaetiam
2531 5440 2637 5480 non
2668 5429 2968 5502 conscripti
3003 5446 3059 5485 se
3093 5432 3458 5502 adiunxerint,
3494 5425 3734 5502 volun“!-

2186 5493 2253 5546 rii
2291 5494 2566 5569 videlicet,
2587 5512 2684 5550 seu
2710 5493 2932 5552 volones
2950 5493 3196 5569 plurimi,
3221 5515 3400 5556 tamen
3424 5512 3520 5569 pro
3539 5493 3736 5569 6313"“

2183 5571 2296 5620 tale
2326 5563 2540 5633 imperii
2573 5581 2692 5634 qua:
2724 5575 2853 5620 tunc
2879 5563 3017 5633 erat,
3057 5573 3144 5625 vix
3171 5563 3253 5627 est
3293 5563 3579 5628 credibile.
3611 5563 3738 5615 Rur-

2183 5647 2327 5697 sum.
2373 5643 2617 5710 “tanta
2667 5636 2972 5692 defectione
3017 5642 3081 5695 ad
3130 5644 3438 5710 juniorctn,
3492 5639 3735 5710 quantuli}

579 5693 690 5762 (56)
733 5693 1002 5771 Expresso
1030 5696 1119 5771 sic
1139 5693 1546 5771 habet_Grazcus
1578 5695 1770 5771 codex,
1794 5695 1920 5771 6'th
1948 5713 2073 5748 πεν-
2180 5693 2342 5771 supra
2367 5704 2697 5769 audivsmus,
2731 5723 2839 5759 non
2882 5710 2939 5762 ﬁt
2969 5693 3077 5765 tam
3118 5693 3461 5768 incredibile.
3499 5693 3563 5744 ί·-
3586 5699 3733 5758 Forte

503 5777 887 5830 cautapupm;
953 5765 1237 5818 ἱππεῦσιν.
1303 5765 1370 5819 Et
1427 5765 1678 5832 quamvis
1725 5764 2068 5834 subjiciatur,

491 5842 594 5884 aut
633 5834 907 5902 aliquanto
950 5835 1304 5902 paucioribus,
1364 5835 1837 5905 subiungaturqu
1881 5851 2063 5898 causa,

2178 5770 2468 5842 legendum
2512 5778 2988 5846 πεντακισχιλίοις.
